4000 6176
197 332 283 390 £81

200 444 447 503 Eusebius
497 442 590 496 lib.
631 457 681 495 tu
710 440 845 495 Hist.
876 479 890 505 ,
919 452 1035 507 cap.
1063 438 1157 500 δι,
1210 450 1330 491 cum
1375 444 1518 490 notis
1568 433 1764 487 Valesii
1796 442 1847 493 Α

204 536 348 608 126
377 532 617 588 meminit
644 532 1009 600 precationum
1039 543 1159 598 qua:
1180 527 1230 581 in
1254 537 1522 597 postrema
1546 523 1768 578 Pascha:

198 626 363 695 vigilia
392 624 593 678 ﬁebant
617 622 719 676 sub
748 621 993 690 Philippo
1040 620 1382 686 imperatore.
1442 614 1756 671 Lactantius

201 717 279 770 lib.
312 729 408 775 vn,
434 728 553 781 cap.
588 711 655 766 l9
686 729 698 762 :
738 710 803 762 Et
830 710 937 763 htec
959 717 1033 761 est
1061 724 1185 769 nox,
1208 722 1322 777 qute
1342 723 1374 759 a
1394 707 1539 760 nobis
1563 713 1769 773 propter

198 808 460 860 adventum
491 802 645 873 Regis
664 820 725 855 ac
751 801 845 855 Dei
866 800 1024 855 nostri
1048 801 1310 871 pervigilio
1337 799 1641 855 celebratur.
1663 795 1769 850 Cu-

200 903 272 972 jus
314 898 480 950 noctis
518 895 711 963 duplex
753 894 890 946 ratio
918 900 1017 955 est,
1067 890 1202 960 quod
1232 891 1286 944 in
1324 905 1385 943 ea
1408 898 1454 942 et
1481 890 1636 943 vitam
1662 897 1771 941 tum

196 990 401 1057 recepit,
438 1003 557 1040 cum
588 1000 768 1054 passus
807 993 906 1048 est,
938 991 987 1037 et
1016 990 1191 1050 postea
1220 980 1357 1035 orbis
1385 988 1535 1035 terra
1559 993 1771 1049 regnum

200 1090 484 1146 recepturus
507 1086 582 1130 est
611 1074 709 1143 (α).
1354 1116 1367 1123 -

269 1171 390 1225 MS.
427 1169 505 1223 Ex
538 1165 825 1221 traditione
849 1163 1143 1233 apostolica
1180 1161 1624 1218 consuetudinem
1675 1160 1775 1215 hu-

197 1264 276 1333 jus
301 1259 566 1329 pervigilii
598 1255 971 1325 frequentandi
1004 1267 1350 1323 permanasse
1375 1253 1539 1306 tradit
1561 1251 1626 1306 S.
1648 1250 1775 1305 Ilie-

199 1366 450 1423 rnnymus
479 1350 572 1404 lib.
605 1365 655 1403 IV
678 1349 730 1402 in
760 1348 944 1402 Ilatth.
974 1361 1092 1415 cap.
1136 1361 1261 1411 xxv,
1289 1345 1353 1399 ad
1382 1344 1565 1411 verba,
1600 1341 1775 1396 Media

200 1456 359 1500 autem
397 1452 544 1496 nocte
576 1441 769 1494 clamor
808 1441 968 1509 factus
993 1449 1089 1502 est,
1118 1446 1225 1490 etc.
1270 1435 1453 1490 Subito
1477 1435 1611 1488 enim
1631 1432 1777 1497 quasi

200 1539 496 1603 intempesta
524 1539 689 1597 nocte,
715 1538 763 1583 et
792 1528 983 1582 securis
1021 1526 1276 1593 omnibus,
1304 1526 1508 1594 quando
1533 1523 1775 1595 gravissi-

200 1642 303 1678 mus
329 1639 490 1691 sopor
507 1630 604 1687 est,
639 1635 727 1688 per
754 1619 1053 1689 angelorum
1076 1616 1356 1671 clamorem
1381 1626 1429 1670 et
1476 1615 1621 1668 tubas
1645 1628 1778 1684 pra:-

198 1716 482 1771 redentiuns
529 1711 889 1787 fortitudinum
940 1708 1134 1762 Christi
1184 1707 1445 1761 resonabit
1504 1706 1772 1760 adventus.

1569 308 2067 374 PROLEGOMENA
2079 351 2095 367 .

3348 314 3374 369 ti
3386 315 3454 369 illi

1944 430 2066 487 M9.
2112 428 2374 483 Prmclare
2412 442 2539 483 vero
2580 428 2647 482 de
2698 428 3021 501 ascensione
3077 429 3338 488 luminum
3394 436 3446 488 in

1874 522 2152 591 pervigilio
2190 520 2410 575 Pascha:
2463 520 2521 577 S.
2564 521 2853 590 Gregorius
2919 521 3287 579 Nazianzenus
3324 544 3451 581 ora-

1875 616 2018 670 tione
2068 629 2106 667 n
2162 616 2215 668 in
2256 613 2456 668 Pascha
2498 626 2515 667 :
2556 611 2687 667 Ηωε
2733 612 2875 667 nobis
2918 617 3071 685 127
3113 617 3450 684 festivitntum

1872 704 2115 777 festivitas
2142 745 2158 769 ,
2236 712 2283 759 et
2351 703 2697 757 celebritatum
2762 703 3141 762 celebritas
3189 705 3452 763 Praeclara

1850 796 2082 863 ‘quidem
2112 794 2255 848 nobis
2299 795 2398 863 fuit
2445 794 2680 848 hesterna
2730 808 2921 847 racmn
2965 809 3026 848 .tc
3072 811 3306 851 unth
3363 815 3453 868 ge-

1874 887 2027 938 statio
2066 882 2266 953 (quam
2319 883 2556 951 privatim
2595 886 2751 954 juxta
2804 883 3099 953 publiceque
3157 888 3448 960 peregimus

1874 990 2022 1029 omne
2076 991 2234 1047 genus
2287 974 2551 1027 hominum
2606 975 2764 1044 ferme
2791 1016 2806 1041 ,
2854 984 3006 1045 atque
3059 992 3231 1032 omnes
3279 981 3451 1051 magi-

1873 1072 2035 1118 stratu
2061 1072 2107 1118 et
2150 1065 2398 1133 dignitate
2434 1064 2679 1134 insignes,
2710 1078 2881 1120 unco
2914 1077 3033 1120 rcus
3072 1076 3269 1121 noctem
3291 1070 3454 1124 collu-

1877 1162 2114 1218 strantes,
2148 1153 2293 1222 etc.).
2330 1154 2391 1207 At
2437 1154 2685 1208 hcdiernu
2710 1155 2993 1225 pmclariot
3028 1165 3075 1211 et
3100 1158 3449 1217 excellentior.

1880 1243 2017 1297 Nam
2039 1258 2349 1299 nesrenuuu
2372 1260 2545 1300 LUMEN
2566 1247 2739 1315 magni
2756 1245 2897 1301 illius
2915 1248 3120 1302 luininis
3140 1254 3454 1325 exsurgentis

1875 1334 2219 1403 prwnuntium
2239 1344 2376 1398 erat,
2402 1352 2462 1388 ac
2486 1337 2641 1389 veluti
2663 1339 2888 1407 profesta
2911 1340 3144 1408 qutrdam
3166 1343 3455 1397 animorum

1877 1425 2128 1491 voluptas.
2162 1422 2226 1477 Et
2269 1424 2513 1478 oratione
2554 1427 2614 1478 in
2664 1426 2874 1481 laudem
2924 1428 3091 1497 patris
3117 1431 3197 1484 sui
3235 1434 3454 1494 mortui.

1877 1529 1999 1583 quae
2027 1522 2110 1568 est
2136 1529 2249 1577 sis,
2283 1531 2404 1583 pay.
2452 1517 2555 1571 504
2587 1534 2599 1569 :
2630 1516 2810 1572 Morbo
2858 1520 3016 1589 igitur
3064 1520 3348 1592 laborabat,
3394 1543 3457 1580 ac

1880 1605 2043 1659 morbi
2070 1615 2267 1674 tempus
2311 1614 2420 1660 erat
2464 1618 2717 1673 sanctum,
2769 1619 2817 1663 et
2846 1610 3038 1667 celebre
3073 1612 3295 1681 Pascha,
3350 1618 3458 1672 dies

1880 1698 2077 1751 dierum
2102 1714 2212 1759 rex,
2259 1714 2321 1751 ac
2347 1714 2631 1754 ψιικυιυλ
2680 1717 2805 1757 tt.th
2844 1718 2944 1758 uox
3002 1708 3192 1772 peccati
3226 1708 3458 1763 tenebras

201 1812 446 1862 Dicamus
470 1805 690 1873 aliquid,
724 1803 859 1871 quod
880 1801 1097 1872 forsitan
1123 1801 1302 1854 lectori
1330 1798 1455 1854 utile
1480 1802 1564 1853 sit.
1597 1797 1780 1850 Turdi-
1812 1798 1859 1857 Β
1884 1790 2097 1854 solvens,
2122 1789 2174 1841 in
2201 1806 2303 1859 qua
2328 1806 2418 1843 nos
2444 1806 2557 1843 cum
2598 1807 2773 1847 uacua
2819 1809 3029 1849 tuumts
3050 1812 3201 1852 coris
3244 1813 3460 1855 saw—ns

202 1905 266 1956 tio
291 1900 607 1955 Judteorum
629 1906 703 1950 est
753 1894 1012 1949 Christum
1039 1893 1205 1946 media
1232 1901 1377 1946 nocte
1412 1901 1676 1945 venturum
1723 1889 1778 1942 in

199 1993 582 2047 similitudinem
605 1988 843 2058 Αῑςιῃριὶἰ
884 1986 1147 2055 ternporis,
1188 1985 1396 2055 quando
1426 1983 1628 2037 Pascha
1650 1982 1780 2036 cele-

202 2088 402 2138 lratum
446 2091 522 2136 est
547 2124 563 2147 ,
597 2090 643 2134 et
683 2078 1044 2133 exterminator
1080 2077 1236 2139 venit,
1262 2085 1311 2130 et
1342 2074 1591 2129 Dominus
1626 2089 1780 2141 super

198 2174 530 2229 tabernacula
555 2172 777 2234 transiit,
812 2180 860 2223 et
880 2169 1128 2238 sanguine
1154 2168 1276 2237 agni
1299 2176 1465 2235 postes
1492 2174 1781 2219 nostrarum

200 2269 450 2335 frontium
490 2261 766 2315 consecrati
792 2269 927 2313 sunt.
980 2257 1128 2311 Unde
1175 2273 1311 2325 reor,
1362 2265 1411 2311 et
1458 2257 1784 2309 traditionem

200 2358 538 2423 apostolicam
562 2351 920 2423 permansisse,
948 2349 1199 2420 (fortasse
1228 2348 1529 2417 legendum,
1578 2363 1784 2417 perma-

203 2448 378 2514 nasse)
412 2456 468 2499 ut
505 2447 557 2497 in
584 2446 668 2497 die
712 2442 1004 2515 vigiliarum
1037 2439 1255 2494 Pascha:
1284 2450 1403 2493 ante
1439 2440 1601 2493 noctis
1634 2439 1787 2491 dimi-

200 2541 339 2592 dium
358 2537 581 2609 papulas
604 2536 857 2588 dimittere
874 2549 975 2587 non
1001 2534 1171 2597 liceat,
1204 2538 1548 2600 exspectantes
1600 2529 1789 2582 adven-

203 2644 309 2685 tum
368 2629 583 2684 Christi.
631 2626 697 2680 Ει
747 2636 1014 2697 postquam
1068 2626 1202 2678 illud
1260 2634 1458 2694 tempus
1508 2624 1786 2687 transierit,

200 2723 479 2777 securitate
500 2728 831 2789 prtesumpta,
859 2723 1041 2788 festum
1066 2726 1270 2800 cunctos
1298 2731 1446 2785 agere
1466 2715 1617 2769 diem.
1645 2714 1791 2769 Unde

200 2826 246 2868 et
273 2814 569 2870 Psalmista
599 2812 795 2865 dicebat
820 2827 839 2865 :
866 2809 1041 2863 Media
1064 2819 1212 2863 nocte
1249 2807 1512 2877 surgebam
1535 2808 1602 2859 ad
1628 2806 1792 2873 con/i-

198 2909 419 2959 tendum
471 2904 563 2957 tibi
602 2919 755 2973 super
789 2903 990 2971 judicia
1036 2900 1421 2972 Justtﬁcationis
1459 2910 1577 2952 tute.
1621 2899 1793 2966 Atque

204 2998 320 3050 lure
350 3005 629 3050 estcausa
659 3008 755 3047 cur
784 2992 1103 3047 Prudentius
1133 2992 1502 3045 liberationem
1527 3000 1579 3043 et
1607 3004 1793 3057 egres-

199 3103 319 3143 sum
370 3086 557 3157 pOpuli
614 3084 773 3140 lsrael
826 3099 894 3140 ex
956 3083 1194 3155 Egypto
1258 3082 1500 3153 pluribus
1559 3080 1794 3149 strophis

198 3190 403 3236 canat:

395 3313 560 3362 Moses
583 3324 757 3372 nempe
782 3311 938 3360 Deum
965 3309 1193 3373 spinifero
1220 3311 1265 3357 in
1290 3309 1413 3357 rubo

397 3375 531 3424 Vidit
560 3376 818 3436 conspicuo
838 3373 1023 3421 lumine
1046 3373 1340 3420 ﬂanimeum.

199 3524 540 3592 Comparant
588 3521 748 3574 etiam
779 3519 880 3574 SS.
928 3518 1116 3573 Patres
1162 3517 1359 3587 populo
1397 3514 1695 3571 Israelitico
1720 3529 1789 3570 ex

197 3615 425 3686 Algypti
456 3611 733 3684 tyrannide
754 3613 983 3666 liberato
1006 3614 1204 3678 justos,
1234 3625 1265 3663 a
1318 3621 1637 3679 resurgeute
1681 3609 1787 3662 Do-

202 3709 352 3759 mino
381 3704 657 3759 incmlum
688 3713 959 3766 evocatos,
994 3711 1049 3755 ut
1075 3699 1134 3755 S.
1177 3698 1465 3766 Gregorius
1506 3699 1792 3754 Nazianze-

198 3812 301 3850 nus
328 3805 478 3851 orat.
507 3796 558 3847 in
596 3792 818 3858 l'ascha,
843 3801 896 3846 et
927 3793 978 3845 in
1031 3792 1219 3844 tardita
1246 3806 1331 3845 em
1361 3806 1373 3840 :
1408 3789 1578 3843 Hodie
1622 3790 1793 3860 Αἰθυ-

193 3902 348 3959 ptum
380 3887 591 3942 omnino
617 3888 865 3959 fugimus,
890 3896 936 3940 et
967 3885 1342 3939 amarulentum
1380 3886 1527 3939 illum
1554 3884 1793 3939 Pharao-

197 3998 317 4035 nem
343 3980 452 4052 (δ).

262 4196 352 4265 (ιι)
387 4194 558 4259 Quem
601 4194 775 4248 locum
809 4209 915 4263 prae
954 4194 1125 4249 oculis
1164 4194 1345 4247 habuit
1386 4193 1616 4247 Isidorus
1670 4194 1793 4264 Ety-

195 4264 335 4318 nml.
371 4267 470 4318 lib.
506 4280 575 4327 Vl,
607 4280 655 4319 c.
690 4268 752 4319 Π
787 4280 799 4315 :
837 4265 1000 4336 Cujus
1030 4264 1295 4336 (Paschze)
1326 4265 1561 4336 noxideo
1583 4267 1794 4334 pervigil

194 4339 421 4388 dus-itur
463 4346 671 4405 propter
727 4333 992 4388 adventum
1045 4335 1197 4405 Regis
1240 4350 1300 4386 ac
1358 4333 1569 4405 Domini
1585 4333 1792 4399 nostri,

194 4416 251 4458 ut
281 4404 491 4473 tempus
527 4406 926 4469 resurrectionis,
941 4407 1050 4474 ejus
1090 4404 1180 4457 nos
1202 4421 1303 4457 non
1331 4404 1655 4467 dormientes,
1702 4406 1791 4457 sed

195 4475 479 4545 vigilantes
508 4476 733 4527 inveniat
764 4490 783 4529 :
825 4480 970 4544 cujus
996 4478 1157 4528 noctis
1194 4476 1384 4545 duplex
1421 4477 1552 4527 ratio
1572 4486 1669 4540 est,
1693 4476 1795 4527 sive

196 4548 341 4617 quod
369 4548 429 4598 in
453 4561 514 4597 ea
534 4546 689 4597 vitam
711 4555 827 4596 tunc
847 4547 1056 4611 recepit,
1082 4562 1195 4597 cum
1219 4558 1512 4617 passusest,
1534 4546 1636 4597 sive
1655 4545 1792 4615 quod

1882 1892 2101 1931 nosrna
2133 1893 2339 1933 res'ruu
2364 1893 2780 1937 CELEBRMIUS...
2820 1882 3055 1953 Mysterii
3099 1897 3296 1957 tempus
3336 1890 3460 1944 ade-

1882 1977 1963 2021 rat
1986 1968 2080 2036 (τ).
2107 1968 2366 2023 Eusebius
2390 1970 2482 2023 lib.
2513 1987 2563 2023 Iv
2589 1971 2655 2026 de
2680 1971 2717 2025 V
2744 1982 2793 2024 ta
2816 1972 3173 2040 Constantini,
3201 1992 3318 2048 cap.
3348 1980 3418 2033 22
3444 1998 3458 2033 :

1884 2056 1915 2109 1
1919 2075 2005 2125 pse
2026 2075 2139 2111 vero
2161 2058 2591 2131 (Constantinus)
2608 2072 2660 2115 ut
2685 2072 2799 2132 pote
2818 2081 3077 2119 sacrorum
3102 2072 3462 2138 mysteriorum

1883 2152 2202 2219 particeps...
2253 2151 2308 2203 in
2346 2152 2471 2221 ipsis
2509 2154 2786 2220 salutifera:
2813 2156 3101 2224 festivitatis
3142 2158 3340 2226 diebus,
3378 2162 3461 2214 di-

1884 2241 2116 2309 sciplina:
2167 2251 2321 2311 atque
2380 2244 2802 2297 exercitationum
2876 2248 3096 2317 vigorem
3164 2250 3462 2313 intendens,

1887 2333 2082 2385 cunctis
2125 2332 2284 2385 animi
2329 2341 2376 2386 et
2423 2335 2649 2403 corporis
2690 2336 2879 2390 viribus
2922 2337 3169 2405 collectis,
3212 2342 3466 2409 pontiﬁcis

1888 2431 2038 2492 atque
2063 2422 2411 2491 hierophantaz
2439 2440 2645 2479 munere
2679 2426 3005 2498 fungebatur.
3040 2427 3103 2481 Et
3128 2431 3234 2500 ipse
3258 2433 3466 2501 quidem

1889 2515 2084 2568 ca'teris
2127 2516 2358 2568 omnibus
2403 2518 2615 2584 praeibat
2665 2519 2733 2571 ad
2763 2522 2877 2588 festi
2927 2522 3331 2577 celebrationem.
3366 2525 3469 2580 Sa-

1890 2621 2027 2657 cram
2069 2616 2239 2660 autem
2269 2606 2495 2677 vigiliam
2540 2622 2592 2660 IN
2641 2624 2868 2663 DIURNL‘M
2897 2624 3234 2666 SPLESDOREII
3264 2630 3470 2667 concer-

1892 2706 2040 2762 terat,
2072 2700 2294 2752 accensis
2340 2708 2446 2751 tota
2476 2702 2600 2752 urbe
2640 2715 2899 2755 cereorum
2940 2703 3244 2770 quibusdam
3274 2707 3471 2759 colum-

1894 2789 1972 2841 nis
2020 2804 2113 2856 per
2154 2806 2241 2843 eos
2282 2791 2462 2859 quibus
2489 2791 2542 2842 id
2578 2788 2745 2859 operis
2771 2802 2877 2846 erat
2922 2793 3226 2862 injunctum.
3252 2797 3471 2869 Lampa-

1894 2877 1982 2930 des
2006 2893 2205 2946 quoque
2249 2894 2474 2932 accensa:
2516 2893 2696 2933 cuncta
2724 2885 2916 2951 passim
2944 2885 3055 2936 loca
3096 2885 3420 2939 illustrabant
3450 2903 3469 2939 :

1894 2969 2025 3022 adeo
2067 2978 2120 3022 ut
2162 2971 2271 3022 hac
2294 2971 2508 3038 mystica
2542 2971 2715 3039 vigilia
2742 2974 2914 3040 quovis
2938 2974 3016 3028 vel
3061 2974 3471 3044 splendidissimo

1896 3057 1980 3111 die
2029 3058 2281 3111 illustrior
2309 3060 2624 3114 redderetur.
2672 3062 2912 3117 Valesius
2951 3072 3098 3119 notat
3137 3065 3473 3124 Christianos

1820 3166 1869 3227 ρ
1902 3149 1954 3201 in
1983 3161 2040 3201 ra
2082 3148 2360 3203 cells-siam
2406 3149 2682 3204 dumtaxat
2729 3166 3008 3207 ccreorum
3063 3156 3353 3213 maximam
3381 3174 3473 3213 co-

1904 3238 2040 3302 piam
2069 3239 2363 3294 accendere
2406 3242 2767 3307 consuevisse,
2824 3241 3230 3301 Constantinum
3265 3250 3316 3301 in
3376 3249 3473 3303 ho-

1901 3345 2086 3385 norem
2140 3341 2300 3385 tanta:
2360 3332 2664 3389 festivitatis
2726 3349 2916 3391 cereos
2979 3349 3132 3393 extra
3187 3342 3471 3397 ecclesiam

1900 3423 2116 3476 accendi
2143 3423 2404 3491 jUSSiSSO;
2436 3424 2713 3479 colummis
2735 3426 2854 3482 iilas
2878 3444 3064 3484 cereas
3081 3432 3361 3502 designare
3377 3449 3473 3490 cc-

1900 3534 2050 3574 reum
2080 3518 2419 3586 Paschalem,
2445 3520 2513 3575 de
2540 3535 2644 3589 quo
2671 3521 2940 3577 Barnabas
2966 3524 3266 3582 Brissouius
3286 3528 3473 3598 singu-

1901 3608 2063 3663 larem
2112 3609 2302 3664 librnm
2328 3611 2560 3679 scripsit.
2609 3611 2668 3668 8.
2713 3611 2863 3668 Zeno
2891 3614 3219 3672 Verouemis
3262 3618 3314 3671 in
3342 3618 3471 3674 Ser-

1899 3716 2057 3755 mone
2088 3717 2101 3755 l
2146 3701 2213 3755 ad
2261 3702 2562 3774 neophytos
2606 3703 2846 3771 ejusdem
2880 3706 3137 3777 pervigilii
3168 3709 3362 3763 lumina
3396 3711 3477 3765 in-

1898 3793 2039 3847 dicat
2078 3811 2090 3845 :
2132 3792 2260 3846 Post
2307 3793 2629 3848 devotissima
2674 3793 2927 3864 completa
2965 3799 3279 3865 expiationis
3317 3816 3477 3855 sacra

1898 3894 2040 3938 casta
2071 3885 2285 3952 iejum‘a,
2317 3894 2430 3955 post
2456 3898 2776 3941 CLABISSHIIE
2805 3900 2989 3942 nocns
3031 3904 3124 3942 suo
3166 3890 3272 3943 sole
3302 3889 3477 3946 dulces

1898 3975 2100 4045 vigilias
2125 3972 2228 4043 (tl).

1899 4196 2069 4249 batur.
2105 4192 2408 4264 Pervigilem
2439 4193 2570 4247 enim
2601 4204 2801 4249 noctem
2845 4196 3175 4251 traducebant
3216 4215 3369 4265 usque
3406 4209 3477 4256 ad

1898 4267 2079 4319 harant
2108 4266 2398 4337 septimam
2427 4274 2688 4337 cantantes
2714 4283 2774 4319 ac
2821 4266 3081 4335 lampades
3126 4272 3471 4337 accendentes,

1897 4348 2048 4405 atque
2100 4334 2783 4405 imminentemiServatoris
2841 4334 3001 4390 nostri
3060 4334 3476 4397 resurrectionem

1898 4417 2263 4477 exspectantes.
2295 4404 2426 4470 Quae
2457 4404 2729 4460 Prudentii
2755 4407 2952 4477 hymno
2981 4420 3299 4463 consanant.

1974 4475 2052 4545 (d)
2075 4475 2271 4529 Confer
2309 4475 2865 4547 sermones‘ejusdem
2894 4477 3127 4531 Zenonis
3154 4480 3219 4532 de
3269 4479 3472 4547 Exodo,

1897 4547 2023 4619 uti:
2040 4548 2165 4619 tiam
2199 4554 2456 4619 tractatus
2486 4545 2863 4619 S.__Gaudcntii
2912 4548 3201 4619 Brisiensis
3242 4545 3478 4619 episcopi

196 4606 386 4682 postea
419 4617 595 4667 eadem
626 4618 751 4666 hora
778 4631 876 4683 qua
903 4606 1199 4679 resurrexit,
1219 4606 1298 4666 ’σά
1312 4606 1789 4683 Ῑιιιιὶαιὲιάιιηιύεη-
1822 4606 1868 4665 D
1899 4617 1950 4669 in
1988 4617 2249 4680 Exodum,
2273 4616 2335 4669 de
2359 4623 2504 4686 nocte
2536 4614 2859 4686 Vigiliarum,
2896 4618 2959 4671 de
3001 4617 3218 4673 Pascha:
3250 4606 3479 4675 observa-

196 4697 350 4739 turus
384 4694 489 4739 est.
519 4686 674 4751 Quod
704 4700 731 4736 a
765 4686 1043 4737 nobis’luit
1073 4686 1624 4751 animadvertendum,
1666 4686 1787 4753 quia

197 4757 255 4810 in
292 4758 451 4809 notis
472 4758 539 4808 ad
576 4755 878 4823 Etymolog.
912 4754 1099 4808 lsidori
1130 4757 1393 4809 indicatus
1424 4771 1528 4808 non
1578 4765 1659 4810 est
1707 4757 1788 4810 lo-

195 4844 295 4880 cus
320 4826 619 4887 Lactantii,
648 4834 704 4876 ut
730 4826 818 4877 alii
849 4826 1071 4878 aliorum
1105 4827 1278 4880 solent
1309 4826 1552 4879 indicari.

270 4902 362 4962 (ὑ)
401 4896 537 4947 llinc
570 4893 887 4965 Prudentius
912 4896 1095 4965 v.lb9
1142 4912 1153 4947 :
1194 4893 1379 4948 Fessos
1409 4897 1495 4948 ille
1522 4904 1664 4965 vorat
1703 4912 1793 4965 per

194 4968 334 5035 freta
348 4966 556 5029 seaculi,
578 4964 808 5016 Discissis
829 4964 1072 5036 populum
1097 4964 1381 5018 turbinibus
1402 4980 1596 5036 regens,
1616 4963 1793 5018 lacta-

194 5033 392 5106 tasqne
435 5040 645 5106 animas
682 5038 821 5106 mille
863 5033 1127 5106 laboribus
1171 5033 1534 5088 .lnstoruvn'in
1576 5038 1795 5104 patriam

192 5105 465 5158 scandere
496 5105 748 5173 prwcipit.
780 5105 898 5175 Illic
919 5106 1186 5175 purpureis
1216 5113 1345 5157 tecta
1374 5108 1581 5158 rosariis
1614 5107 1792 5158 ()mnis

190 5184 416 5245 fragrat
464 5175 671 5237 humus,
700 5186 803 5227 etc.
848 5174 1047 5227 Eodem
1092 5175 1680 5245 pertinentsermones
1731 5177 1789 5229 S.

190 5244 455 5300 Zenonis
487 5245 809 5299 Veronensis
834 5285 848 5307 ,
882 5257 934 5297 et
964 5247 1241 5298 'l‘ractatus
1271 5247 1326 5300 S.
1362 5244 1641 5299 Gaudentii
1690 5248 1794 5298 Bri-

190 5318 420 5369 xiensis
464 5315 703 5383 episcopi
746 5316 810 5367 de
847 5314 1027 5366 Exodo
1066 5320 1117 5366 in
1146 5317 1238 5368 hoc
1276 5316 1560 5385 pervigilio,
1591 5332 1653 5369 ac
1684 5316 1794 5371 fere

188 5400 314 5438 tota
346 5386 660 5438 benedictio
703 5389 843 5439 cerei
888 5386 1175 5455 Paschalis,
1204 5385 1327 5438 licet:
1356 5401 1457 5437 nox
1490 5399 1581 5446 est,
1615 5388 1664 5438 in
1694 5403 1794 5455 qua

186 5460 442 5522 primum
471 5468 640 5525 patres
662 5466 860 5508 nostros
885 5457 1021 5523 filios
1045 5454 1207 5507 Israel
1229 5458 1432 5507 eductus
1454 5458 1516 5507 de
1537 5454 1791 5525 gypto,

181 5543 337 5591 δια,
368 5527 529 5592 cujus
558 5528 835 5579 sententia:
855 5541 1038 5579 omnes
1070 5531 1118 5578 in
1154 5525 1437 5579 l’rudeutio
1460 5532 1723 5593 leguntur.

263 5601 356 5667 (τ)
418 5598 626 5649 NiCetas
674 5598 725 5649 in
774 5608 910 5648 orat.
958 5612 992 5649 tt
1042 5596 1355 5649 Nazianzcui
1396 5600 1462 5649 de
1504 5598 1796 5650 l’aschate:

188 5666 490 5719 l‘rwclara
515 5670 663 5718 etiam
693 5667 789 5736 fuit
824 5666 1061 5719 hesterna
1091 5668 1341 5719 luininum
1369 5669 1653 5730 celebritas,
1701 5669 1797 5719 hoc

177 5748 293 5807 est,
347 5744 518 5791 catus
542 5738 623 5788 ille
647 5740 733 5797 qui
759 5744 824 5788 att
872 5752 1123 5801 vesperam
1156 5740 1322 5808 magni
1346 5740 1539 5791 sabbati
1574 5740 1793 5793 celebra-

590 5829 861 5888 PATRIL.
914 5827 1070 5886 LIX.

1897 4690 2051 4749 tione,
2079 4686 2164 4739 ubi
2185 4695 2342 4741 tract.
2371 4701 2439 4758 tv,
2468 4685 2813 4758 in_princ:pio
2839 4689 3305 4758 splendidissimum
3335 4702 3480 4746 nocte

1900 4758 2187 4826 vigiliarum
2218 4762 2392 4809 vocat.
2425 4757 2479 4808 ln
2509 4755 2738 4811 ConSIit.
2770 4755 3010 4827 Apostul.
3044 4774 3162 4827 cap.
3202 4761 3266 4814 ts
3314 4762 3407 4815 lib.
3446 4780 3475 4816 ν

1900 4828 2073 4893 agitur
2101 4827 2165 4879 de
2189 4826 2588 4898 rpervigilatione
2636 4826 2829 4898 magni
2862 4829 3077 4895 sabbati,
3116 4826 3174 4881 et
3203 4831 3265 4882 de
3293 4833 3375 4884 die
3404 4850 3485 4886 re-

1900 4897 2246 4962 surrectionis,
2280 4899 2364 4949 ubi
2396 4897 2558 4951 etiam
2609 4897 2928 4952 sacriﬁcium
2983 4900 3094 4954 ﬁeri
3144 4900 3483 4969 antejejunii

1902 4969 2222 5021 solutionem
2270 4968 2597 5035 praccipitur.
2633 4969 2998 5022 Aldclhclmus
3027 4970 3093 5023 de
3149 4969 3327 5025 Laude
3364 4972 3483 5026 Vir—

1902 5039 2011 5103 gin.
2045 5053 2163 5105 cap.
2200 5039 2264 5091 16
2296 5055 2307 5089 :
2342 5036 2404 5089 In
2437 5039 2620 5104 vigiliis
2650 5039 2978 5107 paschalibus
3010 5042 3216 5103 quando
3257 5045 3484 5105 reciproo

1901 5109 1972 5160 cis
2000 5124 2250 5161 annorum
2280 5110 2485 5161 circuli.-
2532 5111 2782 5164 anastast's
2812 5112 3065 5162 dominica
3098 5111 3263 5163 solita:
3299 5112 3485 5163 solem-

1901 5180 2077 5231 nitatis
2110 5180 2333 5246 tripudio
2365 5179 2672 5242 celebratur,
2705 5181 2912 5246 fortuito
2938 5180 3149 5248 contigit
3198 5188 3253 5232 ut
3284 5180 3482 5248 lychnis

1898 5250 1959 5321 de
1986 5249 2309 5321 lampadibus
2337 5248 2563 5303 ecclesia:
2609 5253 2809 5321 pinguis
2841 5248 2939 5321 olei
2968 5251 3133 5321 liquor
3162 5261 3483 5320 Opportuna:

1898 5319 2107 5372 deesset.
2144 5319 2274 5372 Vide
2303 5318 2743 5388 Chrystlstomuiu
2794 5320 2845 5372 in
2873 5318 3107 5372 Geiiesim
3147 5318 3262 5385 cap.
3305 5321 3358 5372 ll
3392 5323 3483 5373 ho-

1901 5391 2015 5442 mil.
2064 5404 2195 5442 xxx.
2230 5390 2592 5442 Nebrissensis
2642 5400 2835 5441 nostra:
2884 5391 3121 5456 opinioni
3172 5391 3482 5451 asscntitur,

1898 5462 2009 5523 qui,
2025 5460 2123 5513 etsi
2143 5462 2396 5528 hymnum
2430 5460 2759 5524 inscripsi-rit
2779 5460 2856 5510 Ad
2877 5460 3221 5513 accensionem
3244 5461 3481 5525 lucerna',

1900 5536 2075 5580 tamen
2105 5526 2219 5579 ait;
2252 5526 2355 5579 llic
2376 5528 2591 5596 hymnus
2620 5530 2669 5580 in
2700 5530 2948 5596 principio
2976 5533 3159 5594 noctis,
3186 5546 3296 5581 cum
3326 5529 3485 5582 inmi-

1903 5614 1968 5649 na
1990 5598 2350 5659 accenduntur,
2368 5599 2564 5650 cantari
2591 5599 2624 5649 d
2656 5598 2731 5651 bet
2756 5614 2775 5651 :
2807 5600 2881 5652 vel
2906 5615 3107 5655 POTIUS.
3142 5616 3206 5653 ET
3228 5613 3483 5651 recuru-

1902 5682 2057 5720 nmsn
2089 5682 2135 5719 IN
2159 5681 2391 5721 SAUBATO
2419 5682 2639 5731 SANCTO,
2662 5684 2779 5721 cum
2806 5669 3005 5722 lumina
3033 5686 3165 5721 nova
3200 5671 3486 5723 incendun.

1898 5745 2002 5806 tur,
2032 5736 2108 5791 vel
2131 5738 2329 5793 incendi
2353 5738 2604 5794 deberent.
2638 5740 2703 5793 Et
2727 5740 2791 5794 ad
2823 5756 3055 5801 versum,
3091 5738 3193 5792 Il’a
3226 5748 3368 5794 nocte
3398 5757 3482 5794 sa-

3043 5828 3122 5888 ‘22
