3998 6182
562 289 665 345 ωςό

1958 275 2406 335 Ρηυυειςτιυε.

3717 272 3821 328 884

638 403 794 475 123
828 403 943 456 150.
976 402 1100 455 Herae
1125 400 1195 454 ita
1222 398 1362 455 clara
1393 404 1540 461 sunt,
1573 403 1629 449 ut
1659 394 1747 464 qui
1780 394 2002 449 ulterius
2029 394 2127 446 du-
2158 400 2206 457 Α
2237 393 2365 459 Qun
2409 389 2588 444 omnia
2635 388 2865 443 libenter
2907 399 3006 455 ego
3055 384 3300 454 congessi
3322 424 3338 449 ,
3386 397 3491 438 non
3543 383 3718 437 solum
3768 396 3822 439 ut

558 496 695 549 hitet
717 511 783 548 an
814 508 842 547 a
878 492 1164 546 Prudentio
1197 489 1425 560 hytuuus
1450 488 1518 542 de
1548 501 1684 542 novo
1711 483 1910 538 lumine
1932 483 2139 537 Sabbati

565 584 834 658 paschalis
879 584 945 636 ad
993 593 1202 636 noctem
1256 579 1556 649 vigiliarum
1599 577 1819 632 Pascha:
1862 575 2139 630 celebran-

564 677 687 731 dam
716 674 1043 743 compositus
1066 672 1248 736 fuerit,
1277 671 1330 726 in
1356 670 1530 725 media
1550 670 1669 724 lucc
1693 682 1758 725 ac
1781 668 1869 722 die
1891 667 2141 721 cacutire

565 769 822 825 videatur.
856 766 1110 835 Quamvis
1157 773 1336 820 autem
1395 764 1520 820 inde
1561 763 1709 832 origo
1753 760 2143 816 benedictionis

558 859 704 913 cerei
736 856 1001 927 paschalis
1041 856 1265 923 letenda
1299 855 1388 920 sit,
1422 863 1598 911 tamen
1630 852 1711 913 bse
1757 864 1936 915 voces,
1966 865 2140 905 cereus

560 946 839 1019 paschalis,
888 955 942 1003 et
991 947 1207 1016 quidam
1238 947 1373 1002 ritus
1412 945 1466 1000 in
1517 942 1891 1000 benedictione
1919 941 2138 995 adhibiti

562 1038 890 1094 recentiores
920 1036 1153 1092 fortasse
1198 1044 1345 1101 sunt,
1389 1050 1453 1089 es
1485 1048 1591 1105 quo
1620 1033 1817 1088 factum
1843 1041 1926 1087 est
1960 1042 2019 1087 ut
2048 1032 2136 1087 be-

566 1131 799 1184 nedictio
840 1128 1146 1199 hujusmodi
1194 1127 1318 1185 huic
1362 1126 1445 1182 vel
1492 1126 1581 1181 alii
1634 1124 1869 1195 pontifici
1898 1123 2138 1177 Romano

564 1222 846 1289 tribuatur,
872 1221 1013 1291 quod
1037 1218 1319 1274 formulam
1343 1218 1575 1287 aliquam
1600 1213 2017 1285 praescripserit,
2046 1221 2138 1267 aut

560 1323 799 1370 veterem
830 1315 965 1368 hanc
993 1310 1382 1367 institutionem
1411 1308 1475 1362 ad
1506 1310 1807 1361 universam
1843 1303 2135 1359 Ecclesiam

562 1406 776 1462 extendi
832 1404 1080 1463 voluerit.
1135 1402 1397 1458 Existimo
1445 1400 1609 1454 etiam
1634 1398 1691 1453 S.
1737 1394 2044 1466 Hieronymi
2082 1403 2136 1448 et

562 1498 834 1552 Prudentii
878 1495 1207 1564 temporibus
1251 1495 1603 1564 posteriorem
1648 1504 1771 1545 esse
1818 1489 2134 1545 Sermonem

550 1591 621 1643 de
663 1589 816 1644 Cerea
868 1589 1096 1659 paschali
1147 1586 1460 1654 inscriptum
1492 1584 1630 1639 inter
1669 1597 1831 1651 opera
1858 1580 1919 1637 S.
1949 1581 2138 1635 Hiero—-

562 1682 723 1753 nymi,
754 1682 842 1737 ubi
872 1691 1020 1737 notat
1050 1685 1249 1736 Auctor
1274 1697 1287 1733 :
1317 1678 1449 1749 Lege
1491 1676 1909 1740 Pentateuchum,
1938 1674 2133 1728 instru-

2248 482 2499 552 hymnum
2528 478 2803 533 Prudentii
2834 477 3056 546 ejusque
3106 474 3319 529 titulum
3350 474 3698 536 illustrarcm,
3729 477 3820 528 sed

2242 578 2409 633 etiam
2457 576 2509 629 in
2556 576 2783 643 gratiam
2812 571 3003 640 Optimi
3033 579 3089 625 et
3134 568 3524 638 rel'giosissimi
3570 569 3822 637 principis

2243 666 2568 723 Ferdinandi
2601 664 2847 719 Dorbouii
2892 663 3053 716 Ducis
3083 659 3408 723 Parmensis,
3453 674 3617 728 quem
3650 662 3821 726 pervi-

2240 758 2423 827 gilium
2468 755 2688 810 Pascha
2738 770 2804 809 ex
2850 752 3023 807 veteri
3067 765 3237 814 more,
3270 748 3611 805 Constantini
3647 749 3819 817 Ilagni

2242 847 2516 917 exemplo,
2565 846 2811 917 quamvis
2842 843 3044 914 dispari
3092 840 3271 908 modo,
3305 840 3401 896 Pio
3451 840 3515 894 νι
3565 841 3819 909 pontiﬁce

2240 939 2477 995 maximo
2507 940 2648 993 ultro
2675 944 2970 1002 annuente.
2998 935 3274 992 celebrare
3301 948 3371 999 es
3402 933 3611 989 idoneis
3635 942 3820 988 aucto-

2240 1030 2387 1085 ribus
2415 1030 2619 1097 accepi.

2314 1122 2471 1191 129
2519 1121 2642 1176 151.
2699 1119 2904 1186 Quibus
2944 1116 3229 1187 expositis,
3277 1114 3553 1170 evidenter
3592 1114 3819 1169 demon-

2236 1223 2406 1268 strata
2436 1222 2518 1267 est
2537 1212 3030 1281 antiquissimorum
3059 1218 3113 1264 et
3139 1208 3569 1263 telicissimorum
3614 1216 3825 1275 tempo-

2237 1319 2356 1358 rum
2383 1303 2553 1373 pietas
2582 1303 2637 1357 in
2668 1303 2923 1357 luminum
2954 1316 3071 1364 usu,
3092 1302 3266 1369 copia,
3284 1311 3334 1354 et
3359 1300 3697 1354 earemoniis
3719 1299 3817 1370 (α).

2237 1394 2344 1452 Sed
2372 1394 2438 1449 ad
2457 1393 2883 1463 redarguendum
2898 1391 3065 1447 rotatis
3088 1400 3286 1447 nostra:
3303 1390 3631 1460 impietatem
3650 1390 3819 1444 abun-

2236 1484 2363 1539 dare
2389 1484 2564 1540 adhuc
2590 1484 2713 1539 volo
2736 1484 2910 1539 allatis
2942 1484 2994 1538 in
3024 1483 3258 1539 medium
3301 1480 3577 1537 nonnullis
3596 1482 3658 1537 S.
3683 1480 3820 1535 Pau-

2237 1576 2330 1630 lini
2356 1575 2546 1632 Nolani
2577 1575 2841 1631 versibus.
2865 1574 3035 1630 Natali
3055 1576 3089 1630 9
3111 1574 3178 1629 de
3196 1574 3439 1629 Adventu
3475 1574 3677 1629 Nicetes
3711 1576 3820 1643 epi-

2235 1666 2383 1736 scopi
2411 1681 2443 1722 c
2475 1667 2664 1733 Dacia,
2697 1667 2788 1737 qui
2813 1667 2883 1721 ad
2912 1668 3141 1722 natalem
3168 1667 3202 1721 5
3246 1664 3436 1721 Felicis
3464 1677 3777 1721 occurrerat
3803 1683 3816 1719 :

559 1782 782 1825 mentum
829 1787 1063 1841 percurre
1113 1780 1253 1824 vetus
1283 1784 1303 1823 :
1331 1783 1579 1838 nusquam
1628 1767 1681 1820 in
1728 1766 1821 1818 Dei
1864 1765 2134 1833 sacriﬁciis
2164 1747 2210 1806 Β
2453 1778 2610 1839 vides,
2627 1786 2836 1839 quantus
2857 1778 3108 1838 splendor,
3126 1778 3259 1826 velut
3277 1776 3384 1841 tede
3407 1786 3578 1827 renata

562 1862 737 1929 mella,
766 1878 1014 1932 nusquam
1037 1876 1165 1916 certe
1184 1876 1352 1927 usum,
1381 1859 1471 1914 sed
1498 1857 1821 1911 lucernarum
1850 1856 2067 1922 lumina,
2090 1864 2136 1910 et

562 1954 676 2005 oleo
703 1955 836 2021 [otos
860 1951 1049 2005 videbis
1084 1950 1399 2020 igniculos...
1433 1947 1608 2003 Novas
1646 1961 1885 2015 percurre
1910 1946 2136 2001 libros...

561 2041 791 2111 nunquid
836 2041 1025 2094 alicubi
1071 2040 1287 2094 cereus?
1316 2038 1545 2093 Carmen
1594 2037 1661 2092 de
1685 2036 1855 2092 Cerco
1904 2036 2138 2105 paschali

558 2131 722 2186 habet
755 2131 1050 2200 Drepanius
1093 2129 1304 2196 Florus,
1360 2143 1467 2183 non
1495 2127 1921 2185 Christianorum
1950 2136 2137 2197 poeta-

557 2237 675 2275 rum
709 2221 1136 2286 vetustissimus,
1170 2230 1226 2275 ut
1254 2220 1486 2289 appellat
1531 2219 1787 2273 Baronius
1816 2218 1881 2273 ad
1932 2219 2072 2273 diem
2104 2217 2139 2273 8

562 2312 681 2365 Mai
711 2312 933 2383 Martyr.
967 2312 1078 2367 [ξολ
1102 2327 1215 2378 an.,
1241 2311 1336 2366 sed
1364 2311 1563 2366 saeculo
1590 2312 1803 2367 tandem
1829 2326 1881 2366 ts
1912 2311 2134 2367 florens.

565 2404 905 2475 Pervigilium
928 2403 1089 2458 etiam
1118 2401 1334 2457 Pascha:
1362 2402 1601 2458 celebrat
1626 2420 1639 2456 :

625 2515 764 2575 Hunc
788 2522 841 2563 ut
861 2528 949 2575 per
971 2523 1118 2562 totam
1143 2516 1379 2574 possimus
1398 2514 1583 2563 ducere
1604 2520 1817 2573 noctem,

624 2574 885 2625 lnferlmus
909 2576 1063 2625 claros
1086 2578 1237 2624 sacris
1256 2576 1484 2624 altaribus
1508 2577 1666 2638 ignes.

563 2683 950 2739 Animadverte
986 2692 1241 2753 prmterea
1268 2680 1491 2757 aliquod
1525 2680 1690 2736 videri
1718 2694 2003 2747 superesse
2048 2695 2140 2736 ve-

560 2777 771 2846 stigium
812 2776 879 2831 de
910 2790 1048 2831 novo
1088 2776 1315 2841 lumine,
1344 2773 1487 2843 quod
1517 2774 1732 2827 incussu
1761 2773 1926 2827 silicis
1951 2787 2142 2827 accen-

562 2869 806 2934 d-batur,
856 2870 909 2925 in
964 2868 1199 2923 Orientis
1251 2868 1558 2938 regionibus
1605 2867 1745 2935 apud
1789 2866 2057 2921 Liberium
2109 2883 2138 2920 a

562 2960 690 3015 Jesu
717 2968 845 3014 tom.
878 2958 966 3014 lll.
986 2958 1238 3012 Cnntrov.
1263 2973 1326 3011 ex
1352 2956 1671 3025 posthumis,
1694 2957 1798 3011 col.
1824 2956 1928 3011 712
1948 2942 2003 3011 et
2023 2972 2135 3027 seq.

564 3048 641 3103 De
670 3051 806 3121 igne,
836 3065 982 3119 quem
1011 3046 1319 3102 schismatici
1347 3047 1708 3101 miraculosum
1743 3057 1948 3111 uocant,
1969 3056 2013 3101 et
2037 3048 2139 3115 ﬁn-

2304 1840 2502 1890 Rideat;
2532 1842 2817 1901 insculptum
2841 1852 3032 1888 camera
3053 1860 3064 1884 ι
3082 1842 3296 1899 rispante
3318 1840 3512 1887 lacunar

2304 1901 2354 1949 ln
2374 1902 2537 1951 medio
2556 1903 2788 1950 mentitur
2812 1902 2962 1959 ebur;
2990 1909 3221 1961 tectoque
3239 1912 3456 1959 superne

2304 1963 2588 2013 Pendentes
2610 1963 2765 2025 lychni
2788 1964 2932 2025 spiris
2955 1964 3233 2012 retinentur
3256 1962 3445 2010 ahenis.

2241 2068 2400 2124 Plura
2427 2069 2529 2124 alia
2552 2068 2675 2124 alzis
2702 2067 2754 2122 in
2786 2069 2916 2123 locis
2938 2067 3063 2122 Paul
3091 2083 3188 2122 nus
3210 2067 3322 2136 (b);
3370 2081 3530 2136 quem
3579 2065 3820 2120 Pruden-

2242 2162 2315 2214 tio
2344 2161 2395 2216 in
2428 2161 2508 2215 his
2535 2160 2920 2216 controversiis
2941 2161 3136 2230 saepius
3185 2159 3386 2213 addere
3436 2158 3626 2228 juvat,
3678 2160 3817 2226 quod

2242 2268 2414 2323 neque
2458 2252 2533 2308 illi
2564 2253 2723 2323 objici
2769 2260 2994 2323 possunt
3042 2250 3400 2322 prmjudicata:
3454 2250 3742 2321 Opiniones
3793 2266 3819 2305 a

2242 2360 2406 2417 puero
2430 2346 2569 2401 inter
2591 2345 2985 2401 ecclesiasticos
3008 2346 3152 2399 viros
3174 2343 3398 2400 haustae.

2828 2457 3053 2513 CAPUT
3092 2456 3229 2511 Xlll.

2245 2550 2597 2621 Respondetur
2624 2548 2999 2621 engrudentio
3028 2544 3459 2621 interrogantibus
3496 2562 3614 2600 cum
3646 2546 3823 2603 Persio

2312 2618 2407 2675 sat.
2442 2618 2509 2685 2,
2530 2637 2655 2674 vers.
2689 2619 2755 2674 69
2787 2636 2801 2672 :
2848 2618 3035 2683 Dicite,
3077 2618 3367 2689 pontiﬁces,
3400 2619 3454 2671 in
3495 2630 3676 2672 sancto
3705 2621 3823 2688 quid

2317 2696 2437 2745 facit
2478 2707 2659 2745 aurum
2682 2691 2705 2743 ?

2319 2782 2476 2853 130
2515 2779 2638 2835 1⁵2⁸
2682 2779 2738 2833 In
2768 2779 2875 2834 θθθ
2900 2777 3167 2849 hymnide
3192 2777 3341 2835 Novo
3367 2778 3594 2835 Lumine
3621 2780 3824 2839 sabbati

2243 2873 2515 2943 paschalis
2542 2870 2814 2941 egregiam
2843 2870 3106 2925 rationem
3138 2870 3314 2925 reddit
3360 2871 3705 2939 Prudentius,
3734 2887 3824 2926 cur

2244 2963 2441 3018 lumina
2467 2962 2519 3016 in
2555 2963 2645 3017 Dei
2677 2961 2938 3015 honorem
2986 2961 3202 3015 accendi
3231 2962 3457 3017 debeant
3486 2979 3499 3015 :
3554 2962 3601 3016 0
3638 2980 3725 3017 res
3751 2963 3826 3016 di-

2245 3069 2365 3122 gna,
2393 3050 2575 3117 Pater,
2606 3067 2759 3119 qnam
2806 3052 2894 3104 tibi
2930 3053 3146 3104 rosridw
3192 3050 3374 3105 Nrctis
3418 3052 3670 3122 principio
3706 3070 3827 3123 gres

566 3154 717 3213 gunt,
750 3143 835 3197 ubi
868 3141 1034 3197 refert.
1086 3141 1213 3195 olim
1260 3154 1447 3195 revera
1496 3140 1809 3194 miraculum
1856 3140 2145 3209 contigisse
2171 3121 2218 3186 Ο
2251 3121 2366 3195 tuus
2393 3141 2597 3207 o/ﬂrat,
2626 3139 2833 3204 Lucem,
2863 3157 2962 3208 qua
2989 3142 3168 3194 tribuis
3196 3143 3269 3195 nil
3295 3121 3584 3211 pretiosius,
3640 3121 3827 3197 Lucem

564 3242 621 3289 ut
650 3234 736 3290 die
763 3233 968 3287 sabbati
1002 3231 1171 3286 sancti
1197 3231 1332 3301 ignis
1360 3246 1391 3285 e
1415 3230 1557 3285 caelo
1595 3229 1932 3285 descenderit
1964 3231 2016 3284 in
2056 3244 2145 3284 ec-

565 3325 727 3380 clesia
756 3322 1263 3393 llierosolymitana.
1290 3321 1433 3377 ldem
1455 3321 1561 3376 col.
1595 3319 1699 3375 600
1722 3328 1777 3375 et
1814 3335 1929 3388 seq.
1958 3322 2145 3373 Arme-

568 3437 758 3478 uorum
791 3421 1023 3475 fabulam
1065 3429 1119 3473 et
1146 3420 1337 3484 ritum,
1367 3419 1458 3486 qui
1480 3432 1690 3472 summo
1730 3432 1887 3471 mane
1917 3416 2015 3469 iziei
2045 3414 2149 3469 Re-

570 3510 920 3567 surrertionis
972 3523 1162 3564 cereos
1206 3508 1507 3563 accendunt
1557 3522 1625 3562 ex
1674 3507 1905 3575 quodam
1947 3506 2147 3562 lumine

572 3601 849 3666 divinitus,
877 3608 934 3654 ut
964 3599 1258 3662 venditant,
1286 3605 1530 3667 accepto,
1562 3597 1783 3665 exponit
1810 3607 1863 3651 et
1892 3597 2144 3666 exagitat.

572 3819 679 3866 cer,
708 3799 991 3855 confirmat
1039 3798 1480 3853 consuetudinem
1524 3798 1660 3868 apud
1709 3800 1955 3868 antiquos
1987 3798 2150 3853 fuisse

572 3881 729 3929 nocte
755 3871 962 3924 sabbati
988 3870 1155 3925 sancti
1180 3884 1273 3937 per
1297 3870 1486 3923 domos
1509 3870 1710 3925 lumina
1739 3869 2013 3938 complura
2041 3870 2151 3923 dis-

572 3956 772 4022 ponere
801 3956 864 4022 ex
898 3941 1043 3996 omni
1068 3940 1285 3993 materia
1314 3954 1430 4008 quae
1463 3949 1637 4008 potest
1668 3942 1906 4009 praebere
1932 3940 2151 3994 alimen-

575 4025 687 4067 tum
715 4026 842 4067 ιίζηι.

646 4026 1045 4151 l(thigillrieterire
1092 4078 1216 4151 nolo
1264 4079 1646 4151 conjecturam,
1681 4078 1821 4151 quod
1854 4079 1961 4151 jam
2013 4078 2149 4133 Prn-

577 4148 739 4206 dentii
767 4150 965 4204 smculo
992 4150 1166 4202 lumen
1197 4150 1247 4201 in
1285 4149 1564 4216 pervigilio
1612 4148 1826 4201 Par-chze
1853 4163 1883 4201 a
1922 4150 2151 4203 diacono

577 4223 824 4276 videatur
852 4220 1108 4281 oblatum,
1133 4227 1189 4272 ut
1219 4233 1359 4271 nunc
1390 4218 1611 4271 offertur
1641 4232 1827 4288 cereus
1863 4219 2153 4288 paschalis,

576 4308 638 4346 es
670 4305 850 4352 versu,
884 4288 1097 4349 Lumen.
1121 4289 1259 4359 quod
1291 4302 1564 4341 nunt.st
1592 4286 1771 4353 o/I'ero,
1804 4291 2001 4359 suscipe
2032 4286 2155 4342 TinQ

578 4370 717 4413 clum
768 4358 973 4430 paciﬁci
999 4357 1287 4430 chrismatis
1318 4359 1560 4430 unguine.
1600 4360 1664 4430 l'l_t
1706 4372 1825 4430 cum
1858 4357 1994 4411 idem
2030 4359 2159 4430 Prn—

580 4426 793 4484 dentius
818 4426 1068 4491 larrymas
1090 4428 1277 4480 olentes
1307 4426 1522 4491 dixerit,
1547 4438 1599 4480 et
1628 4428 1880 4481 Paulinus
1909 4430 1960 4481 in
1991 4429 2161 4481 versi-

584 4504 680 4553 bus
708 4516 827 4553 mox
861 4496 1151 4551 referendis
1171 4512 1274 4551 non
1303 4496 1473 4551 solum
1492 4499 1651 4565 pictos
1668 4512 1855 4561 cereos,
1883 4498 1974 4552 sed
1999 4499 2156 4552 etiam

582 4571 739 4623 odora
768 4570 961 4622 lumina
981 4568 1499 4631 commemoraverit,
1532 4568 1629 4621 etsi
1664 4568 1765 4621 alia
1800 4570 2160 4636 interpretatio

2251 3249 2348 3298 qua
2380 3230 2574 3299 reliqua
2605 3231 2815 3297 prazm‘a
2843 3231 3114 3283 cern'mus.
3141 3230 3269 3296 Quae
3316 3231 3452 3285 ratio
3481 3230 3547 3283 ad
3578 3241 3827 3285 ornatum

2250 3322 2573 3391 divitiasque
2601 3321 2920 3389 templorum
2947 3335 3019 3386 op
3045 3320 3149 3375 ime
3197 3320 3519 3376 transfertur
3548 3338 3562 3376 :
3591 3330 3647 3376 et
3698 3322 3829 3390 poli-

2260 3413 2376 3469 ticis
2407 3415 2495 3482 qui
2524 3413 2690 3467 Persii
2740 3426 2951 3466 versum
2982 3412 3251 3466 inculcant
3279 3428 3294 3466 :
3330 3411 3514 3478 Dicite,
3546 3413 3829 3481 pontiﬁces,

2253 3506 2307 3557 in
2334 3514 2513 3557 sancto
2530 3504 2653 3571 quid
2674 3503 2798 3573 facit
2823 3518 3028 3569 aurum,
3048 3512 3195 3557 recte
3225 3503 3663 3571 respondebitur:
3687 3502 3736 3557 0
3757 3520 3831 3557 rrs

2255 3596 2435 3666 digna,
2473 3592 2649 3658 Pater,
2679 3609 2831 3663 quam
2861 3593 2948 3646 tibi
2970 3608 3091 3663 grex
3135 3600 3253 3647 tuus
3275 3592 3477 3661 olferat.
3533 3589 3657 3649 Scio
3707 3594 3832 3664 quid

2261 3800 2469 3868 quoties
2490 3799 2541 3853 in
2572 3798 2749 3853 missae
2767 3797 3029 3853 sacrificio
3056 3805 3181 3853 ante
3200 3797 3529 3865 evangelium
3560 3796 3683 3850 thus
3711 3795 3834 3851 adn.

2262 3870 2402 3924 letur
2437 3886 2451 3924 :
2502 3868 2787 3939 Dirigatur,
2816 3869 3048 3930 Domine,
3075 3872 3241 3921 oratio
3261 3884 3394 3931 mea,
3423 3871 3551 3921 sTcut
3571 3868 3834 3920 incensum

2257 3940 2312 3992 in
2337 3950 2603 4008 conspectu
2631 3949 2718 3992 tuo
2736 3954 2756 3993 :
2777 3939 2990 3993 elevatio
3016 3954 3225 4008 manum
3246 3953 3478 4008 mearum
3499 3952 3827 3991 SACBIFICIDI

2259 4007 2642 4063 vescenrtsuu.
2666 4008 2863 4063 Confer
2910 4010 2969 4063 S.
3017 4007 3301 4070 lsidorum,
3332 4007 3422 4062 lib.
3451 4007 3517 4059 de
3548 4008 3707 4077 Myst.
3734 4022 3835 4077 fex-

2259 4093 2377 4148 pos.
2408 4093 2661 4148 sacram,
2691 4092 2809 4145 cap.
2842 4079 2912 4133 58
2956 4078 3022 4133 de
3053 4076 3623 4148 lucensocomposito,
3646 4086 3702 4129 et
3730 4076 3833 4148 Rn-

2262 4146 2470 4216 pertum
2494 4147 2818 4203 Tttiliellsem
2861 4148 2954 4203 lib.
2997 4162 3051 4201 γι
3093 4148 3161 4202 de
3188 4146 3389 4201 Divinis
3418 4146 3521 4200 Oli.
3542 4188 3557 4211 ,
3591 4161 3711 4214 cap.
3740 4146 3840 4207 3f,

2260 4217 2366 4272 Cur
2392 4219 2459 4269 ad
2482 4218 2877 4273 benedicendum
2895 4234 3092 4272 cereum
3123 4233 3319 4284 quoque
3361 4226 3531 4285 portat
3557 4218 3834 4269 incanum.

2333 4286 2407 4357 (b)
2448 4288 2617 4357 Μιδιὶ
2644 4289 2719 4342 3:
2764 4290 2935 4342 Aurea
2972 4303 3110 4341 nunc
3162 4288 3320 4341 niveis
3369 4286 3835 4357 ornanturilimina

2260 4354 2402 4419 velis,
2438 4354 2593 4410 Clara
2620 4369 2929 4412 coronantur
2949 4358 3116 4411 densis
3155 4358 3340 4410 altaria
3370 4356 3589 4426 lychnis.
3622 4355 3835 4407 Lumina

2263 4430 2441 4480 ceratis
2462 4428 2730 4482 adolentur
2749 4431 2907 4482 odora
2935 4429 3162 4496 papyris,
3194 4426 3374 4482 Nocre
3401 4441 3591 4487 nisque
3622 4439 3839 4496 utcsar,

2262 4497 2336 4550 sic
2363 4515 2464 4551 no.1:
2489 4498 2755 4568 splendore
2783 4500 2878 4552 diei
2912 4495 3141 4566 Fulget:
3177 4509 3223 4549 et
3253 4499 3367 4560 ipsa
3408 4498 3516 4549 dies
3549 4497 3734 4568 coalesti
3770 4495 3834 4545 il-

2267 4568 2438 4620 lustris
2462 4566 2651 4622 honore
2678 4568 2803 4621 Plus
2834 4569 2982 4621 micat
3007 4607 3022 4631 ,
3052 4568 3331 4620 innumeris
3380 4569 3542 4619 lucent
3589 4566 3833 4634 geminata

582 4613 827 4692 adhiberi
855 4638 1023 4758 possit
1043 4675 1058 4700 ,
1091 4645 1265 4690 tamen
1296 4613 1701 4706 suspicio-mihi
1737 4613 1823 4691 est
1848 4613 1953 4691 noti
2191 4613 2238 4673 υ
2265 4613 2706 4692 ᾗῖσίίειῆ

583 4710 725 4758 ιιιιυιΙ
779 4710 903 4758 inte
941 4706 1229 4758 repetenda
1275 4707 1344 4758 sit
1382 4708 1532 4758 oriao
1589 4708 1823 4758 uuinuue.
1873 4723 2158 4758 manorum
2269 4707 2395 4758 ceris
2428 4707 2816 4758 Mullifaremue
2862 4709 2997 4758 cavis
3039 4707 3250 4758 luchnos
3276 4707 3601 4758 laquearibus
3647 4712 3830 4758 aptent.

872 4721 903 4759 θ

583 4710 725 4777 quod
779 4706 903 4761 inde
941 4706 1229 4773 repetenda
1275 4707 1344 4760 sit
1382 4708 1532 4775 origo
1589 4708 1823 4776 quinque.
1873 4723 2158 4776 granorum

586 4779 757 4834 thuris
789 4789 907 4844 qua:
959 4790 1116 4830 ceree
1146 4777 1381 4847 paschali
1426 4792 1455 4830 a
1485 4778 1708 4831 diacono
1735 4777 2044 4847 infiguntur,
2073 4778 2159 4845 qui

585 4850 657 4903 ia
694 4862 760 4915 pe
791 4847 866 4915 git
894 4858 1092 4917 can_ens
1134 4863 1146 4898 :
1181 4845 1247 4899 In
1274 4847 1429 4914 hujus
1467 4848 1624 4917 igitur
1662 4845 1848 4900 noctis
1871 4848 2039 4915 gratia
2079 4864 2164 4900 su-

584 4913 743 4986 scipe.
776 4913 945 4970 sancte
971 4913 1147 4984 Pater,
1172 4913 1363 4969 incensi
1402 4913 1557 4985 hujus
1582 4913 1889 4983 sacri/icium
1919 4918 2161 4979 vt-sperti-

585 5004 709 5041 num
732 5002 750 5039 :
780 4986 915 5056 quod
944 4986 1030 5039 tibi
1054 4987 1107 5039 in
1137 4986 1234 5039 hac
1258 4987 1387 5056 cerei
1418 4987 1669 5039 oblatione
1695 4986 1907 5039 solemni
1958 5003 2047 5047 per
2071 4987 2166 5039 mi-

586 5055 863 5111 nistrorum
890 5071 1070 5110 manus
1090 5057 1153 5108 de
1191 5055 1423 5124 apgribus
1453 5072 1628 5125 apum,
1657 5066 1974 5109 sacrosancta
2000 5057 2167 5109 reddit

587 5127 839 5182 Ecclesia.
872 5129 914 5180 A
953 5125 1225 5179 nonnullis
1252 5125 1457 5178 criticis
1483 5124 1641 5177 etiam
1676 5125 1890 5192 majoris
1919 5126 2158 5180 subsellii

587 5199 888 5252 rubncistre
936 5196 1138 5249 erroris
1167 5204 1478 5261 arguuntur,
1508 5194 1649 5262 quod
1682 5193 1781 5247 hoc
1826 5196 1943 5249 loco
1992 5195 2163 5251 thuris

590 5268 917 5322 mentionem
951 5266 1065 5319 ﬁeri
1094 5264 1447 5329 crediderint,
1480 5265 1719 5331 adeoque
1763 5264 1826 5317 ad
1858 5265 1971 5320 haec
2001 5268 2161 5321 verba

588 5352 753 5408 grana
807 5334 977 5408 thuris
1018 5332 1289 5408 infigenda
1332 5336 1770 5408 praescripserint.
1812 5336 2164 5408 Nihilominus

592 5405 715 5476 puto
744 5405 1051 5476 sacri/icium
1080 5405 1411 5476 vespertinum
1436 5406 1629 5458 incensi
1672 5405 1967 5475 intelligide
1990 5405 2163 5467 thure.

590 5474 645 5531 et
673 5475 925 5545 distingui
951 5489 981 5527 a
1011 5476 1141 5545 cerei
1171 5474 1425 5529 oblatione
1463 5477 1675 5529 solemni
1702 5492 1791 5544 per
1822 5474 2164 5529 ministrarum

589 5563 772 5601 manus
801 5544 864 5599 de
897 5544 1129 5614 operibus
1163 5561 1337 5614 apum.
1377 5546 1465 5599 Sic
1494 5547 1650 5612 paulo
1692 5556 1817 5601 ante
1849 5549 1899 5599 in
1935 5546 2170 5614 benedi-

592 5620 763 5674 ctione
789 5615 957 5670 thuris
981 5632 995 5669 :
1024 5613 1225 5687 Veniat,
1242 5632 1553 5687 qutrsumus,
1577 5617 1888 5687 omnipotens
1918 5613 2072 5679 Deus,
2096 5634 2174 5667 su-

596 5702 683 5754 per
712 5701 812 5743 nec
852 5700 1106 5744 INCENSUI
1136 5685 1283 5754 larga
1311 5696 1410 5741 tua:
1444 5685 1803 5739 benedictionis
1844 5687 2053 5751 inlusio.
2104 5687 2171 5740 Et

2269 4707 2395 4777 ceris
2428 4707 2816 4777 Mulliforesque
2862 4709 2997 4760 cavis
3039 4707 3250 4777 lychnus
3276 4707 3601 4777 laquearibus
3647 4712 3830 4777 aptent,

2270 4775 2336 4830 Ut
2360 4778 2547 4830 vibrent
2566 4771 2805 4832 tremulas
2836 4778 3039 4846 funalia
3059 4771 3318 4842 'pendula
3342 4771 3617 4846 ﬂammas.
3672 4771 3835 4828 Natali

2266 4861 2341 4907 ιι.
2376 4848 2512 4900 inter
2540 4847 2812 4901 Anecdota
2836 4843 3135 4909 'Muiatori,
3178 4861 3320 4901 vers.
3354 4846 3457 4900 4o?
3486 4861 3500 4897 :
3558 4843 3685 4898 Ha-c
3725 4856 3837 4910 quae

2267 4917 2472 4971 cerniis
2499 4918 2604 4970 illic
2639 4916 2791 4971 Omni
2828 4926 3065 4986 prompta
3117 4914 3200 4967 die
3225 4956 3239 4981 ,
3272 4916 3349 4969 uel
3400 4917 3712 4982 circumfusa
3747 4924 3841 4978 per

2269 5002 2460 5039 omnes.
2509 4985 2705 5041 Ordine
2753 4988 2984 5040 dimenso
3011 4986 3159 5053 quasi
3197 4986 3506 5038 candelabra
3542 4987 3797 5037 columnas
3819 5018 3838 5043 ,

2271 5056 2508 5127 Depictas
2536 5071 2735 5127 exs'are
2763 5064 2944 5127 gerunt
2963 5070 3076 5125 quae
3103 5056 3311 5127 cuspide
3354 5071 3517 5127 ceras,
3551 5053 3763 5127 Lumina
3783 5059 3841 5127 ut

2271 5121 2483 5179 inclusis
2506 5121 2787 5180 reddantur
2816 5121 2985 5178 odora
3014 5121 3244 5194 papyris.
3275 5125 3338 5177 At
3370 5126 3536 5194 medio
3583 5125 3637 5176 in
3677 5121 3841 5194 spatio

2270 5195 2363 5264 [ixi
2388 5197 2711 5265 laquearibus
2732 5197 2849 5250 altis
2876 5191 3168 5248 Pend'ebant
3196 5212 3285 5265 per
3326 5193 3494 5248 ahena
3519 5195 3628 5265 caui

2271 5260 2387 5337 c_ula
2414 5260 2606 5335 lychni,
2634 5268 2735 5330 Qui
2754 5267 2917 5337 specie
2942 5267 3154 5318 arborea
3183 5260 3506 5337 lentisgquasi
3540 5264 3668 5337 circa
3690 5260 3845 5337 virgis

2273 5329 2493 5387 Brachia
2521 5329 2789 5401 iactantes,
2817 5350 3108 5402 summoque
3147 5329 3413 5387 cacumine
3434 5333 3562 5387 rami
3599 5329 3847 5385 Vitrcolos

2274 5414 2465 5473 gestant
2490 5416 2733 5475 tanquam
2760 5423 2855 5460 sua
2880 5421 3031 5475 poma
3057 5403 3282 5468 caliclos,
3307 5402 3375 5456 Et
3397 5405 3540 5475 quasi
3585 5407 3847 5475 permuta

2275 5470 2484 5546 accenso
2506 5470 2697 5530 lumine
2716 5470 2920 5546 ﬂorent,
2954 5472 3224 5539 Deumque
3246 5470 3553 5527 multicomis
3579 5470 3845 5524 imitat“-

2274 5545 2443 5598 sidera
2472 5545 2722 5615 ﬂammis,
2752 5545 3134 5600 Distinnunn'c'

2277 5616 2522 5673 tenebras.
