4016 6182
486 274 589 333 69!

1911 269 2371 331 PRUDENTIUS.

3650 280 3749 342 69¢

486 389 626 458 Quid
649 404 780 463 ergo
804 350 888 449 est
912 389 1260 462 quamobrem
1285 386 1344 444 S.
1374 385 1644 454 Paulinus,
1674 385 1764 452 qui
1792 384 1931 440 hunc
1963 384 2061 439 bo-
2094 385 2147 445 Α
2172 387 2284 442 bari
2326 388 2569 454 videtur,
2632 391 3017 460 inspiciendum
3074 401 3156 449 est
3199 393 3456 452 adversus
3506 411 3642 467 quos
3692 415 3752 454 ea

478 494 675 539 norem
719 483 979 554 sepulcris
1023 489 1329 537 sanctorum
1369 476 1662 536 exhibitnm
1716 476 1914 546 saepius
1961 476 2071 530 lan-

491 570 605 637 dat,
636 572 718 627 vel
748 572 994 628 eumdem
1013 570 1097 626 vel
1121 568 1352 625 similem
1375 569 1536 625 ritum
1560 567 1723 623 natali
1748 582 1801 622 ix
1830 565 2072 620 videatur

496 663 782 721 damnare?
804 663 879 718 ita
908 663 1052 719 enim
1084 661 1245 716 habet
1276 678 1289 714 :

551 796 735 846 Verum
753 797 933 845 utinam
952 797 1082 845 sanis
1102 797 1313 857 agerent
1335 794 1441 843 haec
1462 794 1633 855 gaudia
1661 792 1800 857 votis,

550 845 656 907 Nec
677 868 765 906 sua
790 857 1034 907 liminibus
1056 845 1323 905 miscerent
1348 845 1515 917 pocula
1540 845 1749 904 sanctis!

555 917 836 979 Quamlibet
858 921 939 969 hic
954 920 1121 980 jejuna
1142 919 1317 967 cohors
1334 916 1525 978 potiore
1550 916 1763 980 resultat

553 978 820 1041 Obsequio,
841 978 986 1029 castis
1006 978 1202 1029 sanctos
1218 991 1412 1042 quoque
1436 980 1630 1042 vocibus
1649 978 1848 1042 hymnos

554 1038 814 1099 Personat,
850 1048 903 1092 et
926 1042 1132 1090 Domino
1149 1038 1382 1090 cantatam
1406 1040 1565 1088 sobria
1589 1038 1782 1087 laudem

551 1105 789 1155 Immolat.

554 1166 736 1217 Gaudia
758 1163 866 1228 qua}
884 1166 1067 1214 ducunt
1089 1164 1275 1225 epulis:
1295 1164 1405 1223 quia
1431 1163 1678 1228 mentibus
1702 1171 1842 1210 error

551 1229 731 1289 lrrepit
754 1223 980 1287 rudibus;
1010 1238 1105 1275 nec
1126 1223 1273 1289 taan
1300 1223 1671 1289 conscia_culp:e

552 1284 844 1350 Simplicitas
857 1284 1053 1350 pietate
1078 1287 1221 1342 cadit,
1249 1286 1375 1350 male
1392 1284 1798 1350 credulasanctos

552 1305 652 1340 διω
691 1305 844 1338 ncttas
868 1305 1053 1350 pletate
1078 1305 1221 1342 canit,
1249 1305 1375 1334 [uate
1392 1305 1587 1333 crcuutu
1606 1305 1653 1332 su

551 1305 779 1403 Pergtsis
795 1349 988 1400 halautc
1003 1360 1141 1398 mero
1160 1346 1377 1410 gaudere
1396 1345 1653 1409 sepulcris.

817 1102 1116 1165 Ignoscenda
1135 1110 1299 1165 tamen
1322 1108 1441 1165 pulo
1465 1099 1607 1165 talia,
1635 1101 1796 1161 partis

563 1497 689 1553 461.
722 1495 818 1551 llis
846 1494 1140 1566 paucisque
1186 1492 1307 1547 aliis
1337 1491 1604 1547 similibus
1647 1492 1849 1557 verbis,
1880 1492 2075 1560 quibus

493 1588 598 1645 SS.
628 1589 813 1643 Patres
839 1595 931 1641 aut
956 1584 1391 1654 superstitionem
1437 1582 1714 1651 gentilium
1757 1589 1849 1636 aut
1886 1596 2074 1635 corru-

493 1677 695 1750 ptelam
716 1676 1141 1732 Christianorum
1166 1674 1217 1729 in
1246 1673 1505 1743 religiosis
1524 1673 1736 1738 ritibus,
1765 1681 1858 1727 aut
1881 1686 2075 1742 pravos

495 1769 771 1824 hominum
817 1781 1028 1833 mores,
1075 1766 1361 1835 aliquando
1407 1767 1736 1836 permissos,
1802 1780 2072 1835 nunquam
2107 1740 2153 1800 Β

496 1861 841 1933 approbatos,
886 1858 1311 1929 reprehendunt,
1352 1857 1589 1913 hieretici
1633 1860 1965 1925 abutuntur,
2017 1870 2076 1913 ut
2124 1930 2127 1933 _

496 1950 1129 2019 universamghujusmodi
1157 1948 1601 2010 consuetudinum
1626 1949 1886 2003 rationem
1916 1948 1966 2002 in
1998 1949 2078 2004 iu-

496 2041 695 2097 vidiam
715 2048 927 2103 vocent,
951 2047 1006 2095 et
1028 2038 1341 2093 idololatria:
1365 2037 1951 2093 nomiuecondemnent
1976 2038 2077 2107 (a).

496 2133 700 2189 Verum
754 2130 996 2201 diligenti
1060 2130 1405 2185 distinctione
1461 2128 1595 2197 opus
1665 2138 1747 2185 est
1790 2146 1804 2183 :
1847 2130 1899 2183 in
1941 2144 2077 2200 gen-

496 2225 680 2282 tilibus
739 2223 897 2297 138
954 2222 1193 2277 nonnulli
1250 2223 1385 2277 ritus
1432 2236 1460 2273 a
1503 2220 1597 2276 SS.
1636 2220 1880 2275 Patribus
1930 2228 2081 2274 nota-

495 2317 713 2385 bantur,
737 2318 861 2388 quia
893 2325 948 2372 et
968 2305 1232 2386 'perverso
1261 2316 1420 2370 modo
1448 2314 1667 2383 ﬁebant,
1701 2323 1754 2369 et
1796 2314 1859 2367 ad
1891 2328 2076 2367 verum

503 2408 674 2463 Deum
718 2423 825 2462 non
873 2407 1265 2463 referebantur.
1315 2406 1486 2462 Simili
1536 2406 1744 2459 ratione
1789 2405 2075 2460 Christiani

497 2496 940 2567 ohjttrgabantur,
971 2498 1093 2566 quia
1121 2498 1396 2566 gentilium
1429 2510 1632 2549 morem
1680 2496 1850 2550 secuti
1873 2534 1888 2559 ,
1916 2509 2077 2563 opera

496 2588 737 2658 alioquin
751 2589 835 2658 pia
853 2600 943 2641 aut
968 2587 1037 2642 ob
1060 2588 1271 2641 inanem
1293 2585 1685 2649 credulitatem,
1710 2592 1803 2639 aut
1822 2584 1891 2638 ob
1915 2584 2079 2638 animi

495 2678 903 2747 perversitatem
924 2677 1356 2745 corrumpebant.
1381 2676 1603 2745 Egregie
1629 2675 1686 2731 S.
1724 2674 2079 2745 Hieronymus

498 2767 844 2837 Vigilantiam
875 2767 1062 2823 refellit
1090 2805 1106 2831 ,
1161 2768 1254 2836 qui
1284 2766 1561 2822 catholicis
1588 2765 1875 2835 objiciebat
1906 2783 1921 2823 :
1956 2765 2081 2819 Μα-

496 2876 653 2932 gnum
682 2859 927 2915 honorem
956 2860 1180 2929 praebent
1206 2858 1499 2931 hujusmodl
1527 2860 1752 2913 homines
1775 2857 2077 2912 beatissimis

447 2955 450 2959 ’
498 2950 809 3020 martyribus
833 2991 848 3017 ,
880 2960 1007 3020 quas
1050 2959 1234 3021 putant
1274 2952 1340 3005 tle
1386 2950 1643 3004 vilissimis
1696 2950 1905 3004 cerealis
1954 2950 2079 3003 illu-

495 3044 767 3109 stt-audes,
811 3058 936 3111 quos
965 3042 1173 3113 Agnus,
1202 3042 1291 3112 qui
1333 3050 1405 3096 est
1444 3042 1499 3096 in
1526 3042 1695 3097 medio
1733 3042 1921 3106 throni,
1963 3058 2074 3095 cum

496 3136 637 3189 omni
678 3135 878 3206 fulgore
926 3138 1208 3204 majestatis
1257 3152 1366 3190 sua:
1424 3134 1671 3190 illustrat.
1722 3135 2077 3206 Hieronymus

497 3239 721 3284 contra:
756 3228 1071 3294 Quicumque
1104 3228 1387 3282 accendunt
1429 3244 1596 3281 cereos
1627 3228 1901 3280 secundum
1924 3227 2077 3295 ﬁdem

502 3335 663 3385 suam,
697 3318 876 3371 habent
897 3315 1317 3372 mercedem...Et
1347 3317 1469 3384 quia
1505 3317 1764 3385 quondam
1791 3316 2077 3371 colebamus

496 3411 660 3475 idola,
690 3426 809 3461 nunt
851 3408 1017 3462 colere
1043 3407 1209 3462 Deum
1248 3424 1349 3461 non
1374 3409 1613 3461 debemus
1633 3447 1649 3471 ,
1678 3423 1740 3460 ne
1765 3407 1920 3460 simili
1963 3423 2078 3460 eunt

498 3501 759 3554 videamur
777 3515 890 3552 cum
915 3499 1067 3552 idolis
1088 3500 1278 3552 honore
1295 3499 1560 3551 venerari?
1580 3499 1712 3551 illud
1733 3498 1884 3565 ﬁebat
1904 3498 2075 3568 idolis,

497 3600 547 3646 et
574 3590 769 3644 idcirco
798 3589 1147 3643 detestandum
1192 3597 1265 3642 est
1284 3604 1303 3654 ;
1328 3589 1423 3641 hoc
1468 3589 1526 3657 ﬁt
1554 3588 1882 3658 martyribus,
1915 3600 1962 3642 et
1998 3590 2080 3642 id-

498 3682 635 3735 circo
657 3678 1005 3747 recipiendum
1030 3689 1124 3732 est.
1153 3677 1287 3734 Vide
1313 3679 1470 3746 epist.
1501 3679 1567 3733 ad
1594 3678 1864 3748 Ripar.,et
1890 3678 2081 3734 adver-

497 3786 589 3830 sus
616 3770 870 3840 Vigilant.
903 3769 961 3825 S.
985 3769 1314 3839 Augustinus
1343 3769 1438 3825 lib.
1465 3786 1559 3824 ut
1587 3781 1770 3825 contra
1800 3770 2075 3837 Fausmm,

497 3881 621 3936 cap.
651 3865 723 3920 lo
750 3879 765 3915 :
795 3860 943 3919 Sicut
975 3870 1144 3915 autent
1174 3877 1274 3916 non
1301 3861 1419 3915 ideo
1444 3862 1815 3917 contenmenda
1836 3861 1914 3916 vel
1941 3863 2079 3917 dete-

498 3959 682 4015 standa
701 3958 970 4028 uirginitas
996 3964 1070 4010 est
1112 3954 1581 4009 sanctimonialium
1606 3957 1728 4026 quia
1754 3965 1805 4010 et
1851 3955 2080 4019 Vestales

498 4054 717 4124 virgines
738 4053 964 4121 luerunt,
988 4050 1064 4103 sic
1107 4063 1208 4102 non
1235 4048 1350 4102 ideo
1378 4048 1797 4113 reprehendenda
1824 4048 2079 4117 sacriﬁcia

497 4144 715 4199 Patrum
736 4142 859 4211 quia
879 4150 999 4196 sunt
1027 4150 1076 4194 et
1099 4140 1353 4208 sacriﬁcia
1374 4142 1629 4210 gentium;
1654 4145 1779 4211 quia
1800 4144 1928 4196 sicut
1948 4143 2080 4196 inter

498 4236 618 4287 illas
641 4232 955 4303 virginitates
1002 4232 1221 4284 ntultum
1266 4231 1454 4296 distat,
1497 4232 1727 4303 quamvis
1767 4230 1897 4286 nilul
1936 4232 2080 4287 aliud

496 4325 647 4378 distet
676 4302 775 4378 nisi
800 4339 915 4392 quae
942 4323 1023 4376 cui
1066 4330 1303 4376 vereatur
1341 4332 1492 4391 atque
1528 4302 1804 4390 reddatur,
1836 4324 1910 4377 sic
1944 4323 2081 4378 inter

496 4415 749 4485 sacriﬁcia
775 4429 1094 4485 paganorum
1137 4422 1183 4467 et
1211 4412 1548 4467 Hebraeorum
1576 4416 1795 4468 multum
1833 4415 1987 4469 distat
2015 4432 2076 4470 eo

495 4512 608 4576 ipso
635 4508 772 4579 quod
817 4506 915 4562 hoc
942 4507 1107 4561 solum
1135 4506 1314 4571 distat,
1342 4520 1458 4573 qua:
1481 4507 1565 4559 cui
1591 4506 1693 4560 sint
1721 4508 1987 4562 immolata
2029 4520 2075 4564 et

496 4601 667 4655 oblata
697 4613 718 4654 :
747 4598 838 4653 illa
888 4597 1078 4652 sc‘licet
1116 4596 1345 4668 superba:
1395 4598 1646 4667 impietati
1687 4599 2072 4670 daemoniorum,

496 4692 593 4745 ista
618 4706 735 4744 vero
760 4690 851 4743 uni
883 4689 1013 4743 Deo.

570 4777 691 4834 l63.
724 4778 911 4847 itaque
944 4793 1067 4832 cum
1097 4776 1151 4833 in
1178 4778 1278 4835 SS.
1314 4780 1562 4835 Patribus
1591 4782 1834 4850 quasdam
1878 4797 2073 4838 occur-

493 4881 622 4929 runt
675 4872 836 4927 verba
890 4872 1082 4933 auibus
1133 4873 1386 4929 universe
1442 4874 1577 4928 ritus
1627 4874 1817 4944 aliquis
1888 4891 2073 4946 repro-

565 5003 643 5077 (α)
662 5001 871 5077 Paulini
894 5003 1117 5077 quidem
1141 5018 1295 5077 m_ens
1320 5016 1505 5074 aperte
1533 5006 1834 5062 declaratur
1864 5010 1916 5063 in
1948 5027 2071 5067 ver-

491 5074 639 5130 sibus
661 5074 805 5128 illico
822 5074 1083 5147 subjectis
1115 5091 1129 5127 :
1165 5074 1304 5147 Ergo
1326 5078 1539 5141 probant
1581 5078 1721 5139 obiti,
1755 5081 1893 5147 quod
1919 5083 2072 5137 dam-

492 5160 674 5223 navere
694 5145 968 5223 magistri
984 5143 1166 5223 ensa
1180 5144 1549 5223 Retrihrecipi-t,
1568 5143 1861 5223 quodPiztri
1882 5152 2071 5223 dogma

490 5216 716 5285 refutati?
748 5214 891 5268 Unus
914 5216 1097 5281 ubique
1139 5214 1534 5285 calingomini,
1567 5214 1615 5270 et
1654 5220 1795 5271 cibus
1825 5214 1978 5285 unus:
2022 5233 2070 5278 et

492 5283 595 5359 una
644 5284 824 5338 Mensa
869 5285 1151 5359 domusque
1202 5283 1632 5359 Dei._Divendant
1667 5291 1782 5341 vina
1814 5283 2069 5359 tabernis;

492 5354 685 5407 Sancta
712 5369 914 5421 precum
938 5355 1116 5406 domus
1140 5362 1211 5405 est
1238 5355 1447 5408 ecclesia
1476 5370 1496 5409 :
1520 5359 1641 5413 cede
1667 5365 1879 5414 sacratis
1904 5354 2065 5416 Limi;

491 5425 660 5487 nibus,
679 5438 886 5498 serpens
905 5437 933 5498 :_
956 5439 1059 5498 non
1090 5422 1184 5475 hac
1227 5426 1362 5477 male
1392 5424 1544 5480 ludus
1569 5428 1621 5481 in
1649 5432 1773 5483 aula
1823 5430 2064 5498 Debetur,

489 5498 577 5547 sed
603 5510 748 5563 pana
775 5492 883 5563 tibi.
918 5492 1040 5546 lnde
1067 5508 1125 5546 se
1146 5505 1443 5563 permotum
1473 5498 1545 5551 ait
1579 5500 1830 5554 Pau‘inns
1860 5503 1925 5555 ad
1982 5492 2075 5558 eci-

490 5566 706 5640 rlcsiatn
740 5562 960 5640 picturis
988 5562 1389 5640 ornandam,_ut
1429 5570 1678 5640 populum
1713 5572 1778 5623 ab
1805 5573 1977 5640 epulis
2004 5572 2070 5626 ad

492 5632 605 5706 haec
632 5634 931 5706 spectacula
958 5644 1257 5706 revocaret.
1317 5635 1392 5689 De
1430 5632 1747 5705 rltujusmoali
1789 5632 1960 5706 epulis
1989 5644 2070 5695 Io-

490 5702 668 5773 quitur
689 5701 747 5758 S.
776 5701 1105 5773 Augustinus
1137 5704 1227 5759 lib.
1253 5721 1305 5758 v1
1337 5706 1489 5761 (Ioni.
1514 5701 1634 5773 cap.
1666 5712 1719 5772 τ’..
1753 5701 1840 5765 ubi
1893 5714 1960 5767 de
2009 5714 2068 5766 Β.

2172 482 2283 536 sint
2335 481 2557 538 directa.
2616 483 2706 540 Sic
2747 484 3053 540 Lactantius
3082 484 3275 557 (cujus
3330 497 3509 544 tamen
3564 499 3753 545 auclo-

2172 572 2301 628 ritas
2339 587 2444 626 non
2492 573 2667 644 magni
2723 575 2975 644 ponderis
3025 575 3753 648 habetur),qnicelcbrita-

2172 670 2279 717 tem
2310 664 2517 719 sabbati
2565 665 2831 735 paschalis
2863 668 3128 737 laudavit,
3171 679 3231 725 ut
3279 671 3389 727 dixi
3420 689 3571 728 uttm.
3630 676 3753 742 M7,

2173 768 2277 808 non
2307 753 2561 824 ignorans
2605 766 2754 813 certe
2796 774 2902 829 quo
2948 775 3098 817 more
3148 773 3522 833 perageretur,
3572 766 3755 821 nihilo-

2172 843 2353 899 minus
2380 845 2472 900 lib.
2504 861 2579 911 vr,
2610 862 2731 917 cap.
2766 850 2815 914 l,
2850 850 2901 903 in
2929 850 3057 916 line,
3088 860 3144 906 et
3182 867 3305 923 cap.
3350 854 3407 920 2,
3441 855 3585 911 hunc
3643 872 3757 913 mo-

2174 951 2288 991 rem
2341 937 2583 1008 aliosqne
2629 939 2681 993 in
2735 941 2964 996 ethnicis
3011 942 3151 999 terre
3179 960 3285 998 non
3317 956 3493 1014 potest
3525 965 3537 1000 :
3564 946 3760 1003 Eadem

2174 1028 2386 1083 miseros
2415 1031 2617 1085 cwcitas
2651 1034 2868 1102 premit:
2900 1039 3032 1087 sicut
3054 1037 3190 1088 enim
3214 1038 3303 1107 qui
3329 1040 3398 1091 sit
3422 1054 3570 1092 verus
3601 1040 3758 1106 Deus,

2173 1117 2248 1171 ita
2275 1119 2362 1187 qui
2380 1120 2446 1173 sit
2472 1136 2617 1174 verus
2637 1122 2803 1176 cultus
2833 1124 3093 1193 ignorant.
3119 1125 3351 1181 Hactant
3380 1129 3540 1201 igitur
3561 1133 3759 1200 apimas

2174 1218 2224 1262 et
2261 1209 2478 1279 pingues
2507 1211 2701 1265 hostias
2747 1212 2855 1268 Deo
2880 1256 2895 1282 ,
2925 1217 3071 1285 quasi
3112 1220 3384 1286 esurienti;
3438 1222 3760 1291 profundunt

2177 1300 2295 1354 vina
2325 1309 2567 1370 tanquant
2594 1304 2816 1369 sitienti;
2846 1306 3130 1360 accendunt
3158 1307 3358 1362 lumina
3387 1312 3519 1363 velut
3547 1312 3602 1363 in
3625 1322 3763 1365 tene-

2176 1390 2280 1446 bris
2304 1394 2565 1462 agenti....
2598 1393 2737 1448 Nunt
2762 1395 2919 1467 igitur
2945 1398 3124 1453 mentis
3145 1415 3251 1453 sua:
3278 1416 3480 1470 compos
3507 1404 3763 1469 putandus

2174 1493 2248 1536 est
2296 1485 2383 1551 qui
2421 1485 2616 1539 auctari
2644 1496 2691 1539 et
2715 1487 2884 1540 datori
2913 1487 3120 1543 luminis
3143 1491 3472 1545 candelarum
3508 1510 3566 1547 ac
3594 1510 3762 1547 cereo-

2174 1589 2287 1627 rum
2320 1574 2489 1631 lumen
2509 1576 2657 1644 o/fert
2685 1594 2781 1645 pro
2810 1595 3015 1632 munere
3036 1582 3125 1634 7...
3158 1579 3342 1652 Itaque
3361 1585 3458 1636 diis
3489 1601 3590 1637 non
3618 1588 3759 1637 caele-

2177 1675 2306 1719 stent
2335 1683 2563 1733 sensum,
2587 1670 2677 1721 sed
2708 1668 2990 1723 humanum
3016 1673 3188 1741 potius
3207 1672 3522 1738 attribuunt;
3551 1674 3760 1738 ideoque

2181 1758 2284 1812 illis
2313 1762 2600 1815 necessaria
2620 1771 2666 1814 et
2687 1770 2834 1833 grata
2860 1763 3074 1817 credunt
3093 1781 3200 1819 esse
3226 1781 3340 1831 quae
3364 1766 3531 1830 nobis,
3578 1768 3758 1835 quibus

2181 1860 2270 1905 aut
2296 1851 2450 1923 139
2465 1854 2801 1908 esurientibus
2815 1872 2943 1923 opus
2959 1865 3031 1909 est
3054 1857 3186 1923 cibo,
3200 1866 3288 1910 aut
3310 1858 3591 1912 sitientibus
3619 1869 3761 1925 potu,

2181 1952 2270 1995 aut
2297 1954 2427 1997 reste
2472 1943 2771 2014 algentibus,
2800 1955 2908 2011 aut,
2939 1963 3055 1999 cum
3094 1949 3173 2001 sol
3214 1948 3504 2016 decesserit,
3545 1950 3758 2014 lumine,

2182 2044 2239 2088 ut
2268 2035 2438 2089 videre
2464 2036 2783 2104 possimus...
2807 2037 2907 2090 Hic
2932 2055 3078 2092 verus
3113 2050 3184 2093 est
3212 2041 3402 2111 cultus,
3430 2042 3482 2095 in
3499 2058 3599 2110 quo
3627 2058 3766 2096 mens

2182 2126 2391 2180 colentis
2421 2129 2638 2197 seipvam
2670 2127 3166 2184 Deoimmaculatam
3186 2132 3443 2185 victimam
3470 2134 3622 2186 sist't.
3659 2132 3765 2186 La-

2182 2217 2416 2271 ctantius
2446 2233 2572 2287 ergo
2594 2218 3099 2289 objurgatgentiles,
3129 2221 3265 2291 quod
3300 2222 3408 2277 Deo
3433 2238 3523 2277 res
3553 2233 3765 2277 creatas

2183 2308 2457 2374 oll'errent,
2513 2319 2753 2378 tanquam
2798 2311 2884 2364 Itis
2926 2312 3197 2383 indigenti,
3238 2323 3291 2369 et
3334 2314 3639 2383 ignorarent
3675 2316 3767 2371 Ι)ιί

2182 2403 2381 2457 cultum
2426 2404 2479 2457 in
2536 2404 2701 2458 animi
2750 2404 3043 2459 Virtutibus
3075 2406 3408 2475 putissimnm
3438 2408 3764 2461 consistere.

2182 2493 2325 2548 Nibil
2356 2494 2470 2549 btec
2499 2495 2563 2548 ad
2597 2495 3003 2563 catholicorum,
3037 2498 3117 2551 vel
3143 2501 3303 2552 etiam
3336 2501 3574 2553 omnium
3608 2501 3767 2553 Chri-

2182 2587 2476 2641 stianorum
2502 2596 2556 2641 et
2585 2587 2926 2642 llcbra'ornm
2954 2589 3174 2656 cultum,
3202 2605 3231 2642 a
3258 2590 3363 2645 Deo
3387 2592 3767 2660 praescriptum

2182 2672 2550 2732 evertendam.
2584 2676 2643 2732 S.
2683 2679 3010 2746 Augustinus
3038 2679 3104 2734 de
3144 2680 3374 2735 Moribus
3418 2681 3622 2734 catlml.
3667 2682 3768 2735 Ec-

2181 2769 2315 2823 clcs.
2348 2768 2439 2823 lib.
2472 2784 2509 2833 I,
2542 2783 2663 2837 cup.
2695 2770 2763 2822 54
2795 2786 2809 2823 :
2849 2769 3019 2824 Nolite
3046 2773 3326 2825 consectari
3350 2758 3523 2825 turbas
3553 2774 3768 2843 imperi-

2181 2863 2473 2929 torum,qui
2512 2861 2587 2915 vel
2618 2863 2673 2915 in
2712 2863 2825 2934 ipsa
2852 2879 2968 2916 vera
2985 2864 3230 2933 religione
3255 2866 3593 2935 superstitiosi
3622 2876 3766 2930 sunt,

2178 2952 2258 3005 vel
2286 2952 2359 3004 ita
2390 2952 2684 3005 libidinibus
2710 2952 2888 3017 dediti,
2934 2963 2987 3007 ut
3027 2956 3167 3008 obliti
3190 2956 3288 3008 sint
3337 2956 3463 3024 quid
3517 2958 3770 3026 promise-

2183 3043 2285 3095 rint
2311 3041 2437 3095 Deo.
2468 3043 2601 3097 Novi
2651 3044 2837 3096 multos
2865 3061 2972 3099 esse
2998 3047 3345 3116 sepulcrorum
3370 3055 3419 3099 et
3448 3048 3768 3115 picturarum

2105 3100 2151 3165 Ο
2182 3135 2479 3188 adoratorcs
2510 3149 2529 3188 :
2566 3135 2681 3188 novi
2712 3135 2895 3188 multos
2920 3152 3027 3190 esse
3051 3136 3139 3205 qui
3166 3136 3573 3190 luxuriosissime
3615 3152 3768 3207 super

2182 3236 2407 3279 mortuos
2438 3226 2627 3292 bibant,
2650 3234 2695 3279 et
2718 3227 2895 3294 epulas
2922 3227 3247 3280 cadaveribus
3266 3226 3555 3281 exhibentes
3576 3270 3592 3292 ,
3617 3242 3769 3295 super

2182 3325 2408 3371 mortuos
2435 3318 2626 3382 seipsos
2664 3318 2929 3385 sepeliant,
2952 3326 3000 3371 et
3040 3317 3341 3371 voracitates
3390 3317 3767 3386 ebrietatesque

2181 3424 2299 3461 suas
2328 3408 2566 3475 deputent
2602 3408 2858 3476 religioni.
2912 3406 3007 3461 llic
3033 3408 3358 3476 corruptela:
3406 3408 3767 3477 castigantur.

2184 3499 2275 3553 Pia
2312 3497 2585 3567 religionis
2628 3498 2803 3551 ofﬁcia
2851 3498 3190 3553 commendat
3243 3497 3381 3551 idem
3431 3497 3770 3569 Augustinus

2181 3590 2275 3646 lib.
2309 3590 2417 3645 ide
2436 3589 2594 3645 Civil.
2630 3590 2740 3653 Dei,
2774 3604 2890 3657 cap.
2925 3590 3010 3655 12,
3052 3600 3106 3645 et
3137 3590 3149 3642 l
3175 3590 3227 3643 b.
3261 3590 3328 3644 de
3349 3587 3490 3644 Cura
3529 3591 3770 3659 gerenda

2184 3697 2279 3752 pro
2303 3683 2527 3736 mortuis
2557 3680 2623 3735 ad
2653 3680 2930 3735 Paulinum
2959 3696 3079 3749 cap.
3111 3683 3145 3736 5
3177 3698 3189 3734 :
3215 3679 3337 3748 Ipse
3362 3696 3563 3750 quoque
3584 3679 3771 3735 Domi.

2182 3788 2280 3826 nus
2311 3772 2392 3825 die
2420 3771 2566 3825 tertio
2595 3782 2992 3834 resurrecturus,
3017 3770 3273 3841 religiosae
3307 3770 3537 3824 mulieris
3579 3771 3773 3824 bonum

2182 3882 2312 3930 opus
2377 3864 2858 3934 pra'dicandumque
2908 3864 3247 3927 commendat,
3272 3866 3405 3931 quod
3443 3874 3775 3932 unguentum

2182 3958 2463 4028 pretiosum
2503 3971 2660 4024 super
2699 3954 2920 4009 membra
2952 3958 3062 4026 ejus
3087 3954 3348 4022 effuderit,
3381 3963 3536 4023 atque
3580 3956 3681 4007 hoc
3706 3953 3778 4005 ad

2180 4049 2526 4117 sepeliendum
2549 4063 2671 4102 cum
2696 4046 2869 4117 fecerit
2892 4063 2910 4100 :
2937 4055 2986 4100 et
3008 4044 3336 4099 laudabiliter
3362 4060 3781 4098 commemoran-

2182 4152 2265 4196 tur
2291 4143 2342 4197 in
2370 4142 2645 4214 Evangelia
2681 4141 2771 4213 qui
2802 4157 2985 4213 corpus
3004 4144 3117 4213 ejus
3138 4141 3201 4194 de
3223 4156 3371 4195 cruce
3396 4151 3675 4209 acceptum
3690 4142 3773 4194 di-

2182 4235 2394 4306 ligenter
2419 4244 2571 4305 atque
2597 4233 2876 4301 honoriﬁce
2906 4231 3176 4304 tegendum
3201 4232 3658 4301 sepeliendumque
3688 4247 3784 4284 cu-

2180 4335 2377 4380 rarunt.
2418 4326 2483 4380 Et
2524 4326 2639 4395 ipse
2681 4323 2939 4379 miracula
2970 4337 3091 4393 qua:
3134 4322 3333 4377 ﬁebant
3376 4322 3441 4376 ad
3471 4323 3784 4379 memorias

2185 4427 2500 4487 martyrum,
2527 4424 2639 4470 tum
2671 4414 2976 4477 Mediolani,
3008 4423 3117 4469 tum
3160 4414 3329 4481 Nola),
3379 4414 3563 4468 laudat
3612 4418 3779 4484 epist.

2178 4510 2247 4564 78
2280 4525 2295 4564 :
2326 4508 2685 4562 Verumtamen
2714 4508 2782 4560 ad
2803 4508 2924 4573 ista,
2947 4523 3061 4576 qtae
3079 4505 3368 4560 hominibus
3391 4506 3637 4561 visilibus
3660 4521 3784 4561 nota

2176 4610 2314 4666 sunt,
2328 4602 2442 4672 quis
2467 4609 2629 4669 potest
2648 4603 2757 4672 ejus
2772 4598 3042 4653 consilium
3061 4600 3387 4666 perscrutari,
3401 4616 3565 4667 quare
3586 4602 3651 4654 in
3667 4604 3786 4656 aliis

2176 4697 2301 4751 locis
2327 4697 2436 4751 haec
2463 4696 2709 4749 miracula
2739 4694 2957 4763 ﬁant,in
2982 4693 3097 4746 aliis
3127 4708 3229 4745 non
3255 4693 3402 4761 fiant.
3426 4692 3621 4749 Multis
3646 4698 3786 4748 enim

2176 4788 2440 4843 notissima
2487 4794 2558 4841 est
2600 4786 2844 4839 sanctitas
2894 4784 3012 4847 loci,
3063 4783 3148 4836 ubi
3185 4782 3245 4835 Β.
3281 4781 3468 4836 Felicis
3527 4784 3788 4839 Nolensis

2175 4896 2360 4950 corpus
2383 4877 2642 4932 conditum
2660 4886 2752 4929 est.
2787 4875 2844 4929 In
2872 4873 3008 4931 libro
3031 4889 3142 4929 uti
3164 4871 3230 4926 de
3245 4870 3399 4928 Civil.
3421 4872 3545 4939 Dei,
3570 4889 3705 4944 cap.
3730 4876 3785 4937 8,

2180 5015 2382 5070 Monica
2411 5012 2528 5066 ait:
2563 5012 2690 5066 Cum
2733 5011 2800 5065 ad
2838 5012 3108 5064 memorias
3159 5019 3471 5070 sanctorum,
3524 5019 3673 5063 sicut
3732 5026 3786 5063 in

2182 5086 2363 5155 Africa
2382 5081 2597 5146 solebat,
2628 5082 2793 5155 pultes
2819 5089 2864 5155 et
2888 5097 3069 5150 partem
3096 5091 3141 5134 et
3172 5096 3365 5155 merum
3384 5078 3693 5155 attulisset,
3714 5091 3790 5131 at-

2178 5150 2279 5225 que
2308 5156 2370 5207 ab
2422 5150 2637 5225 ostiario
2661 5151 3031 5225 prohiberetur,
3057 5162 3162 5225 tam
3195 5152 3296 5219 pie,
3328 5161 3476 5225 atque
3527 5150 3791 5225 obedien-

2182 5219 2262 5278 ier
2287 5224 2525 5294 amplexa
2550 5219 2769 5288 est,'etc.
2812 5219 3098 5294 taqueubi
3135 5220 3401 5294 comperit,
3429 5236 3467 5294 ⁸α
3512 5222 3790 5294 prwclaro

2178 5291 2510 5366 praedicatore
2537 5303 2687 5366 atque
2736 5292 2961 5366 antistite
2988 5292 3007 5361 (
3034 5291 3315 5366 Ambrosio
3343 5292 3358 5350 )
3382 5291 3604 5366 pietatis
3649 5307 3792 5366 prte-

2179 5361 2377 5434 ceptum
2408 5380 2533 5427 esse,
2563 5364 2660 5417 ista
2689 5380 2788 5434 non
2830 5362 2964 5429 ﬁeri,
2994 5362 3192 5434 ne‘ulla
3229 5361 3426 5434 occasio
3453 5376 3510 5412 se
3536 5361 3793 5434 ingurgi-

2181 5432 2325 5487 tandi
2345 5435 2557 5486 daretur
2581 5433 2810 5496 ebriosis,
2841 5441 2890 5483 et
2919 5434 3039 5502 quia
3068 5432 3161 5502 illa
3182 5432 3327 5502 quasi
3356 5432 3661 5502 parentalia
3706 5448 3796 5483 stt-

2178 5504 2468 5575 perstitioni
2490 5502 2755 5575 gentilium
2774 5500 2938 5575 essent
2952 5501 3236 5575 simillima,
3259 5500 3507 5575 abstinuit
3526 5517 3588 5553 se
3612 5500 3795 5553 liben-

2183 5570 2397 5636 tissime,
2428 5584 2473 5625 et
2491 5570 2594 5637 'pro
2621 5574 2842 5627 canistro
2865 5572 3015 5643 pleno
3048 5572 3258 5643 terrenis
3282 5570 3532 5639 fructibus
3554 5576 3791 5643 plenum

2178 5644 2559 5765 purlqgtioribus
2591 5644 2718 5698 votis
2745 5642 2916 5715 pectus
2936 5642 3003 5695 ad
3020 5642 3287 5695 memorias
3308 5650 3598 5710 martyrum
3620 5642 3788 5709 aﬂ’er-

2178 5731 2231 5765 re
2259 5716 2308 5765 ti
2350 5716 2524 5765 icerat.

2177 5731 2231 5767 re
2259 5715 2524 5767 didicerat.
