3998 6182
199 302 303 360 693

1554 318 1581 329 '
1598 305 2125 369 PROLEGOMENA.

3366 316 3468 373 G94

201 415 315 469 hmc
345 412 511 467 habet
542 430 554 466 :
584 411 808 483 Cumq-ie
839 429 1024 483 corpus
1054 415 1262 481 iaceret,
1294 425 1443 487 atque
1480 432 1512 471 a
1538 421 1781 489 gementi-
1810 422 1863 481 Α
1891 438 2036 487 cans,
2061 423 2254 491 liquido
2283 427 2548 497 praelibera
2579 437 2737 485 motu.
2772 429 2839 486 Et
2863 430 3059 486 ibidem
3086 430 3153 485 de
3175 430 3363 500 spiritu
3387 430 3468 487 di~

203 507 293 559 bus
310 513 357 558 et
383 504 743 573 plangentibus
755 506 1007 574 exseqniw
1026 516 1354 575 pararentur,
1375 508 1655 564 amicorum
1676 515 1786 581 ejus

198 596 413 665 quidam
434 596 566 649 inter
591 598 967 651 consolantium
990 596 1139 651 uerba
1178 600 1447 667 suggessit,
1475 611 1530 655 ut
1553 603 1785 673 ejusdem

200 689 447 759 martyris
469 689 579 743 oleo
605 701 755 760 caput
792 699 1178 762 perungeretur.
1216 690 1431 747 Factum
1477 706 1573 763 est,
1618 708 1666 752 et
1706 716 1788 754 re-

202 781 351 834 uixit.
1122 798 1127 801 ‘

270 870 399 926 163.
441 870 595 927 Plura
634 872 689 927 in
732 871 975 927 eamdem
1012 869 1332 931 sententiam
1368 879 1786 937 conﬁrmandam

200 963 303 1032 peti
351 971 575 1031 possunt
617 979 681 1019 ex
720 963 838 1018 aliis
874 966 1261 1034 scriptoribus,
1291 978 1348 1023 ιιι
1376 970 1515 1024 circa
1548 972 1786 1029 1101·εείπ

199 1054 414 1123 templis
438 1054 766 1124 sp'irgendos
790 1070 852 1110 ex
878 1056 937 1112 S.
969 1056 1227 1126 Gregorio
1255 1059 1555 1117 Turanensi
1588 1065 1639 1118 in
1668 1066 1788 1122 Vita

198 1147 387 1202 Severi
416 1147 637 1217 Sulpicii
660 1189 675 1214 ,
702 1163 820 1218 cap.
846 1149 937 1216 50,
969 1152 1037 1206 de
1063 1166 1170 1222 quo
1199 1154 1311 1208 ait:
1337 1155 1537 1211 Solitus
1561 1169 1668 1212 erat
1691 1159 1788 1228 [lo-

196 1254 278 1291 res
308 1239 568 1307 liliorum,
599 1251 824 1309 tempore
848 1257 946 1310 quo
976 1254 1283 1313 nascuntur,
1315 1246 1586 1316 colligere,
1613 1265 1673 1301 ac
1698 1267 1787 1317 per

198 1330 423 1397 parietes
462 1329 620 1403 hujus
654 1331 780 1386 azdis
818 1333 1136 1403 appendere,
1169 1343 1224 1390 et
1260 1351 1325 1390 ex
1366 1336 1665 1393 Fortunato
1692 1342 1782 1397 lib.

195 1435 322 1488 vin,
351 1423 524 1489 t-pigr.
557 1421 613 1488 9',
652 1423 717 1475 ad
745 1422 994 1476 domnam
1027 1423 1403 1495 Radegundem
1422 1471 1437 1496 ,
1467 1428 1622 1497 cujus
1653 1430 1782 1484 titu-

196 1514 277 1567 lus
300 1522 419 1580 est,
440 1513 520 1567 Ad
540 1516 767 1568 eamdem
787 1518 849 1569 de
868 1516 1079 1585 ﬂoribus
1100 1534 1252 1587 super
1272 1518 1434 1573 altare
1456 1535 1475 1574 :
1498 1535 1617 1575 nam
1642 1522 1783 1577 aliud

195 1613 552 1674 przecesserat
567 1650 580 1674 ,
616 1604 691 1658 De
713 1605 856 1659 victis
878 1621 900 1660 :

255 1717 431 1782 At_\_'os
453 1730 548 1765 non
572 1717 725 1773 vobis,
742 1717 837 1782 sed
850 1716 1048 1782 Christo
1070 1718 1209 1768 fertis
1227 1720 1423 1782 odores,

327 1778 425 1842 Has
451 1792 653 1839 quoque
678 1779 915 1842 prituitias
938 1781 996 1828 ad
1023 1783 1100 1841 pia
1128 1781 1306 1842 templa
1327 1778 1469 1833 datis.

259 1837 484 1903 Texistis
507 1837 652 1888 variis
673 1837 837 1903 altaria
865 1840 987 1891 festa
1014 1837 1230 1903 coronis,

323 1901 554 1962 Pingitur
574 1907 629 1952 ut
652 1906 662 1946 t
684 1899 743 1950 lis
767 1904 967 1952 ﬂoribus
988 1916 1067 1951 ara
1094 1899 1247 1954 novis.

1892 514 2016 568 vino
2046 531 2097 569 ν.
2128 516 2230 572 691
2266 534 2280 573 :

2076 616 2325 679 postquam
2348 609 2559 679 liquidus
2580 611 2768 661 omlesti
2789 613 3098 679 spiritusore

1953 666 2236 730 Virgineam
2256 666 2497 735 respersit
2517 673 2733 734 humum,
2758 666 3060 725 medicabilis
3078 677 3157 726 illa
3182 686 3259 728 est

1965 773 2084 831 165.
2145 774 2256 830 Hoc
2279 784 2455 832 autem
2477 791 2639 832 sensu
2661 776 2893 834 locutum
2946 780 3291 836 Prudentium
3347 783 3477 842 locis

1890 862 2117 930 objectis
2146 874 2252 919 tam
2300 867 2637 937 perspicuum
2666 878 2749 924 est
2786 879 2846 925 ut
2893 870 3021 925 nihil
3052 887 3236 942 Supra.
3262 876 3475 929 Etenim

1890 970 2034 1025 srpe
2074 957 2163 1014 il'e
2183 958 2481 1015 clarissime
2512 960 2791 1031 distinguit
2817 963 3046 1017 animam
3078 981 3107 1019 a
3129 982 3375 1037 corpore,
3420 977 3476 1022 et

1889 1063 1919 1102 a
1943 1050 2187 1105 materia.
2220 1050 2425 1119 Apoth.
2450 1067 2502 1106 v.
2530 1052 2635 1108 850
2664 1070 2680 1108 :

1959 1158 2043 1229 illa
2065 1160 2261 1229 quidem
2281 1163 2429 1229 ﬂatus
2444 1163 2638 1213 Domini
2663 1172 2768 1229 est:
2792 1165 2880 1214 sed
2906 1166 3127 1229 Spiritus,
3153 1174 3203 1216 ct
3231 1169 3303 1217 vis

1954 1218 2058 1267 Non
2082 1218 2157 1269 est
2174 1222 2317 1282 plena
2337 1222 2451 1285 Dei,
2477 1231 2609 1273 tanta
2628 1218 2956 1274 moderamine
2980 1218 3144 1285 ῐηίςεεῖ,

1952 1285 2145 1338 Quanto
2164 1286 2285 1331 ﬂans
2308 1284 2459 1334 voluit
2480 1286 2622 1334 ﬂandi
2645 1298 2849 1336 servare
2873 1296 3115 1337 tvnorem.

1951 1343 2593 1408 EstimpossihiIQSpectarc
2616 1347 2844 1408 profunda
2870 1348 3084 1397 Sabaoth
3109 1364 3122 1399 :

1953 1404 2050 1471 §cd
2070 1407 2319 1464 Speculum
2341 1404 2552 1457 Deitatis
2576 1404 2720 1471 homo
2739 1417 2831 1458 est.
2860 1410 2911 1457 In
2929 1424 3132 1471 corpora
3157 1412 3311 1462 discas

1952 1464 2192 1531 Benruon
2216 1479 2499 1528 corpoream
2520 1469 2693 1527 solers,
2718 1471 2991 1531 interprete
3012 1464 3225 1530 Christo,

1953 1528 2047 1586 Qui
2073 1527 2269 1578 Patrem
2292 1527 2537 1592 proprium
2560 1532 2754 1579 mortali
2777 1534 2825 1580 in
2849 1527 3053 1594 corpore
3077 1527 3326 1583 monstrat.

1888 1629 2170 1696 Crederes,
2200 1632 2546 1689 Prudentium
2577 1651 2689 1704 pra:
2728 1636 2900 1691 oculis
2947 1636 3196 1693 habuisse
3249 1639 3473 1709 symbo-

1889 1723 1996 1776 lum
2020 1722 2462 1789 Athanasianum,
2485 1726 2528 1779 si
2568 1739 2695 1782 vero
2718 1726 2994 1783 Athanasii
3022 1728 3227 1793 luisset,
3247 1739 3339 1783 aut
3361 1729 3473 1798 jam

1814 1780 1859 1841 Β
1890 1821 2000 1865 tum
2029 1813 2364 1870 exstitisset:
2395 1814 2535 1869 Nam
2570 1817 2702 1870 sicut
2724 1818 2899 1871 anima
2920 1818 3212 1884 rationalis,
3248 1830 3297 1872 et
3351 1836 3475 1873 caro

1886 1920 2018 1958 unus
2037 1913 2111 1959 est
2136 1906 2286 1961 homo
2317 1922 2336 1961 :
2364 1907 2435 1961 ita
2466 1904 2603 1962 Deus
2641 1918 2690 1962 et
2729 1909 2878 1962 homo
2921 1925 3053 1965 unus
3096 1918 3170 1964 est
3215 1910 3469 1965 Christus.

203 2004 365 2076 ιζο
391 2005 465 2058 De
489 2004 612 2063 oleo
643 2020 770 2061 vero
801 2007 1169 2077 sepulcrorum
1200 2016 1492 2081 martyrum
1529 2010 1781 2082 legendus

1892 1993 2040 2050 Cath.
2080 2012 2162 2063 ill,
2194 2013 2245 2051 v.
2280 1998 2423 2054 196:
2463 1998 2627 2053 Credo
2659 2000 2913 2070 equidem,
2964 2015 3123 2069 neque
3150 2017 3278 2054 vana
3319 1999 3469 2067 ﬁdes,

195 2108 279 2152 est
304 2098 555 2151 Paulinu~
581 2097 940 2153 Petrtcordius
960 2101 1009 2152 in
1025 2100 1141 2155 Vita
1167 2100 1223 2156 S.
1254 2101 1497 2167 Martini,
1531 2104 1621 2158 lih.
1639 2121 1666 2157 v
1684 2105 1779 2173 (ο),

196 2198 255 2243 ut
288 2190 471 2259 plures
496 2190 632 2244 alios
662 2192 1086 2259 praetermittam.

806 2304 1030 2363 CAPUT
1060 2307 1175 2362 XV.

200 2394 318 2460 Quo
343 2411 498 2449 sensu
531 2394 841 2451 Prudentius
862 2398 1089 2519 adnimain
1108 2398 1355 2469 liquidam
1395 2409 1443 2454 et
1486 2402 1781 2456 elementum

922 2478 1087 2519 arent.

922 2478 1087 2523 ιτεηι.

270 2556 397 2609 ιλιι.
432 2556 503 2609 Ea
535 2572 676 2612 nunc
701 2557 901 2612 diluam
928 2574 1044 2628 qua:
1073 2560 1364 2614 Prudentia
1388 2563 1501 2618 sive
1520 2563 1588 2619 ab
1616 2562 1783 2618 luere-

194 2645 351 2711 ticis,
396 2647 513 2702 sive
560 2662 589 2700 a
628 2647 907 2704 catholicis
950 2661 1314 2719 opponuntur,
1364 2646 1611 2722 tanquam
1662 2654 1782 2708 reli~

191 2737 341 2806 gioni
365 2736 682 2793 Chrisrianm
704 2742 1072 2810 repugnantia.
1112 2742 1309 2797 Bailius
1330 2745 1381 2797 in
1405 2744 1633 2799 Diction.
1665 2757 1783 2813 pOSt

192 2828 465 2883 tilericum
499 2844 627 2885 iam.
661 2831 753 2885 XII
808 2832 926 2887 Bib.
962 2835 1195 2888 univers.
1238 2843 1389 2904 putat
1438 2835 1780 2891 Prudentium

192 2924 433 2976 animam
482 2924 756 2993 appellare
805 2939 1116 2994 corpoream
1158 2927 1238 2982 his
1269 2928 1509 2983 versibus
1537 2929 1778 2984 Cathem.

194 3015 388 3084 hymn.
414 3031 444 3069 ι
469 3034 481 3067 :
514 3016 744 3071 Rescissa
768 3019 858 3072 sed
886 3019 986 3071 ista
1010 3035 1235 3073 seorsum
1264 3019 1477 3076 Solvunt
1505 3021 1779 3088 hominem,

195 3110 573 3174 perimuntque,
602 3106 804 3162 Hamus
826 3110 1011 3179 excipit
1032 3111 1181 3164 arida
1201 3127 1402 3182 corpus,
1428 3114 1625 3167 Anima:
1648 3115 1782 3183 rapit
1808 3144 1856 3207 α

191 3210 328 3248 aura
356 3196 623 3266 liquorem.
647 3196 711 3254 Et
730 3206 911 3254 cmitra
928 3198 1236 3269 Symmaeh.
1265 3200 1359 3258 lib.
1388 3217 1445 3268 ιι,
1469 3217 1607 3259 vers.
1638 3203 1739 3259 184
1763 3220 1777 3258 :

854 3309 959 3359 Non
983 3311 1195 3374 occidet,
1212 3312 1390 3374 inquit,

267 3367 483 3435 interior
506 3369 591 3430 qui
614 3371 767 3435 spirat
789 3371 957 3435 homo,
982 3371 1083 3422 luet
1104 3367 1192 3435 ille
1217 3367 1439 3435 perenne

261 3431 584 3494 supplicium,
599 3431 737 3494 quod
756 3431 1005 3493 subjectos
1027 3434 1153 3483 male
1177 3431 1263 3482 rex
1273 3436 1367 3484 erit
1383 3443 1533 3486 artus.

268 3490 513 3542 Nec'mihi
535 3490 729 3543 diﬂicile
754 3501 829 3543 est
846 3490 1082 3548 liquidam
1105 3496 1404 3545 circumdare
1430 3498 1632 3548 ﬂammis

258 3552 516 3616 Naturam,
546 3556 766 3615 quamvis
802 3552 1067 3616 perﬂabilis
1090 3556 1172 3605 illa
1195 3556 1382 3606 feratur

259 3614 417 3665 instar
438 3618 543 3665 uoti
567 3628 582 3663 :
606 3618 789 3679 capiam
803 3614 996 3678 tamen,
1024 3624 1077 3668 et
1096 3625 1338 3668 tormenta
1361 3619 1620 3671 adhibebo.

191 3720 401 3776 Badius
440 3736 584 3775 mare
619 3721 728 3775 noti
768 3720 1114 3791 scripsisset,
1154 3723 1201 3778 si
1235 3722 1305 3777 ad
1343 3732 1569 3780 metrum
1607 3734 1779 3782 atten-

189 3812 389 3867 disset.
441 3811 516 3866 lia
546 3825 691 3868 certe
720 3813 882 3869 habet
922 3812 1264 3869 Prudentius.
1313 3815 1429 3871 Duo
1466 3818 1778 3888 responderi

189 3911 422 3975 possunt
450 3922 463 3957 :
497 3904 723 3974 primum
740 3945 755 3969 ,
783 3904 1149 3974 Prudentium,
1174 3921 1295 3963 cum
1320 3910 1512 3965 animae
1534 3912 1780 3980 liquorem

189 4008 247 4053 et
272 3998 512 4052 animam
539 3998 787 4066 liquidam
815 3998 963 4066 dicit,
996 4001 1274 4055 materiam
1304 4000 1417 4056 sive
1442 4016 1639 4071 corpus
1664 4006 1780 4057 ani-

187 4107 296 4145 ma:
343 4106 453 4146 non
484 4090 752 4159 tribuere,
791 4091 887 4147 sed
925 4091 1041 4160 ejus
1079 4092 1361 4162 puritatem
1399 4095 1779 4165 caelestemque

184 4182 463 4251 originem
508 4182 782 4246 indicare;
832 4183 1058 4238 alterum
1086 4226 1102 4253 ,
1156 4182 1293 4239 hanc
1339 4185 1776 4253 signiﬁcationem

183 4273 381 4342 liquidi
420 4274 705 4328 absurdam
736 4289 842 4329 non
870 4289 990 4331 esse
1011 4315 1027 4341 ,
1060 4292 1231 4346 neque
1260 4278 1773 4347 reprehendendam.

186 4361 521 4418 Prudentius
548 4363 810 4419 interdum
838 4364 1053 4433 liquoris
1081 4380 1145 4419 ac
1181 4366 1362 4435 liquidi
1386 4368 1647 4423 vocabulo
1673 4370 1778 4441 spi—

180 4456 349 4508 ritum
380 4463 435 4510 et
461 4455 729 4524 spirituale
757 4456 1019 4524 intelligit,
1050 4465 1107 4510 ut
1133 4459 1327 4525 Apath.
1355 4458 1424 4513 de
1449 4459 1692 4516 dmmone
1721 4478 1773 4516 v.

183 4547 287 4601 lli
323 4562 339 4600 :
374 4545 568 4600 Pulsus
597 4547 714 4613 abi,
744 4557 941 4600 ventose
971 4547 1136 4615 liquor
1163 4562 1183 4601 .'
1214 4547 1446 4605 Christus
1466 4552 1645 4622 jubet,
1673 4555 1775 4606 exi.

180 4636 348 4691 Catii.
378 4651 458 4705 ut,
494 4636 647 4709 14],
667 4637 861 4702 v.190,
882 4637 949 4693 de
964 4636 1139 4690 anima
1163 4649 1342 4692 nostra
1366 4639 1610 4708 loquens,
1634 4642 1779 4696 allir-

181 4736 300 4781 mat
328 4743 453 4783 eam
486 4743 592 4782 non
631 4729 789 4796 mori,
816 4728 937 4797 quia
974 4728 1092 4782 Vim
1122 4730 1331 4796 liquida:
1370 4732 1585 4786 rationis
1612 4732 1778 4786 habet.

180 4819 251 4875 Et
271 4818 481 4890 Apoth.
516 4834 570 4876 ν.
597 4820 773 4891 87,de
797 4831 981 4878 natura
1013 4819 1188 4879 divina
1214 4840 1227 4876 :
1254 4821 1417 4891 Pura,
1465 4839 1665 4891 serena,
1689 4826 1785 4879 mi-

253 5089 343 5160 (α)
383 5086 621 5160 Namque
656 5095 711 5141 ut
749 5102 883 5157 stupe
923 5087 1083 5160 solent
1119 5095 1377 5160 praecauto
1411 5085 1782 5160 cordejdelrs

183 5157 336 5214 Vasa
360 5158 482 5229 falco
511 5160 716 5229 opplere
736 5199 751 5229 ,
782 5166 827 5211 et
857 5158 1116 5229 servanda:
1137 5157 1360 5229 adducta
1384 5158 1545 5229 saluti
1581 5157 1673 5212 Vel
1693 5160 1782 5229 ju-

170 5233 277 5283 stis
300 5228 489 5295 olferre
507 5225 647 5296 viris,
669 5228 749 5283 vel
768 5227 983 5299 condere
1002 5227 1188 5299 sanctis
1206 5225 1489 5299 Relligione
1512 5227 1656 5299 locis,
1669 5225 1783 5296 qui-

172 5301 279 5354 bus
300 5309 396 5353 aut
417 5300 645 5368 operatio
666 5313 886 5368 prtesens
898 5296 1142 5368 Martyris
1160 5296 1390 5368 emeritos
1413 5297 1581 5361 prodit
1600 5299 1783 5368 virtute

174 5366 462 5439 patronos,
493 5378 598 5424 etc.
630 5366 685 5422 In
719 5366 1227 5439 Bibliothhugdun.
1259 5367 1473 5439 Patrum
1503 5368 1658 5439 paulo
1687 5367 1783 5439 ali-

174 5437 268 5494 ter
301 5439 423 5495 hinc
449 5440 683 5494 carmina
712 5439 977 5506 leguntur.
1012 5437 1294 5491 Posteriori
1325 5444 1565 5503 tempore
1597 5437 1779 5490 lotsal-

171 5510 289 5563 dus
323 5508 620 5563 monachus
650 5510 701 5563 in
732 5508 916 5563 funere
957 5506 1197 5562 0dilonis
1246 5521 1386 5560 anim
1438 5507 1577 5561 1018
1607 5523 1621 5560 :
1656 5506 1783 5559 Flo-

172 5579 365 5646 ridus,
393 5588 445 5634 et
469 5581 637 5632 niveus
672 5577 895 5646 defertur
922 5577 1134 5632 lectulus
1162 5577 1259 5642 illi,
1299 5576 1477 5647 Quem,
1495 5577 1613 5647 tegit
1644 5577 1781 5631 alma

172 5653 410 5714 cedrus,
460 5649 786 5716 redolensque
841 5662 1107 5713 cupressus
1160 5646 1408 5709 adornat;
1456 5646 1781 5716 Sparquntur

173 5721 366 5785 violae,
391 5731 683 5775 sternuntur
707 5719 814 5773 lilia
842 5733 1069 5784 quisque,
1099 5716 1229 5771 Tum
1254 5718 1422 5772 rideas
1448 5734 1615 5772 roseos
1636 5718 1778 5771 illum

1887 2086 2113 2156 Corpora
2152 2089 2314 2143 vivere
2365 2106 2505 2143 more
2531 2090 2737 2146 animae.
2790 2091 3021 2145 Evidens
3060 2092 3114 2145 in
3158 2092 3343 2159 primis
3384 2099 3471 2147 est

1888 2177 2037 2233 locus
2065 2179 2117 2233 in
2149 2177 2403 2237 Passione
2433 2180 2658 2236 Romani
2682 2196 2735 2236 v.
2765 2180 2873 2237 452
2891 2190 2944 2237 et
2970 2195 3122 2252 seqq.
3149 2196 3165 2236 :

1948 2303 2158 2370 gemant
2176 2305 2365 2370 ut_illud
2392 2304 2559 2370 lumen
2576 2308 2904 2370 mternmsrei
2918 2344 2933 2370 ,

1948 2366 2054 2414 Non
2077 2367 2376 2417 succulentis
2395 2369 2605 2416 inﬂuens
2622 2369 2894 2423 obtutibus.

1946 2426 2050 2477 Nec
2072 2429 2350 2490 corporales
2376 2441 2465 2490 per
2490 2429 2586 2490 leni
2607 2439 2645 2476 st
2656 2442 2732 2477 ras
2752 2431 2985 2487 emicans,

1951 2490 2093 2538 Puris
2117 2489 2203 2536 sed
2230 2489 2360 2538 intus
2381 2489 2510 2549 quod
2537 2490 2722 2537 relucet
2752 2491 3012 2538 mentibus.

1951 2550 2139 2611 Pupilla
2161 2552 2322 2599 carnis
2343 2562 2503 2599 crassa
2522 2563 2735 2599 crassum
2762 2552 3012 2610 perspicit,

1948 2614 2009 2662 Et
2028 2626 2109 2662 res
2130 2612 2329 2673 caduca,
2352 2611 2482 2673 quod
2503 2612 2844 2661 resolvendum
2868 2619 2967 2673 est,
2993 2611 3143 2660 videt.

1950 2671 2406 2737 liquidisvidendis
2422 2678 2563 2737 aptus
2585 2679 2660 2721 est
2682 2673 2855 2737 animus
2876 2671 3054 2734 liquor,

1949 2733 2131 2786 Naiura
2158 2734 2356 2784 fervens
2378 2733 2894 2795 sola,,ferventissimte

1947 2798 2221 2848 Divinitatis
2244 2798 2337 2857 vim
2358 2802 2693 2845 coruscantem
2714 2796 2858 2857 capit.

1950 2860 2068 2921 Hoc,
2094 2864 2227 2920 apto,
2256 2856 2419 2906 lumen
2442 2859 2708 2918 imperator
2728 2856 2937 2905 noverit.

1885 2983 2176 3039 Diversitas
2196 2979 2505 3035 substantiae
2552 2980 2745 3033 animm
2799 2994 2826 3032 a
2880 2978 3172 3034 substantia
3220 2991 3462 3045 corporis

1883 3081 2067 3145 aperte
2094 3070 2350 3126 astruitur
2369 3069 2524 3139 Psyc.
2553 3083 2604 3123 v.
2634 3068 2776 3124 905:

2407 3181 2593 3231 Fremit
2617 3189 2668 3230 et
2688 3180 2988 3230 discordibus
3009 3182 3156 3228 armis

1947 3245 2052 3294 Non
2074 3243 2279 3307 simplex
2308 3251 2478 3292 natura
2502 3243 2740 3307 hominis:
2768 3243 3081 3307 nam__\:iscera
3101 3242 3212 3289 limo

1946 3302 2419 3369 Eﬂigiata'premunt
2439 3305 2667 3369 animum.
2687 3310 2849 3351 contra
2876 3302 2958 3369 ille
2984 3314 3166 3352 sereno

1944 3366 2116 3418 Editus
2138 3366 2299 3416 afﬂatu
2322 3367 2559 3428 nigrantis
2576 3376 2775 3414 carcere
2797 3366 2956 3428 cordis

1945 3429 2150 3485 lEstuat,
2174 3436 2224 3477 et
2242 3425 2415 3476 sordes
2434 3434 2561 3476 arcta
2581 3429 2712 3475 inter
2735 3425 2886 3476 vincla
2911 3434 3121 3474 recusat.

1944 3491 2209 3557 §piritlbus
2231 3496 2451 3557 pugnint
2474 3489 2620 3557 variis
2643 3486 2722 3536 lux
2743 3495 2889 3557 atque
2911 3488 3149 3557 tenebrae,

1942 3547 2296 3615 Distantesque
2308 3547 2492 3600 animat
2509 3547 2688 3609 duplex
2713 3549 2981 3598 substantia
3007 3548 3151 3597 vires.

1887 3674 2043 3747 142
2071 3675 2261 3731 Perist.
2292 3689 2347 3739 χ,
2372 3687 2423 3727 v.
2450 3670 2574 3736 553,
2605 3670 2671 3726 de
2698 3670 2924 3764 anima:
2958 3669 3092 3725 Cario
3121 3670 3322 3741 refusus
3348 3668 3464 3723 sub-

1880 3769 2068 3823 volabit
2096 3770 2329 3837 spiritus.
2352 3768 2508 3823 liam.
2539 3781 2590 3821 v.
2624 3764 2728 3822 527
2757 3782 2772 3817 :

1943 3878 2132 3938 Quippe
2152 3879 2339 3926 animus
2358 3876 2519 3938 longe
2533 3876 2862 3938 praestantior,
2873 3879 2938 3938 qut
2963 3880 3074 3932 pote
3098 3885 3286 3921 summo

1941 3935 2144 3987 Etliere
2164 3939 2424 3991 demissus.
2453 3935 2701 3995 subjectos
2721 3936 2763 3982 si
2788 3935 2906 3984 velit
2930 3942 3064 3983 artus

1949 4000 2162 4061 Imperio
2183 4010 2417 4061 quassare
2441 3997 2596 4058 gravi,
2618 4002 2716 4045 etc.

1880 4099 1996 4156 Alia
2024 4099 2180 4169 hujus
2205 4098 2420 4169 generis
2450 4096 2613 4151 multa
2639 4103 2920 4164 praetereo.

1952 4190 2075 4245 166.
2109 4189 2175 4245 Ut
2206 4197 2382 4243 autem
2437 4183 2913 4253 intemperantium
2958 4182 3264 4236 criticorum
3315 4181 3463 4236 inso-

1880 4280 2040 4335 lentia
2064 4277 2396 4334 manilestius
2439 4283 2713 4344 appareat,
2760 4288 2825 4329 ex
2879 4273 3089 4327 duobus
3141 4272 3271 4341 ipsis
3328 4273 3460 4328 locis

1876 4371 2073 4440 quibus
2106 4370 2337 4424 animam
2389 4379 2703 4436 corpoream
2754 4379 2783 4419 a
2823 4364 3109 4418 Prudentia
3155 4366 3332 4418 vocari
3382 4364 3459 4418 illi

1881 4461 2049 4523 aiunt,
2072 4459 2311 4514 evincam
2349 4471 2462 4511 rem
2501 4454 2770 4510 contrario
2800 4453 2959 4508 modo
2998 4469 3059 4507 se
3116 4454 3328 4508 habere.
3361 4453 3463 4507 Ca-

1886 4553 2052 4608 them.
2086 4567 2139 4617 ι,
2160 4566 2212 4605 v.
2234 4550 2268 4604 5
2292 4560 2345 4604 et
2371 4563 2522 4617 seqq.
2556 4564 2570 4600 :
2601 4547 2712 4600 Tua
2732 4556 2874 4613 sunt,
2923 4557 3029 4608 tua,
3072 4546 3277 4611 ﬂector,
3320 4556 3464 4600 utra-

1884 4660 2000 4713 que,
2031 4642 2146 4695 Tibi
2171 4641 2358 4709 copula
2385 4638 2631 4710 jungitur
2656 4638 2858 4701 horum,
2889 4636 3022 4695 Tibi.
3074 4636 3195 4689 dum
3239 4644 3464 4704 regelata

1889 4735 2161 4796 rohazrent,
2189 4730 2256 4784 Et
2288 4729 2497 4798 spiritus
2519 4738 2564 4780 et
2587 4743 2707 4781 caro
2747 4727 2920 4782 seruit.
2970 4726 3202 4780 liescissa
3246 4727 3334 4779 sed
3367 4726 3467 4779 ista

1889 4838 2114 4878 seorsum
2135 4821 2351 4878 Solvunt
2378 4818 2652 4885 hominem,
2680 4818 3031 4888 perimuntque
3054 4831 3073 4873 :
3100 4815 3308 4871 Humus
3331 4818 3466 4870 exci-

1887 5086 1983 5141 sibi
2008 5085 2213 5155 pingere
2238 5086 2407 5154 ﬂores,
2437 5082 2505 5138 Et
2536 5084 2700 5138 varias
2728 5083 2907 5138 herbas
2932 5083 3095 5137 oculis
3121 5090 3349 5155 spectare
3386 5079 3469 5132 be-

1887 5154 2078 5225 nignis,
2102 5154 2342 5209 Balsama
2364 5171 2465 5208 non
2493 5155 2694 5219 desunt,
2716 5166 2763 5207 et
2782 5165 3009 5207 aromata
3029 5154 3189 5225 multa
3212 5158 3465 5223 teruntur,

1891 5224 2105 5279 Nardus
2129 5266 2145 5289 ,
2176 5227 2384 5294 myrrha
2421 5226 2618 5290 nitent,
2666 5233 2856 5277 stactus
2877 5262 2892 5284 ,
2927 5224 3234 5294 acmaxima
3260 5232 3465 5284 cyprus,

1889 5296 2021 5351 Sunt
2048 5286 2187 5348 mille
2210 5286 2420 5368 species,
2451 5286 2634 5368 plures
2650 5294 2908 5368 uariantur
2932 5292 3131 5368 od_o_res,
3164 5286 3469 5368 Nectarens-

1887 5382 1983 5433 que
2008 5382 2163 5435 sapor
2188 5360 2552 5436 cmlunrreplet
2581 5363 2733 5415 altius
2762 5360 3135 5436 ipsu_m._Plu_ra
3164 5360 3301 5436 circa
3335 5360 3467 5436 ritus

1890 5423 2140 5491 funebres
2191 5423 2614 5505 Christianorum
2667 5423 2909 5505 congerit
2957 5428 3155 5493 Paulus
3194 5423 3467 5505 _A_ringllt_ts

1890 5490 2039 5560 lib.t
2067 5505 2242 5557 Ilomw
2264 5503 2619 5564 subterraneae,
2652 5490 2944 5567 prmsertirit
2975 5513 3005 5553 a
3034 5490 3155 5566 cap.
3188 5494 3251 5548 17
3279 5490 3345 5546 ad
3373 5490 3464 5554 51,

1886 5573 2201 5698 ublilsmpius
2233 5582 2472 5627 nostrum
2524 5577 2734 5639 poetam
2780 5568 3000 5636 laudat,
3056 5575 3112 5623 et
3141 5574 3327 5621 testem
3373 5577 3460 5629 ap-

1886 5659 1950 5698 ne
1993 5654 2064 5697 at.

1886 5654 2064 5715 pellat.
