3998 6182
509 298 616 359 695

1927 298 2373 359 PRUDENTIUS.

3668 310 3762 366 696

511 420 584 489 pit
612 418 761 473 arida
790 436 998 492 corpus,
1023 422 1221 477 Animae
1272 423 1409 492 rapit
1444 437 1572 477 aura
1598 421 1863 492 liquorem.
1914 421 2089 477 Vellet
2116 425 2166 482 Α
2196 426 2459 498 signiﬁcet
2487 425 2716 480 animam
2745 439 2867 481 esse
2893 426 3246 496 spiritualem,
3289 438 3449 497 atquc
3480 430 3603 501 igne
3632 433 3765 487 nullo

512 510 750 564 tLlericus
783 509 867 565 his
892 527 972 567 rei
986 511 1068 567 bis
1087 513 1313 581 exprimi
1335 512 1654 567 sententiam
1686 513 2091 583 Epicureorum,

513 601 599 665 qui
630 603 861 656 animam
891 604 1170 657 mortalem
1217 605 1550 670 asserebant,
1602 615 1652 659 et
1680 606 1875 675 allegat
1899 604 2095 659 Bailius

506 706 705 745 versus
733 692 960 747 Lucretii
992 693 1059 748 de
1097 709 1161 748 ea
1216 697 1479 750 sententia
1527 695 1625 766 (a).
1682 695 1785 751 Sed
1816 696 2097 750 advertere

516 783 741 850 primum
784 798 1003 837 necesse
1043 796 1124 839 est
1152 784 1387 839 auctoris
1421 784 1731 854 cujusquam
1786 786 1945 839 verba
1989 800 2094 838 non

516 886 757 926 seorsum
820 888 943 928 esse
999 874 1410 943 consideranda,
1461 877 1554 931 sed
1595 887 1751 943 prout
1794 886 2097 945 congruunt

517 963 602 1015 his
665 978 782 1029 qua:
839 966 1148 1030 prmcedunt
1207 974 1261 1021 et
1325 977 1713 1035 consequuntur
1754 1008 1769 1031 ,
1828 976 1882 1020 et
1954 966 2099 1035 ejus-

518 1052 638 1106 dem
672 1053 835 1107 menti
866 1055 987 1109 aliis
1018 1055 1068 1109 iu
1093 1057 1224 1110 loc's
1252 1057 1571 1112 'uculentius
1605 1056 1907 1112 declaratus.
1940 1056 2099 1112 Aliud

520 1143 662 1196 enim
689 1145 938 1211 iudicabo
953 1145 1188 1201 voluisse
1217 1147 1396 1202 dicere
1413 1147 1699 1212 Clericum,
1731 1158 1822 1201 aut
1854 1147 2097 1213 Bailium,

520 1235 662 1289 aliud
694 1236 962 1292 hominem
1004 1238 1138 1293 bene
1159 1239 1226 1292 de
1258 1239 1514 1308 religione
1532 1240 1871 1304 sentientem,
1909 1255 2100 1307 quam-

522 1326 604 1380 vis
634 1336 857 1395 uterque
903 1329 1066 1383 verba
1110 1328 1358 1397 ambigua
1411 1329 1598 1384 eadem
1654 1330 1957 1397 pronuntiet
2001 1330 2098 1400 (b).

523 1416 725 1471 Deinde
754 1418 879 1486 quid
907 1418 1072 1487 magis
1094 1426 1179 1472 est
1208 1419 1582 1474 Prudentianm
1632 1422 1911 1476 sententiae
1940 1421 2100 1475 diss?-

523 1508 673 1573 mile,
702 1524 857 1578 quam
896 1526 1079 1565 versus
1120 1511 1393 1566 Lucretii?
1421 1512 1466 1565 ls
1523 1522 1718 1566 terram
1775 1514 1936 1567 veluti
1959 1527 2100 1567 com-

525 1613 739 1651 munem
757 1611 979 1654 matrem
1004 1599 1233 1671 frugum,
1258 1602 1618 1668 arbustorum,
1646 1602 1941 1668 hominum,
1967 1603 2107 1657 lera-

526 1704 641 1742 rum
673 1702 1039 1758 reprascntat,
1062 1709 1180 1763 quae
1197 1695 1373 1748 omnia
1393 1693 1581 1748 eodem
1606 1695 1766 1748 modo
1787 1703 2096 1761 nascantur,

2197 523 2358 576 modo
2387 521 2741 589 afficiendam,
2767 521 2865 575 nisi
2887 520 3189 576 admirabili
3212 523 3437 592 quadam
3469 525 3562 580 ftei
3587 536 3764 594 poten-

2199 615 2289 668 tia.
2318 612 2469 681 Quod
2503 614 2591 668 iiet
2621 612 2979 677 manifesuus,
3007 613 3051 667 si
3071 623 3179 669 tota
3206 614 3454 683 periodus
3493 616 3764 672 referatur.

2260 727 2366 777 Nec
2386 728 2502 775 mihi
2521 726 2718 775 dimcile
2743 733 2837 783 est,
2864 726 3095 786 liquidam
3120 728 3419 778 circumdare
3441 731 3650 780 ﬂammis

2262 789 2751 848 Naturamzquamvis
2775 786 3038 848 perﬂabilis
3063 787 3139 835 illa
3163 788 3347 837 feratur

2262 849 2397 911 More
2421 851 2538 911 noti,
2566 850 2752 908 capiam
2778 859 2959 905 tamen,
2986 856 3037 897 et
3054 856 3294 899 tormenta
3323 852 3569 902 adhibebo

2263 910 2375 971 ipse
2395 912 2710 970 incorporeus
2734 923 2791 959 ac
2807 912 3061 971 spirituum
3081 921 3210 958 sator
3229 924 3372 960 unus.

2264 972 2389 1030 Quin
2411 978 2461 1019 et
2486 972 2771 1031 corporibus
2795 972 2959 1032 parilis
2985 976 3225 1021 consortia
3251 987 3406 1033 [more

2266 1034 2542 1083 Decernam
2566 1046 2580 1081 :
2602 1045 2795 1093 possum
2816 1034 3042 1094 quoniam
3067 1047 3307 1083 renovare
3326 1034 3519 1083 favillas

2267 1096 2523 1154 Antiquam
2544 1097 2593 1157 in
2613 1094 2804 1149 faciem,
2832 1106 2923 1141 nec
2946 1094 3252 1155 deSperanda
3279 1104 3494 1157 potestas
3518 1112 3532 1146 :

2264 1157 2355 1214 Qui
2380 1157 2512 1217 potui
2536 1155 2743 1204 formare
2764 1167 2961 1215 novum,
2988 1158 3229 1217 reparabo
3252 1155 3579 1220 peremptum.

2204 1264 2284 1319 En
2319 1271 2379 1317 ut
2410 1276 2513 1316 non
2544 1260 2716 1315 solum
2739 1275 2933 1329 corpus
2961 1260 3027 1315 ab
3080 1260 3256 1315 anima
3287 1262 3661 1334 distinguatur,
3684 1271 3772 1322 sed

2204 1357 2363 1409 etiam
2389 1352 2506 1408 ideo
2529 1352 2736 1407 dicatur
2767 1351 2908 1405 Deus
2937 1353 3191 1419 animam,
3243 1353 3345 1409 hoc
3397 1364 3482 1408 est
3522 1371 3636 1410 rem
3673 1360 3775 1426 spi-

2206 1447 2452 1500 ritualem
2482 1453 2536 1499 et.
2584 1458 2689 1497 non
2719 1458 3055 1512 corpoream,
3079 1444 3196 1513 igne
3216 1458 3371 1511 posse
3418 1446 3629 1512 punire,
3659 1449 3774 1516 quia

2206 1540 2319 1608 ipse
2340 1547 2425 1592 est
2449 1551 2653 1591 smuma
2710 1544 2973 1604 potestate
3018 1535 3290 1604 prteditus,
3326 1537 3679 1607 incorporeus,
3730 1550 3776 1592 et

2205 1641 2343 1683 sator
2390 1645 2524 1683 unus
2553 1642 2847 1681 srtut'rucu.
2883 1625 2991 1680 llac
3016 1626 3221 1679 ratione
3242 1626 3299 1680 S.
3330 1626 3657 1693 Augustinus
3675 1629 3776 1681 dae-

2208 1737 2396 1777 mones
2447 1721 2563 1775 sine
2612 1732 2855 1785 corpore.
2904 1727 2960 1773 et
3015 1717 3219 1771 animas
3251 1718 3625 1774 damnatorum
3678 1722 3773 1790 igni

524 1782 716 1835 eodem
747 1783 1008 1838 intereant
1035 1784 1225 1854 (c).At
1252 1785 1574 1839 Prudentius
1598 1786 1777 1839 statim
1806 1786 1857 1839 in
1915 1785 2100 1841 limine
2136 1792 2518 1867 chciandas
2577 1782 2810 1863 3mm,“
2860 1807 2950 1863 lib.
3008 1823 3096 1861 ul
3154 1807 3222 1862 de
3282 1808 3444 1863 Civil.
3497 1809 3613 1872 Dei.
3664 1782 3770 1881 οξψ

527 1871 710 1942 hymni
745 1889 760 1928 :
802 1874 961 1939 Deus,
992 1876 1138 1947 ignee
1158 1876 1271 1946 fons
1291 1877 1602 1944 animarum,
1628 1892 1679 1930 v.
1708 1876 1774 1931 2i
1812 1893 1826 1933 :
1883 1876 1950 1932 Ut
1979 1878 2102 1931 dum

525 1982 769 2035 generosa
798 1967 1026 2033 caducis,
1057 1967 1161 2023 Ceu
1209 1984 1411 2022 carcere
1441 1969 1638 2035 clausa,
1667 1969 1916 2040 ligantur,
1967 1966 2102 2023 Pars

525 2058 618 2111 illa
654 2060 911 2126 potentior
938 2070 1116 2122 exstet,
1166 2061 1296 2126 Quie
1340 2076 1543 2130 germen
1588 2061 1652 2113 ab
1689 2059 1875 2114 cetIiere
1925 2060 2098 2114 traxit.

527 2151 590 2205 Si
619 2160 779 2204 terrea
803 2153 937 2221 forte
965 2153 1200 2206 voluntas
1232 2152 1445 2209 Luteum
1471 2155 1630 2224 sapit,
1655 2162 1703 2207 et
1733 2170 1885 2224 grave
1910 2163 2101 2222 captat,

528 2244 743 2297 Animus
762 2260 957 2315 quoque
984 2247 1207 2316 pondere
1242 2248 1401 2301 uictus
1451 2247 1699 2318 Sequitur
1742 2264 1837 2301 sua
1880 2247 2105 2300 membra

529 2336 866 2400 deorsum,At
895 2341 937 2389 si
977 2339 1175 2407 generis
1217 2355 1407 2393 memor
1442 2339 1575 2408 ignei
1651 2338 1896 2411 Contagia
1958 2340 2107 2409 pigra

526 2436 743 2491 recusat,
794 2426 939 2479 Venit
970 2429 1167 2497 hospita
1210 2428 1404 2481 viscera
1442 2446 1630 2491 secum,
1679 2427 1973 2498 Pariterque
2020 2446 2102 2483 re-

528 2517 784 2583 partatarl
810 2525 969 2569 astra.
995 2517 1057 2569 V.
1086 2516 1186 2571 1:29
1219 2535 1232 2569 :
1264 2520 1462 2572 Anima:
1503 2520 1601 2588 fuit
1636 2519 1745 2573 litae
1765 2520 1947 2574 domus
1985 2522 2105 2573 olim

529 2606 767 2661 Fat-toris
797 2607 948 2679 1&3
964 2609 1026 2661 ab
1057 2626 1142 2662 ore
1172 2620 1375 2665 creata'.
1407 2610 1627 2665 Fervens
1657 2614 1894 2668 habitavit
1920 2615 1975 2668 in
1996 2616 2106 2667 istis

530 2696 819 2767 Sapientia,
846 2701 1073 2771 principe
1091 2700 1310 2757 Christo.
1341 2701 1400 2756 V.
1449 2702 1550 2756 149
1575 2720 1587 2754 :
1626 2702 1730 2758 Sed
1759 2704 1881 2757 dum
1906 2704 2104 2757 resolu-

530 2788 629 2843 bile
658 2806 840 2860 corpus
867 2789 1112 2854 Revocas,
1140 2791 1297 2859 Deus,
1356 2803 1507 2859 atque
1546 2795 1815 2863 reformas,
1870 2796 2106 2861 Quanam

527 2882 731 2951 regione
775 2880 979 2952 jubebis
1027 2881 1262 2935 Animam
1307 2884 1615 2954 requiescere
1652 2886 1874 2951 puram?
1928 2886 2107 2939 Multis

526 2974 646 3028 aliis
676 2976 726 3027 in
758 2975 891 3029 locis
912 2975 1102 3029 animm
1130 2976 1585 3032 immortalitatem
1646 2977 1967 3032 Prudentius
2008 2993 2105 3032 ex-

527 3065 691 3135 plicat
714 3076 768 3121 et
821 3078 1017 3133 tuetur,
1067 3084 1185 3138 quae
1229 3085 1400 3139 neque
1442 3070 1679 3126 indicare
1717 3070 1930 3139 quidem
1972 3086 2106 3139 opus

2205 1906 2272 1962 to
2317 1904 2417 1975 (ά).

2280 1992 2579 2066 1M168.
2606 1992 3072 2062 Supervacaneum
3100 2008 3245 2049 nunc
3264 2003 3408 2049 esset
3428 2011 3690 2063 quaerere,
3715 2012 3779 2051 an

2206 2088 2414 2157 proprie
2498 2086 2731 2139 animam
2786 2083 3117 2153 spiritualem
3165 2086 3407 2155 liquidam
3446 2095 3502 2141 et
3544 2087 3780 2154 liquorem

2208 2179 2528 2234 Prudentius
2550 2178 2933 2246 appellaverit;
2955 2192 3075 2246 qua:
3096 2186 3178 2231 est
3202 2176 3270 2232 de
3300 2179 3517 2234 nomine
3542 2183 3775 2248 quaestio.

2207 2272 2455 2327 Barthius
2482 2270 2578 2325 lib.
2608 2287 2720 2333 xxi,
2742 2283 2863 2338 cap.
2895 2268 2951 2333 4,
2983 2277 3137 2338 putat
3166 2269 3216 2322 id
3236 2270 3508 2337 eleganter
3546 2271 3737 2324 dictum
3762 2289 3775 2324 :

2213 2381 2231 2413 ι
2261 2366 2446 2416 Astus:
2476 2376 2629 2414 morr
2657 2375 2794 2414 MIRA
2823 2373 3087 2420 Liouonsu
3115 2374 3129 2410 :
3172 2357 3438 2427 Liquere»:
3470 2361 3658 2414 animi:
3692 2361 3778 2413 ele-

2206 2464 2388 2524 ganter
2408 2453 2559 2519 dixit,
2588 2452 2707 2519 quia
2737 2450 2953 2520 liquida,
2985 2466 3137 2518 pura,
3192 2451 3333 2504 clara
3352 2495 3367 2520 ,
3424 2453 3641 2506 cwlestis
3678 2454 3778 2524 ejus

2208 2559 2415 2599 natura.
2442 2544 2632 2615 Apoth.
2656 2585 2671 2600 .

2271 2657 2389 2713 Quae
2412 2655 2582 2705 collata
2605 2654 2778 2702 rudem
2800 2650 2918 2701 fecit
2942 2652 3199 2702 virescere
3225 2652 3409 2709 limum,

2273 2718 2336 2766 Ut
2360 2728 2471 2776 pete
2490 2717 2553 2765 de
2580 2714 2764 2776 liquido
2788 2720 2973 2762 natura;
2998 2714 3188 2761 semine
3211 2714 3391 2773 primos

2269 2779 2531 2840 Accipiens
2552 2776 2771 2837 habitus,
2793 2787 3078 2838 superoque
3098 2786 3334 2835 expressa
3360 2786 3562 2822 sereno.
3581 2788 3606 2819 ι

2209 2886 2307 2954 Qui
2335 2893 2459 2940 sunt
2486 2897 2673 2939 versus
2693 2881 2799 2938 902
2824 2890 2877 2936 et
2903 2896 3056 2951 seqq.
3076 2878 3322 2934 Profecto
3346 2879 3559 2947 propria
3586 2880 3777 2947 signiti-

2208 2979 2348 3032 catio
2392 2976 2613 3045 spiritus
2660 2989 2726 3030 ex
2779 2973 2985 3043 origine
3031 2981 3117 3027 est
3158 2973 3315 3042 ﬂatus
3370 2972 3504 3025 aeris
3546 2987 3577 3023 a
3627 2972 3776 3025 verba

2207 3069 2369 3139 spiro,
2392 3080 2510 3136 qua:
2540 3063 2732 3119 deinde
2751 3062 2817 3116 ad
2845 3062 3074 3116 animam
3108 3061 3419 3116 rationalem
3448 3070 3533 3115 est
3554 3060 3729 3115 diil‘usa
3760 3076 3775 3111 :

528 3168 639 3224 est;
670 3176 793 3219 nam
829 3160 1024 3215 Bailius
1056 3162 1161 3217 late
1187 3177 1268 3228 ur,
1325 3163 1408 3216 bis
1452 3163 1627 3218 verbis
1658 3204 1675 3229 ,
1728 3164 1925 3217 Anima:
1971 3170 2104 3232 rapit
2134 3148 2178 3209 C
2208 3169 2264 3216 et
2305 3158 2480 3213 anima
2511 3156 2622 3224 ipsa
2653 3169 2799 3221 θεῖ’Ρὲ
2844 3168 2875 3208 ³
2925 3152 3216 3207 Ρωάθθῑῖο
3252 3152 3405 3207 απυδ
3458 3153 3678 3214 didm“
3724 3161 3777 3204 ⁸η

529 3265 657 3304 aura
702 3251 964 3320 liquorem,
1015 3268 1119 3306 non
1166 3252 1344 3322 negari
1387 3254 1580 3307 animae
1627 3254 2098 3321 immortalitatem,

527 3357 688 3411 quam
722 3344 1013 3411 pauloiaost
1054 3345 1375 3399 Prudentius
1416 3346 1675 3411 admittit;
1718 3345 1956 3402 Clericus
1976 3363 2103 3402 vero

527 3434 699 3487 solum
729 3433 866 3490 velle
905 3435 1112 3489 videtur
1144 3436 1488 3491 Prudentium
1537 3441 1656 3507 plus
1695 3440 1902 3495 dixisse
1945 3457 2103 3510 quam

530 3524 896 3579 voluitdicere
931 3536 1029 3580 :at
1075 3541 1247 3593 neque
1282 3528 1447 3581 voluit
1501 3529 1701 3595 dicere,
1751 3545 1922 3599 neque
1970 3531 2104 3585 dixit

528 3614 696 3679 aliud,
721 3616 823 3670 nisi
849 3616 902 3669 iu
932 3616 1079 3671 obitu
1107 3620 1343 3672 animam
1376 3635 1558 3688 puram
1609 3638 1641 3675 e
1686 3636 1934 3692 corpore,
1964 3624 2107 3692 quod

533 3706 725 3759 humus
754 3705 969 3773 excipit,
1015 3706 1192 3773 abire,
1225 3709 1477 3777 migrare,
1506 3711 1737 3766 evolare.

605 3793 727 3849 167.
757 3794 858 3855 Alii
885 3810 1067 3850 versus
1111 3797 1518 3865 opponebantur
1540 3814 1603 3853 ex
1629 3800 1726 3857 lib.
1755 3817 1791 3854 tt
1852 3802 2108 3857 advorsus

531 3884 935 3955 Symmachum,
976 3885 1063 3939 ubi
1086 3886 1279 3955 liquida
1305 3896 1491 3941 natura
1515 3928 1528 3952 ,
1566 3899 1621 3944 et
1653 3891 1931 3961 perﬂabilis
1954 3908 2108 3949 more

452 4030 455 4033 .
530 3977 644 4030 noti
682 3978 857 4029 an'ma
899 3975 1111 4030 dicitur.
1146 3976 1339 4032 Verum
1371 3993 1492 4033 cum
1544 3981 1863 4037 Prudentius
1883 3998 1948 4038 eo
1986 3984 2106 4038 loco

529 4076 650 4134 agat
677 4065 745 4119 de
761 4066 1023 4134 supplicio
1050 4080 1155 4134 quo
1183 4068 1375 4121 anima:
1433 4080 1771 4137 peccatorum
1828 4074 2107 4140 punienda:

528 4167 675 4220 sunt,
703 4158 1075 4228 intelligendus
1098 4166 1181 4214 est
1200 4158 1489 4226 afﬁrmare,
1532 4176 1687 4231 posse
1733 4164 1900 4218 Deum
1948 4174 2105 4219 natu-

529 4264 666 4316 ram,
700 4250 942 4316 quamvis
977 4251 1171 4320 liquida
1199 4260 1253 4304 et
1275 4254 1552 4322 per/labilis
1572 4256 1643 4308 sit
1672 4270 1818 4309 more
1834 4256 1966 4318 noti,
1995 4256 2109 4312 sive

531 4356 625 4407 par
669 4340 858 4394 levibus
897 4341 1074 4408 ventis,
1111 4341 1446 4398 circumdare
1496 4344 1745 4410 ﬂammis,
1794 4355 1853 4400 ut
1903 4347 2108 4400 scilcet

604 4540 679 4615 (ο)
695 4542 873 4615 Libat:
888 4542 1111 4615 Dcn’que
1121 4545 1304 4599 σανίδειῦ
1315 4564 1493 4601 sumus
1502 4562 1670 4600 omnes
1681 4548 1869 4602 semine
1878 4547 2105 4602 oriundi:
2137 4552 2185 4612 D

532 4614 776 4667 Omnibus
807 4613 897 4668 ille
921 4613 1056 4667 idem
1085 4624 1228 4683 pater
1248 4628 1342 4681 est,
1375 4618 1513 4670 unde
1537 4619 1677 4670 alma
1707 4618 1950 4681 liquentes
1988 4618 2105 4671 Hu-

529 4698 728 4758 morum
756 4692 925 4751 guttas
942 4696 1113 4758 mater
1138 4702 1254 4738 cum
1281 4688 1641 4758 terrairecepit,
1661 4687 1803 4741 Foeta
1824 4690 1958 4758 parit
1979 4689 2102 4741 niti-

530 4756 623 4828 das
646 4757 842 4828 fruges.
874 4754 1181 4828 arbustaque
1205 4758 1345 4822 la'ta,
1386 4757 1455 4828 Et
1480 4754 1636 4828 genus
1663 4754 1941 4811 humanum
1971 4772 1990 4812 :
2020 4774 2108 4825 pa-

528 4824 595 4874 iit
626 4826 795 4874 omnia
821 4823 973 4876 stacta
1027 4823 1346 4893 ferarum...
1392 4823 1716 4894 Quapropter
1769 4828 1950 4881 merito
1997 4823 2106 4880 ma-

530 4900 725 4944 ternum
747 4908 930 4945 nomen
954 4895 1140 4962 adepta
1165 4905 1257 4948 est.
1295 4895 1439 4949 Cedit
1492 4898 1609 4948 item
1654 4906 1810 4962 retro,
1862 4899 1925 4949 de
1973 4907 2106 4949 terra

528 4961 665 5042 quod
692 4962 800 5042 fuit
820 4972 955 5042 gnte,
986 4961 1060 5015 In
1080 4974 1348 5042 terras:_et
1372 4966 1509 5035 quod
1534 4967 1740 5042 missum
1765 4961 1836 5020 est
1861 4982 1923 5019 ea;
1951 4966 2108 5021 rellic-

527 5029 749 5109 iis_oris,
861 5047 1065 5109 sursum
1092 5035 1201 5087 (ιειὶ
1226 5029 1464 5109 rellatum
1489 5037 1673 5109 templa
1692 5045 1968 5109 receptant.

602 5103 679 5166 (ὁ)
712 5100 910 5155 Bailius
961 5104 1076 5170 ipse
1119 5105 1410 5158 asseutitur
1438 5145 1453 5168 ,
1507 5100 1882 5161 in'similibus
1934 5107 2110 5163 verbis

527 5169 1225 5245 diversamluisse’mcntem
1248 5175 1551 5242 Epicharmi
1572 5178 1708 5245 apud
1741 5176 2105 5242 Plutarchum,

527 5241 595 5293 de
620 5240 1020 5315 Consolatione,
1052 5259 1169 5310 pag.
1206 5240 1307 5299 ΗΟ
1334 5261 1349 5301 :
1378 5240 1634 5299 Prae/are
1658 5247 1814 5314 igitur
1854 5240 2107 5315 Epic/iur;

526 5326 663 5384 mus,
702 5329 719 5360 ι
760 5310 1081 5384 Concretnm,
1110 5317 1298 5384 inquit,
1323 5317 1452 5384 fuit,
1478 5325 1525 5369 et
1575 5310 1846 5370 discretum
1884 5310 1977 5380 est,
2030 5333 2108 5369 rc-

525 5380 719 5455 tliitgue
745 5383 881 5455 unde
898 5394 1123 5443 venerat,
1147 5380 1283 5439 terra
1312 5380 1568 5446 deorsum.
1597 5388 1809 5455 spiritus
1832 5403 2056 5440 sursum.
2081 5404 2099 5437 ι

530 5449 669 5521 Quid
684 5467 746 5521 ex
765 5450 842 5502 his
864 5454 1095 5507 omnibus
1110 5455 1337 5521 iniquum
1361 5466 1430 5510 est
1449 5449 1632 5511 ?niltil.

596 5520 670 5589 (Cl
698 5520 933 5593 ltaeuim
964 5528 1133 5593 pergit
1193 5520 1206 5578 ἐ
1258 5526 1366 5579 Nec
1413 5528 1484 5579 sic
1519 5528 1765 5585 interimit
1815 5542 1951 5579 mors
1999 5541 2102 5591 res,

525 5595 580 5664 ut
603 5592 837 5664 materiai
861 5590 1088 5664 corpora
1119 5597 1376 5661 conﬁciat,
1401 5597 1488 5650 sed
1517 5608 1696 5651 cretum
1727 5597 1939 5664 dissipat
1962 5590 2096 5649 ollis.

526 5652 659 5710 Inde
683 5661 801 5713 aliis
845 5652 997 5734 aliud
1046 5652 1303 5734 conjungit
1335 5652 1413 5721 εἶξε
1462 5668 1639 5734 efﬁcit,
1693 5652 1867 5722 omnes
1910 5654 2011 5722 Res
2045 5675 2098 5721 ut

527 5737 812 5785 watertant
825 5731 1018 5788 fortnas
1029 5774 1041 5793 .
1066 5731 1352 5797 mutentque
1372 5731 1583 5791 colores.

2213 3252 2367 3306 llam.
2415 3265 2467 3302 v.
2496 3246 2621 3309 9‘20,
2653 3248 2808 3316 ﬂatus
2836 3245 2944 3298 sine
2971 3260 3201 3312 corpore.
3243 3241 3376 3299 Cum
3431 3254 3609 3299 autem
3652 3258 3775 3313 aqua

2211 3342 2531 3396 elementum
2577 3337 2645 3390 sit
2688 3335 2798 3389 aeri
2864 3333 3207 3403 coniunctum
3240 3375 3256 3398 ,
3309 3342 3485 3403 poetae
3553 3333 3773 3402 epitheta

2212 3431 2485 3497 utriusque
2526 3442 2668 3496 szrpe
2688 3424 3048 3491 confundunt;
3104 3439 3223 3478 nam
3247 3439 3339 3477 aer
3362 3424 3518 3492 vulgo
3568 3423 3773 3486 liquidus

2210 3522 2424 3587 dicitur,
2480 3530 2533 3576 et
2573 3519 2870 3582 Lucretius,
2911 3518 3007 3571 lib.
3054 3534 3113 3585 ιι,
3160 3516 3329 3571 undas
3378 3526 3536 3570 voc;nt
3596 3533 3771 3570 aereis.

2215 3614 2357 3668 Idem
2384 3612 2681 3675 Lucretius,
2705 3618 2757 3662 et
2785 3607 3039 3677 Virgilius
3093 3608 3269 3677 ignem
3314 3608 3567 3676 liquidum
3612 3607 3776 3675 appel~

2214 3707 2346 3769 lant,
2406 3713 2465 3758 ut
2516 3706 2807 3757 mittereum
2871 3715 3193 3769 purumque,
3245 3710 3491 3754 acterrae
3548 3697 3777 3769 gravitati

2213 3798 2521 3867 appositum
2546 3810 2666 3849 esse
2692 3794 2969 3847 denotent.
2993 3792 3148 3859 Apud
3171 3792 3422 3846 llebrzcos
3465 3794 3670 3861 liquidi,
3693 3807 3778 3844 seu

2212 3891 2323 3944 caeli
2356 3888 2572 3943 nomine
2625 3882 3097 3952 comprehenditur
3148 3882 3402 3951 quidquid
3458 3883 3649 3938 Griece
3675 3897 3775 3939 aer.

2212 3981 2382 4036 aether
2427 3988 2479 4034 et
2524 3978 2732 4053 οὐρανὸς
2781 3974 3101 4029 nominatur.
3146 3973 3278 4028 Hinc
3325 3973 3649 4028 Prudentius
3684 3987 3777 4026 non

2215 4074 2356 4129 male
2378 4071 2575 4126 anima:
2599 4072 2865 4138 liquorem,
2916 4078 2970 4122 et
3021 4068 3255 4121 animam
3317 4067 3571 4137 liquidam
3619 4064 3779 4135 posuit

2217 4178 2315 4234 pro
2340 4162 2531 4216 animae
2554 4159 2745 4228 spiritu
2768 4166 2822 4213 et
2851 4158 3099 4226 puritate,
3131 4171 3224 4225 pro
3242 4157 3420 4211 anima
3438 4155 3697 4225 spirituali
3732 4162 3780 4207 et

2215 4251 2443 4316 caelesti,
2492 4264 2587 4303 seu
2617 4264 2686 4305 ex
2736 4247 2878 4305 coelo
2911 4247 3173 4315 originem
3224 4246 3514 4301 trahente:
3547 4247 3779 4301 namhoc

2216 4344 2512 4415 saepissime
2556 4342 2649 4397 ille
2704 4339 2938 4395 inculcat
2985 4338 3084 4410 (e).
3149 4339 3270 4394 Alia
3324 4340 3535 4395 ratione
3583 4349 3779 4395 veteres

2284 4545 2364 4619 (tl)
2388 4546 2491 4619 Cur
2517 4561 2608 4617 ego
2636 4560 2737 4619 non
2764 4543 3011 4619 dicamus,
3040 4542 3266 4610 quamvis
3285 4540 3446 4600 miris.
3467 4550 3634 4595 tamen
3662 4538 3776 4619 reris

2211 4612 2373 4697 modis
2583 4616 2795 4697 spiritus
2821 4615 3145 4697 incorporeas
3168 4628 3315 4697 posse
3336 4627 3484 4691 poena
3512 4612 3779 4697 carpamns

2207 4688 2339 4756 ignis
2367 4687 2552 4758 afﬂigi,
2578 4681 2623 4739 si
2647 4686 2856 4754 spiritus
2880 4681 3316 4758 hominumetiam
3341 4681 3687 4758 ipsiprofecto
3706 4681 3779 4758 itt-

2205 4749 2454 4825 corporei,
2469 4749 2517 4809 ’ἐι
2532 4749 2952 4821 Μηόροιυετυηι
2964 4752 3157 4805 includi
3172 4751 3522 4825 corporalibus
3533 4749 3777 4825 membris,

2207 4837 2253 4880 et
2281 4818 2400 4880 tunc
2438 4818 2972 4897 poterunt'corporum
2996 4838 3207 4897 suorum
3226 4818 3458 4897 auriculis
3500 4818 3777 4897 insolubili-

2213 4905 2287 4949 ter
2303 4890 2555 4964 alligari?
2582 4894 2659 4948 De
2703 4890 2803 4948 hac
2850 4893 3147 4964 quastione
3191 4890 3359 4964 videri
3394 4898 3616 4964 possunt
3644 4890 3780 4942 theo-

2210 4967 2345 5035 logi;
2373 4956 2500 5019 mihi
2532 4965 2663 5018 satis
2709 4974 2791 5018 est
2842 4956 3032 5035 notare
3058 4960 3423 5035 Prudentium
3458 4960 3635 5028 ignem
3668 4972 3780 5011 cor-

2216 5032 2435 5105 poreum
2457 5048 2772 5110 agnoscere,
2805 5032 3236 5110 etdilticultatem
3294 5032 3781 5110 excitpﬂrgquara-

2212 5099 2356 5161 tione
2382 5099 2577 5159 animae
2605 5105 2937 5172 incorporea:
2966 5104 3084 5171 igne
3105 5113 3367 5172 corporeo
3391 5099 3533 5172 allici
3566 5100 3779 5166 possint.

2215 5176 2280 5232 Et
2308 5192 2429 5231 cum
2456 5177 2527 5229 ita
2556 5170 2784 5229 disserat
2812 5170 3152 5236 Prudentius,
3191 5171 3316 5225 dum
3361 5170 3593 5224 animam
3619 5182 3781 5250 Lion!-

2212 5262 2316 5300 mut
2345 5257 2518 5310 vocat,
2546 5258 2881 5311 consequens
2905 5252 2989 5297 est
3030 5234 3153 5296 eum
3191 5256 3253 5295 ea
3308 5254 3443 5295 voce
3476 5254 3580 5294 non
3633 5234 3783 5293 intel-

2210 5316 2756 5387 lexisseicouronmu.
2845 5383 2855 5387 _
3022 5381 3036 5387 _
3109 5380 3140 5387 _
3281 5378 3293 5387 _
3691 5377 3723 5387 ,,

2282 5386 2352 5456 (c)
2388 5386 2517 5438 Vide
2545 5388 2602 5437 δ.
2628 5383 2989 5456 Augustinum
3006 5381 3072 5435 de
3102 5378 3294 5456 Gene_s_i
3323 5379 3387 5432 ad
3418 5379 3647 5456 litteram
3691 5375 3779 5456 lib.

2208 5448 2302 5521 vn,
2335 5448 2593 5508 'enarrat.
2626 5452 2679 5507 in
2724 5448 2920 5520 psalm.
2968 5467 3161 5506 cxxxvr
3195 5451 3375 5506 :Sicut
3433 5453 3503 5502 ait
3566 5448 3779 5521 quodam

2206 5517 2316 5580 loco
2346 5526 2616 5597 Scriptura
2642 5537 2661 5577 :
2699 5517 2901 5597 Volavit
2927 5538 3079 5589 super
3123 5536 3313 5597 pennas
3354 5517 3648 5597 uentorum?

2204 5606 2299 5663 est,
2331 5585 2485 5660 super
2504 5596 2711 5648 uirtutes
2728 5585 3017 5646 animarum
3041 5608 3059 5646 :
3085 5585 3307 5663 illidet!
3334 5592 3501 5663 ﬂatus
3545 5585 3637 5639 Dei
3656 5585 3777 5635 dici-

2205 5660 2293 5720 tur
2312 5667 2485 5721 anima
2517 5674 2762 5732 tanquam
2786 5672 2986 5734 ventus,
3025 5678 3123 5734 non
3148 5669 3202 5714 ut
3231 5660 3324 5713 iste
3342 5660 3647 5734 in'elligatur
3661 5667 3775 5725 ceit-

2205 5746 2285 5792 tus
2316 5752 2415 5805 quo
2444 5731 2628 5807 corpus
2648 5732 2965 5807 propellente
2991 5732 3258 5799 sentimus,
3282 5731 3371 5783 sed
3384 5733 3496 5803 ejus
3514 5731 3707 5782 nomine
3720 5736 3779 5774 st-

2381 5813 2433 5818 “,
2453 5812 2497 5820 ι..
2578 5816 2639 5820 —
