3998 6182
236 344 337 398 697

239 556 326 601 cet
354 545 482 614 quia
511 556 708 609 corpus
736 555 823 592 vas
872 536 1057 589 animo:
1093 531 1449 602 appellabant.
1498 527 1630 583 Vide
1679 539 1831 580 com-

239 646 409 692 ment.
440 635 507 688 ad
532 633 717 704 hymn.
747 644 818 682 vu
846 627 1002 681 Cath.
1030 639 1082 680 ν.
1119 623 1240 678 190.

312 727 439 782 169.
467 724 641 779 Aliam
670 723 738 777 de
794 719 1010 775 nomine
1042 718 1188 771 litem
1253 720 1471 768 movent
1540 708 1778 764 nonnulli
1812 750 1828 774 ,

241 819 386 886 quod
416 814 738 870 Prudentius
780 809 1016 865 animam
1059 808 1362 860 elementum
1420 796 1828 867 nuncupaverit,

242 908 369 962 cod.
400 906 585 978 hymu.
615 901 934 970 Exsequiar.
964 898 1059 953 v.1
1091 906 1145 951 et
1165 911 1315 963 seqq.
1335 912 1345 945 :
1365 893 1526 959 Deus,
1553 891 1696 960 ignee
1718 889 1832 957 fons

243 1002 560 1062 animarum,
595 997 711 1049 Duo
733 996 820 1066 qui
872 993 1072 1046 socians
1121 991 1389 1051 elementa,
1455 985 1627 1036 l’ivum
1682 980 1833 1034 simul

240 1108 307 1145 ac
339 1088 697 1144 moribundum
746 1083 1039 1145 Hominem,
1066 1078 1243 1143 Pater,
1276 1075 1525 1145 effigiasti.
1558 1075 1670 1138 Qua
1700 1084 1833 1124 voce

244 1198 405 1237 usum
431 1195 641 1249 quoque
666 1176 992 1231 Lactantium
1021 1186 1128 1226 non
1158 1170 1454 1224 ditlitcntur
1477 1166 1570 1219 lib.
1598 1179 1677 1227 tu,
1709 1175 1829 1229 cap.

182 1332 183 1341 χ
244 1276 320 1333 6:
349 1274 580 1331 Scientia
606 1274 661 1325 in
688 1270 829 1323 nobis
857 1267 919 1320 ab
948 1266 1120 1318 animo
1154 1270 1249 1326 est,
1298 1260 1385 1330 qui
1411 1260 1574 1312 oritur
1602 1272 1628 1309 e
1670 1254 1833 1307 ctelo:

245 1367 503 1439 ignoratio
550 1380 583 1416 a
622 1376 855 1429 corpore,
891 1357 1027 1426 quod
1071 1365 1146 1409 cst
1169 1371 1195 1408 e
1237 1363 1392 1406 terra.
1450 1349 1599 1405 Unde
1620 1348 1762 1401 nobis
1784 1355 1832 1399 et

245 1438 363 1514 cum
382 1459 510 1526 Deo,
528 1466 576 1509 et
590 1471 708 1509 cum
732 1451 1059 1515 animalibus,
1077 1456 1149 1501 est
1170 1446 1345 1515 aliqua
1364 1443 1721 1497 communitas.
1746 1438 1833 1492 Ita

244 1556 491 1625 quoniam
508 1567 571 1604 ea:
582 1548 660 1601 his
676 1546 872 1600 duobus
888 1552 1178 1597 constamus
1200 1541 1459 1593 elementis
1470 1551 1692 1607 gnarum
1707 1533 1832 1586 alte-

244 1662 362 1700 rum
376 1647 489 1698 luce
501 1641 769 1707 praeditum
791 1646 887 1702 est,
904 1633 1372 1698 alterumtenebris,
1400 1646 1520 1699 pars
1550 1630 1693 1681 nobis
1709 1628 1831 1679 data

245 1749 321 1793 est
345 1737 598 1800 scientiae,
643 1749 762 1803 pars
810 1729 1131 1799 ignorantur.
1178 1724 1425 1780 Barthius
1455 1723 1557 1776 loc.
1608 1722 1700 1775 cit.
1756 1719 1829 1772 ait

1618 320 2148 380 PROLEGOMENA.

236 450 532 508 Christiani
561 450 805 518 liquorem
828 458 1023 500 vocare
1077 447 1361 511 potuerunt
1402 437 1658 503 animam,
1683 433 1831 489 scili-
1856 439 1909 497 Α

3407 319 3512 377 698

2519 430 2745 489 CAPUT
2789 432 2927 489 XVI.

1935 588 2208 641 Faveritne
2236 585 2547 639 Prudentius
2582 586 2918 655 Pythagoreis
2948 594 2995 639 et
3030 585 3330 641 Maniclueis
3360 602 3513 655 super

2004 660 2304 712 abstinentia
2333 674 2361 709 a
2388 657 2647 723 carnibus,
2694 675 2759 709 an
2786 656 3191 710 Manichworum
3216 666 3515 725 argumenta

2006 732 2069 783 de
2095 731 2294 782 duobus
2323 728 2587 795 principiis
2626 726 2794 780 valide
2821 729 3071 781 everterit.

2005 909 2128 964 170.
2165 908 2302 962 Ecce
2332 907 2522 959 iterum
2543 904 2800 967 Clericus,
2831 903 2918 972 qui
2943 902 3289 956 Prudentium
3319 901 3383 955 ad
3407 902 3513 972 Py-

1935 998 2273 1069 thagoreismi
2312 1004 2368 1051 ct
2398 995 2776 1050 Maniclra’ismi
2808 1009 3049 1048 errorem
3095 994 3162 1048 de
3191 994 3512 1047 abstinentia

1932 1107 1963 1145 a
1994 1090 2244 1144 carnibus
2290 1088 2581 1141 accassisse
2623 1085 2917 1139 contendit.
2969 1084 3177 1155 Hymno
3219 1083 3437 1137 Cather.
3481 1085 3515 1137 5

1934 1185 2071 1237 Ante
2099 1180 2301 1246 cibum,
2350 1194 2491 1233 vers.
2525 1178 2614 1242 56,
2648 1177 2762 1229 luce
2803 1177 2961 1229 habet
2991 1175 3311 1228 Prudentius
3342 1191 3355 1226 :
3392 1173 3516 1225 [lac

1937 1273 2200 1340 apulentia
2223 1269 2541 1323 Christicolis
2568 1269 2752 1335 Servit,
2777 1276 2824 1320 et
2851 1268 3022 1321 omnia
3046 1267 3352 1337 suppeditat.
3379 1268 3517 1320 Absit

1933 1363 2067 1415 enint
2088 1361 2268 1431 procul
2290 1360 2382 1413 illa
2400 1360 2579 1428 fames,
2602 1358 2836 1412 deibus
2862 1369 2915 1411 ut
2937 1357 3187 1427 pecudum
3212 1358 3362 1410 libeat
3382 1357 3519 1411 San-

1933 1455 2142 1523 guineas
2189 1453 2415 1506 lacerare
2454 1450 2642 1515 dapes!
2680 1451 2796 1505 Sint
2841 1452 2949 1520 fera
2989 1450 3220 1521 gentibus
3260 1450 3518 1503 indomitis

1936 1544 2167 1597 Prandia
2192 1544 2257 1596 de
2284 1538 2401 1596 nece
2440 1540 2829 1611 quadrupedum
2860 1557 2878 1593 :
2909 1540 3022 1593 Nos
3049 1539 3203 1593 oleris
3231 1557 3393 1603 coma,
3428 1557 3460 1592 n
3496 1557 3519 1592 s

1933 1640 2142 1707 siliqua,
2186 1635 2316 1691 Fata
2356 1635 2611 1703 legumine
2650 1633 2979 1697 multimodo,
3030 1632 3232 1686 Pavet-it
3287 1634 3521 1685 innocuis

1932 1731 2115 1797 epulis.
2148 1730 2298 1783 Solet
2327 1743 2422 1780 usu
2456 1727 2556 1779 hoc
2584 1726 2821 1789 evenire,
2850 1723 3016 1792 utqui
3051 1737 3263 1777 errores
3295 1722 3523 1775 libenter

244 1830 593 1888 Prudentium
617 1830 858 1880 elementa
880 1820 1137 1892 principia
1164 1819 1365 1872 dixisse
1405 1814 1616 1870 ethniea
1650 1810 1827 1880 phrasi
1862 1810 1907 1869 Β
1936 1820 2033 1887 ipsi
2074 1819 2465 1887 amplectuntur
2503 1814 2799 1882 pra-sertim
2846 1816 2896 1869 in
2940 1816 3099 1867 rebus
3135 1813 3277 1877 ﬁdei,
3320 1815 3370 1866 in
3401 1814 3521 1867 aliis

243 1940 310 1978 ex
342 1922 588 1982 Alt-inoo,
622 1917 864 1985 Epicteto
897 1923 951 1968 et
981 1910 1254 1979 Euripide.
1305 1908 1415 1976 Ego
1443 1905 1616 1975 potius
1645 1904 1818 1956 dicam

249 2014 408 2086 145
447 2029 564 2068 eam
621 2008 841 2079 phrasin
894 2021 1015 2060 esse
1046 2004 1311 2059 Latinam.
1363 1999 1583 2062 Cicero,
1659 1993 1826 2049 Acad.

244 2110 452 2172 Quaest.
472 2146 485 2168 ,
512 2120 564 2169 p.
592 2104 658 2157 44
682 2120 693 2154 :
730 2100 868 2171 Ergo
892 2098 985 2151 illa
1013 2098 1160 2150 initia
1183 2104 1248 2157 et,
1280 2102 1385 2161 nte
1420 2091 1597 2145 erco
1620 2098 1827 2156 vertant,

243 2200 515 2251 elementa.
574 2196 663 2249 Sic
686 2192 844 2261 vulgo
912 2192 1157 2244 clmenta
1247 2201 1541 2258 puerorum,
1588 2185 1833 2237 elementa

248 2290 513 2358 loquendi,
545 2286 791 2339 elementa
834 2282 1145 2336 dialectices.
1187 2281 1293 2334 Cttr
1354 2293 1484 2347 ergo
1534 2275 1679 2329 initia
1737 2288 1832 2327 seu

248 2379 511 2447 principia
541 2376 771 2429 hominis
797 2388 901 2427 non
932 2371 1265 2441 appellentur
1294 2365 1600 2423 elementa?
1656 2365 1835 2431 Itaque

246 2481 308 2525 ut
361 2469 702 2524 Prudentium
747 2477 1012 2531 tueamur,
1054 2462 1185 2516 nihil
1257 2474 1392 2528 Opus
1440 2468 1520 2512 est
1549 2455 1834 2524 coniugum

243 2563 312 2615 all
339 2576 400 2615 et
425 2575 544 2629 qua:
576 2559 795 2613 Huetius
836 2557 1072 2623 disputat
1111 2552 1163 2606 in
1213 2548 1578 2619 Origenianis,
1628 2548 1720 2601 lib.
1771 2561 1831 2609 tt,

243 2668 370 2715 (ξιιμ.
401 2651 671 2717 2,qu:est.
710 2649 766 2713 ϐ,
811 2661 960 2701 nutu.
1020 2643 1105 2709 14,
1134 2642 1224 2697 ubi
1287 2655 1524 2695 errorem
1568 2639 1832 2707 Origenia

244 2744 337 2811 qui
367 2754 596 2809 Corpora
625 2738 817 2792 animis
838 2736 1075 2800 ascribit,
1108 2747 1372 2788 excusare
1395 2731 1525 2796 vult,
1551 2732 1673 2798 quia
1703 2744 1837 2782 non-

244 2835 375 2885 dum
400 2831 597 2885 veritas
630 2828 883 2884 Ecclesiae
910 2827 1128 2880 decreto
1165 2832 1279 2878 crat
1323 2822 1561 2885 deﬁnita,
1593 2830 1647 2876 ct
1694 2820 1834 2875 idem

243 2906 421 2979 viSum
446 2923 545 2976 fuit
567 2919 917 2983 Tertulliauo,
944 2918 1000 2973 S.
1034 2916 1237 2971 Hilario
1267 2916 1317 2969 in
1361 2914 1548 2969 Matth.
1580 2927 1699 2980 cap.
1759 2913 1792 2965 5
1819 2926 1834 2975 ;

244 3018 538 3074 Ambrosio
580 3016 673 3070 lib.
708 3029 743 3068 ll
790 3013 856 3067 de
899 3012 1206 3076 Abraham,
1265 3024 1383 3076 cap.
1453 3006 1525 3071 8;
1556 3006 1832 3067 Cassiano,

245 3110 436 3165 collat.
468 3110 522 3171 7,
542 3121 661 3175 cap.
684 3107 751 3160 15
769 3145 785 3169 ,
809 3102 1087 3157 Theodoto
1118 3102 1169 3155 in
1192 3099 1478 3168 Excerptis
1502 3099 1566 3151 ad
1593 3097 1837 3151 Clemen—

246 3202 320 3253 tis
360 3166 708 3251 Alexandrini
748 3166 947 3248 ealccm
1000 3191 1252 3260 adjectis;
1315 3166 1582 3243 methodio
1613 3231 1628 3255 ,
1693 3166 1907 3253 aputh

249 3292 504 3345 l‘botium
550 3286 829 3351 cod.%t;
877 3285 1074 3339 Fausto
1122 3282 1402 3351 Regiensi,
1450 3280 1690 3349 aliisque.
1723 3280 1835 3343 Qua

247 3398 383 3437 vero
441 3380 650 3434 ratione
688 3377 895 3431 animus
944 3390 973 3429 a
1020 3373 1310 3429 Prudentia
1366 3375 1544 3443 igneus
1583 3384 1636 3425 et
1707 3372 1839 3440 ignis

242 3472 555 3539 dicatur,in
578 3467 975 3525 commentariis
1027 3474 1323 3535 exponetur
1360 3465 1690 3534 :ncqueu'la
1739 3481 1838 3533 pe-

243 3562 472 3615 cul’aris
526 3562 577 3613 in
628 3560 729 3612 hoc
774 3567 855 3612 est
888 3556 1200 3621 difﬁcultas,
1270 3571 1391 3610 cum
1448 3557 1621 3623 ipsum
1666 3556 1832 3609 Deum

241 3639 451 3721 igneam
477 3666 620 3718 smpe
639 3649 1010 3718 appellaverit.
1038 3646 1259 3700 Veteres
1309 3646 1545 3698 nonnulli
1577 3654 1833 3713 putarunt

244 3755 439 3796 revera
470 3740 700 3794 animam
726 3753 843 3792 esse
880 3737 1080 3807 ignem,
1106 3746 1159 3790 ct
1188 3736 1384 3789 idcirco
1414 3736 1515 3789 dici
1564 3736 1831 3789 hominem

242 3832 506 3901 exstingui
528 3845 648 3883 cum
681 3828 926 3893 moritur,
973 3838 1024 3882 et
1071 3828 1145 3880 illi
1185 3840 1317 3894 aqua
1361 3836 1415 3879 et
1456 3827 1559 3895 igni
1588 3826 1833 3880 interdici

244 3941 372 3981 cum
406 3923 600 3978 exsilio
626 3920 974 3987 multabatur,
1016 3919 1208 3987 quibus
1272 3915 1453 3971 verbis
1502 3918 1704 3981 minor,
1735 3930 1833 3971 seu

242 4015 427 4071 ntedia
456 4012 646 4082 capitis
664 4010 946 4065 diminutio
975 4008 1371 4079 signiﬁcabatur
1395 4025 1407 4061 :
1457 4008 1608 4077 quasi
1638 4022 1834 4077 corpus

240 4124 313 4161 ex
343 4119 484 4174 aqua
509 4117 602 4158 seu
627 4102 873 4167 humore,
930 4102 1106 4153 anima
1150 4114 1214 4154 ex
1241 4100 1360 4167 igne
1411 4105 1699 4151 constaret.
1733 4097 1834 4149 Alii

241 4208 392 4259 lianc
430 4202 695 4256 insaniam
714 4199 1053 4267 addiderunt,
1078 4212 1245 4266 grave
1284 4212 1402 4251 esse
1425 4197 1599 4265 perire
1625 4194 1838 4248 naufra-

237 4301 362 4369 gio,
394 4298 536 4366 quod
569 4296 744 4348 anima
786 4303 929 4349 esset
954 4291 1110 4355 ignis,
1135 4292 1375 4359 adeoque
1424 4291 1655 4343 maxime
1684 4304 1835 4359 aqua:

1932 1909 2215 1977 diligenter
2237 1907 2393 1977 146
2408 1918 2620 1960 errores
2641 1903 3045 1972 deprehendere
3068 1914 3350 1967 conentur,
3368 1905 3520 1971 quasi

1932 2001 2106 2054 socios
2153 1998 2251 2052 sibi
2300 2004 2535 2065 qumrant
2582 2007 2635 2049 et
2678 1996 2987 2064 adiungant.
3041 1994 3366 2048 Prudentius
3414 1995 3517 2049 hoc

1933 2093 2134 2161 hymno
2164 2091 2216 2145 id
2249 2106 2410 2143 unum
2440 2090 2569 2157 agit,
2610 2098 2665 2141 ut
2695 2088 3028 2141 Christianos
3066 2087 3132 2140 ad
3162 2103 3283 2141 eum
3314 2102 3520 2141 morem

1934 2184 2199 2247 bertetur,
2232 2182 2321 2251 qui
2360 2181 2498 2234 inter
2536 2180 2680 2249 ipsos
2715 2190 2841 2233 tunc
2879 2179 3139 2246 temporis
3180 2178 3340 2233 valde
3368 2194 3520 2232 com-

1936 2274 2111 2330 munis
2135 2282 2272 2336 erat,
2300 2282 2355 2326 ut
2382 2271 2517 2325 cibis
2541 2270 2912 2324 innocentibus
2934 2271 3194 2333 contenti,
3217 2285 3245 2322 a
3272 2270 3524 2323 carnibus

1934 2362 2337 2434 quadrupedum
2376 2362 2733 2424 abstinerent,
2767 2376 2874 2414 non
2903 2360 3046 2429 quod
3078 2360 3162 2414 bis
3189 2360 3333 2415 vesci
3366 2370 3525 2429 nvget

1937 2457 2119 2517 lcerc,
2148 2455 2241 2509 sed
2270 2453 2393 2524 quia
2426 2455 2619 2507 melius
2647 2460 2732 2505 est
2761 2467 2865 2504 non
2899 2452 3065 2506 vesci.
3099 2451 3312 2505 Nullum
3342 2453 3520 2505 cibum

1936 2548 2258 2604 Christianis
2295 2547 2517 2601 vetitum
2548 2561 2669 2600 esse
2701 2545 2841 2599 haud
2869 2544 3098 2600 obscure
3127 2555 3252 2600 ante
3280 2546 3526 2600 iunnerat

1936 2662 2082 2701 vers.
2114 2646 2171 2699 11
2213 2652 2269 2698 et
2313 2659 2466 2711 seqq.
2496 2660 2509 2695 :
2543 2642 2611 2696 Te
2643 2644 2751 2695 sine
2780 2643 2927 2695 dulce
2955 2640 3103 2705 nihil,
3148 2639 3380 2706 Domine,
3418 2639 3527 2693 Nec

1928 2743 2081 2811 juvat
2113 2753 2201 2790 ore
2244 2736 2368 2805 quid
2398 2746 2657 2805 appetere,
2688 2733 2885 2786 Pocula
2919 2735 2969 2785 ni
3000 2735 3163 2802 prius,
3194 2742 3344 2801 atque
3367 2732 3525 2795 cibos,

1937 2830 2155 2895 Christe,
2176 2839 2293 2881 tuus
2310 2828 2457 2895 favor
2477 2826 2727 2892 imbuerit,
2749 2826 2921 2879 OMNIA
2944 2832 3359 2880 ssucrtt‘tcaure
3384 2842 3521 2878 FIDE.

1939 2922 2140 2989 Quibus
2173 2919 2460 2989 poStrcmis
2488 2918 2670 2972 verbis
2702 2918 2889 2970 alludit
2921 2927 3012 2969 aut
3060 2917 3125 2969 ad
3154 2927 3312 2984 caput
3342 2933 3372 2970 x
3406 2919 3523 2971 Act.

1939 3023 2135 3085 apost.,
2157 3027 2298 3067 vers.
2324 3010 2501 3078 ll(a),
2526 3020 2615 3064 aut
2638 3011 2701 3063 ad
2725 3020 2883 3079 caput
2904 3010 3137 3078 chpist
3168 3009 3246 3063 ad
3272 3010 3521 3077 Romam,

1940 3122 2080 3160 vers.
2111 3106 2181 3159 20
2211 3104 2311 3172 (b).
2946 3098 2949 3099 ⁷

2012 3200 2133 3254 171.
2163 3197 2438 3252 Ριιιᾱθηιτί
2465 3211 2618 3250 mens
2643 3196 2839 3249 clarius
2865 3190 3181 3264 intelligittti‘
3205 3212 3267 3249 cx
3316 3196 3525 3249 ratione

1942 3306 2099 3360 quam
2150 3288 2404 3357 subiicit,
2461 3303 2558 3341 cur
2596 3289 2704 3340 Deo
2749 3288 2947 3355 gratias
2989 3302 3147 3355 agere
3185 3287 3475 3340 debeamus
3511 3305 3522 3339 :

1940 3380 2061 3450 Ipse
2080 3380 2279 3432 homini
2299 3379 2418 3448 quia
2444 3388 2621 3430 cuncta
2644 3377 2690 3429 άι
2708 3379 2802 3441 dit,
2825 3378 2955 3443 Qum
2979 3378 3211 3444 capimus
3233 3377 3423 3430 domin:
3444 3390 3529 3429 nte

1939 3489 2116 3533 manu,
2154 3470 2281 3537 Qua:
2311 3469 2483 3540 polus,
2516 3478 2603 3521 aut
2635 3470 2832 3531 humus,
2866 3477 2953 3521 aut
2987 3469 3196 3539 pelagus
3223 3470 3368 3535 Aere,
3401 3486 3526 3538 gur-

1936 3571 2056 3639 gite,
2088 3583 2206 3619 rure
2233 3574 2425 3627 creant,
2462 3562 2591 3616 Htec
2617 3563 2740 3615 mihi
2770 3563 3014 3625 subdidit,
3048 3572 3092 3616 et
3118 3563 3212 3615 sibi
3240 3580 3338 3615 me.
3386 3564 3529 3617 inter

1936 3673 1999 3712 ea
2030 3674 2156 3712 vero
2185 3672 2302 3725 quae
2330 3657 2471 3710 Deus
2498 3656 2641 3709 humi
2668 3655 2695 3708 εἰ
2726 3655 2979 3718 subdidit,
3012 3656 3076 3709 ad
3100 3656 3523 3711 ChriStianorutn

1936 3749 2113 3803 cibum
2154 3748 2330 3816 scligit
2368 3761 2494 3801 aves
2529 3754 2581 3800 et
2619 3746 2794 3814 pisces
2828 3748 2919 3817 (c).
2963 3747 3097 3801 'l‘nm
3131 3748 3274 3801 rd‘lit
3322 3748 3527 3803 fructus

1939 3850 2093 3895 tetrc
2123 3852 2175 3896 et
2202 3840 2475 3904 arborum,
2503 3855 2600 3895 nec
2631 3856 2735 3893 non
2766 3840 2847 3895 lac
2877 3852 2929 3895 et
2955 3858 3071 3911 qum
3102 3857 3163 3896 ex
3195 3844 3331 3896 larlc
3360 3844 3523 3895 multa

1941 3934 2054 3990 ﬁeri
2086 3934 2282 3988 solent.
2318 3934 2573 4004 Syrorum
2605 3948 2666 3986 ea
2701 3932 2796 3987 fuit
2825 3934 3115 4000 dementia,
3149 3944 3204 3987 ut
3234 3950 3260 3986 a
3295 3935 3527 4001 p'scibus

1942 4036 1995 4079 ct
2024 4041 2051 4078 a
2084 4025 2348 4079 columbis
2378 4026 2654 4094 religionis
2685 4039 2845 4078 causa
2879 4026 3230 4079 abstinerent.
3265 4026 3523 4095 Ilyginns,

1940 4117 2112 4170 fabula
2142 4114 2245 4170 195
2285 4134 2298 4170 :
2332 4114 2407 4168 0b
2445 4115 2501 4168 id
2539 4114 2661 4182 Syri
2708 4116 2868 4182 pisces
2911 4126 2957 4168 et
2995 4116 3275 4177 columbas,
3310 4134 3434 4169 tuas
3474 4119 3527 4171 in

1939 4211 2150 4263 deorum
2172 4224 2437 4260 numerum
2456 4206 2659 4269 habent,
2680 4224 2781 4260 non
2803 4208 2982 4261 edunt.
3007 4207 3293 4261 Christiani
3320 4219 3525 4263 veteres

1938 4301 2116 4369 pisces
2145 4313 2377 4368 avesque
2415 4297 2601 4358 eodem
2637 4298 2755 4351 loco
2787 4298 3078 4367 ponebant,
3110 4298 3251 4365 quod
3282 4314 3342 4351 cx
3374 4299 3527 4366 aquis

240 4390 546 4445 contraria.
575 4388 743 4456 Quam
771 4387 927 4455 longe
962 4386 1029 4440 ab
1056 4385 1139 4439 his
1164 4384 1368 4438 deliriis
1395 4383 1715 4438 Prudentius
1742 4385 1837 4438 ab-
1864 4400 1917 4461 D
1943 4401 2048 4445 tam
2075 4391 2322 4446 volucres
2345 4405 2502 4457 quam
2527 4389 2702 4457 pisces
2729 4396 2883 4443 natos
2904 4390 3086 4443 doceat
3106 4387 3330 4443 Genesis
3352 4404 3523 4458 cap.t,

240 4484 340 4547 sit,
361 4496 431 4535 ex
452 4478 702 4535 omnibus
717 4477 832 4540 eius
846 4477 1171 4532 carminibus
1194 4476 1513 4545 perspicitur
1528 4476 1829 4532 evidenter.

239 4636 534 4709 gniﬁcetur
552 4632 745 4709 aliquid
773 4631 1043 4695 invisibile,
1091 4639 1195 4685 etc.
1246 4630 1401 4709 Apud
1452 4642 1695 4709 auctores
1726 4633 1846 4709 lati-

240 4703 352 4762 nos
410 4704 664 4772 liquidum
715 4718 812 4770 pro
864 4718 993 4772 puro
1041 4716 1185 4769 smpe
1224 4703 1476 4767 sumitur,
1538 4712 1595 4755 ut
1646 4704 1844 4770 liquida

237 4778 441 4837 oratio,
498 4784 553 4828 et
598 4775 811 4827 similia.
840 4772 1078 4826 Catullus
1135 4773 1373 4827 carmine
1417 4772 1485 4827 de
1518 4776 1640 4843 Aly,
1664 4790 1715 4827 v.
1745 4775 1842 4841 46,

245 4848 588 4915 ιὶηιιὶᾱαᾳιιε
613 4853 774 4915 mente
789 4843 932 4915 vidit.

324 4911 412 4983 ta)
457 4914 522 4969 Et
553 4915 672 4966 vidit
703 4911 938 4983 (Petrus)
969 4912 1148 4965 caelum
1177 4920 1433 4982 apertum,
1464 4921 1511 4964 et
1534 4913 1842 4967 descendens

234 5004 342 5043 vas
380 4986 668 5054 quoddam,
710 4985 843 5037 velut
883 4983 1390 5054 linteumAmugnum,
1430 4994 1645 5051 quatuor
1681 4985 1842 5038 initiis

232 5051 487 5113 submitti
509 5054 573 5108 de
600 5055 725 5108 coelo
755 5054 808 5106 in
838 5065 1049 5105 terram.
1092 5051 1158 5105 In
1184 5051 1285 5122 quo
1322 5066 1465 5106 erant
1505 5057 1675 5108 omnia
1708 5072 1841 5118 qna-

236 5127 535 5195 drupedia,
569 5136 612 5177 et
644 5123 896 5195 serpentia
922 5129 1090 5195 terra',
1118 5133 1164 5175 et
1193 5124 1421 5176 volatilia
1449 5126 1583 5180 caeli.
1616 5124 1681 5177 Et
1709 5128 1846 5192 facta

235 5208 328 5252 est
363 5191 474 5250 rex
509 5195 577 5247 ad
616 5191 734 5248 eum
762 5209 780 5247 .'
810 5194 1000 5260 Surge,
1038 5191 1093 5244 Ρρ
1112 5204 1206 5257 tre,
1250 5195 1443 5258 occide,
1482 5208 1529 5248 et
1570 5191 1841 5250 manduca.

238 5270 344 5322 Ait
376 5277 549 5319 autem
578 5265 790 5327 Petrus;
812 5264 973 5328 Absit,
1004 5262 1233 5321 Domine.
1257 5267 1373 5330 quia
1404 5282 1663 5334 nunquam
1693 5282 1843 5318 man-

234 5338 444 5391 ducavi
474 5352 620 5389 omne
658 5351 921 5387 commune
973 5342 1019 5385 et
1058 5335 1395 5388 immundum.
1445 5335 1509 5387 Et
1543 5353 1638 5391 vos:
1665 5338 1845 5390 iterum

230 5408 483 5462 secundo
512 5407 581 5458 ad
610 5421 725 5459 eum
755 5420 774 5458 :
807 5402 956 5471 Quod
985 5400 1125 5457 Deus
1154 5406 1470 5474 puriﬁcavit,
1501 5417 1553 5458 tu
1583 5421 1846 5461 commune

231 5494 311 5531 ne
341 5477 556 5529 dixeris.

326 5548 412 5615 (b)
457 5546 508 5600 Ν
516 5546 587 5599 oli
615 5556 823 5615 propter
852 5561 1019 5600 escam
1046 5547 1303 5599 destruere
1341 5562 1468 5615 apus
1500 5545 1615 5600 Dei.
1662 5545 1849 5600 Omnia

230 5620 471 5687 quidem
508 5627 625 5687 sunt
666 5619 893 5679 munda;
930 5619 1018 5669 sed
1056 5616 1249 5670 malum
1284 5625 1357 5670 cst
1393 5617 1605 5681 homini,
1637 5618 1724 5684 qui
1763 5633 1851 5682 per

232 5686 637 5755 aﬂendiculum
688 5688 983 5740 manducet.
1051 5686 1361 5741 Bonum‘cst
1398 5703 1500 5743 non
1538 5690 1850 5740 manducare

232 5772 475 5815 Carnem
516 5766 563 5810 et
592 5774 694 5811 non
725 5756 885 5812 bibere
914 5757 1085 5813 vinum
1103 5798 1118 5827 ,
1148 5773 1307 5829 neque
1336 5758 1388 5812 in
1418 5774 1517 5827 quo
1547 5760 1707 5829 frater
1737 5766 1851 5810 tuus

1942 4496 2084 4537 vers.
2103 4480 2175 4537 20
2190 4479 2288 4551 (ά).
2314 4480 2387 4535 Ex
2413 4495 2520 4548 quo
2540 4479 2946 4543 S.Ambrosius,
2968 4479 3165 4547 hymno
3192 4479 3256 4533 ad
3280 4495 3528 4547 vesperas

1951 4634 2248 4701 offenditur,
2271 4646 2360 4688 aut
2389 4634 2787 4695 scandalizatur.
2819 4646 2907 4687 aut
2934 4634 3241 4703 inﬁrmatur.
3266 4635 3346 4687 'l'u
3377 4637 3529 4704 ﬁdem

1949 4706 2144 4759 habes?
2166 4722 2315 4772 penes
2337 4705 2652 4773 temetipsum
2676 4705 2802 4757 habe
2821 4721 2990 4757 coram
3014 4705 3123 4757 Deo
3140 4746 3151 4759 .
3175 4742 3188 4755 .
3208 4746 3218 4757 .
3240 4708 3343 4771 Qui
3361 4718 3531 4760 autem

1946 4777 2212 4841 discerntt,
2244 4777 2288 4828 si
2316 4775 2717 4838 manducauerit,
2752 4774 3025 4829 danmatus
3049 4785 3121 4829 est
3141 4792 3159 4829 :
3181 4779 3300 4843 quia
3329 4794 3428 4830 non
3460 4788 3533 4830 est

1947 4862 2012 4899 EX
2044 4861 2185 4899 FIDE.
2219 4844 2383 4899 Omne
2416 4854 2589 4897 autem
2615 4846 2749 4912 quod
2782 4861 2884 4898 non
2918 4858 2989 4899 €81
3024 4862 3089 4900 EX
3120 4862 3240 4899 FIDE
3271 4858 3534 4919 peccatum

1943 4925 2020 4970 est
2025 4952 2041 4969 ο

2022 4986 2093 5056 (c)
2151 4986 2385 5041 Callidus
2426 4985 2668 5057 illaqueat
2723 4987 3099 5057 l’OlllCTGSiAUl
3146 4988 3339 5057 pedicis
3387 4988 3535 5042 dolus

1951 5069 2039 5111 aut
2065 5057 2302 5123 maculis,
2329 5057 2475 5111 Illita
2505 5056 2696 5129 glutine
2724 5059 2938 5111 corticeo
2966 5056 3171 5129 Vimina
3201 5060 3534 5129 plumigeram

1956 5130 2140 5182 seriem
2176 5128 2471 5199 Impediunt
2507 5126 2560 5181 ct
2602 5128 2743 5199 abire
2796 5138 2983 5181 vetant.
3033 5126 3164 5199 Ecce
3202 5126 3292 5199 per
3331 5126 3535 5191 atquora

1954 5194 2448 5269 ﬂuctivagos'Texta
2497 5215 2670 5267 greges
2705 5198 2910 5251 sinuosa
2945 5198 3189 5269 (ra/tuna
3212 5194 3379 5269 Piscis
3416 5199 3535 5269 item

1952 5265 2183 5337 sequi'ur
2209 5265 2717 5337 calamumplla—ptus
2748 5269 2980 5320 acumine
3009 5266 3274 5334 valui/ica,
3311 5265 3535 5320 Credula

1954 5341 2158 5393 saucius
2192 5357 2283 5390 ora
2314 5343 2439 5392 cibo.

2028 5411 2107 5475 (ὀ)
2155 5409 2394 5469 Dixitque
2432 5409 2582 5460 etiam
2628 5405 2805 5460 Deus:
2843 5403 3135 5458 Pt'odurant
3174 5422 3322 5475 aqua?
3360 5406 3537 5473 reptile

1955 5483 2143 5532 animm
2166 5480 2391 5540 viventis,
2418 5486 2466 5529 et
2501 5475 2706 5529 volatile
2727 5491 2878 5542 super
2899 5484 3084 5528 terrain
3105 5476 3195 5529 sub
3214 5477 3536 5541 ﬁrmamento

1957 5549 2089 5602 cali.
2124 5547 2417 5613 Creavitque
2448 5546 2583 5596 Dens
2609 5554 2713 5597 cete
2741 5544 2977 5612 grandia,
3010 5553 3056 5597 ct
3088 5562 3283 5598 omnem
3313 5547 3536 5598 animant

1957 5620 2214 5678 viventem,
2238 5625 2386 5679 atque
2416 5615 2724 5675 motabilent,
2750 5629 2903 5681 quam
2933 5614 3279 5683 produxerant
3308 5630 3453 5682 aqua:
3484 5616 3537 5669 in

1957 5688 2149 5757 species
2171 5702 2311 5752 suas,
2334 5695 2378 5739 et
2403 5700 2552 5741 omne
2581 5685 2783 5740 volatile
2810 5684 3087 5740 secundum
3109 5699 3267 5755 genus
3292 5700 3462 5741 suum.
