3998 6182
210 319 302 379 701
1596 317 1783 375 PBOLi

1891 318 2131 377 )MENA.

205 433 339 503 Quid
368 432 435 489 ad
467 433 583 490 huic
605 431 964 490 Prudentius?

263 548 448 598 Damna
464 560 628 607 aures,
654 547 802 596 Pater
826 545 973 605 ahne,
1006 557 1159 597 meas.
1182 548 1235 594 et
1252 542 1427 607 claude
1445 551 1639 595 meatus

264 604 675 659 tibbruteseentis
708 609 899 670 capitis,
927 604 990 657 ne
1012 609 1180 670 pervia
1204 604 1328 657 tales

265 672 516 732 Concipiat
533 672 726 718 ﬂexura
749 682 950 718 sonos...

205 776 413 830 Etcum
442 773 722 842 insigniter
767 771 1044 840 probasset
1078 770 1357 824 Dominum
1394 769 1549 823 Nolle
1574 770 1785 834 malum,

204 881 315 930 nec,
344 865 483 934 quod
498 872 611 935 post
637 862 817 926 abluit,
836 871 955 914 ante
979 864 1216 933 probare,
1239 860 1561 915 Mareioncm
1591 861 1786 914 iterum

207 963 483 1024 urgentem
514 951 719 1006 inducit
742 970 757 1006 ;

262 1044 489 1092 lnvitone
514 1042 690 1103 aliquis
715 1042 841 1103 potis
865 1046 941 1090 est
959 1054 1166 1103 peccare
1189 1040 1411 1090 Tonante
1432 1037 1458 1088 ?

260 1105 348 1154 Cui
369 1106 512 1153 facile
536 1112 613 1153 est
636 1107 684 1152 in
708 1104 855 1153 corde
882 1105 1090 1151 hominis
1112 1114 1407 1165 componere
1438 1113 1631 1165 sensus.

259 1168 395 1225 Quos
413 1167 582 1223 libeat,
608 1166 852 1225 ﬁbrasque
868 1178 1040 1213 omnes
1062 1164 1277 1212 animare
1296 1164 1481 1224 pudicis

259 1228 510 1287 Pulsibus,
535 1234 587 1276 et
605 1233 761 1277 totum
788 1229 925 1274 venis
948 1226 1204 1274 infundere
1231 1226 1511 1274 honestum.

198 1332 333 1390 lluie
360 1326 491 1403 ergo
540 1331 833 1401 objectioni
867 1331 1103 1385 occurrit
1148 1330 1501 1397 Prudentius,
1536 1347 1642 1387 non
1674 1347 1788 1387 res-

200 1424 448 1494 pondens
499 1422 815 1492 simpliciter
865 1420 1139 1476 hominem
1171 1421 1337 1477 libere
1386 1437 1659 1491 peccare,
1689 1422 1785 1479 sed

201 1519 308 1572 vim
338 1517 604 1572 libertatis
632 1516 684 1570 in
716 1531 781 1570 eo
818 1515 974 1569 sitam
1022 1530 1160 1581 esse,
1194 1525 1250 1571 ut
1276 1515 1437 1570 homo
1468 1516 1637 1587 possit
1664 1532 1788 1586 pce-

202 1625 348 1678 care,
382 1610 685 1681 oportuisse
723 1609 991 1663 hominem
1043 1608 1217 1663 creari
1248 1608 1348 1663 hac
1377 1610 1624 1665 libertate
1654 1592 1788 1678 pra-

200 1703 407 1772 diturn,
454 1712 512 1758 ut
562 1701 846 1756 laudabilis
883 1701 1212 1771 prmmioque
1238 1701 1429 1771 dignus
1456 1711 1632 1767 esset;
1663 1718 1784 1773 qua:

199 1797 427 1851 minime
453 1804 534 1851 est
556 1795 743 1865 petitio
768 1794 1037 1865 principii.

256 1885 457 1944 Nescis,
489 1886 660 1946 stulte,
688 1893 785 1946 tua?
812 1888 903 1934 vim
941 1885 1180 1934 libertatis
1202 1886 1263 1933 ab
1287 1886 1390 1946 ipso

259 1947 552 1996 Formatore
576 1944 734 1996 datam
751 1944 777 1995 ‘l
800 1946 971 1994 Nescis
994 1947 1053 1994 ab
1077 1948 1267 2005 origine
1299 1944 1477 2007 quanta

257 2010 338 2058 Sit
363 2022 591 2058 concessa
617 2010 703 2056 tibi
724 2008 901 2057 famulo
917 2021 1064 2068 super
1087 2009 1207 2056 orbe
1236 2014 1512 2069 potestas...

260 2070 427 2128 Quale
451 2077 576 2127 erat,
602 2069 792 2118 electus
817 2070 977 2127 magni
1004 2083 1090 2117 rex
1120 2070 1253 2117 orbis
1270 2076 1324 2115 ut
1347 2076 1484 2118 esset

258 2132 373 2180 Non
396 2144 485 2181 rex
507 2132 612 2192 ipse
632 2133 726 2191 sui,
748 2136 887 2179 curto
909 2128 1113 2178 fusdatus
1130 2130 1317 2178 honore
1336 2128 1360 2177 ?

259 2194 390 2251 Quae
414 2191 516 2240 laus
533 2191 684 2253 porro
704 2192 929 2248 hominis,
949 2192 1027 2239 vel
1050 2193 1176 2252 quod
1197 2193 1439 2253 meritum,
1466 2192 1575 2241 sine
1594 2197 1729 2240 certo

263 2255 411 2304 inter
433 2252 691 2315 utramque
716 2256 838 2303 viain
861 2253 1138 2301 discrimine
1163 2253 1332 2304 vivere
1361 2252 1541 2314 justi...

196 2358 388 2429 Itaque
415 2373 537 2413 eum
583 2359 773 2412 melior
801 2359 874 2412 sit
913 2358 1251 2411 Providentia
1276 2398 1291 2422 ,
1326 2358 1376 2411 in
1405 2373 1507 2427 qua
1541 2357 1788 2412 homines

197 2454 419 2525 possint
475 2452 642 2507 libere
692 2466 876 2521 agere,
918 2450 1161 2520 adeoque
1204 2450 1493 2519 aliquando
1539 2458 1784 2517 peccent,

194 2561 361 2616 quam
408 2544 751 2600 Providentia
776 2583 793 2609 ,
837 2543 888 2596 in
917 2558 1020 2613 qua
1068 2557 1229 2597 nemo
1268 2557 1405 2597 unus
1446 2542 1692 2597 libertate
1718 2543 1791 2596 sit

196 2636 465 2707 praeditus
489 2681 503 2703 ,
559 2634 759 2689 corruit
807 2634 1061 2705 quidquid
1094 2633 1351 2698 Marcion,
1384 2634 1639 2703 quidquid
1668 2634 1791 2688 Cle-

192 2729 381 2792 ricus,
406 2726 661 2796 quidquid
694 2726 889 2780 Bailius
926 2726 1151 2795 oggerit.
1180 2725 1310 2779 Nam
1342 2728 1499 2779 etiam
1539 2725 1786 2793 princeps

193 2818 448 2874 mortalis
479 2819 655 2887 (cujus
684 2818 805 2871 alite
832 2826 959 2871 sunt
988 2817 1156 2886 leges)
1199 2832 1306 2871 non
1335 2817 1603 2871 diceretur
1649 2817 1786 2870 velle

189 2911 405 2965 malum
428 2948 443 2972 ,
474 2908 717 2978 quamvis
747 2910 903 2981 150
952 2908 1352 2963 Provident'am
1374 2950 1389 2971 ,
1424 2908 1617 2964 bonam
1649 2910 1784 2963 alio-

190 3003 322 3073 quin
381 3009 436 3057 et
481 3001 687 3063 utilem,
735 3015 840 3055 non
883 3000 1102 3055 tolleret
1143 3015 1175 3055 e
1218 3000 1414 3064 medio,
1443 3016 1475 3055 e
1505 3016 1604 3070 qua
1635 3009 1783 3054 certo

189 3097 367 3150 sciret
394 3135 409 3157 ,
454 3095 696 3164 qnzcdam
746 3102 991 3149 secutura
1032 3108 1151 3149 esse
1196 3094 1354 3148 mala.
1398 3094 1579 3163 Neque
1627 3094 1783 3148 video

189 3201 369 3255 quare
400 3186 598 3240 Bailius
626 3186 803 3241 thesin
832 3200 863 3239 a
892 3201 949 3240 se
987 3188 1269 3241 confictam
1304 3202 1400 3253 pro
1428 3186 1644 3241 notione
1671 3188 1775 3240 ela-
1811 3176 1855 3235 C

186 3278 413 3333 rissima
444 3277 704 3342 venditet,
734 3293 837 3345 qua
866 3280 1025 3331 etiam
1056 3279 1224 3333 Deum
1249 3278 1379 3332 velit
1407 3278 1638 3346 alligari.

260 3372 399 3426 175.
428 3369 483 3426 Si
510 3378 689 3425 tamen
732 3371 930 3424 Bailius
951 3380 1043 3424 aut
1067 3370 1264 3440 aliquis
1297 3386 1393 3440 pro
1419 3384 1486 3424 eo
1524 3381 1780 3439 apponat,

185 3469 441 3537 patuisse
489 3466 656 3519 Deum
697 3466 913 3520 efficere
961 3474 1019 3519 ut
1071 3466 1232 3520 homo
1274 3475 1330 3519 et.
1370 3465 1505 3520 bene
1534 3476 1588 3519 et
1617 3465 1786 3522 libere

184 3573 413 3629 semper
457 3566 681 3625 ageret,
719 3558 945 3624 primum
985 3573 1106 3612 cum
1148 3558 1205 3614 S.
1255 3561 1557 3628 Augu~tino
1581 3560 1781 3625 dicam,

183 3650 396 3704 melius
438 3647 711 3716 iudicasse
745 3649 909 3702 Deum
941 3648 1009 3703 de
1039 3650 1192 3703 malis
1237 3650 1372 3705 bene
1399 3652 1594 3715 facere,
1620 3666 1782 3720 quam

183 3740 333 3794 mala
352 3739 497 3792 nulla
515 3752 636 3793 esse
650 3740 957 3805 permittere
979 3755 993 3804 ;
1013 3748 1125 3793 tum
1146 3754 1250 3793 non
1269 3750 1351 3794 est
1364 3740 1523 3797 modo
1538 3756 1787 3810 qumren-

179 3830 318 3885 dum
351 3829 483 3897 quid
511 3829 652 3884 Deus
678 3830 911 3898 patuerit
938 3830 1119 3885 facere
1144 3870 1159 3892 ,
1189 3830 1282 3885 sed
1313 3846 1378 3884 an
1411 3831 1462 3886 id
1486 3832 1630 3900 quod
1661 3833 1786 3888 fecit

179 3937 315 3977 cum
346 3921 471 3990 ejus
510 3920 750 3976 bonitate
780 3922 1072 3977 cohaareat.
1097 3922 1324 3976 Dubium
1356 3933 1534 3978 autem
1567 3940 1672 3977 non
1702 3934 1785 3979 est

179 4015 319 4084 quin
354 4014 502 4068 Deus
543 4013 715 4068 bonus
744 4015 815 4069 sit
858 4015 1180 4083 iudicandus
1206 4061 1219 4081 ,
1251 4017 1461 4070 etiamsi
1507 4016 1782 4072 hominem

176 4120 424 4174 peccare
448 4107 738 4172 permittat.
778 4107 1053 4160 Postremo
1078 4107 1335 4176 quidquid
1371 4108 1459 4172 sit,
1504 4122 1570 4161 an
1603 4110 1779 4175 aliqua

177 4197 491 4266 excogitari
530 4198 701 4265 possit
730 4197 1071 4252 Providentia
1098 4238 1113 4261 ,
1148 4199 1198 4251 in
1228 4213 1327 4267 qua
1360 4213 1573 4266 semper
1594 4214 1782 4254 omnes

177 4291 444 4346 homines
485 4290 619 4344 liene
655 4290 1243 4359 uterentur,lihertate,
1275 4290 1408 4343 ordo
1460 4304 1636 4344 rerum
1682 4289 1772 4358 qui

175 4396 337 4438 nunc
368 4390 486 4450 est,
520 4381 653 4447 fert,
688 4391 747 4433 ut
775 4381 938 4435 homo
979 4381 1245 4435 interdum
1279 4391 1484 4449 peccet,
1518 4378 1618 4433 nisi
1642 4379 1783 4433 Deus

173 4488 410 4531 cursum
460 4472 757 4527 naturalem
801 4486 1081 4525 causarum
1111 4471 1405 4539 impediat,
1436 4469 1574 4537 quod
1621 4485 1781 4539 agere

175 4578 296 4619 non
320 4562 507 4617 debet.
533 4561 714 4629 Neque
741 4561 881 4615 enim
913 4563 1224 4628 contingere
1253 4569 1448 4628 potest,
1480 4568 1538 4612 ut
1564 4559 1780 4613 libertas
1809 4545 1858 4606 Ι)

178 4667 267 4713 tot
300 4656 590 4712 contrariis
618 4656 931 4724 impulsibus
951 4665 1217 4710 commota
1239 4665 1553 4709 constanter
1583 4655 1778 4707 bonum

178 4756 577 4818 prosequatur.
620 4747 699 4800 An
742 4756 915 4800 autem
949 4746 1267 4800 Prudentius
1318 4744 1607 4799 crediderit
1655 4746 1777 4798 exi-

175 4852 361 4908 gnum
404 4844 529 4893 esse
572 4837 944 4892 damnatorum
997 4850 1302 4900 numerum,
1353 4834 1479 4888 nihil
1523 4834 1587 4888 ad
1646 4836 1784 4889 hanc

173 4926 577 4999 qua‘stionem.
626 4927 832 4981 Det-tius
879 4936 1083 4981 etcum
1126 4941 1192 4980 eo
1219 4925 1432 4992 ltisens,
1461 4926 1605 4994 llisp.
1639 4940 1778 4979 sacr.

171 5030 329 5074 tom.
376 5017 571 5083 XXXI,
599 5017 1018 5085 interpretantur
1043 5015 1388 5070 Prudentium
1414 5032 1518 5069 non
1549 5016 1783 5069 tenuisse

168 5111 521 5167 sententiam
554 5110 903 5178 quorumdam
939 5108 1308 5178 theologorum
1352 5108 1419 5163 de
1446 5107 1634 5176 majori
1681 5124 1782 5160 nu-

170 5218 349 5259 mero
381 5201 880 5268 praidestinatorum
903 5241 919 5266 ,
972 5201 1065 5256 sed
1095 5202 1270 5255 solum
1305 5216 1549 5256 asserere
1584 5215 1781 5266 paucos

168 5312 248 5352 ex
310 5295 499 5359 impiis
537 5295 712 5363 perire
759 5302 1068 5361 comparate
1113 5294 1177 5347 ad
1220 5310 1314 5349 eos
1357 5294 1446 5363 qui
1493 5294 1777 5347 damnandi

164 5394 412 5449 essent,
440 5384 541 5438 nisi
582 5384 725 5439 Deus
755 5386 836 5439 eis
862 5399 955 5438 sua
979 5384 1147 5454 gratia
1174 5392 1226 5438 et
1254 5383 1578 5452 benignitate
1607 5383 1780 5451 opitu-

165 5479 424 5532 laretur.
457 5475 510 5531 ld
541 5476 749 5531 videtur
782 5477 959 5547 colligi
989 5493 1054 5531 ex
1087 5476 1329 5531 versibus
1369 5492 1518 5530 num.
1555 5476 1656 5531 174
1698 5491 1783 5530 re-

162 5570 343 5633 iatis,
362 5568 461 5621 nisi
489 5567 589 5622 sibi
614 5568 711 5636 ipsi
736 5569 891 5638 plane
910 5568 1207 5623 contrarius
1230 5566 1455 5631 dicatur,
1480 5566 1617 5635 quod
1650 5583 1778 5621 non-

165 5661 334 5718 nulli
388 5661 441 5715 in
490 5662 779 5731 Prudentio
826 5661 1051 5728 aliisque
1103 5659 1278 5728 poetis
1330 5657 1617 5715 absordum
1661 5673 1782 5712 esse

160 5750 344 5811 male
391 5760 606 5823 negant.
656 5749 907 5821 Thcologi
939 5750 1039 5806 hoc
1069 5748 1187 5805 fuse
1216 5747 1505 5817 disputant,
1540 5747 1780 5815 majorne

3370 338 3471 398 70?.

1818 434 1872 496 Λ
1899 432 1968 488 sit
1996 431 2496 502 pracdestinatorum
2517 451 2676 507 quam
2706 439 3055 509 reproborum
3080 447 3362 506 numerus}
3384 454 3471 507 In.

1896 534 1974 579 ter
2002 525 2224 596 angelos
2253 527 2299 581 si
2322 526 2413 581 fiat
2439 531 2770 598 comparatio
2793 571 2811 599 ,
2863 533 3049 603 plures
3078 535 3242 590 tuisse
3272 534 3483 605 praede-

1892 616 2122 671 stinatos
2150 617 2501 686 probabiliter
2522 621 2801 676 asseritur.
2823 622 2882 679 Si
2913 627 3140 692 quaestio
3168 628 3484 683 instituatur

1892 706 1961 761 de
2000 708 2253 764 omnibus
2296 710 2518 764 omnino
2561 710 2870 768 hominibus
2896 716 2987 784 qui
3039 716 3482 790 fueruntquique

1894 797 2051 852 futuri
2107 806 2254 867 sunt,
2310 800 2566 868 majorem
2612 816 2733 857 esse
2780 818 3061 860 numerum
3121 808 3478 876 reproborum

1890 891 2229 945 communior
2270 899 2325 946 et
2353 893 2529 946 verior
2551 902 2635 947 est
2665 896 2957 949 sententia.
2987 896 3297 953 Tenendum
3327 901 3477 968 pari—

1893 988 1975 1034 ter
1996 988 2109 1045 cst,
2135 996 2198 1034 ex
2227 981 2571 1049 Christianis,
2598 986 3005 1053 comprehensis
3036 988 3321 1056 haereticis,
3353 992 3477 1061 plu-

1891 1086 1978 1125 res
2004 1072 2244 1126 damnari
2262 1088 2419 1143 quam
2441 1075 2660 1130 salvari.
2688 1077 2769 1132 Ex
2792 1078 2874 1132 his
2903 1081 2992 1148 qui
3017 1080 3153 1135 intra
3180 1082 3473 1141 Ecclesium

1889 1161 2207 1217 catholicam
2224 1164 2512 1232 decedunt,
2541 1167 2630 1236 plu
2640 1184 2723 1224 res
2744 1184 2864 1224 esse
2880 1172 3287 1239 prtedestinatos
3313 1193 3472 1244 quam

1890 1252 2150 1321 reprobos
2199 1254 2430 1325 theologi
2491 1258 2635 1313 docti
2695 1260 2879 1330 piique
2916 1263 3231 1319 exisumant
3276 1284 3346 1335 qu
3374 1271 3473 1323 hns

1890 1360 2190 1416 repugnare
2241 1363 2347 1403 non
2400 1352 2596 1405 audeo.
2642 1354 2827 1408 Exstat
2876 1356 2945 1409 cl.
3002 1358 3146 1413 Petri
3206 1360 3377 1414 Frauc
3400 1366 3475 1417 sci

1892 1437 2133 1508 Fogginii
2155 1454 2290 1509 opus
2321 1441 2635 1511 inscriptum
2671 1463 2683 1498 :
2727 1445 2948 1500 Patrum
2987 1447 3233 1504 Erclesia!
3259 1452 3323 1507 de
3348 1472 3473 1524 pau-

1890 1531 2037 1585 citate
2076 1532 2372 1587 adultorum
2403 1536 2634 1603 ﬁdelium
2660 1541 3019 1595 solvendorum
3037 1584 3053 1609 ,
3079 1545 3123 1597 si
3150 1562 3266 1598 cum
3294 1564 3477 1614 repro-

1891 1622 2070 1678 bandis
2102 1625 2337 1692 ﬁdelibus
2363 1631 2724 1698 conferantur,
2752 1634 2883 1686 mira
2904 1639 3169 1690 consensio
3209 1651 3403 1693 asserta
3431 1652 3476 1695 et

1890 1711 2261 1806 demonstrata.
2310 1717 2517 1783 Roma,
2548 1720 2708 1775 1752.
2743 1723 3024 1779 Debuisset
3063 1727 3352 1806 Foggioius
3388 1732 3477 1784 di-

1817 1805 1865 1864 Β
1894 1805 2169 1874 Stinguere
2213 1808 2326 1862 loca
2381 1811 2596 1865 Patrum
2649 1814 2701 1867 in
2733 1816 2923 1883 quibus
2970 1818 3260 1875 Christiani
3291 1805 3477 1879 omnes

1893 1897 2095 1963 adulti,
2125 1900 2288 1954 etiam
2341 1903 2579 1960 hmretici
2610 1946 2626 1972 ,
2656 1911 3185 1975 comprehenduntur
3205 1956 3220 1980 ,
3258 1918 3325 1969 ah
3359 1918 3475 1974 alii

1892 1992 2298 2048 auctoritatibus
2313 2012 2433 2064 quae
2454 1998 2519 2051 ad
2549 1999 2694 2053 solos
2715 2002 3012 2057 catholicos
3034 2007 3333 2071 pertinent;
3365 2018 3475 2061 tum

1893 2079 2003 2133 alia
2029 2083 2331 2138 testimonia
2367 2086 2517 2157 151
2546 2088 2761 2143 Patrum
2785 2107 2903 2160 qua:
2926 2098 3214 2149 contraria:
3236 2098 3474 2164 opinioni

1890 2170 2071 2228 favere
2099 2175 2381 2242 videntur,
2425 2180 2733 2237 exscribere
2758 2192 2811 2236 et
2838 2185 3115 2252 explicare
3142 2205 3153 2238 :
3189 2203 3295 2240 non
3327 2190 3470 2242 enim

1890 2264 2048 2318 aliter
2072 2274 2242 2319 tutum
2269 2266 2527 2336 judicium
2563 2269 2689 2325 ferri
2733 2282 2908 2340 potest
2962 2292 3056 2343 pro
3105 2280 3237 2331 mira
3271 2280 3356 2332 illa
3389 2295 3475 2334 ωδε

1890 2362 2031 2407 serta
2080 2358 2455 2414 consensione.
2508 2362 2584 2416 De
2639 2364 2989 2421 distinctione
3045 2368 3187 2423 inter
3232 2387 3332 2423 non
3362 2373 3474 2442 pios

1891 2456 1944 2501 et
1965 2448 2150 2519 impios
2184 2450 2359 2506 dicam
2391 2468 2512 2523 cap.
2542 2470 2682 2526 seq.,
2714 2467 2771 2512 et
2815 2460 3061 2515 nonnihil
3091 2463 3142 2516 in
3184 2476 3472 2518 comment.

2483 2587 2710 2645 CAPUT
2751 2590 2912 2647 XVII.

1894 2690 2071 2746 Oratio
2097 2695 2151 2747 in
2180 2696 2283 2765 ﬁne
2324 2697 2731 2772 Ilamartigeniaz
2766 2705 3042 2774 exponitur
3081 2718 3128 2761 et
3165 2710 3474 2779 defenditur.

1961 2806 2087 2860 176.
2142 2807 2430 2877 Postquam
2492 2812 2814 2868 Prudentius
2863 2818 2914 2871 in
2967 2819 3363 2889 llaniartigeuia
3410 2825 3475 2878 de

1889 2896 2098 2966 piorum
2146 2902 2382 2969 praemiis
2425 2904 2822 2977 impiorumque
2861 2911 3136 2978 suppliciis
3168 2912 3272 2965 late
3303 2913 3473 2967 disse-

1889 2998 2098 3054 ruerat,
2124 2994 2421 3047 orationem
2447 2996 2513 3049 ad
2547 2996 2713 3051 Dcttm
2756 3002 3023 3054 convertit
3054 3016 3196 3055 vers.
3227 3003 3349 3068 951,
3385 3005 3473 3060 ubi

1888 3076 1943 3131 hi
1970 3081 2239 3149 praecipue
2268 3098 2453 3140 versus
2483 3087 2642 3157 vulgo
2665 3088 2716 3142 in
2741 3105 2965 3145 examen
2999 3104 3319 3147 revocantur
3350 3112 3364 3147 :

2564 3200 2670 3250 Non
2696 3214 2841 3263 posco
2862 3203 3005 3253 beata

1950 3253 2003 3303 In
2029 3258 2235 3316 regione
2265 3258 2518 3311 domum...

1950 3315 2013 3365 At
2036 3315 2151 3367 mihi
2178 3320 2397 3369 Tartarei
2423 3325 2541 3371 satis
2562 3333 2637 3374 est
2656 3326 2694 3373 si
2723 3326 2851 3374 nulla
2876 3328 3080 3376 ministri

1949 3380 2375 3448 Qecurratfacies,
2400 3384 2554 3448 avidae
2575 3399 2667 3435 nec
2692 3388 2874 3435 ﬂamma
2895 3391 3141 3448 gehennae

1949 3438 2171 3511 Devoret
2195 3444 2317 3491 hanc
2334 3438 2540 3511 animam
2566 3460 2773 3511 mersam
2800 3438 3072 3499 fornacibus
3106 3454 3235 3499 imis.

1951 3501 2066 3569 Esto
2089 3516 2379 3569 cavernoso,
2404 3508 2516 3566 quia
2535 3510 2603 3555 sie
2631 3523 2715 3569 pro
2736 3510 2845 3558 labe
2872 3524 3078 3561 necesse
3100 3521 3179 3563 est

1949 3563 2390 3637 gorporeatt‘ristis
2411 3563 2490 3637 me
2510 3563 2706 3637 sorbeat
2729 3572 2857 3631 ignis
2881 3574 3097 3637 Averno,

1950 3625 2135 3694 §al_tcrn
2159 3627 2382 3677 mitificos
2417 3625 2791 3694 incendialentua
2813 3645 3016 3694 vapores

1948 3686 2215 3756 Exhalent,
2241 3696 2462 3756 aestuque
2489 3691 2620 3739 calor
2644 3686 2911 3754 langtf’ent'e
2936 3703 3171 3756 tepescat.

1952 3748 2055 3815 Lux
2074 3750 2320 3815 immensa
2345 3748 2482 3813 alios,
2507 3748 2799 3815 ettempora
2827 3748 3199 3807 vincta'eoronis

1949 3812 2249 3872 Gloriﬂcent,
2274 3825 2357 3862 me
2379 3812 2984 3891 pmua.levis'clementer
3007 3819 3194 3869 adurat.

1887 3918 2135 3990 Plerique
2177 3918 2423 3973 catholici
2469 3925 2522 3974 tn
2572 3922 2674 3975 hac
2703 3923 2947 3979 oratione
2976 3924 3291 3993 exagitanda
3321 3939 3469 3980 acer-

1887 4009 2068 4064 biores
2094 4019 2215 4064 sunt
2239 4024 2396 4079 quam
2421 4012 2657 4066 nonnulli
2690 4012 3003 4067 heterodoxi
3032 4030 3046 4067 :
3074 4028 3197 4067 nam
3226 4013 3279 4066 hi
3302 4030 3467 4081 agno-

1886 4110 2040 4156 scunt
2070 4102 2247 4171 ignem
2300 4104 2669 4173 purgatorium
2695 4119 2756 4159 ea
2784 4104 3036 4168 defendi;
3064 4122 3222 4175 quam
3255 4118 3469 4162 senten-

1888 4195 2015 4249 tiam
2037 4196 2139 4252 etsi
2158 4195 2349 4251 falsam
2374 4199 2474 4266 ipsi
2503 4207 2710 4267 putent,
2736 4210 2912 4253 tamen
2946 4197 3181 4253 fatentur
3210 4215 3469 4269 quorum-

1885 4286 2009 4342 dam
2037 4296 2274 4343 veterum
2307 4289 2472 4344 fuisse
2497 4328 2514 4352 ,
2545 4299 2601 4343 et
2638 4305 2779 4345 nunc
2807 4290 2876 4345 ab
2904 4290 3153 4348 universa
3196 4293 3375 4346 cathol
3400 4308 3461 4347 ca

1890 4378 2127 4433 Ecclesia
2151 4381 2342 4434 teneri.
2366 4379 2442 4436 De
2465 4380 3002 4451 Magdeburgensibus
3022 4381 3130 4437 dixi
3162 4399 3311 4437 num.
3339 4384 3464 4441 l28.

1890 4468 2009 4524 Nic.
2050 4471 2314 4525 Antonius
2363 4472 2415 4525 in
2464 4472 2600 4525 liibl.
2664 4473 2810 4542 llisp.
2843 4483 2948 4528 vet.
2998 4474 3155 4528 docet
3208 4473 3464 4528 disertam

1883 4563 2023 4635 ignis
2050 4561 2271 4617 alterius
2314 4562 2384 4618 ab
2428 4564 2548 4633 igne
2590 4564 2799 4618 infeino
2847 4566 3083 4619 distincti
3138 4567 3464 4619 intentionem

1885 4654 1997 4708 fieri
2031 4654 2083 4707 in
2131 4654 2236 4707 fine
2288 4654 2720 4725 llam3rtigcniaa,
2765 4658 2906 4725 quod
2934 4657 3122 4711 int’me
3174 4656 3465 4725 purgatorii

1887 4746 2022 4815 ignis
2046 4759 2231 4800 osores
2253 4753 2465 4816 torquet
2488 4747 2794 4813 haereticos,
2834 4748 3130 4816 allegatqnc
3146 4747 3467 4803 Osiandrum

1887 4838 2124 4905 Epitom.
2170 4837 2299 4893 hist.
2349 4840 2542 4895 eccles.
2572 4877 2589 4903 ,
2619 4854 2698 4895 ee.
2723 4848 2761 4893 t.
2810 4839 2876 4903 4,
2911 4840 3007 4895 lib.
3040 4855 3091 4902 ι,
3134 4855 3252 4909 cap.
3280 4840 3374 4895 26.
3403 4841 3470 4896 Εο

1886 4927 2155 4982 Osiander
2193 4928 2410 4996 quidem
2447 4944 2512 4983 eo
2553 4929 2606 4983 in
2637 4929 2813 4999 capite
2856 4929 3208 4985 Prudentium
3256 4931 3471 4985 laudat.

1889 5018 1981 5073 sed
2015 5019 2154 5087 apud
2183 5019 2472 5074 Weitzium
2502 5020 2636 5075 nihil
2674 5022 2740 5077 de
2779 5021 2900 5089 igne
2939 5022 3247 5092 purgatorio
3295 5022 3469 5092 loqu.-

1890 5118 1997 5174 tur,
2025 5111 2274 5174 quamvis
2300 5110 2372 5165 illi
2408 5128 2591 5167 naevos
2619 5113 2825 5182 aliquos
2842 5113 3081 5181 objiciat.

1963 5202 2087 5256 177.
2144 5203 2201 5257 In
2232 5203 2469 5259 editione
2517 5204 2710 5261 Veneta
2761 5205 2896 5260 Bibl.
2942 5214 3048 5258 vet.
3089 5203 3206 5257 Lat.
3241 5203 3470 5258 Fabricii

1888 5304 2029 5344 aruo
2056 5292 2191 5347 1728
2214 5334 2230 5357 ,
2283 5292 2381 5346 lib.
2416 5310 2498 5357 tv,
2528 5310 2647 5363 cap.
2677 5294 2733 5359 2,
2765 5296 2814 5347 iti
2847 5295 3074 5362 quadam
3101 5303 3224 5346 nota
3255 5294 3392 5360 lrgo,
3419 5294 3470 5346 in

1890 5380 1997 5435 fine
2023 5382 2432 5452 llamartigenia:
2466 5384 2653 5451 subjici
2687 5398 2874 5448 preces
2899 5427 2913 5451 ,
2941 5386 3122 5449 quibus
3174 5395 3353 5437 auctor
3397 5385 3470 5437 ait

1889 5474 2112 5543 tiu/ﬁcere
2132 5476 2247 5538 sibi,
2279 5477 2323 5527 si
2353 5473 2502 5526 modo
2524 5474 2575 5525 in
2598 5474 2815 5525 Tartara
2837 5490 2938 5526 non
2955 5474 3280 5538 detrudatur,
3316 5475 3470 5542 152

1889 5566 2005 5618 licet
2026 5578 2184 5633 paeane
2210 5563 2409 5616 luenda:
2438 5565 2537 5617 sint
2566 5564 2619 5616 in
2662 5565 2978 5631 purgatorio.
3014 5565 3210 5637 llailius
3243 5565 3344 5615 alia
3388 5564 3470 5615 via

1889 5653 2236 5710 Prudentium
2272 5652 2405 5707 tueri
2432 5663 2656 5707 conatur
2672 5653 2933 5708 adversus
2958 5642 3318 5719 Pci'kinsium,
3343 5656 3469 5723 quia

1891 5746 2139 5801 nimirum
2166 5742 2337 5814 potuit
2366 5742 2686 5800 Prudentius
2716 5759 2775 5800 se
2807 5744 3134 5801 beatitudine
3162 5744 3467 5816 indignum,
