3998 6182
487 294 593 372 70:.

1906 299 2358 359 PRUDI'INTlUS.

3590 294 3593 299 ’
3651 298 3751 355 70's

490 427 757 497 supplicio
786 426 1002 493 dignum
1046 420 1359 478 existimare
1383 456 1397 484 ,
1441 431 1558 486 que
1593 414 1866 469 humilitas
1903 414 2061 480 impia
2096 418 2140 473 Α
2172 418 2371 471 Ansnm
2409 412 2638 482 priclmit
2678 412 2950 468 Gisclinns
2976 453 2991 478 ,
3040 410 3127 480 qni
3156 410 3209 464 in
3244 413 3638 466 commentario
3667 426 3759 463 re-

495 537 599 574 non
630 531 710 574 est
735 538 747 571 :
775 518 910 572 Cette
937 516 1169 569 humilité
1194 510 1395 567 est-elle
1419 510 1609 575 impie?
1641 507 1718 560 En
1747 509 1977 559 dormant
2001 524 2069 559 un

497 613 593 665 bon
619 622 730 664 tour
753 627 858 662 oux
884 608 1082 671 choses,
1109 623 1172 658 ne
1192 605 1241 657 la
1269 602 1667 655 nommerait-on
1693 616 1783 667 pas
1806 615 1905 652 une
1932 598 2074 651 obla-

500 703 607 754 tion
627 703 690 754 de
714 718 771 753 sa
792 713 1035 767 personae
1060 698 1090 749 ὰ
1112 696 1164 749 la
1186 693 1363 759 iustice
1384 693 1445 744 de
1476 692 1602 745 Dieu
1623 689 1868 756 ?quhns
1900 690 2075 741 Verbis

504 793 699 845 Duilius
742 793 870 843 satis
924 790 1095 842 innuit
1131 786 1339 841 nescire
1394 799 1451 837 sc
1499 783 1620 850 quid
1676 784 1748 835 sit
1786 780 2071 833 humilitas.

503 885 753 946 Quaenam
800 880 940 933 enim
967 887 1111 932 esset
1142 878 1242 930 ista
1278 875 1555 927 humilitas
1596 887 1698 941 qua
1749 871 1926 930 homo,
1956 884 2076 921 cum

506 974 673 1040 possit
698 972 859 1023 [leum
888 968 1183 1037 deprecari,
1213 976 1268 1018 nt
1298 962 1545 1018 criminib
1568 977 1612 1015 ιε
1637 964 1688 1013 in
1721 960 1818 1012 hac
1848 959 1951 1011 vita
1984 959 2076 1010 de-

509 1064 633 1117 let's
660 1065 724 1115 ab
754 1072 953 1115 interna
1004 1058 1348 1113 damnatione
1404 1056 1681 1117 liberetur,
1738 1053 1913 1120 potius
1964 1064 2083 1104 sese

522 1158 631 1210 [πο
658 1155 844 1209 olli-rat
865 1194 879 1217 ,
908 1163 966 1207 ut
995 1151 1265 1223 perpetuis
1287 1148 1517 1203 ﬂammis
1545 1154 1879 1214 torqueatur,
1910 1143 2084 1196 beati-

510 1245 697 1297 tudine
726 1244 934 1298 cmlesti
962 1282 976 1306 ,
1005 1242 1218 1309 Deoque
1247 1240 1364 1308 ipso
1386 1246 1647 1292 aeternum
1686 1233 1961 1303 privatus?
1986 1234 2083 1285 Pe-

511 1346 624 1390 trus
642 1334 990 1400 Wcsseling.,
1026 1331 1392 1386 Probabilinm
1418 1328 1507 1382 lib.
1539 1325 1815 1394 singulari,
1841 1338 1961 1391 cap.
1988 1322 2081 1383 Ἡ,

511 1440 695 1486 contra
729 1428 1069 1484 Guilicltnum
1100 1426 1329 1480 Caveutn
1360 1431 1691 1476 asserentem
1721 1462 1735 1486 ,
1768 1418 1985 1483 impium
2034 1424 2089 1469 et

515 1521 806 1577 Prudentia
830 1519 1099 1587 indignum
1123 1530 1242 1569 esse
1273 1514 1495 1574 dictum,
1529 1510 1647 1564 Non
1673 1525 1825 1577 posco
1848 1509 1993 1561 beata
2025 1504 2086 1559 In

516 1611 720 1679 regione
742 1609 947 1662 donmm
974 1647 989 1669 ,
1038 1606 1245 1672 reponit
1272 1621 1283 1654 :
1320 1602 1382 1655 At
1412 1601 1536 1669 quid
1557 1602 1602 1652 si
1631 1607 1778 1669 poeta
1797 1598 2008 1658 indicet,
2040 1613 2092 1649 se

518 1701 932 1769 gravissimorum
964 1703 1246 1748 erratorum
1276 1693 1370 1745 sibi
1400 1691 1655 1744 conscium
1678 1728 1693 1753 ,
1728 1705 1828 1741 non
1860 1688 2094 1755 asp'rare

2177 510 2279 563 fert
2319 523 2379 562 se
2417 507 2616 561 vidisse
2662 506 2801 559 hanc
2832 506 3130 559 orationem
3185 518 3430 559 seorsum
3475 518 3599 556 cum
3635 504 3761 556 ali's

2176 611 2422 651 excusata
2450 636 2465 659 ,
2498 610 2601 650 non
2639 594 2872 648 indicato
2902 594 3136 648 auctoris
3170 594 3387 647 nomine
3414 636 3429 659 ,
3462 592 3604 659 quod
3652 592 3761 646 ΐοῑύ

2179 695 2321 740 tasse
2352 686 2572 739 librario
2613 685 2941 753 incognitum
2974 694 3110 738 erat.
3148 683 3199 736 Id
3233 682 3453 740 coniicit
3482 698 3513 737 e
3552 683 3763 737 duobus

2180 781 2421 834 versibus
2441 793 2576 848 quos
2605 780 2656 833 iu
2681 780 2785 832 line
2814 778 3162 846 appenderat,
3190 780 3398 831 omnino
3428 790 3615 848 pra-ter
3642 795 3766 831 auc-

2185 870 2308 923 toris
2340 879 2552 921 mentem
2576 878 2621 920 et
2651 868 2968 932 sententiam,
2994 867 3082 935 qui
3110 867 3320 937 epilogo
3349 866 3537 937 hymni
3565 866 3623 921 S.
3658 868 3762 919 Ro-

2184 960 2324 1014 mani
2357 960 2713 1014 adversantur
2758 959 2857 1027 (b).
2907 959 3252 1026 Ludewigins
3308 969 3491 1012 narrat
3535 957 3763 1012 Giscliui

2183 1051 2492 1115 Opinionem
2541 1049 2593 1102 in
2640 1049 2885 1117 catalogo
2933 1047 3107 1102 Flacci
3144 1062 3266 1103 esse
3302 1049 3767 1116 expressain;scd

2184 1140 2323 1208 quod
2376 1140 2555 1207 spuria
2585 1140 2655 1193 sit
2682 1139 2857 1193 oratio
2880 1179 2895 1204 ,
2925 1153 3028 1191 non
3062 1140 3354 1192 assentitur
3376 1181 3391 1201 ,
3430 1138 3515 1192 illa
3564 1148 3771 1193 ratione

2186 1230 2326 1298 quod
2377 1230 2664 1299 scriptores
2713 1229 2834 1294 sui,
2895 1229 2968 1283 uti
3030 1238 3200 1298 poeta:
3253 1229 3457 1292 citius,
3512 1228 3768 1283 oblivisci

2186 1328 2408 1389 queunt.

2261 1411 2384 1465 179.
2426 1408 2548 1463 Mihi
2597 1416 2743 1463 certe
2784 1407 2927 1462 nulla
2961 1406 3152 1462 idonea
3196 1422 3315 1462 esse
3347 1422 3445 1463 can
3478 1422 3507 1460 a
3560 1408 3771 1463 videtur

2189 1500 2533 1569 quamobrem
2586 1496 2958 1567 hujuscemodi
3014 1512 3202 1565 preces
3228 1496 3537 1551 'Pruilentio
3563 1498 3772 1565 ahjudi-

2191 1600 2397 1654 centur,
2423 1589 2683 1659 siquidem
2706 1598 2899 1657 praeter
2920 1588 3159 1642 omnium
3182 1590 3425 1642 codicum
3450 1606 3771 1646 consensa".

2196 1683 2281 1733 lso
2310 1682 2558 1751 Magister
2598 1681 2737 1733 inter
2766 1679 2971 1746 reliqua
2996 1679 3270 1733 Prudentii
3302 1694 3464 1746 Opera
3492 1681 3632 1735 hanc.
3655 1695 3772 1733 ora-

520 1791 586 1841 ad
614 1789 949 1841 beatissimam
970 1802 1077 1839 eam
1103 1785 1368 1837 stationem
1398 1784 1623 1850 inquam
1649 1791 1896 1847 martyres
1926 1783 2093 1831 etb'r-
2128 1770 2169 1825 Β
2202 1775 2397 1827 tionem
2427 1772 2615 1841 glos~is
2638 1772 2893 1833 illustrat,
2928 1778 2977 1824 el
3008 1769 3251 1824 eamdem
3281 1770 3574 1823 Prudentia
3601 1771 3751 1823 Theo

520 1882 658 1951 gittes
684 1877 1116 1931 trauscribeutur?
1144 1874 1294 1937 Quod
1338 1879 1555 1942 arguunt
1581 1870 1726 1922 verba
1755 1884 1867 1936 qua:
1898 1883 2085 1936 pra'ce-

521 1973 648 2022 dunt
673 1979 719 2019 et
739 1976 1032 2034 sequuntur.
1066 1964 1120 2017 Μ
1128 1966 1234 2017 ulla
1265 1966 1316 2017 in
1351 1961 1604 2014 thesauris
1637 1958 1807 2012 Patris
1837 1968 1910 2012 est
1940 1957 2087 2009 habi-

523 2060 647 2111 tatio
670 2057 878 2119 Christi,
908 2054 1208 2123 Disporibus
1234 2053 1452 2106 discreta
1474 2051 1616 2112 locis,
1649 2066 1747 2101 non
1772 2063 1923 2116 posco
1950 2047 2096 2098 beata

526 2148 591 2202 In
618 2150 823 2217 regione
865 2148 1072 2199 domum
1110 2159 1127 2197 :
1156 2146 1254 2197 sint
1288 2144 1392 2196 illic
1420 2150 1558 2194 casta
1599 2141 1820 2191 virorum
1844 2136 2056 2206 Agmina
2082 2176 2097 2200 ,

526 2245 815 2309 pulvereum
845 2256 960 2309 qua:
991 2238 1321 2307 dedignantia
1372 2251 1576 2288 censum
1599 2276 1613 2299 ,
1675 2231 1888 2285 Divitias
1917 2232 2101 2299 petiere

527 2350 643 2386 mas
671 2349 689 2386 :
735 2334 799 2386 sit
829 2335 957 2401 [lore
1006 2329 1212 2400 perenni
1260 2326 1494 2380 Candida
1538 2324 1840 2394 virginitas,
1871 2322 2101 2373 animum

528 2432 745 2475 castrata
770 2420 1007 2474 recisum.
1057 2417 1262 2472 Caetera
1292 2430 1411 2485 quae.
1457 2414 1607 2467 addit
1636 2412 1958 2466 Prudentius
1980 2454 1995 2477 ,
2028 2411 2102 2462 ait

531 2512 916 2579 WeSSeliugius
938 2549 954 2575 ,
995 2509 1047 2562 in
1094 2507 1402 2561 Christiano
1442 2503 1658 2557 homine
1682 2517 1783 2555 non
1816 2501 2099 2567 laudanda,

532 2602 625 2656 sed
662 2611 728 2654 ,ιι
759 2609 1062 2666 comparata
1093 2612 1233 2661 esse,
1286 2605 1342 2649 ut
1397 2611 1425 2648 a
1477 2595 1754 2648 doctorum
1784 2592 1977 2646 vctciis
2003 2593 2103 2645 iuvi

533 2691 870 2760 Opinionibus
911 2706 1014 2743 nun
1047 2702 1266 2757 prorsus
1295 2686 1611 2740 dissentiant
1639 2726 1653 2749 ,
1684 2685 1771 2754 qui
1806 2685 2057 2752 pu'abant
2087 2728 2102 2749 ,

535 2796 719 2836 omnes
750 2782 838 2850 qui
870 2779 1210 2835 beatitudinis
1254 2777 1417 2832 futuri
1466 2777 1749 2845 aliquando
1781 2784 1936 2827 erant
1959 2790 2107 2829 com-

540 2884 687 2940 potes
718 2888 809 2941 per
832 2872 1003 2939 ignem
1030 2886 1149 2925 esse
1180 2869 1557 2933 traducendos,
1588 2882 1759 2936 eoque
1782 2868 2103 2937 purgandos.

538 2963 794 3017 Nimirum
828 2960 1208 3030 Wesselingius
1235 2962 1301 3014 ab
1332 2961 1453 3029 igne
1483 2963 1789 3028 purgatorio
1810 2959 2103 3022 abhorret,

540 3053 628 3122 qui
670 3053 1011 3107 uilulomiuns
1033 3054 1278 3117 afﬁrmat,
1317 3053 1574 3120 poeticum
1605 3064 1726 3105 esse
1781 3060 1835 3104 et
1865 3051 1916 3103 in
1954 3060 2107 3118 poeta

542 3145 845 3212 ferendum,
903 3162 1172 3221 cavernoso
1221 3145 1452 3208 Averno,
1504 3159 1599 3211 pro
1648 3142 1918 3196 indefesso
1968 3144 2109 3211 igne.
2142 3126 2187 3189 C

543 3241 803 3295 Postremi
828 3252 1013 3294 versus
1041 3238 1207 3305 prima
1241 3239 1413 3289 fronte
1450 3236 1696 3289 duriores
1729 3235 1801 3287 illi
1829 3232 2109 3287 videntur:

546 3332 723 3385 Nolim
746 3341 913 3384 tamen
943 3373 956 3395 ,
988 3331 1160 3398 pergit
1182 3370 1196 3394 ,
1225 3330 1500 3393 existimes,
1530 3339 1728 3395 poetam
1754 3325 2113 3378 damna‘orum

549 3423 689 3494 gregi
717 3437 822 3475 sese
850 3422 1121 3474 inseruisse
1147 3419 1308 3472 rcrbis
1335 3418 1460 3481 illis,
1504 3416 1589 3469 Me
1636 3432 1780 3484 pwna
1821 3426 1984 3467 tamen
2018 3417 2115 3467 cle-

545 3521 733 3565 menter
761 3512 963 3563 adurat.
1016 3509 1093 3561 Ea
1133 3510 1305 3561 itidem
1333 3524 1397 3560 ex
1426 3515 1646 3559 veterum
1674 3506 1991 3574 Opiniouibus
2031 3522 2117 3559 ea:-

546 3600 785 3671 plicanda
813 3609 928 3652 sunt
960 3598 1059 3666 (a).

624 3692 776 3764 153
808 3690 929 3743 17$.
952 3687 1168 3742 Plurimi
1198 3698 1287 3742 aut
1318 3696 1511 3757 negant
1533 3702 1648 3740 eam
1673 3685 1968 3740 orationem
1999 3701 2118 3742 esse

548 3782 824 3839 Prudentii
854 3820 870 3847 ,
912 3789 1003 3834 aut
1038 3780 1225 3833 saltem
1273 3780 1323 3833 id
1371 3780 1422 3833 in
1452 3778 1672 3859 dubium
1706 3786 1973 3831 revocant.
2007 3781 2116 3832 An-

549 3876 708 3929 dreas
737 3873 983 3934 Biretns,
1010 3870 1101 3925 lib.
1134 3885 1190 3924 Ill
1213 3870 1396 3923 Critic.
1428 3884 1594 3932 sacr.,
1622 3884 1743 3937 cap.
1766 3869 1857 3933 26,
1888 3869 2120 3923 afﬁrmat

549 3978 641 4017 eas
668 3976 853 4030 preces
883 3960 1051 4015 sideri
1099 3959 1232 4013 falso
1266 3959 1523 4025 ascriptas
1556 3958 1846 4013 Prudentia
1871 3999 1883 4021 ,
1910 3968 1963 4011 cl
1991 3974 2119 4013 con-

550 4051 808 4105 tradicct‘e
822 4050 937 4104 uda:
960 4052 989 4103 7
1009 4049 1275 4114 Cathcm.,
1297 4048 1543 4118 idemque
1558 4060 1739 4116 putare
1758 4047 2115 4105 l’erkinsiuin.

552 4143 868 4200 Guiliehnus
887 4141 1095 4197 Cavcus
1119 4141 1303 4196 eadem
1325 4142 1533 4196 ratione
1553 4141 1762 4211 spurias
1784 4156 1876 4196 eas
1893 4142 2116 4211 iudicat.

626 4258 701 4329 (a)
742 4256 1077 4325 Ludewigius
1104 4255 1155 4309 in
1186 4255 1298 4309 Vita
1329 4254 1600 4329 Prudentii
1629 4256 1831 4329 inAaliis
1859 4256 2123 4329 dogmatis

553 4326 689 4399 quas
718 4328 1049 4399 Prudentius
1087 4341 1207 4399 cum
1248 4328 1526 4399 catholicis
1570 4326 1798 4399 sustinet
1840 4327 1906 4379 de
1957 4329 2122 4381 libero

556 4395 803 4463 arbi'rio,
826 4399 891 4452 de
907 4398 1084 4450 carnis
1108 4398 1408 4449 innocentia
1429 4440 1442 4456 ,
1475 4396 1544 4449 de
1578 4397 1610 4450 b
1634 4395 1729 4449 inis
1755 4399 2024 4463 operibus.
2054 4400 2121 4452 de

559 4480 849 4538 martyrum
903 4468 1049 4538 cultu
1092 4478 1146 4520 et
1195 4467 1529 4520 invocatione
1557 4505 1572 4529 ,
1615 4465 1683 4519 de
1721 4465 1936 4533 Virgine
1980 4472 2127 4521 beata
2159 4479 2209 4538 ι)

556 4536 896 4593 Prudentium
920 4536 1031 4590 vult
1059 4551 1319 4589 excusare
1349 4546 1456 4588 tum
1489 4538 1558 4588 ob
1580 4538 1790 4589 eodiees
1818 4546 2128 4605 corruptus,

558 4620 667 4662 tum
697 4610 815 4677 quia
848 4624 1061 4661 carmen
1086 4622 1201 4677 non
1231 4606 1398 4677 estad
1417 4616 1672 4674 angustos
1698 4607 1983 4677 vet-borum
2012 4622 2129 4663 can.

558 4675 726 4732 cellos
749 4676 1214 4742 emancipandum.
1248 4675 1352 4730 Sed
1400 4677 1538 4730 hunc
1568 4677 1767 4741 locum,
1814 4676 1931 4729 Non
1979 4694 2133 4745 posco

558 4749 703 4801 beata
732 4748 793 4799 In
837 4747 1038 4806 reqioue
1067 4747 1296 4806 domum,
1328 4755 1486 4800 vocat
1512 4746 1731 4800 stultum
1764 4756 1817 4800 et
1843 4747 2133 4802 muliercu-

562 4818 732 4871 larum
761 4816 951 4870 fabulis
977 4817 1192 4882 dignum
1217 4826 1603 4869 cummeutnm.
1639 4818 1942 4883 Quanquam
1964 4816 2097 4870 illud
2116 4860 2130 4882 ,

558 4886 651 4949 ait,
683 4887 762 4938 hic
790 4882 1126 4938 Prudentium
1155 4896 1377 4947 excuset,
1406 4886 1539 4953 quod
1570 4903 1661 4954 pro
1683 4889 1793 4939 labe
1807 4882 1885 4937 sic
1912 4889 2019 4948 pati
2039 4904 2132 4940 ne-

559 4972 693 5009 cesse
733 4972 839 5007 esse
886 4955 1072 5026 dixerit
1089 4994 1103 5017 ,
1141 4964 1505 5026 cum__sa_nclos
1533 4967 1781 5023 martyres
1810 4956 2007 5008 dedisse
2023 4959 2138 5026 jam

560 5041 732 5095 pomus
761 5026 811 5076 iu
839 5024 1099 5077 tormentis
1130 5038 1220 5091 pro
1242 5021 1443 5095 Christo
1465 5021 1704 5077 sustentis
1724 5021 2049 5081 existimaret:
2073 5027 2137 5082 Et

562 5092 656 5146 hoc
689 5094 839 5147 modo
882 5095 929 5146 ei
964 5097 1069 5163 fere
1113 5092 1334 5160 (equales
1380 5106 1614 5147 errarunt
1654 5095 1793 5161 apud
1836 5099 2138 5163 centurial.,

561 5174 753 5217 rentur.
775 5163 827 5227 4,
874 5180 995 5232 cap.
1020 5160 1090 5231 εἷ,
1120 5178 1410 5234 quanquam
1439 5165 1506 5215 ad
1528 5160 1782 5217 saniorem
1810 5182 1963 5234 quam
1988 5160 2139 5221 hodie

562 5234 812 5305 pontiﬁcii
859 5248 1071 5305 mentem
1102 5235 1286 5296 exponi
1318 5232 1433 5286 illos
1479 5234 1658 5289 debere
1678 5275 1701 5305 ,ν
1732 5232 1952 5303 theblogi
1980 5240 2141 5291 nostri

562 5301 646 5356 λείη
675 5306 870 5357 iunt....
903 5301 1081 5356 Fuisse
1122 5314 1285 5354 tamen
1325 5305 1549 5368 privatus
1580 5316 1624 5357 et
1670 5301 1977 5358 domesticus
2000 5324 2141 5361 error

567 5374 836 5427 l’rudentii
867 5375 1065 5442 potuit;
1095 5374 1179 5441 qui
1205 5373 1450 5426 scelerum
1473 5375 1755 5443 juventutis
1786 5376 2016 5429 conscius
2042 5419 2056 5440 ,
2088 5394 2142 5431 se

563 5447 832 5512 indignum
857 5444 1030 5496 statim
1069 5452 1178 5513 post
1232 5454 1446 5496 mortem
1488 5446 1589 5497 vita
1632 5453 1822 5498 a’terna
1851 5446 2138 5500 crediderit.

567 5517 640 5568 lia
674 5515 1014 5582 Ludewigius
1034 5513 1322 5567 catholicos
1353 5529 1471 5566 eum
1502 5514 1771 5569 veteribus
1797 5515 1936 5568 idem
1964 5515 2145 5571 dicere

570 5598 793 5638 testatur
823 5626 839 5649 ,
888 5586 985 5638 nisi
1020 5583 1157 5652 quod
1191 5584 1457 5636 saniorem
1488 5587 1771 5651 quamdam
1805 5596 2035 5638 tuentem
2088 5587 2138 5639 in

568 5656 835 5707 νιειριὶιυιε
884 5656 1238 5720 introspicere
1280 5652 1521 5715 laborat;
1563 5665 1617 5707 et
1671 5654 1794 5706 illud
1840 5655 2051 5707 domum
2094 5656 2143 5709 in

573 5723 856 5779 l'rudentio
888 5723 1251 5791 reprehendit,
1285 5724 1421 5790 quod
1457 5737 1645 5791 pinnas
1674 5726 1991 5791 temporales
2018 5741 2146 5794 pur-

2195 1865 2374 1919 dulfus
2424 1863 2824 1918 Aurelianensis
2880 1861 3151 1930 adiudicat
3201 1862 3253 1914 in
3306 1862 3397 1915 lib.
3458 1861 3526 1914 de
3573 1861 3700 1928 Spir
3725 1873 3773 1916 tn

2196 1965 2428 2009 sancto:
2488 1954 2578 2010 Sic
2626 1955 2901 2022 perfectam
2930 1992 2944 2014 ,
2999 1961 3149 2019 atque
3175 1950 3488 2017 singularem
3540 1961 3778 2003 naturam

2197 2058 2383 2100 sancta:
2415 2044 2679 2097 Trinitatis
2712 2042 2933 2095 mirabili
2976 2043 3187 2094 veritate
3232 2042 3594 2094 demonstravit
3638 2040 3779 2092 Pru-

2200 2137 2401 2190 dentius
2425 2136 2477 2188 in
2507 2134 2635 2188 libro
2660 2143 2839 2187 contra
2854 2132 3235 2188 Marcionistas
3276 2143 3435 2185 metro
3466 2133 3670 2185 heroico
3693 2148 3712 2183 :
3741 2133 3782 2180 ll

2204 2227 2308 2282 Dee
2332 2228 2706 2294 cunctiparens,
2741 2226 2924 2278 anima:
2969 2224 3139 2287 dator,
3185 2240 3216 2277 o
3252 2223 3350 2278 Dee
3374 2224 3593 2288 Christe,
3625 2223 3786 2294 Cujus

2202 2319 2265 2372 ab
2282 2334 2367 2372 ore
2399 2316 2535 2370 Deus
2552 2316 2778 2369 subsistit
2808 2315 3039 2381 Spiritus
3068 2330 3218 2368 unus.
3242 2314 3611 2379 Interpretatio
3660 2330 3786 2367 vero

2204 2425 2362 2479 quam
2391 2409 2579 2463 Biscus
2601 2408 2839 2468 adhibet.
2864 2420 2969 2460 non
2999 2408 3219 2459 omn'no
3246 2405 3522 2474 displicet,
3551 2404 3788 2457 Pruden-

2208 2506 2340 2554 tium
2388 2512 2493 2551 non
2540 2496 2742 2551 audere
2785 2506 2968 2561 petere
3014 2494 3394 2547 beatitudinem
3444 2495 3629 2546 statim
3675 2504 3789 2556 post

2208 2590 2432 2651 obitum,
2466 2596 2522 2642 et
2563 2586 2730 2642 videri
2777 2585 2952 2653 pannis
2995 2585 3285 2655 purgatouii
3318 2585 3454 2653 ignis
3477 2594 3786 2638 contentum

2209 2695 2327 2735 esse
2358 2697 2373 2733 :
2400 2678 2658 2748 all‘.:rtque
2690 2678 2879 2732 liiscus
2911 2690 3095 2731 versus
3116 2692 3185 2731 ex
3230 2675 3523 2744 Apotheosi
3557 2678 3609 2730 in
3638 2678 3743 2731 line
3773 2696 3785 2729 :

2272 2835 2449 2887 Pellite
2474 2835 2618 2884 corde
2643 2839 2844 2890 motum,
2871 2846 2980 2881 mea
3000 2833 3235 2887 rrembra.
3262 2839 3309 2879 et
3332 2830 3517 2879 credite
3544 2839 3733 2879 vosmet

2274 2900 2388 2949 Cum
2416 2897 2605 2946 Christo
2629 2896 2843 2943 reditura
2870 2895 2991 2952 Deo,
3033 2906 3140 2940 nam
3164 2906 3250 2941 vos
3272 2894 3401 2948 gerit
3436 2893 3543 2950 ille,

2281 2959 2438 3029 15h
2464 2968 2521 3016 Et
2540 2980 2705 3015 secum
2729 2973 2937 3018 terceat.
2962 2965 3158 3011 morbos
3196 2964 3353 3011 ridete
3378 2966 3609 3021 minaces,

2277 3032 2485 3078 lntlietus
2509 3041 2647 3077 Casus
2671 3029 2986 3081 co'itemuite,
3023 3032 3145 3072 tetra
3172 3030 3393 3081 sepulcra

2280 3092 2519 3152 Desyuite
2541 3104 2553 3149 ;
2577 3101 2853 3150 exsurgens
2876 3099 2971 3147 quo
2996 3085 3214 3135 Christus
3239 3091 3486 3145 provocat,
3524 3085 3615 3133 ite.

2216 3236 2365 3304 Quod
2411 3244 2589 3290 autem
2636 3234 2975 3304 Ludewigius
3024 3234 3346 3303 respondet,
3394 3234 3713 3303 scriptores,
3742 3244 3789 3288 et

2219 3328 2509 3396 prmsertim
2554 3334 2738 3393 poetas
2767 3366 2781 3401 τ
2814 3325 3080 3380 interdum
3122 3327 3201 3379 sui
3236 3326 3503 3387 oblivisci,
3538 3326 3592 3380 id
3623 3327 3787 3380 locum

2218 3420 2418 3473 habere
2460 3426 2675 3486 potest,
2706 3432 2828 3471 cum
2867 3419 3011 3472 clare
3052 3419 3236 3470 dicunt
3262 3418 3577 3470 contraria:
3612 3432 3729 3470 nam
3749 3416 3788 3468 si

2222 3510 2381 3564 verba
2412 3508 2518 3562 alio
2547 3507 2742 3562 inloco
2776 3508 3051 3575 perspicua
3084 3517 3244 3571 sunt,
3278 3507 3384 3560 alio
3414 3507 3601 3570 dubia,
3634 3507 3789 3574 tequi-

2224 3610 2304 3653 tas
2330 3599 2561 3664 flagitat,
2592 3607 2646 3651 nt
2688 3598 2742 3651 in
2789 3599 2951 3651 rebus
3000 3598 3230 3651 maxime
3276 3598 3501 3665 alicujus
3542 3598 3785 3651 momenti

2222 3692 2451 3761 benigna
2476 3691 2847 3758 interpretatio
2871 3691 3208 3755 adhibeatur,
3235 3692 3360 3761 quin
3393 3692 3455 3743 ad
3479 3691 3786 3745 oblivionem

2223 3782 2517 3852 confugere
2554 3796 2775 3836 necesse
2800 3783 2890 3836 sit.
2923 3782 2998 3835 Ac
3028 3796 3094 3835 ne
3119 3783 3398 3836 credamus
3454 3782 3785 3835 Prudentium

2223 3873 2291 3928 de
2320 3873 2428 3926 vita
2459 3882 2659 3926 mterna
2703 3872 3079 3940 consequenda
3115 3873 3436 3939 desperare,
3470 3874 3523 3927 in
3556 3882 3786 3940 promptu

2222 3974 2305 4016 est
2329 3963 2430 4016 ode
2458 3964 2488 4017 7
2510 3963 2779 4027 Cathem.,
2835 3973 2994 4030 quam
3028 3963 3111 4015 his
3134 3963 3379 4030 precibus
3406 3962 3648 4017 nonnulli
3668 3978 3786 4017 con-

2224 4055 2441 4108 trariam
2464 4055 2678 4121 dicunt,
2711 4068 2810 4108 nos
2839 4054 3033 4124 potiori
3065 4053 3185 4121 jure
3210 4070 3272 4109 ex
3307 4069 3366 4107 ea
3399 4055 3787 4123 interpretatio-

2222 4161 2344 4201 nem
2390 4147 2702 4201 sumendam
2742 4145 3116 4200 contendimus
3162 4145 3256 4216 (ο).
3312 4145 3476 4215 Igitur
3520 4162 3637 4200 cum
3670 4145 3788 4199 Pru-

2228 4262 2419 4327 gatorii
2448 4261 2753 4316 crediderit.
2801 4261 2931 4317 Vide
2971 4260 3107 4316 infra
3137 4277 3285 4315 num.
3325 4264 3446 4323 18L
3479 4263 3570 4316 ubi
3604 4262 3787 4315 similes

2230 4346 2447 4401 preces,
2480 4348 2548 4386 ex
2591 4331 2939 4395 quorumdam
2982 4349 3075 4387 ore
3100 4348 3370 4400 expressa:
3394 4376 3410 4401 ,
3439 4348 3469 4385 a
3513 4333 3571 4389 S.
3601 4332 3787 4388 Joanne

2227 4400 2470 4455 Climaco
2513 4401 2877 4467 proferuntur.

2304 4471 2379 4541 (b)
2405 4471 2483 4525 Ad
2515 4486 2724 4541 versum
2753 4472 2859 4541 965
2886 4490 2898 4523 :
2933 4471 3129 4526 Saltem
3153 4472 3409 4541 mitiﬁcos,
3435 4471 3783 4528 cxclamatGi-

2238 4539 2445 4614 selinus
2474 4560 2485 4593 :
2521 4539 2688 4614 Itane,
2741 4560 2771 4593 ο
2817 4540 3099 4614 Prudenti,
3134 4554 3243 4614 tam
3266 4539 3480 4611 objecta
3510 4556 3785 4614 quemquattt

2236 4627 2346 4664 esse
2361 4613 2532 4664 animo
2550 4613 2572 4665 ἶ)
2587 4613 2731 4665 aliud
2756 4621 2889 4665 certe
2918 4613 3063 4664 nobis
3083 4612 3330 4680 spondent
3344 4610 3531 4667 suaves
3554 4610 3787 4677 Evangelii

2236 4696 2401 4735 rores.
2433 4682 2695 4749 Siquidem
2725 4683 2993 4750 propositis
3020 4683 3202 4734 divina:
3230 4685 3412 4750 gratia:
3435 4683 3788 4738 obtinendazin-

2237 4753 2562 4813 slrumentis,
2594 4752 2767 4804 stricte
2788 4752 3037 4821 imperant
3057 4795 3070 4817 ,
3100 4753 3414 4805 rocationem
3454 4764 3674 4806 nostram
3696 4766 3785 4821 cet"

2240 4830 2341 4872 tam
2371 4821 2621 4890 faciamus
2642 4862 2655 4881 ,
2689 4820 2923 4885 certoque
2951 4832 2996 4872 ct
3027 4820 3311 4875 indubitata
3337 4832 3541 4877 interna:
3562 4826 3669 4876 tiin
3693 4820 3785 4887 glo-

2241 4892 2373 4943 riam
2417 4900 2790 4955 exspectemus;
2821 4890 3100 4957 doceatque
3143 4909 3171 4943 ε
3219 4896 3512 4959 contrario,
3564 4894 3789 4961 infernum

2241 4960 2407 5029 ignem
2438 4971 2526 5013 aut
2552 4961 2758 5032 gravius
2784 4962 3090 5027 supplicium
3133 4964 3397 5026 deprecari
3426 4960 3675 5017 servorum
3702 4974 3791 5032 esse

2241 5046 2436 5099 semper
2467 5030 2789 5083 metuentium
2831 5046 2893 5082 ac
2945 5047 3070 5097 pene
3102 5032 3506 5098 desperantium.
3542 5051 3648 5087 cuiu
3670 5031 3792 5082 nulla

2243 5116 2378 5152 nunc
2405 5101 2469 5154 sit
2484 5101 2838 5173 condemnatio
2857 5100 3044 5173 hisqui
3067 5101 3116 5173 in
3139 5100 3264 5153 Jesu
3288 5103 3489 5155 Christo
3507 5108 3787 5173 permanent,

2245 5180 2299 5222 ut
2322 5178 2437 5239 pote.
2460 5172 2546 5237 qui
2564 5173 2729 5239 factus
2751 5172 2812 5222 sit
2835 5170 2977 5241 nobis
3000 5187 3031 5221 a
3058 5169 3161 5241 Deo
3187 5177 3381 5241 sap‘ent
3409 5190 3459 5226 a.
3482 5169 3788 5241 justitunct".

2246 5241 2376 5310 Qua:
2425 5241 2646 5294 Giseliui
2676 5244 2834 5294 verba
2868 5240 3034 5293 deleri
3076 5240 3559 5310 jubet'Appendix
3612 5240 3789 5304 Belgica

2247 5308 2438 5365 indicis
2488 5310 2719 5381 Romani
2774 5310 2910 5381 apud
2955 5309 3223 5363 Labbeum
3268 5308 3341 5365 de
3370 5308 3574 5381 ’Script.
3603 5312 3793 5365 CCt'lt‘Su

2248 5381 2359 5451 sive
2389 5380 2564 5446 potius
2588 5380 2787 5451 eorrigi
2819 5381 2967 5445 iuxta
2994 5382 3386 5451 recOgnitionem
3409 5382 3471 5434 ab
3490 5380 3596 5451 ipso
3618 5389 3794 5451 auctore

2251 5448 2478 5519 editam;
2502 5465 2564 5503 ne
2580 5450 2631 5503 in
2654 5450 2821 5502 alieno
2844 5465 2992 5519 opere
3021 5448 3171 5503 nimis
3184 5454 3371 5505 curiosi
3390 5453 3490 5505 sint
3508 5448 3792 5505 heterodon'.

2252 5518 2685 5586 Recognitionem
2706 5518 2927 5573 Giselini
2958 5536 3062 5572 non
3086 5521 3213 5574 vidi.

2325 5584 2418 5657 (ε)⁷
2450 5588 2507 5640 ln
2540 5589 2640 5642 hac
2667 5589 2769 5645 eda
2810 5588 2878 5643 de
2906 5588 3155 5645 Ninivitis
3178 5632 3193 5655 ,
3220 5606 3362 5645 vers.
3393 5590 3461 5646 96
3492 5608 3504 5646 :
3538 5590 3637 5645 Sed
3664 5584 3794 5657 ρωπί-

2254 5658 2392 5709 tendi
2444 5658 2567 5710 dum
2606 5657 2760 5712 datur
2789 5658 2989 5711 diecula
3015 5700 3029 5721 ,
3064 5660 3122 5713 Si
3153 5666 3280 5728 forte
3320 5662 3500 5714 vellent
3548 5657 3794 5728 improbam

2254 5728 2510 5781 libidinem
2541 5769 2553 5792 ,
2595 5728 2887 5799 l’etercsque
2920 5746 3080 5797 nuqas
3110 5733 3415 5785 condomare
3454 5746 3512 5785 ac
3563 5732 3786 5799 frange".
