4016 6182
230 279 334 338 705

1606 262 2108 324 PROLEGOMENA
2121 307 2133 320 .

3404 205 3508 309 ius

231 392 403 448 dentii
435 405 586 446 mens
627 390 696 444 de
725 365 1102 443 misericordia
1135 381 1315 438 divina
1363 379 1518 434 facile
1560 378 1810 447 plaeabili
1843 383 1891 437 Α
1922 377 2063 428 hunc
2113 370 2343 425 reddunt
2396 381 2643 430 sensum,
2694 368 2835 436 quod
2885 363 2931 418 si
2983 376 3204 415 necesse
3257 361 3348 428 sit,
3402 378 3507 425 tite,

231 492 341 537 tam
366 488 554 551 aperta
586 488 770 547 totque
817 477 951 530 locis
975 476 1244 529 declarata
1277 473 1346 525 sit
1373 511 1389 535 ,
1427 479 1486 524 ιιι
1507 469 1666 523 etiam
1695 477 1820 522 ante

236 589 386 627 num.
423 571 526 626 l75
554 569 939 625 elaborandum
982 566 1144 620 luerit
1171 608 1184 632 ,
1213 581 1280 617 ne
1309 563 1628 618 sententiam
1660 561 1820 614 nimis

236 665 522 732 benignam
577 662 848 717 videretur
911 659 1193 726 amplexus
1235 657 1303 712 de
1357 656 1545 724 majori
1599 668 1823 708 numero

237 756 766 827 pra-destinatorum,
815 765 1158 821 consequens
1207 759 1312 813 est,
1363 748 1666 802 orationem
1724 747 1826 798 lla-

240 845 578 914 martigeuia:
608 842 981 912 explicandam
1003 855 1126 896 esse
1149 856 1213 894 ex
1245 839 1326 892 bis
1355 853 1474 906 qua:
1503 836 1628 891 alibi
1655 836 1827 900 dixit,

243 949 299 992 et
339 936 407 990 ad
435 950 621 991 eorum
652 933 915 988 rationem
945 947 1064 1002 qua:
1096 931 1188 985 alii
1219 930 1318 986 SS.
1362 929 1550 983 Patres
1592 928 1829 998 protule-

243 1038 390 1094 runt,
443 1036 501 1082 ut
547 1028 606 1082 S.
635 1025 866 1080 Hilarius
907 1025 1156 1080 Enarrat.
1201 1025 1253 1078 in
1298 1038 1316 1077 ι
1352 1022 1612 1091 psalmum
1649 1037 1661 1071 :
1698 1019 1834 1075 Sunt

244 1121 379 1174 enim
406 1119 568 1187 aliqui
605 1117 738 1171 inter
765 1117 950 1187 impias
973 1157 989 1181 ,
1033 1116 1338 1186 piosque....
1387 1112 1576 1166 Plures
1619 1127 1837 1177 namque

248 1211 346 1266 Dei
377 1220 538 1263 metus
566 1209 621 1262 in
654 1207 885 1262 Ecclesia
922 1209 1183 1273 continet;
1211 1207 1302 1262 sed
1334 1207 1534 1260 eosdem
1571 1215 1737 1258 tamen
1767 1203 1836 1255 ad

247 1301 520 1356 swcularia
541 1300 663 1352 vitia
693 1299 870 1352 saeculi
893 1298 1244 1352 blandimenta
1266 1297 1640 1350 sollicitant....
1676 1293 1705 1347 Ι
1711 1294 1838 1364 mpii

250 1413 352 1448 non
374 1403 601 1458 omnem,
628 1391 747 1462 quia
765 1390 846 1445 liis
877 1389 972 1445 Dei
989 1407 1171 1444 nomen
1192 1391 1245 1444 in
1267 1393 1458 1443 honore
1487 1398 1559 1442 est
1588 1403 1607 1452 ,'
1638 1387 1709 1457 pii
1735 1402 1839 1439 non

251 1495 372 1540 sunt
400 1526 415 1550 ,
445 1485 568 1554 quia
595 1499 709 1551 qua
737 1483 915 1554 pietati
948 1490 1066 1536 sunt
1111 1477 1283 1536 aliena
1307 1489 1634 1535 sectantur...
1667 1477 1732 1532 Iit
1757 1495 1840 1533 eos

251 1594 374 1650 ergo
391 1577 650 1648 judicium
671 1584 768 1640 est,
791 1578 929 1644 quod
941 1575 1055 1643 jam
1084 1584 1131 1628 et
1162 1575 1213 1626 in
1237 1572 1528 1626 incredulos
1555 1582 1722 1625 actum
1743 1580 1838 1637 est,

255 1685 302 1724 et
331 1671 385 1722 in
415 1669 678 1722 credentes
707 1683 807 1719 non
835 1666 1173 1720 necessarium
1201 1675 1272 1718 est
1297 1665 1394 1735 (a).

334 1761 491 1830 155
523 1758 640 1813 I80.
664 1758 999 1826 Quaprotzter
1038 1771 1235 1811 censeo
1291 1770 1396 1809 non
1427 1753 1569 1808 aliud
1602 1752 1845 1807 Pruden-

259 1855 393 1906 tium
429 1851 712 1920 postremis
742 1848 987 1902 versibus
1015 1863 1128 1902 suaa
1167 1846 1426 1900 orationis
1457 1845 1707 1906 voluisse,
1745 1844 1843 1896 nisi

260 1952 319 1994 ut
366 1942 557 1995 leviter
605 1943 727 2010 igne
773 1939 1080 2008 purgatorio
1125 1947 1486 2007 torqueretur,
1533 1935 1578 1989 si
1628 1949 1847 1988 necesse

258 2044 410 2088 esset
439 2049 536 2102 pro
577 2033 697 2087 labe
723 2044 984 2098 corporea
1032 2029 1264 2083 anim-im
1311 2027 1523 2096 purgari
1552 2035 1678 2079 ante
1705 2024 1847 2079 diem

261 2134 563 2178 extremam
604 2121 789 2192 iudicii
818 2137 831 2172 :
860 2134 981 2174 nam
1031 2120 1098 2175 de
1127 2118 1274 2174 obitu
1307 2118 1542 2172 hominis
1583 2115 1729 2171 clare
1749 2108 1848 2171 lo-

265 2224 451 2282 quitur
478 2231 494 2268 :

331 2309 469 2356 Dona
493 2306 664 2353 animm
688 2303 981 2366 quandoque
1003 2314 1148 2361 mete,
1172 2313 1280 2350 cum
1303 2301 1520 2362 corporis
1540 2299 1682 2362 huius

335 2370 558 2429 Liquerit
597 2368 916 2427 hospitium...

949 2422 1067 2473 Cum
1093 2422 1267 2471 ﬂebilis
1289 2423 1408 2471 hora

335 2491 575 2540 Clauserit
597 2489 690 2537 hos
714 2487 880 2545 nrbes,
905 2494 954 2535 et
979 2486 1272 2534 conclamata
1305 2485 1492 2544 jacebit

339 2555 413 2602 hia
440 2555 594 2611 eries,
617 2549 869 2609 oi-ulisque
892 2549 1156 2611 suis_meus
1191 2546 1314 2611 nttdi
1341 2547 1550 2611 l'rueltir,

339 2615 412 2663 Ne
433 2606 603 2661 cernat
624 2606 948 2660 truculentum
973 2609 1182 2668 aliquem
1206 2608 1268 2655 de
1293 2617 1443 2665 gente
1474 2606 1736 2666 latronem,

341 2676 605 2735 lnutiiteitt,
635 2672 872 2735 rabidum,
897 2668 1130 2735 vultuque
1157 2675 1208 2716 et
1231 2681 1348 2718 voce.
1383 2670 1553 2735 utinaci

340 2730 655 2794 'l‘crriblein,
682 2733 765 2793 qui
789 2744 868 2778 me
891 2731 1186 2794 maculosum
1211 2730 1470 2794 aspergine
1493 2740 1680 2778 morum

344 2800 397 2847 lu
423 2792 667 2859 pt‘mceis,
694 2792 740 2840 ut
763 2794 944 2859 praedo.
975 2792 1149 2846 trahat,
1182 2792 1430 2851 nigrisque
1452 2799 1678 2859 ruentem

342 2853 612 2919 [inmergat
637 2853 898 2919 specubus,
925 2860 1383 2919 cunctaexacturtts
1411 2853 1471 2919 ad
1494 2865 1652 2914 usque

344 2912 676 2979 Quadrantem
697 2917 946 2964 minimutn
965 2912 1218 2962 maculosa:
1240 2915 1405 2962 debita
1431 2915 1559 2962 vitae.

284 3028 404 3081 Non
458 3025 618 3094 igitur
663 3018 900 3086 loquitur
949 3018 1018 3072 de
1066 3019 1238 3086 poenis
1286 3017 1503 3071 internis
1551 3015 1870 3077 inferorum,

281 3119 482 3188 quibus
527 3126 755 3180 corpora
803 3109 966 3163 etiam
997 3116 1126 3161 sunt
1168 3107 1465 3175 torquenda
1505 3122 1519 3158 :
1565 3105 1636 3160 de
1681 3105 1873 3174 quibus

285 3208 464 3277 pinnis
496 3205 597 3258 bac
625 3202 743 3271 ipso
774 3201 824 3254 in
857 3200 1092 3252 carmine
1109 3212 1254 3252 vers.
1274 3197 1374 3251 827
1408 3195 1509 3250 :Et
1530 3196 1876 3268 Phlegethon-

285 3313 368 3354 teo
392 3297 484 3352 sub
507 3295 705 3366 gurgite
734 3292 906 3346 sanxit
936 3291 1116 3344 edaces
1145 3289 1413 3358 Perpetuis
1435 3289 1683 3343 scelerum
1716 3289 1876 3360 poenis

285 3392 570 3445 inolescere
607 3400 796 3438 vermes
959 3381 1246 3445 Verntibus,
1272 3391 1316 3433 et
1339 3382 1584 3450 ﬂammis,
1605 3390 1651 3435 et
1683 3382 1881 3434 discru-

287 3479 515 3535 tiutibus
544 3492 706 3530 cavum
731 3471 1025 3526 lmmortale
1051 3471 1215 3526 dedit.
1261 3471 1326 3525 Et
1353 3487 1411 3536 ti,
1443 3473 1494 3525 itt
1528 3471 1705 3542 Syni.,
1731 3487 1877 3527 vers.

1929 467 2128 533 quippe
2159 463 2333 516 locum
2383 459 2524 514 inter
2573 460 2688 526 pios
2731 465 2785 512 et
2815 467 3030 511 sanctos
3078 470 3186 510 non
3237 453 3511 516 meritum,

1931 557 2039 626 igni
2071 553 2378 624 purgatorio
2413 549 2725 618 mancipari,
2767 548 2957 601 saltem
2987 547 3102 601 miti
3129 545 3374 600 incendio
3402 542 3518 596 alli-

1929 648 2063 709 ciar,
2092 656 2140 699 et
2171 645 2296 696 dum
2327 649 2542 696 sanctos
2578 646 2837 707 martyres
2863 645 2918 691 et
2938 636 3172 704 virgines
3196 634 3372 687 statim
3399 642 3519 700 [δοκι

1930 737 2134 791 obitum
2166 735 2256 788 lux
2279 733 2538 787 immensa
2565 739 2618 783 et
2648 738 2885 797 tempora
2913 730 3085 780 vincta
3114 723 3330 779 coronis
3357 723 3518 791 glori-

1936 831 2114 891 licant,
2147 841 2234 880 me
2264 839 2418 892 pinna
2451 823 2748 876 clementer
2773 819 2981 873 adurat.
3034 818 3234 871 Eodem
3274 825 3520 882 spectant

1932 920 2040 973 alia
2063 917 2228 972 verba
2255 932 2268 969 :
2298 914 2419 968 Non
2448 929 2602 984 posco
2624 913 2768 964 beata
2794 909 2858 962 In
2881 912 3086 978 regione
3113 909 3339 960 domum.
3364 905 3521 960 Sci-i-

1936 1019 2044 1074 cet,
2079 1020 2302 1076 poscere
2333 1018 2437 1058 non
2467 1004 2639 1056 audeo
2668 1004 2886 1056 domum
2915 1001 2966 1053 in
2999 1015 3062 1054 ea
3091 998 3309 1066 regione
3345 998 3522 1062 beata,

1938 1100 2026 1154 tibi
2061 1099 2210 1152 ilico
2242 1106 2361 1166 post
2387 1106 2611 1149 mortem
2667 1095 2865 1148 anima:
2897 1106 3122 1162 quarum
3165 1090 3374 1159 egregia
3422 1088 3520 1142 luit

1938 1191 1992 1245 in
2024 1189 2122 1242 bac
2151 1189 2256 1241 vita
2279 1187 2557 1249 sanctitas,
2611 1185 2967 1253 recip'untur.
3014 1183 3237 1249 Semper
3265 1179 3406 1232 enim
3439 1181 3522 1231 in-

1941 1282 2133 1350 telligit
2162 1280 2229 1334 de
2261 1288 2525 1348 tempore,
2571 1279 2710 1346 quod
2743 1277 2982 1344 proxime
3010 1275 3212 1326 obitum
3245 1271 3524 1337 sequitur:

1940 1390 2053 1428 cum
2079 1371 2264 1440 ﬂebilis
2285 1370 2414 1424 liora
2435 1369 2693 1423 Clauserit
2719 1369 2812 1421 hos
2843 1367 3010 1420 orbes.
3042 1365 3248 1418 Revera
3276 1372 3526 1416 aeternam

1944 1463 2332 1520 beatitudinem
2385 1477 2445 1516 se
2495 1460 2708 1516 tandem
2759 1470 3171 1512 consecuturum
3232 1454 3530 1522 smpissimo

1945 1564 2152 1624 sperat,
2199 1562 2255 1608 ct
2301 1553 2366 1608 ad
2407 1567 2525 1608 eam
2555 1566 2668 1606 rem
2699 1558 2991 1620 martyrum
3031 1547 3384 1616 patrocinium
3431 1544 3532 1596 im‘

1949 1645 2144 1712 plorat.
2179 1643 2259 1697 Ae
2302 1657 2370 1696 ne
2412 1640 2623 1710 longius
2647 1639 2860 1705 abeam,
2907 1639 2960 1690 in
3007 1637 3106 1692 bac
3155 1636 3266 1706 ipsa
3293 1635 3536 1690 oratione

1949 1737 2020 1790 ita
2042 1737 2111 1786 ait
2143 1752 2156 1788 :

2013 1825 2185 1874 Judice
2212 1833 2263 1874 te
2287 1824 2474 1883 pallens
2493 1823 2702 1879 trepido,
2728 1828 2781 1870 te
2805 1821 2966 1882 iudice
2991 1821 3166 1869 eodem

2013 1887 2161 1946 Spem
2185 1879 2342 1947 capio,
2367 1885 2488 1943 foze,
2510 1879 2893 1948 qtiidquid_a'go,
2923 1883 3164 1948 \eniabile
3189 1879 3315 1942 apud
3341 1887 3393 1931 te

2019 1943 2292 2004 Q'timililiet
2313 1943 2556 2007 indignum
2585 1943 2724 1994 venia
2749 1945 3038 2006 fat-iamque,
3074 1943 3118 1990 lo
3139 1956 3362 2003 piarque,

2028 2011 2183 2080 156
2207 2016 2450 2080 Conﬁteor
2475 2015 2703 2080 (dimitte
2731 2013 2906 2080 libens,
2935 2019 2986 2061 et
3022 2024 3165 2080 parce
3189 2010 3359 2080 faten1i
3379 2011 3419 2074 ),

2019 2073 2176 2126 σιπιιὲ
2195 2077 2374 2125 malum
2401 2073 2557 2125 merui
2580 2093 2593 2137 ;
2620 2077 2705 2137 sed
2733 2085 2782 2122 tu
2802 2073 2958 2137 bonus
2981 2075 3168 2122 arbiter
3191 2073 3331 2137 aufer

2022 2141 2158 2197 Quod
2179 2141 2337 2188 merui
2358 2151 2370 2186 :
2398 2136 2599 2186 meliora
2622 2136 2788 2185 favens
2813 2136 2994 2198 largire
3034 2136 3270 2196 precanti.

1887 2233 1931 2291 Β
1959 2221 2056 2288 Qui
2087 2223 2237 2275 aiunt
2293 2220 2634 2290 poetnmisni
2664 2219 2909 2286 oblitum,
2957 2219 3023 2272 de
3051 2216 3422 2273 misericordia
3451 2217 3546 2271 Dei

1962 2314 2298 2378 desperasse,
2333 2314 2476 2366 clare
2505 2311 2949 2365 indicantoblitos
2984 2309 3193 2379 seipsos
3237 2310 3362 2380 quid
3391 2319 3547 2380 poeta

1967 2403 2021 2458 in
2055 2403 2154 2460 hac
2185 2408 2428 2459 oratione
2462 2404 2620 2458 fuerit
2653 2403 2968 2470 complexos
2991 2377 3086 2472 (b).
3256 2377 3268 2380 _
3393 2377 3406 2379 _
3463 2377 3470 2384 ⁸

2535 2515 2760 2570 CAPUT
2803 2513 2991 2567 Χνιιι.

1972 2605 2159 2677 Ορὶιιὶο
2191 2605 2458 2660 Prudentii
2488 2606 2552 2659 de
2596 2605 2756 2677 pinnis
2784 2605 3143 2677 damnatarum
3189 2605 3240 2657 in
3297 2602 3558 2671 perv'gilio

2039 2676 2233 2730 sabbati
2253 2677 2510 2745 paschalis
2542 2676 2806 2746 niiIigatis,
2841 2692 2908 2728 an
2937 2674 3160 2727 aliorum
3189 2683 3375 2727 mentes
3405 2691 3558 2726 eccu-

2037 2750 2253 2811 paverit.
2268 2806 2276 2817 ,

2043 2842 2168 2894 181.
2213 2838 2549 2908 Singularem
2594 2837 2882 2906 quamdam
2930 2835 3250 2890 sententiam
3295 2837 3562 2901 expressit

1975 2936 2296 2992 Prudentius
2321 2933 2564 2988 Catltem.
2590 2933 2773 3000 bymn.
2799 2928 2852 2992 5,
2878 2943 3020 2983 vers.
3048 2927 3145 2982 123
3171 2946 3183 2979 :
3215 2929 3346 2980 Sunt
3377 2936 3420 2979 el
3451 2927 3556 2992 Spi-

1988 3027 2164 3081 ritibus
2205 3040 2340 3092 swpe
2376 3022 2673 3076 nocentibus
2719 3019 2991 3073 Poenarum
3028 3019 3245 3072 celebres
3285 3017 3376 3070 sub
3410 3016 3566 3085 Styge

1977 3117 2120 3182 ferite
2148 3113 2254 3167 Illa
2279 3122 2443 3175 nocte,
2475 3128 2618 3165 sacer
2646 3128 2745 3180 qua
2781 3111 2930 3163 rediit
2959 3110 3097 3162 Deus
3135 3109 3343 3178 Stiignis
3375 3109 3443 3160 ad
3474 3125 3563 3161 su-

1979 3223 2124 3276 peros
2170 3222 2232 3259 ra:
2276 3203 2636 3258 Aclieronticis
2785 3201 3016 3254 Mar-cent
3054 3201 3315 3271 suppliciis
3353 3201 3572 3254 Tartara

1978 3301 2208 3364 mitibus,
2234 3297 2575 3366 Exsultutque
2605 3295 2682 3348 sui
2709 3295 2923 3347 carceris
2949 3294 3052 3346 otio
3078 3292 3386 3346 Umbrarum
3407 3311 3572 3363 popu—

1983 3391 2088 3454 liis,
2114 3390 2242 3443 liber
2280 3389 2342 3441 ab
2367 3386 2568 3458 ignibus
2599 3385 2693 3456 (c).
2731 3385 3082 3439 Belliim'nus
3111 3384 3202 3440 lib.
3226 3399 3262 3438 ll
3285 3384 3350 3437 de
3379 3383 3576 3450 Purga-

1989 3483 2148 3536 torio.
2193 3495 2310 3547 cap.
2367 3466 2455 3542 18,
2506 3478 2559 3531 in
2608 3476 2902 3546 quaestione
2953 3491 3020 3528 an
3068 3474 3318 3544 suffragia
3371 3475 3578 3543 prosint

289 3570 396 3627 191
426 3585 440 3622 :
470 3567 606 3634 Quin
637 3575 682 3618 et
716 3564 1011 3633 corporibus
1039 3562 1219 3630 parilis
1241 3563 1494 3616 consortia
1523 3579 1684 3634 paena:
1707 3563 1876 3617 Decer-

1991 3573 2258 3627 damnatis
2282 3568 2556 3624 Prudentii
2581 3568 2701 3622 loco
2728 3580 3106 3635 responsurus,
3127 3566 3202 3620 ait
3226 3583 3238 3619 :
3269 3563 3418 3617 Nihil
3436 3563 3580 3615 aliud

291 3677 438 3716 nam.
472 3657 642 3712 \‘erba
674 3656 785 3718 illa,
821 3654 946 3707 Esto
973 3667 1266 3717 cavernoso,
1306 3653 1427 3723 quia
1445 3654 1520 3706 sic
1541 3670 1634 3720 pro
1664 3654 1775 3708 lube
1797 3672 1882 3709 ne-

293 3767 439 3807 cesse
481 3757 555 3803 est
601 3745 885 3810 Corporca,
931 3744 1092 3798 tristis
1139 3759 1219 3798 me
1261 3746 1459 3800 sorbeat
1501 3746 1634 3814 ignis
1663 3747 1885 3813 Averno,

297 3883 590 3949 Suspendit
625 3890 781 3934 ictum
811 3888 973 3932 terror
1019 3878 1326 3946 exorabilis,
1376 3877 1704 3949 Paulumque
1753 3883 1890 3938 dicta

298 3956 526 4010 substitit
575 3952 844 4004 sententia.
880 3951 944 4003 Et
973 3965 1114 4002 vers.
1150 3949 1245 4002 i‘ll
1278 3967 1292 4002 :
1324 3949 1559 4002 Mellitus
1591 3953 1670 4004 his
1693 3959 1741 4004 et
1773 3956 1892 4007 tali-

299 4030 392 4079 bus
424 4029 613 4075 brevem
654 4025 787 4072 Deus
821 4017 964 4072 Iram
996 4019 1222 4077 refrenat
1246 4058 1261 4084 ,
1285 4028 1576 4089 temperans
1619 4023 1890 4076 oraculum

302 4097 534 4163 Pro~per
569 4093 827 4143 sinistrum
857 4105 875 4142 :
917 4106 1074 4155 prona
1119 4105 1236 4163 nam
1269 4088 1545 4163 _cleinentia
1577 4089 1734 4163 [laud
1763 4095 1893 4163 di/ﬁ-

300 4159 471 4218 culter
493 4165 774 4232 supplicem
804 4163 1107 4232 mortalium
1136 4159 1300 4232 Solvit
1325 4169 1523 4232 reatum
1545 4199 1560 4222 ,
1587 4160 1744 4230 ﬁtque
1773 4159 1892 4232 fait-

303 4240 415 4289 trix
466 4229 718 4302 ﬂentium.
761 4229 1148 4302 hiulutalianin
1181 4231 1286 4302 line
1325 4229 1393 4282 de
1428 4229 1636 4302 jejunio
1660 4229 1896 4302 aliisque

303 4309 372 4375 pi.
401 4299 529 4375 iiiis
561 4303 808 4375 cperibus
839 4301 1032 4367 quibus
1062 4300 1487 4375 Deus-placatur.
1520 4299 1615 4353 llis
1659 4299 1894 4375 :tddo'ex

305 4369 461 4444 iirzs-l.
489 4374 583 4427 lib.
609 4388 621 4423 ι
652 4372 666 4424 i
692 4390 702 4421 ι
732 4373 963 4444 ’ἐγιιιιιιη
993 4385 1134 4444 vers.
1163 4370 1230 4422 80
1259 4387 1277 4444 :_
1300 4369 1538 4444 Salvator
1566 4373 1763 4441 generis
1797 4374 1901 4427 Ilo-

307 4440 489 4507 inulei,
541 4457 738 4511 prscor,
776 4440 884 4511 Qui
923 4441 1117 4492 cunctis
1166 4441 1364 4492 veniam
1401 4440 1510 4511 das
1551 4444 1896 4508 pereuntibus,

312 4517 420 4582 Qui
469 4509 689 4565 nullum‘
719 4510 900 4564 statuis
919 4527 1048 4582 .non
1103 4512 1270 4582 operis
1309 4511 1384 4582 tui
1434 4509 1722 4575 llortalem,
1757 4515 1900 4582 [acili

309 4579 464 4654 quem
495 4583 683 4635 releves
725 4597 902 4644 manu,
937 4579 1140 4650 Hujus,
1192 4579 1237 4632 si
1264 4581 1397 4650 potis
1425 4595 1500 4645 es,
1542 4583 1649 4647 iam
1697 4579 1901 4638 misere-

309 4658 466 4718 s‘ciio,
488 4663 592 4706 etc.

387 4726 470 4794 (α)
513 4723 575 4776 lit
605 4736 722 4789 cap.
853 4720 905 4794 in
935 4719 1285 4794 Mattbtenm:
1318 4719 1516 4794 Salutis
1543 4720 1694 4794 igitur
1721 4733 1906 4776 nostris

314 4788 502 4865 iudicii
535 4788 733 4865 tempus
771 4791 1001 4865 designat
1033 4792 1082 4842 in
1111 4788 1332 4865 Dunt'no
1363 4791 1533 4865 dicens
1619 4790 1720 4865 Ille
1741 4795 1906 4862 bapii-

314 4861 454 4917 subit
494 4878 582 4916 vos
609 4863 660 4914 in
689 4861 890 4933 Spiritu
919 4871 1171 4933 sancto_et
1223 4861 1370 4929 igni:
1401 4863 1521 4927 quia
1553 4861 1823 4930 baptizatis
1852 4865 1905 4916 in

317 4935 527 5004 Spiritu
568 4929 748 5004 sancto
799 4929 1048 5004 reliquum
1064 4929 1142 5004 sit
1177 4933 1673 5004 consummariigne
1690 4932 1904 5004 judicii.

261 5019 270 5032 '
317 5001 378 5057 b.
415 5003 712 5073 (Typriattus
736 5003 887 5073 epist.
1012 5001 1075 5051 ail
1113 5004 1470 5073 Antoniauum
1504 5002 1605 5073 ait,
1638 5001 1774 5071 quod
1807 5020 1911 5056 non

320 5077 423 5128 nisi
445 5070 530 5125 die
557 5071 760 5124 Domini
779 5087 900 5122 vasa
927 5072 1097 5140 lignea
1126 5070 1285 5121 divini
1309 5073 1506 5123 ardoris
1536 5070 1769 5124 incendio
1791 5089 1914 5126 con-

321 5153 612 5197 crementur
635 5180 650 5204 ,
680 5151 728 5194 et
759 5141 940 5207 ﬁctilia
984 5143 1046 5192 ab
1074 5156 1132 5192 eo
1174 5140 1258 5192 cui
1289 5143 1413 5192 data
1457 5152 1532 5192 est
1570 5142 1733 5209 ferrea
1769 5144 1912 5211 virga

324 5221 661 5284 frangantur.
706 5213 762 5266 ὃ.
811 5211 1404 5284 Ambrosiuslittarrat.
1449 5212 1672 5284 lﬂJlSal.
1703 5229 1860 5266 xxxvi
1896 5234 1906 5266 :

325 5279 470 5347 1.]ηέ
504 5298 626 5348 ergo
669 5283 1022 5349 purgabantur
1061 5280 1159 5348 lilii
1192 5279 1326 5345 Levi,
1363 5281 1479 5348 igne
1505 5279 1763 5346 Ezechiel,
1800 5288 1914 5350 igne

326 5343 522 5406 David.
556 5343 743 5406 Sed'lii
766 5343 854 5404 etsi
887 5367 973 5418 per
990 5343 1158 5422 ignem
1187 5343 1628 5422 exaiiiiiiitbuntui',
1647 5343 1915 5405 dicentia-

327 5441 466 5487 men,
486 5421 837 5474 'l'ransivt'mus
849 5437 935 5488 per
950 5420 1118 5490 ignem
1132 5434 1173 5470 ct
1187 5435 1415 5492 aquum..
1429 5463 1440 5475 .
1458 5420 1568 5492 Etsi
1582 5422 1747 5474 salvos
1765 5425 1914 5492 faciet

335 5496 588 5545 Daumius
617 5507 785 5544 servos
807 5507 948 5554 suos,
974 5492 1096 5543 salvi
1126 5491 1313 5542 erimus
1343 5507 1428 5558 per
1453 5491 1626 5560 fidem,
1654 5494 1724 5544 sic
1747 5491 1914 5546 tamen

331 5563 461 5616 salvi
503 5564 648 5631 quasi
685 5578 774 5630 per
802 5563 987 5631 ignem.
1019 5562 1200 5631 Sixtus
1236 5559 1511 5627 Senensis,
1546 5562 1679 5615 Bibl.
1713 5562 1804 5616 lib.
1839 5579 1909 5625 Vl,

333 5630 522 5688 adnot.
558 5631 684 5695 545,
709 5630 888 5683 ιιιιιιῖἰς
911 5631 1008 5686 SS.
1041 5630 1254 5683 Patrum
1280 5632 1638 5698 testimoniis,
1667 5633 1911 5686 nomina-

339 5714 435 5760 tim
455 5701 731 5758 Prudentii
759 5703 955 5765 hymno
981 5701 1293 5766 Essequiar.
1311 5739 1328 5768 ,
1356 5711 1410 5756 ct
1431 5700 1734 5757 octodecim
1773 5717 1914 5758 mar-

1991 3666 2129 3729 dico,
2157 3664 2254 3716 nisi
2284 3677 2424 3714 more
2458 3660 2658 3731 poetico
2690 3659 2873 3712 lusisse
2907 3656 3266 3711 Prudentium.
3306 3659 3375 3710 At
3413 3656 3584 3725 patuit

1996 3755 2143 3809 aliud
2174 3754 2469 3808 dicerczet
2497 3761 2642 3806 certe
2686 3749 2732 3804 si
2780 3747 2920 3801 aliud
2955 3747 3196 3812 dixisset,
3243 3745 3582 3800 occasionem

1995 3898 2099 3957 lyr.
2118 3887 2447 3954 Ctl'SM'allg.,
2464 3893 2526 3957 et
2550 3883 2732 3938 Daniel
2748 3882 2989 3946 lluetius,
3006 3881 3095 3957 lib.
3117 3897 3153 3934 ll
3181 3880 3583 3957 0ri_genian_nr.,

1994 3951 2114 4025 c‘ap.
2142 3960 2212 4021 Ξ,
2245 3951 2438 4026 quaest.
2478 3956 2534 4008 ll
2556 3994 2595 4026 ,1
2615 3957 3007 4012 demonstrant,
3059 3954 3124 4004 de
3153 3951 3319 4026 modo
3355 3960 3409 4004 et
3460 3951 3580 4026 loco

1997 4020 2279 4082 felicitatis
2305 4026 2404 4080 SS.
2448 4028 2512 4078 ad
2561 4024 2920 4076 Florentinam
2953 4037 3124 4088 usque
3154 4020 3415 4089 synodum
3450 4022 3583 4072 nibil

1995 4102 2126 4152 certi
2156 4099 2222 4150 ab
2255 4097 2492 4149 Ecclesia
2525 4094 2688 4148 ΐιιίδευ
2718 4093 3110 4160 prmscriptum,
3141 4091 3279 4144 adeo
3309 4099 3366 4144 ut
3407 4091 3461 4143 in
3502 4090 3586 4143 di-

2003 4182 2158 4222 versa
2185 4167 2367 4220 Patres
2396 4165 2646 4218 abietint.

2073 4239 2150 4309 (b)
2178 4235 2674 4309 JoannesLamius,
2724 4233 2774 4286 in
2809 4229 3409 4309 Peliciis__eruditorum
3457 4239 3591 4309 tom.

2001 4300 2145 4372 Xlll,
2181 4321 2299 4376 pag.
2327 4303 2449 4376 514,
2475 4306 2774 4376 orationem
2799 4300 3081 4376 Prudentii
3113 4302 3447 4376 exscribens,
3489 4305 3587 4354 liti-

2001 4383 2081 4449 git
2115 4372 2290 4449 locum
2349 4375 2614 4449 initiatam
2646 4375 2696 4426 in
2723 4373 2908 4449 inl'eris
2937 4386 3059 4424 eum
3108 4372 3426 4449 postulasse,
3471 4388 3594 4449 eum

2007 4439 2254 4517 paradiso
2283 4446 2558 4517 indignum
2583 4459 2642 4497 se
2669 4443 2940 4517 crederet,
2993 4452 3045 4496 et
3073 4439 3341 4517 subjungit
3373 4442 3594 4517 impitnu

2011 4512 2649 4581 iestamentum’l’bilippi
2703 4512 2938 4576 Stroni,
2989 4514 3128 4578 quod
3161 4513 3262 4562 alia
3309 4519 3490 4565 invnte
3520 4515 3600 4564 la-

2008 4601 2150 4642 ctum
2181 4588 2408 4639 allirtnat
2434 4604 2447 4640 :
2473 4583 2572 4637 Per
2599 4600 2700 4636 non
2729 4585 2897 4634 venire
2924 4582 3013 4651 piit
3053 4581 3104 4633 in
3137 4592 3308 4646 patere
3331 4581 3598 4651 de’nemici

2007 4659 2127 4712 miei
2260 4659 2311 4708 io
2339 4653 2549 4721 Filippo
2579 4653 2781 4708 Strozsi
2818 4653 2886 4703 ini
2921 4667 3048 4704 sono
3081 4651 3356 4704 deliberata
3391 4654 3440 4703 in
3482 4650 3601 4719 qmil

2009 4729 2162 4781 modo
2191 4727 2283 4780 clie
2306 4726 2357 4795 io
2383 4741 2556 4795 posse,
2587 4723 3076 4795 quaiititnqueduro
3096 4721 3185 4795 all:
3205 4723 3379 4795 anima
3407 4727 3509 4774 mia
3534 4723 3604 4774 nti

2013 4799 2156 4866 paia,
2207 4812 2301 4849 con
2342 4791 2392 4848 le
2427 4797 2522 4848 mie
2550 4791 2698 4866 inane
2728 4793 2873 4859 ﬁnire
2916 4792 2968 4844 la
3009 4792 3109 4866 mia
3138 4792 3260 4844 vita.
3315 4791 3606 4846 L‘unimaa

2015 4861 2115 4921 Dio
2142 4861 2337 4920 somnia
2368 4864 2719 4918 misericordia
2748 4861 3091 4915 raccomando
3110 4903 3122 4922 .
3168 4863 3461 4916 uinilmente
3487 4879 3604 4928 pre-

2015 4938 2262 5009 gandolo,
2288 4951 2342 4988 se
2358 4937 2493 4988 altro
2521 4936 2574 4986 di
2589 4936 2719 5009 bene
2740 4933 2883 5009 dai'le
2907 4949 3007 4986 non
3032 4933 3198 5009 vitale,
3221 4931 3272 5009 le
3289 4933 3379 5009 diu
3406 4939 3609 5009 ιιίιιιειιο

2017 5002 2139 5075 ξιιιαι
2167 5010 2344 5076 luogo,
2377 5009 2502 5076 dove
2530 5023 2553 5058 ε
2577 5004 2783 5076 Catone
2802 5003 3055 5076 Uticense,
3095 5002 3157 5056 ed
3179 5004 3299 5056 ullri
3326 5002 3610 5076 sfiiiili_vi'-r-

2021 5071 2153 5131 tuosi
2188 5071 2405 5139 uoinini,
2437 5075 2528 5129 clte
2550 5077 2620 5128 tal
2643 5076 2742 5142 ﬁne
2764 5073 2935 5126 lianno
2958 5075 3108 5142 (aito,
3147 5082 3257 5124 etc.
3307 5071 3445 5136 Quid
3479 5071 3608 5123 Ptu-

1944 5182 1993 5240 υ
2021 5147 2468 5240 όεςιιῑί¹ηιηερίιιιιδ
2497 5161 2616 5240 cu‘m
2647 5147 2744 5240 balc
2768 5144 3010 5240 or'atiime
3028 5141 3050 5190 ’ἒ

2126 5221 2160 5240 ,ι
2216 5218 2228 5232 π
2262 5218 2431 5240 .-..:.._...
2463 5217 2511 5240 ι--
2581 5216 2664 5240 ‘:...
2726 5219 2818 5240 ι.....
2850 5212 2973 5240 ....s::
3008 5225 3050 5240 m

2092 5218 2162 5289 (c)
2191 5208 2434 5270 CleriCtis
2462 5217 2512 5289 in
2555 5216 2672 5289 \‘_it:t_
2703 5212 2974 5266 Prudentii
3008 5209 3146 5263 male
3176 5209 3422 5289 intelligit
3465 5208 3610 5289 lintre

2019 5276 2195 5342 locum
2225 5327 2240 5349 ,
2289 5301 2353 5348 ac
2395 5286 2546 5354 pejus
2586 5283 2709 5354 inde
2757 5291 3130 5354 argumentum
3162 5283 3412 5354 coniicit:
3535 5278 3610 5354 itit

2022 5347 2410 5425 (Prtttleiiliusf
2428 5347 2523 5422 qiic
2547 5362 2658 5425 lous
2678 5351 2749 5402 ιω
2778 5366 2893 5412 aiis,
2928 5349 2980 5401 la
3009 5351 3116 5400 nuit
3143 5366 3235 5425 que
3264 5347 3613 5425 .lésusfb'ltrist

2018 5417 2316 5487 i'cssuscita,
2356 5417 2666 5476 les'dainiiés
2689 5436 2751 5470 ne
2780 5428 3060 5472 ressenlettt
3093 5420 3232 5484 point
3257 5423 3317 5471 de
3347 5417 3540 5486 ptines,
3562 5434 3619 5470 ce

2023 5498 2116 5566 qui
2136 5509 2355 5566 suppose
2369 5507 2482 5566 que
2496 5487 2845 5566 lenis-Clima
2873 5489 2995 5540 étail
3011 5488 3276 5566 descendit
3295 5491 3420 5541 dans
3443 5503 3497 5537 re
3520 5490 3619 5540 lieit

2025 5557 2074 5618 et
2098 5581 2159 5617 cn
2186 5557 2318 5614 avait
2343 5562 2436 5614 tiré
2466 5562 2537 5613 les
2554 5560 2765 5612 damnes
2787 5568 2912 5611 cette
2934 5558 3142 5612 nuit-lit.
3169 5557 3300 5612 Vide
3325 5576 3367 5614 ct
3392 5568 3618 5614 mittent.

2027 5633 2093 5690 ad
2127 5635 2318 5705 bymn.
2349 5633 2381 5686 5
2411 5631 2592 5699 Catli.,
2621 5642 2762 5685 vers.
2798 5631 2942 5684 ltiti.-
