4016 6182
490 301 594 357 707

1897 283 2356 345 PRUDENTIUS.

3665 267 3782 325 ’ἱοὸ

494 408 771 465 eavillaudi
801 422 905 463 non
934 404 1249 477 przcbuisset
1281 400 1631 471 lluspiuiano,
1679 400 1767 470 qui
1800 398 1853 463 in
1884 397 1977 452 lib.
2006 398 2071 451 de
2103 401 2148 458 Α
2176 398 2234 451 S.
2268 396 2509 467 Gregorii
2540 395 2736 467 Magni,
2784 402 2839 451 et
2864 392 3140 449 Prudentii
3180 393 3234 448 in
3278 391 3479 463 hymno
3526 388 3597 445 de
3622 389 3779 446 Novo

494 505 706 571 Origine
737 500 920 555 festor.
953 498 1149 553 Christ.
1182 496 1238 549 in
1270 494 1407 549 l'esto
1437 494 1492 547 S.
1525 493 1793 563 llippolyti
1845 491 2078 545 affirmat

498 591 838 648 Prudentium
888 589 940 643 in
989 585 1249 655 martyrio
1294 585 1353 639 S.
1403 584 1673 654 llippolyti
1722 581 2078 635 descriliendo

498 698 648 737 tnore
675 681 881 750 poetico
908 679 1118 742 lusisse,
1151 675 1287 746 quod
1316 676 1494 741 etiam,
1518 675 1709 743 inquit,
1733 671 2079 725 Bellarminus

500 776 552 827 in
578 788 631 825 re
668 770 851 839 majori
879 785 995 821 eum
1024 768 1203 837 fecisse
1242 766 1388 819 dicit.
1418 764 1552 832 Quid
1582 779 1710 833 ergo
1737 762 1881 817 aliud
1911 763 2081 832 potuit

501 861 679 915 dicere
707 856 1093 913 Bellarminus?
1121 856 1299 910 Potuit
1329 866 1383 910 et
1410 854 1639 910 fortasse
1666 854 1851 908 debuit
1877 852 2078 916 dicere,

503 949 786 1005 nonnullos
832 963 1042 1003 veteres
1083 951 1136 1000 in
1182 961 1245 1001 ea
1284 945 1537 1013 opinione
1582 944 1746 997 fuisse
1807 957 1967 1012 quam
2020 943 2080 995 S.

502 1040 833 1109 Augustinus
868 1054 972 1091 non
1003 1048 1085 1091 est
1114 1052 1279 1091 ausus
1308 1035 1667 1089 condemnare
1695 1048 1814 1103 cap.
1841 1032 1944 1087 “2
1976 1033 2083 1086 En-

504 1132 714 1186 cltiridii
756 1146 775 1184 z
808 1128 996 1183 Poenas
1026 1128 1389 1180 danmatorum
1418 1127 1570 1178 certis
1604 1133 1889 1193 temporum
1931 1122 2089 1176 inter-

505 1222 653 1277 vallis
675 1223 983 1287 existiment,
1002 1221 1046 1272 si
1072 1220 1166 1272 hoc
1190 1219 1262 1272 eis
1285 1218 1473 1288 placet,
1497 1217 1817 1285 aliquatenus
1838 1215 2086 1285 mitigari,

512 1316 664 1387 157
688 1312 964 1366 dummodo
992 1311 1306 1379 intelligatur
1341 1310 1394 1362 in
1416 1309 1486 1361 eis
1515 1322 1718 1359 manere
1746 1306 1827 1358 ira
1850 1304 1965 1369 Dei,
1997 1307 2090 1358 hoc

506 1418 579 1462 est
608 1410 720 1478 ipsa
760 1406 1045 1458 damnatio.
1092 1402 1173 1455 Ad
1228 1416 1389 1470 quem
1423 1401 1598 1453 locum
1635 1397 1987 1451 Bellarminus
2009 1411 2093 1450 re-

509 1500 682 1568 ponit,
712 1496 1054 1563 Augustinum
1098 1493 1164 1546 ibi
1196 1509 1296 1546 non
1324 1506 1474 1562 agere
1499 1490 1561 1543 de
1604 1488 1833 1543 oratione
1878 1502 1971 1556 pro
1998 1489 2090 1539 de-

509 1590 722 1659 functis,
753 1596 799 1639 et
820 1584 987 1638 solani
1010 1586 1195 1648 dicere,
1243 1600 1341 1636 non
1370 1599 1475 1636 esse
1499 1596 1767 1634 ert'oneutn
1795 1578 2091 1642 concedere,

511 1682 777 1734 damnatos
821 1679 991 1745 puniri
1021 1679 1146 1730 citra
1186 1677 1519 1746 comlignum,
1567 1672 1703 1740 quod
1733 1673 1924 1725 clarius
1951 1671 2095 1723 docet

513 1771 602 1824 lib.
630 1786 718 1824 χχι
761 1769 824 1822 de
870 1769 1020 1821 Civil.
1068 1767 1181 1830 Dei,
1232 1783 1348 1836 cap.
1379 1764 1472 1817 24.
1513 1762 1621 1817 Cur
1660 1763 1818 1831 igitur
1859 1761 1998 1814 idem
2028 1760 2097 1814 de

513 1863 806 1919 Prudentia
829 1878 932 1915 non
956 1861 1197 1913 dicatur?
1222 1858 1354 1912 Illud
1384 1857 1563 1926 negari
1589 1856 1792 1925 nequit,
1824 1852 2097 1909 Prudentii

514 1955 830 2010 sententiam
856 1954 923 2006 ab
947 1950 1241 2022 Augustino
1268 1949 1507 2014 imlicari,
1532 1948 1657 2001 dom
1683 1947 1907 2001 liberum
1935 1946 2101 2001 relin-

515 2048 632 2115 quit
678 2044 1007 2107 existimare,
1036 2043 1079 2096 si
1112 2042 1303 2112 placet,
1333 2055 1518 2111 pinnas
1540 2040 1912 2094 datnuatorum
1937 2038 2099 2094 certis

515 2148 816 2207 temporum
840 2134 1141 2190 intervallis
1169 2134 1503 2204 aliquatenus
1531 2132 1758 2201 mitigari
1790 2132 1891 2203 (a).

586 2229 707 2284 182.
740 2229 935 2283 Confer
967 2242 1087 2296 qua:
1115 2224 1318 2279 addidit
1345 2226 1447 2280 loc.
1478 2225 1571 2279 cit.
1601 2222 1896 2277 Enchiridii
1927 2239 1940 2275 :
1971 2221 2100 2276 Hatc

515 2322 649 2376 enim
672 2329 877 2374 vocatur
906 2320 984 2373 ira
1032 2317 1143 2384 Dei,
1178 2335 1278 2372 non
1303 2318 1462 2371 divini
1492 2317 1651 2369 animi
1680 2316 2016 2386 perturbatio,
2047 2326 2101 2368 ut

516 2416 567 2467 in
593 2414 671 2466 ira
695 2430 789 2466 sua
809 2455 822 2477 ,
853 2412 948 2465 hoc
977 2422 1072 2478 est,
1123 2419 1357 2464 manente
1386 2412 1463 2463 ira
1491 2428 1605 2475 sua,
1662 2426 1762 2462 non
1785 2419 1951 2462 tamen
1982 2425 2104 2461 con-

518 2507 673 2557 tincal
719 2504 1063 2555 miserationes
1100 2518 1241 2565 suos,
1293 2518 1391 2554 non
1425 2513 1609 2556 interno
1651 2501 1905 2570 supplicio
1950 2500 2102 2567 ﬁnem

518 2598 710 2662 dando,
737 2596 826 2649 sed
857 2596 1082 2648 levamen
1122 2594 1431 2658 adhibendo,
1482 2594 1559 2646 vel
1599 2593 1964 2662 interponendo
1987 2610 2103 2644 cru-

518 2686 753 2740 ciatibus.
790 2686 936 2738 llauc
982 2685 1301 2738 sententiam
1349 2686 1632 2753 amplexus
1678 2693 1763 2739 est
1788 2684 1844 2737 S.
1867 2682 2100 2738 Joannes

519 2780 939 2849 Chrysostomus
964 2777 1158 2831 llomil.
1191 2779 1225 2831 5
1257 2778 1306 2831 in
1353 2779 1511 2846 epist.
1540 2778 1606 2830 ad
1640 2777 1896 2846 Philipp.,
1944 2791 2102 2846 quem

521 2876 573 2927 in
617 2872 778 2926 alium
812 2886 1027 2926 sensum
1068 2872 1279 2925 trahere
1312 2879 1539 2925 conatur
1566 2870 1957 2925 Bellarminus:
1995 2869 2104 2924 llos

520 2964 676 3033 igitur
702 2964 963 3032 lugeamus
988 2960 1247 3031 (loquitur
1270 2960 1337 3014 de
1365 2959 1675 3030 damnatis),
1723 2976 1868 3028 opem
1903 2976 1995 3029 pro
2032 2960 2109 3013 vi-

519 3056 658 3107 ribus
704 3057 951 3122 feramus,
1000 3050 1209 3118 aliquod
1254 3052 1377 3119 ipsis
1429 3052 1684 3104 auxilium
1731 3067 2104 3120 contparemus,

519 3148 756 3218 exiguum
780 3144 908 3198 illud
926 3146 1149 3213 quidem,
1168 3144 1257 3196 sed
1277 3143 1414 3212 quod
1432 3152 1599 3196 tamen
1622 3142 1867 3196 auxiliari
1885 3154 2104 3211 queat...

520 3238 683 3304 Atque
707 3237 758 3287 id
783 3235 987 3305 quidem
1033 3234 1096 3286 de
1120 3232 1199 3285 Itis
1235 3234 1323 3303 qui
1366 3235 1417 3285 in
1443 3234 1544 3301 ﬁde
1575 3234 1916 3287 decesserunt.
1957 3233 2105 3286 Cate-

2183 490 2410 543 Lumine
2433 486 2701 556 paschalis
2723 485 2929 541 sabbati
2958 485 3061 551 (sic
3085 484 3227 539 enim
3254 482 3526 552 inscribit)
3548 482 3780 549 aliisque

2186 577 2489 647 hujusmodi
2540 576 2824 631 illustrium
2874 575 3089 628 Patrum
3135 572 3332 635 dietis,
3385 574 3437 627 in
3487 572 3630 627 hanc
3659 574 3779 642 ori-

2185 670 2401 723 nionem
2445 667 2799 731 inclinarunt;
2851 666 2939 719 alii
2970 664 3126 719 aliter
3155 678 3273 719 eam
3303 665 3573 733 explicant
3610 680 3780 719 :nam

2184 759 2243 813 S.
2262 759 2497 812 Thomas
2525 757 2697 812 solum
2724 771 3019 826 agnoscere
3039 755 3247 810 videtur
3277 756 3328 810 in
3359 758 3633 810 damnatis
3664 758 3783 809 ina-

2187 866 2309 904 nem
2355 850 2639 919 quamdam
2680 848 2882 902 fallacis
2930 848 3108 917 gaudii
3154 849 3418 915 speciem,
3462 858 3783 916 gratamque

2188 943 2469 996 mmrentis
2513 939 2679 994 animi
2719 939 3021 993 illusionem
3056 955 3068 990 :
3106 940 3317 1007 qualem
3355 952 3475 992 esse
3525 938 3711 991 ferunt
3731 938 3784 989 in

2188 1033 2545 1093 daunouibus,
2578 1031 2666 1100 qui
2699 1031 2945 1085 homines
2974 1028 3039 1084 ad
3079 1030 3407 1098 peccandum
3434 1030 3780 1092 indecentes,

2191 1139 2323 1177 vana
2343 1123 2570 1192 quadam
2595 1122 2781 1175 laetitia
2799 1121 3123 1183 afﬁciuntur,
3142 1122 3269 1189 quin
3293 1136 3447 1190 parua
3464 1123 3782 1176 decrescat:

2192 1230 2295 1284 qua
2327 1217 2395 1267 de
2420 1229 2480 1268 re
2506 1222 2671 1281 agunt
2696 1212 2931 1282 theologi
2962 1212 3287 1266 scholastici.

2266 1306 2388 1361 184.
2421 1308 2475 1361 ln
2512 1305 2699 1361 codice
2744 1319 2847 1359 ms.
2876 1304 3055 1359 saeculi
3081 1320 3131 1359 ιι
3164 1304 3302 1359 Bibl.
3330 1304 3578 1358 Riccard.
3606 1311 3791 1358 exstat

2194 1398 2435 1461 missale,
2484 1408 2537 1451 et
2565 1398 2616 1450 in
2648 1395 2748 1450 hoc
2771 1397 2949 1459 missa,
2989 1411 3083 1466 pro
3113 1397 3263 1465 cujus
3291 1396 3462 1449 anima
3488 1396 3788 1461 dubitatur,

2194 1491 2347 1559 cujus
2391 1489 2633 1543 meminit
2673 1487 2888 1542 Lamias
2915 1496 3045 1541 tom.
3079 1488 3193 1541 Xlll
3236 1488 3401 1541 Delie.
3441 1487 3625 1552 erud.,
3664 1499 3787 1555 pag.

2195 1583 2294 1637 511
2342 1592 2397 1635 et
2450 1596 2602 1650 seqq.
2658 1579 2852 1634 Preces
2896 1579 2961 1632 ad
3012 1578 3115 1633 hoc
3160 1578 3334 1647 ipsum
3369 1578 3593 1633 tendunt
3645 1580 3791 1648 quod

2198 1676 2507 1743 quatrimus.
2542 1673 2605 1726 Et
2634 1672 2678 1726 si
2707 1671 2910 1743 plenam
2940 1673 3135 1725 veniam
3172 1672 3358 1725 anima:
3380 1672 3539 1741 ipsius
3561 1672 3794 1726 obtinere

2200 1785 2300 1821 non
2324 1782 2612 1837 possumus,
2639 1766 2819 1818 saltent
2845 1763 2922 1817 vel
2948 1764 3082 1817 inter
3116 1765 3232 1831 ipsa
3257 1773 3507 1816 tormenta
3534 1779 3658 1829 qua:
3683 1766 3793 1833 {or-

2199 1862 2333 1916 sitan
2365 1861 2577 1929 patitur,
2607 1858 2928 1929 refrigerium
2970 1858 3035 1909 de
3075 1858 3386 1910 abundantia
3405 1858 3796 1912 miserationem

2202 1961 2407 2007 tuarum
2435 1952 2617 2006 sentiat
2734 1959 2790 2002 ut
2811 1950 2855 2002 si
2879 1950 3095 2017 forsitan
3127 1965 3219 2019 pro
3246 1950 3493 2019 gravitate
3516 1951 3798 2001 criminum

2204 2062 2304 2099 non
2321 2056 2570 2097 mereatur
2582 2043 2820 2112 gloriam,
2840 2058 2929 2106 per
2946 2042 3055 2094 hazc
3068 2056 3227 2096 sacrtv
3242 2041 3507 2095 oblationis
3522 2041 3798 2107 libamina,

2204 2139 2283 2193 vel
2313 2136 2603 2192 tolerabilia
2632 2136 2758 2204 ﬁant
2784 2134 2878 2188 sibi
2920 2135 3034 2204 ipsa
3079 2144 3347 2189 tormenta.
3389 2134 3541 2201 Apud
3577 2135 3801 2188 Bollan-

2204 2231 2390 2284 dianos
2423 2236 2552 2283 tom.
2586 2226 2651 2281 ιιι
2693 2226 2837 2291 Maii,
2886 2227 2953 2280 ad
2979 2225 3122 2281 diem
3156 2226 3240 2290 Η,
3287 2242 3408 2296 pag.
3440 2227 3565 2292 536,
3600 2226 3671 2280 S.
3704 2226 3803 2280 Pa-

2205 2325 2452 2380 ehom'us
2469 2323 2541 2376 ita
2560 2322 2634 2375 ait
2649 2322 2717 2376 de
2743 2320 2971 2391 quodam
2995 2320 3246 2375 damnato
3271 2336 3284 2372 :
3304 2317 3433 2372 Eam
3454 2319 3514 2372 ob
3534 2335 3650 2371 rem
3676 2336 3802 2386 rogo

2203 2432 2313 2481 vos,
2362 2425 2415 2468 ut
2463 2414 2506 2466 si
2561 2412 2813 2466 cruciatus
2853 2410 3082 2482 defuncti
3112 2410 3295 2476 cupitis
3318 2410 3532 2463 reddere
3560 2408 3802 2468 leviores.

2206 2508 2317 2560 sine
2340 2503 2548 2574 psalmis
2565 2520 2676 2557 cum
2692 2501 2970 2574 sepultura:
2990 2519 3108 2555 mon
3136 2502 3238 2555 'etis
3253 2517 3271 2554 :
3286 2510 3452 2571 passct
3477 2501 3609 2553 enim
3640 2500 3802 2565 Deus,

2208 2615 2323 2654 cum
2342 2599 2503 2652 bonus
2524 2598 2588 2652 sit
2607 2608 2651 2650 et
2674 2597 2976 2659 misericors,
2999 2597 3218 2665 requiem
3237 2596 3460 2664 aliquam
3481 2595 3641 2646 eidem
3675 2611 3805 2663 pra»-

2212 2694 2349 2747 bere.
2383 2692 2512 2746 Vide
2539 2703 2685 2745 notas
2712 2689 3195 2744 Bollandianorum.
3238 2689 3294 2741 S.
3326 2688 3560 2741 Joannes
3603 2687 3807 2741 Clima-

2209 2803 2328 2849 cus,
2354 2786 2517 2854 gradu
2551 2785 2584 2838 5
2624 2783 2793 2837 Scalce
2826 2783 3079 2851 le'tltllSl,
3128 2781 3329 2834 sioiles
3358 2794 3547 2849 preces
3571 2794 3641 2833 ex
3675 2796 3805 2847 quo-

2208 2877 2458 2931 rumdam
2496 2890 2589 2929 ore
2628 2875 2853 2943 exponit
2901 2873 3041 2927 :Alii
3084 2872 3238 2926 simul
3282 2872 3451 2925 oneris
3478 2872 3723 2924 conscs’en
3748 2871 3807 2923 ia.-

2178 2952 2184 2958 ’
2212 2966 2456 3037 gravitate
2494 2964 2742 3033 depressi,
2790 2972 2838 3016 et
2874 2962 3129 3031 supplicia
3154 2972 3343 3016 (eterna
3376 2961 3804 3028 deprecabantur,

2214 3064 2261 3109 ct
2290 3057 2527 3124 indignos
2573 3065 2739 3108 tamen
2787 3070 2840 3108 se
2888 3056 3012 3107 cwlo
3063 3056 3255 3106 s3ncere
3300 3052 3713 3121 proc'amabant,
3762 3062 3807 3104 ct

2212 3148 2489 3200 dummodo
2522 3146 2636 3212 hoc,
2660 3146 2914 3215 inquiunt,
2962 3146 3073 3212 ﬁat,
3109 3145 3284 3213 stt/ﬁcit
3315 3144 3481 3197 nobis.
3536 3142 3665 3196 Vidi
3705 3144 3808 3195 illic

2214 3240 2411 3292 animas
2440 3237 2675 3301 humiles,
2719 3246 2765 3289 et
2799 3237 2966 3289 oni-ris
3005 3236 3228 3304 pondere
3256 3235 3543 3299 depressas,
3594 3249 3803 3303 quan...

520 3327 755 3380 cltumeni
795 3344 909 3379 vero
942 3341 1103 3394 neque
1142 3325 1242 3376 hac
1268 3325 1549 3395 dignantur
1592 3325 1958 3389 consolatione,
2005 3339 2104 3377 uno
2137 3341 2181 3404 ρ
2214 3330 2509 3383 dictitabant
2625 3328 2765 3381 Satis
2793 3328 2927 3379 enim
2958 3328 3101 3380 nobis
3123 3336 3194 3379 est
3248 3327 3293 3378 si
3325 3344 3354 3378 a
3385 3327 3695 3395 gravissima
3723 3339 3806 3377 tua

520 3418 741 3482 quodam
768 3424 996 3482 excepto.
1030 3414 1193 3480 Quale
1224 3430 1341 3467 vero
1372 3415 1505 3467 hoc?
1534 3414 1648 3465 licet
1669 3412 1981 3482 pauperibus
2007 3412 2108 3464 ali-

521 3508 645 3578 quid
668 3524 758 3578 pro
782 3509 905 3578 ipsis
931 3508 1076 3572 dare,
1109 3517 1262 3574 atque
1292 3506 1410 3559 Itinc
1430 3506 1626 3574 aliquid
1655 3506 1939 3576 percipiunt
1962 3506 2109 3573 refri-

522 3599 820 3669 gerationis.
870 3597 1097 3652 Omissis
1141 3597 1349 3651 Joanne
1396 3596 1748 3660 Damasi-eno,
1798 3596 1911 3649 sive
1959 3611 2108 3661 vero,

522 3691 637 3743 sive
667 3689 774 3741 alio
797 3687 895 3742 sub
919 3687 1035 3757 ejus
1064 3687 1303 3749 nomine,
1353 3686 1412 3741 S.
1446 3687 1665 3739 Paulino
1693 3686 1918 3751 Nolano,
1961 3687 2113 3753 cujus

524 3793 710 3850 preces
736 3779 801 3832 ad
824 3779 1062 3833 Nicetam
1096 3793 1336 3846 promam
1368 3792 1517 3829 num.
1552 3776 1656 3831 185
1686 3779 1738 3829 in
1766 3787 1912 3841 nota,
1945 3785 2001 3830 et
2025 3776 2112 3829 ln-

523 3871 773 3926 nocentio
797 3869 885 3935 ιιι,
930 3884 960 3923 a
988 3884 1214 3939 quorum
1254 3868 1572 3922 auctoritate
1613 3883 1717 3921 non
1758 3869 1891 3922 satis
1931 3882 1992 3922 se
2022 3883 2117 3922 ex-

526 3965 682 4018 tricat
706 3962 1081 4028 Bellarmiuus,
1115 3962 1341 4015 clariora
1369 3968 1496 4015 sunt
1542 3962 1867 4030 pr0piosque
1895 3962 1959 4013 ad
1986 3962 2116 4015 Pru-

524 4057 766 4112 dentium
798 4056 1078 4121 accedunt,
1108 4068 1228 4123 qua:
1247 4069 1314 4108 ex
1347 4052 1540 4107 Missali
1572 4053 1905 4107 Mozarabico
1930 4053 2060 4106 feria
2080 4052 2114 4107 4

528 4158 648 4217 post
694 4146 895 4201 Pascha
940 4145 1249 4199 describam
1287 4160 1301 4197 :
1343 4142 1592 4197 Viderunt
1642 4152 1691 4196 te
1736 4144 1907 4211 inferi,
1957 4143 2116 4207 Deus,

527 4242 760 4294 viderunt
806 4250 852 4291 et
902 4246 1212 4291 tremuerunt
1241 4254 1271 4288 a
1306 4252 1424 4289 voce
1472 4236 1691 4288 tonitrui
1729 4236 1825 4302 tui,
1874 4235 2116 4297 dicentes,

526 4331 777 4400 Absorpta
806 4341 877 4383 est
916 4346 1052 4383 mors
1083 4330 1135 4381 in
1155 4330 1389 4382 victoria.
1446 4327 1546 4381 Ubi
1578 4338 1672 4391 est,
1717 4344 1875 4392 mors,
1914 4328 2122 4380 victoria

527 4431 654 4483 tua?
682 4428 767 4481 ubi
797 4439 890 4489 est.
924 4444 1082 4493 mors,
1133 4427 1341 4479 aculeus
1367 4426 1526 4478 tuus?
1568 4422 1788 4492 Propter
1813 4424 1951 4491 quod
1990 4433 2123 4476 atto-

528 4521 637 4574 nita
674 4520 945 4590 paululum
989 4526 1172 4571 stetere
1213 4517 1467 4586 supplicia
1510 4515 1832 4568 miserorum.
1880 4514 1990 4567 Nec
2030 4514 2121 4566 Ita-

529 4613 679 4665 beant
697 4620 961 4662 cruentum
975 4617 1223 4660 tormenta
1244 4608 1315 4659 sic
1330 4607 1505 4659 vicisse
1522 4606 1775 4659 cernentia
1796 4605 2120 4673 cruciﬁxum:

528 4715 577 4758 et
595 4703 829 4772 judicent
850 4718 1003 4754 suum
1025 4702 1136 4768 ipsa
1164 4703 1316 4752 etiam
1347 4715 1490 4766 plena
1512 4700 1832 4751 contremuit.

604 4792 726 4846 185.
758 4792 939 4846 Sixtus
959 4790 1237 4854 Senensis,
1268 4790 1399 4842 Bibl.
1433 4799 1630 4841 sanctae
1660 4788 1751 4841 lib.
1776 4805 1849 4853 vr,
1880 4803 2001 4857 cap.
2024 4788 2114 4851 47,

532 4884 737 4953 profert
754 4883 1046 4937 sententias
1066 4881 1432 4949 theologorum
1460 4880 1788 4948 Prmpositivi
1809 4880 2119 4934 Lcodicnsis

532 4976 790 5033 Ecclesiae
818 4975 1134 5045 presbyteri,
1165 4974 1413 5035 Gilberti,
1437 4973 1730 5035 Guiliclmi,
1761 4973 2004 5039 Ruperti,
2028 4974 2119 5041 qui

529 5085 596 5124 ex
628 5067 808 5122 verbis
846 5067 905 5122 S.
929 5064 1151 5120 Joannis
1195 5064 1559 5134 Chrysostomi
1604 5062 1847 5131 allegatis
1893 5064 2119 5133 aliisque

533 5160 587 5214 in
619 5157 803 5212 Matth.
846 5157 993 5211 hom.
1026 5155 1095 5209 35
1131 5154 1354 5208 Joannis
1399 5152 1525 5206 item
1570 5151 1907 5217 Damasceni,
1961 5155 2118 5224 158

602 5364 676 5431 (τι)
705 5362 886 5430 Neque
931 5358 1071 5414 aliud
1100 5361 1279 5431 docuit
1323 5357 1379 5413 S.
1414 5361 1739 5431 Augustinus
1787 5360 1879 5411 lin.
1919 5374 2007 5413 ut
2040 5361 2107 5416 de

531 5430 690 5487 Cirit.
710 5434 825 5495 Dei,
852 5447 971 5500 cap.
995 5431 1062 5484 ει
1085 5447 1098 5482 :
1126 5430 1230 5485 Sed
1259 5430 1440 5500 quibus
1462 5434 1623 5499 placet
1643 5430 1791 5482 istam
1813 5433 2112 5484 sententiam

533 5520 688 5570 usque
729 5507 794 5553 ad
834 5503 925 5555 illa
964 5503 1233 5570 impiorunt
1277 5511 1523 5553 tormenta
1564 5500 1884 5570 protendere,
1932 5503 2112 5554 saltent

533 5579 606 5625 sic
629 5572 935 5642 intefligant,
966 5581 1018 5623 ut
1037 5569 1280 5624 manente
1302 5571 1353 5622 in
1383 5570 1455 5623 eis
1477 5574 1552 5622 ira
1565 5569 1686 5636 Dei,
1707 5585 1820 5642 quis
1846 5569 1899 5622 in
1923 5583 2110 5625 (τίενηο

532 5655 607 5711 est
637 5638 976 5709 prwttutttiatn
1004 5643 1279 5711 supp'tcio,
1327 5658 1427 5692 non
1467 5641 1717 5694 contineat
1745 5638 1883 5692 Deus
1931 5646 1981 5695 in
2011 5643 2108 5696 Itac

533 5710 613 5763 ira
635 5728 729 5764 sua
755 5710 1257 5779 miserationessuas,
1283 5722 1326 5766 et
1345 5711 1499 5781 faciat
1521 5727 1603 5765 eos
1631 5726 1729 5765 non
1748 5718 1889 5763 tanta
1908 5723 2100 5777 quanta

2213 3423 2601 3473 comminatione
2642 3428 2687 3470 et
2710 3417 3148 3484 incxplicabilibus
3170 3428 3218 3470 et
3242 3417 3517 3470 reconditis
3536 3415 3805 3486 suppliciis

2213 3511 2503 3564 liberemur.
2541 3508 2608 3563 Ut
2632 3512 2765 3562 enim
2798 3509 2961 3561 omnis
2990 3525 3198 3578 prorsus
3228 3525 3373 3579 paena
3407 3508 3549 3561 nobis
3579 3509 3808 3561 remitta-

2215 3611 2318 3661 tur.
2346 3607 2591 3671 veniaque
2616 3603 2851 3665 donetur,
2889 3613 3058 3668 petere
3084 3617 3183 3653 non
3211 3602 3477 3653 audemus.
3508 3601 3667 3666 Quod
3697 3600 3804 3652 for-

2216 3701 2357 3745 tasse
2404 3694 2571 3759 magis
2601 3691 2826 3759 pertinet
2855 3694 2919 3745 ad
2961 3691 3265 3745 orationem
3299 3691 3574 3745 Prudentii
3619 3693 3671 3743 in
3703 3690 3807 3744 line

2220 3782 2648 3850 llamartigeniat,
2680 3782 2748 3835 de
2776 3796 2877 3851 qua
2905 3796 3020 3850 cap.
3055 3783 3140 3845 l7,
3170 3796 3289 3834 nam
3322 3789 3547 3850 utraque
3571 3780 3693 3835 haec
3724 3796 3808 3835 res

2218 3872 2564 3927 similitudine
2607 3872 2781 3942 aliqua
2810 3873 3137 3938 continetur,
3183 3883 3237 3927 et
3272 3872 3411 3926 inter
3437 3887 3499 3926 se
3524 3874 3809 3926 connecti-

2222 3973 2329 4017 tur.
2361 3964 2475 4018 Nou
2504 3965 2743 4017 omittam
2795 3964 3047 4034 hymnum
3078 3965 3216 4016 hunc
3241 3962 3512 4017 Prudentii
3542 3964 3595 4017 in
3629 3963 3810 4017 multis

2219 4056 2466 4111 ecclesiis
2496 4056 2559 4110 ad
2582 4071 2863 4110 accensum
2894 4056 3034 4110 cerei
3062 4055 3328 4125 paschalis
3353 4054 3516 4109 fuisse
3546 4055 3808 4109 decanta-

2221 4157 2333 4203 tum
2379 4168 2390 4201 :
2436 4150 2489 4204 in
2532 4149 2724 4213 quibus
2778 4160 3059 4219 propterea
3106 4163 3168 4202 ea
3208 4150 3470 4203 sententia
3517 4163 3625 4201 non
3672 4149 3809 4202 male

2222 4244 2492 4298 audiebat.
2522 4244 2651 4309 Quin
2676 4242 2913 4296 rationes
2944 4242 3251 4312 Dionysium
3279 4239 3556 4293 Pctavinm
3582 4240 3811 4295 fortasse

2226 4336 2574 4400 impulerunt,
2624 4342 2703 4396 ut,
2751 4348 2870 4387 cum
2910 4333 3181 4386 Prudentii
3213 4346 3403 4385 versus
3434 4332 3809 4399 exscripsisset

2230 4437 2262 4480 tn
2288 4442 2359 4480 ιιι.
2396 4427 2480 4490 lll,
2498 4427 2592 4480 lib.
2626 4441 2681 4478 ιιι
2706 4426 2773 4479 de
2805 4427 3040 4494 Angelis,
3065 4438 3184 4491 cap.
3209 4425 3262 4490 7,
3286 4423 3547 4476 addiderit
3575 4438 3590 4475 :
3616 4422 3692 4475 De
3717 4422 3809 4473 ltac

2225 4520 2582 4571 damnatorum
2610 4498 2789 4570 saltem
2813 4515 3076 4568 hominum
3115 4514 3450 4584 respiratione
3486 4513 3621 4565 nihil
3642 4514 3710 4564 ad
3724 4517 3809 4562 “nec

2225 4611 2348 4663 certi
2375 4609 2629 4662 decretum
2669 4619 2743 4660 est
2786 4608 2848 4660 ab
2878 4607 3108 4659 Ecclesia
3134 4605 3384 4658 catholica
3418 4620 3436 4659 :
3463 4614 3516 4656 ut
3542 4612 3808 4673 prapterca

2146 4714 2197 4772 ι)
2227 4720 2323 4755 non
2360 4712 2561 4761 temore.
2590 4710 2826 4767 tanquam
2856 4699 3106 4762 absurda,
3146 4700 3209 4752 sit
3238 4698 3557 4769 explodeuda
3596 4706 3743 4749 sanet
3762 4712 3809 4746 s-

2221 4796 2465 4849 sintorum
2508 4793 2726 4846 Patrum
2770 4793 2878 4846 hate
2927 4794 3099 4861 opinio
3142 4807 3162 4844 :
3200 4791 3431 4860 quamvis
3478 4806 3510 4840 a
3556 4787 3808 4841 communi

2220 4903 2370 4941 sensu
2393 4886 2760 4939 catholicorum
2789 4886 2883 4936 hoc
2912 4895 3137 4949 tempore
3168 4884 3230 4936 sit
3254 4882 3442 4935 aliena.
3488 4879 3615 4933 Scio
3668 4877 3805 4931 libe-

2222 4994 2335 5032 ram
2395 4978 2533 5030 Itath
2580 4975 2775 5030 Petavii
2823 4974 3144 5029 sententiam
3178 4989 3205 5026 a
3257 4970 3441 5025 multis
3491 4969 3730 5031 defendi,
3779 4981 3809 5019 a

2222 5070 2401 5124 multis
2428 5067 2748 5137 impugnari.
2798 5066 2904 5121 Sed
2940 5081 3157 5130 censeo,
3194 5065 3383 5118 melius
3412 5079 3442 5114 a
3476 5061 3696 5116 Petario
3726 5061 3807 5111 inc

2225 5160 2389 5230 telligi
2422 5159 2771 5215 Prudentium
2799 5173 2958 5227 quam
2989 5157 3056 5209 ab
3096 5156 3161 5214 iis
3192 5156 3281 5224 qui
3305 5154 3445 5208 hunc
3469 5168 3571 5205 non
3595 5152 3807 5220 dogma

2217 5366 2361 5436 digni
2381 5377 2496 5421 sunt
2530 5382 2792 5432 poenarum
2819 5368 3089 5420 atrocitate
3107 5365 3350 5425 cruciari,
3380 5380 3481 5417 non
3511 5373 3565 5415 ut
3594 5378 3675 5414 eas
3705 5374 3805 5436 per.

2217 5434 2311 5489 nas
2341 5439 2413 5490 vel
2439 5455 2696 5507 nunquam
2726 5438 2962 5500 subeant,
2987 5440 3065 5490 vel
3093 5435 3611 5507 aliquando/iniam,
3637 5434 3728 5482 sed
3753 5438 3804 5479 ut

2217 5522 2299 5558 eas
2326 5506 2731 5576 mitiores’quttnt
2760 5509 2939 5560 merita
2967 5520 3083 5560 sunt
3124 5523 3323 5571 eorum,
3374 5506 3675 5576 levioresque
3708 5516 3806 5569 pa-

2216 5580 2430 5630 tiantur.
2458 5579 2546 5631 Sic
2572 5573 2704 5630 énim
2735 5589 2781 5631 et
2811 5581 2888 5629 ira
2910 5578 3002 5629 Dei
3037 5578 3277 5647 manebit,
3307 5586 3353 5630 et
3382 5577 3433 5629 in
3464 5577 3576 5644 ipsa
3604 5573 3679 5623 ira
3708 5584 3807 5622 sua

2214 5648 2557 5703 nti~e.-atiunes
2580 5666 2698 5703 suas
2727 5664 2824 5702 non
2844 5649 3138 5702 continebit.
