4016 6182
240 318 333 375 109
1608 305 1972 366 PROLEGOM
1983 305 2112 361 ENA
2123 346 2138 361 .

3411 312 3515 369 7w

233 429 344 489 tice,
388 426 477 479 sed
518 440 612 489 pce
634 424 706 479 ice
738 424 971 479 locutum
1006 430 1373 493 propugnant;
1423 435 1583 491 quam
1612 420 1804 474 dislin-
1840 422 1893 481 Λ
1922 417 2137 470 Litteris
2166 426 2403 492 extrema
2450 417 2535 472 illa
2568 421 2846 475 tremenda
2877 421 2993 478 dies
3026 436 3221 493 magno
3249 438 3511 493 apparatu

233 518 464 573 ctionem
495 516 683 571 vellem
711 515 781 569 ab
810 516 939 583 ipsis
973 515 1249 583 explicari.
1274 514 1605 568 Nonnullam
1641 512 1812 580 expli-

234 610 496 665 cationem
529 609 745 663 invenio
777 610 826 662 in
853 608 1029 661 ind'ce
1057 608 1314 662 librorum
1343 607 1811 674 expurgandorum

233 717 265 756 a
292 701 349 756 P.
376 699 462 754 Jo.
490 699 656 754 Maria
699 698 1135 752 Brassichellensi
1180 712 1321 752 sacr.
1359 698 1463 764 pztl.
1498 705 1667 765 apost.
1706 711 1818 749 ma-

231 794 400 862 gistro
425 790 695 853 confecto,
744 789 831 843 ubi
874 804 991 857 pag.
1026 788 1155 851 257,
1213 789 1371 859 159
1413 803 1481 843 ex
1530 797 1674 841 tomo
1704 786 1816 840 νηί

234 880 576 937 Bibliotheca:
623 881 837 934 Patrum
879 880 1168 947 Margarini
1215 879 1330 932 haec
1372 887 1736 947 expurgantur
1763 877 1814 931 in

231 972 453 1027 Aurelio
503 970 796 1025 Prudentio
841 986 855 1023 :
897 968 978 1023 Ad
1023 970 1173 1023 verba
1212 969 1307 1023 illa
1343 978 1535 1035 textus,
1582 984 1715 1023 soar
1748 982 1815 1022 ιτ

231 1076 516 1119 setstrtsus
544 1076 749 1129 appone
774 1059 843 1111 ad
882 1059 1186 1128 marginem,
1234 1074 1410 1113 causa
1441 1074 1574 1115 LEGB
1600 1074 1717 1111 nam
1754 1074 1819 1111 ea:

232 1153 439 1219 placitis
467 1150 732 1220 theoIOgia:
762 1148 963 1203 nullum
988 1164 1102 1203 vere
1139 1150 1463 1219 refrigerium
1492 1166 1715 1219 unquam
1744 1157 1820 1203 est

231 1245 503 1299 animabus
531 1245 889 1299 damnatorum
916 1242 971 1295 in
1000 1242 1223 1311 inferno.
1268 1240 1468 1296 Forsan
1506 1240 1817 1296 Prudentius

233 1338 433 1407 poetico
454 1351 590 1389 more
617 1335 796 1389 lusisse
823 1341 1023 1387 tantum
1050 1334 1231 1400 voluit,
1263 1332 1331 1386 ad
1371 1332 1703 1386 indicandam
1728 1332 1819 1387 la:-

233 1427 401 1480 titiam
442 1427 544 1478 diei
585 1423 969 1479 resurrectionis
1014 1422 1244 1476 Domini.
1286 1422 1456 1489 Quam
1501 1422 1819 1490 interpreta-

237 1522 433 1573 tionem
463 1518 553 1571 atii
586 1523 854 1580 tueantur,
907 1530 1000 1583 per
1028 1529 1115 1568 tne
1146 1515 1305 1577 licet;
1356 1528 1456 1583 ego
1488 1513 1665 1583 potius
1694 1526 1818 1567 cre-

232 1610 358 1664 dam
388 1609 737 1663 Prudentium
774 1623 894 1661 cum
924 1607 1045 1661 aliis
1071 1620 1301 1669 errasse,
1346 1605 1391 1660 si
1433 1615 1612 1659 tamen
1669 1614 1818 1659 certo

235 1702 342 1755 silli
362 1701 497 1756 mari
529 1710 701 1770 potest
730 1699 872 1753 illam
922 1697 1233 1768 opinionem
1276 1695 1631 1767 quorumdam
1664 1705 1815 1751 vete-

233 1808 353 1846 rum
384 1807 625 1848 erroretn
653 1806 771 1846 esse
797 1790 897 1860 (a).
1115 1782 1124 1790 ’

822 1901 1052 1957 CAPUT
1091 1899 1235 1955 XIX.

242 1996 350 2052 Cur
378 1996 692 2051 Prudentius
722 1997 774 2048 in
797 1996 1008 2050 extremi
1023 1996 1211 2065 judicii
1240 1995 1323 2049 die
1349 1995 1418 2049 ad
1443 1996 1704 2050 dexterum
1723 1997 1816 2051 Ju-
1851 2002 1896 2062 Β

583 2068 711 2121 dicis
740 2067 875 2120 latus
905 2066 1173 2135 transferri
1202 2068 1456 2121 oraverit.

312 2177 440 2233 185.
471 2176 603 2231 lllud
636 2177 800 2232 etiam
828 2173 1334 2244 reprehensionibus
1358 2175 1709 2244 quorumdam
1741 2184 1823 2230 est

238 2268 557 2330 obnoxium,
592 2267 733 2335 quod
767 2266 1081 2320 Prudentius
1112 2265 1367 2337 hymnum
1398 2265 1457 2321 S.
1484 2265 1710 2320 Romani
1741 2267 1822 2321 his

239 2360 487 2415 versibus
516 2359 840 2414 concluserit
864 2375 878 2411 :
911 2357 1129 2427 Vellem,
1160 2359 1365 2413 sinister
1394 2360 1526 2412 inter
1555 2359 1822 2412 hcedorum

238 2468 413 2523 greges
446 2449 490 2505 U
496 2459 513 2501 ι
533 2466 649 2503 sum
674 2452 898 2517 futurus,
928 2450 1122 2502 eminus
1151 2450 1477 2519 dignoscerer
1497 2463 1517 2503 :
1538 2449 1702 2515 Atque
1726 2453 1821 2502 hoc

238 2552 498 2613 precante,
531 2542 720 2595 diceret
742 2556 833 2594 res
863 2541 1082 2611 Optimus
1107 2556 1125 2596 :
1154 2541 1413 2594 (tornanus
1433 2552 1578 2605 orat;
1602 2546 1823 2611 transfer

238 2634 377 2689 hunc
400 2634 610 2687 htedum
636 2633 784 2698 mihi,
831 2633 895 2685 sit
919 2632 1048 2686 dext.
1064 2648 1092 2684 r
1118 2648 1300 2703 agnus,
1344 2632 1592 2685 induatur
1614 2632 1816 2687 vellere.

242 2726 303 2781 Et
334 2726 389 2780 in
425 2726 532 2780 ﬁne
559 2725 830 2779 Passionis
860 2723 917 2778 S.
953 2722 1234 2778 Fructuosi
1260 2735 1311 2779 et
1341 2738 1453 2779 soc.
1491 2740 1503 2776 :
1531 2722 1668 2778 Olim
1697 2734 1823 2777 tem-

241 2834 335 2879 pus
365 2816 485 2879 erit,
518 2825 692 2868 ruente
721 2814 932 2881 mundo,
958 2814 1087 2868 Cum
1113 2824 1180 2877 te,
1213 2814 1457 2880 Tarraco,
1505 2814 1822 2869 Fructuo:;us

239 2908 345 2961 acri
364 2907 544 2962 Solvet
573 2908 827 2975 supplicio
852 2916 1019 2977 tegens
1050 2910 1112 2961 ab
1135 2908 1262 2977 igni.
1297 2906 1432 2961 Fors
1462 2909 1756 2979 dignabitur
1776 2920 1823 2963 et

240 3001 365 3053 meis
414 2999 661 3052 medelam
715 2998 1000 3053 Tormentis
1052 3000 1176 3053 dare
1222 3011 1553 3070 prosperante
1595 3000 1819 3067 Christo,

245 3091 436 3146 Dulces
466 3092 621 3161 160
647 3091 1097 3162 hendecasyllabos
1125 3092 1399 3146 revolvens.
1422 3092 1553 3147 Cum
1577 3094 1629 3147 in
1653 3095 1823 3149 saetis

1918 507 2274 572 describatur,
2322 508 2774 576 Christianorum,
2824 514 3056 567 maxime
3093 524 3356 571 veterum.
3389 528 3509 569 vo‘a

1918 613 1984 652 eo
2015 599 2328 670 reSpiciunt,
2355 611 2413 655 ut
2438 618 2544 671 quo
2574 612 2812 671 tempore
2840 605 3120 660 universus
3140 608 3287 662 orbis
3307 607 3515 675 judica-

1917 687 2088 752 bitur,
2138 691 2269 744 iram
2299 692 2535 760 supremi
2559 692 2756 761 iudicis
2778 709 2808 747 a
2834 708 2954 750 sese
2980 695 3368 764 deprecentur;
3401 714 3508 752 non

1918 781 2062 849 quod
2095 792 2364 849 puta-rent,
2395 784 2659 839 incertum
2691 801 2815 841 esse
2848 797 2972 843 ante
2996 802 3115 843 eam
3144 791 3310 855 diem,
3345 806 3508 860 qttaut

1917 879 2119 925 sortem
2164 872 2359 943 singuli
2411 873 2660 930 homines
2701 887 2887 933 essent
2929 878 3195 946 subituri,
3245 881 3341 936 sed
3386 898 3510 949 qua

1919 967 2045 1016 tunc
2072 975 2254 1016 coram
2280 963 2530 1018 omnibus
2555 966 2819 1021 sententia
2844 974 2930 1021 est
2961 968 3279 1036 proferenda
3317 970 3417 1041 (b).
3447 970 3507 1025 S.

1918 1049 2169 1108 Paulinus
2194 1053 2365 1109 Natali
2398 1055 2540 1111 idem
2565 1058 2721 1127 plane
2749 1058 3057 1114 conﬁrmat.

2411 1187 2604 1252 Cumitu
2628 1202 2823 1252 quoque
2846 1202 3018 1251 magna
3049 1191 3235 1252 piorum

1981 1247 2169 1312 Portio,
2200 1258 2492 1309 regnantem
2518 1247 2654 1301 Felix'
2680 1247 2994 1301 antiitabeiis
3015 1247 3228 1310 Annum,

1982 1308 2165 1374 Posce,
2181 1308 2339 1374 ovium
2362 1324 2519 1373 grege
2545 1325 2631 1360 nos
2646 1314 2808 1374 statui,
2838 1322 2889 1361 ut
2912 1308 3156 1363 sententia
3178 1308 3352 1362 summi

1981 1369 2170 1435 iudicis
2188 1372 2279 1420 hoc
2303 1369 2497 1435 quoque
2522 1384 2609 1421 nos
2634 1369 2807 1435 iterum
2834 1375 2920 1422 tibi
2947 1387 3152 1423 munere
3184 1378 3356 1435 donet,

1984 1431 2059 1481 Ne
2081 1434 2209 1481 male
2232 1431 2434 1493 graiatis
2457 1433 2603 1481 laevos
2620 1434 2865 1492 adjudicet
2887 1435 3056 1490 ha'dts,

1984 1493 2081 1555 Sed
2103 1496 2262 1555 potius
2285 1497 2459 1543 dextra
2483 1497 2662 1554 positos
2681 1499 2725 1543 in
2750 1504 2887 1555 parte
2907 1494 3080 1543 salutis

1984 1554 2209 1604 Munitico
2233 1558 2416 1618 pecori,
2458 1555 2665 1604 laudatis
2684 1554 2928 1617 aggreget
2945 1559 3088 1617 agnis
3112 1555 3200 1619 (c).

1921 1658 2047 1713 llaec
2077 1668 2193 1713 erat
2221 1660 2322 1715 SS.
2354 1660 2574 1713 Patrum
2624 1659 2920 1727 sententia,
2964 1660 3129 1714 Deum
3180 1659 3233 1713 in
3264 1669 3508 1716 extremo

1920 1750 2124 1818 judicio
2170 1751 2240 1804 ob
2272 1749 2459 1804 merita
2494 1759 2549 1804 et
2590 1764 2777 1819 preces
2800 1760 3107 1804 sanctorum
3137 1750 3203 1804 ad
3234 1750 3511 1807 dexterum

1927 1841 2067 1895 latus
2095 1842 2275 1910 plures
2309 1857 2427 1898 esse
2447 1854 2791 1907 vocaturum;
2823 1858 2929 1913 quo
2962 1843 3212 1910 innuunt,
3244 1844 3512 1910 homines,

1925 1934 2051 1988 dum
2112 1936 2321 2002 vivunt,
2378 1936 2578 1991 sanctis
2626 1936 3078 2006 deprecantibus,
3129 1936 3411 2004 obtinere,
3457 1947 3516 1991 ut

1929 2023 2067 2079 bona
2116 2040 2280 2096 opera
2325 2022 2602 2097 eiticiant,
2658 2036 2713 2083 et
2764 2029 2991 2083 salutem
3041 2039 3300 2083 mternam
3345 2029 3515 2099 adipi-

1925 2127 2166 2173 sentitur.

2002 2214 2126 2268 186.
2162 2214 2219 2270 S.
2250 2215 2545 2285 Cyprianus
2590 2214 2661 2268 ita
2692 2220 2773 2268 est
2799 2212 3147 2283 erpoaendus
3186 2210 3281 2266 lib.
3310 2213 3379 2269 de
3406 2212 3509 2267 La-

1929 2304 2040 2373 psis
2064 2321 2079 2358 :
2101 2303 2365 2360 Credimus
2389 2307 2592 2375 quidem
2644 2322 2792 2374 posse
2817 2304 2957 2374 apud
2980 2304 3214 2357 Judicem
3232 2305 3511 2374 plurimum

1928 2408 2207 2467 martyrum
2241 2400 2441 2464 merita,
2472 2406 2519 2452 et
2546 2416 2703 2468 opera
2732 2400 3018 2467 justorunt,
3066 2398 3154 2451 sed
3180 2413 3295 2451 cum
3319 2398 3515 2469 judicii

1926 2492 2035 2545 dies
2061 2493 2267 2560 venerit,
2293 2510 2410 2547 cum
2434 2506 2547 2564 post
2581 2509 2816 2547 occasum
2846 2493 3019 2545 surculi
3064 2491 3219 2561 hujus
3256 2500 3302 2544 et
3337 2490 3516 2543 mundi

1927 2595 2045 2637 ante
2072 2584 2300 2638 tribunal
2330 2584 2516 2639 Christi
2545 2582 2769 2655 populus
2799 2583 2910 2649 eius
2935 2582 3149 2636 astiterit
3184 2596 3201 2633 :
3230 2578 3517 2636 Venantins

1932 2676 2253 2732 Fortunatus
2282 2678 2373 2731 lib.
2408 2693 2478 2732 tv.
2506 2678 2573 2732 de
2610 2676 2723 2731 Vita
2748 2675 2805 2731 S.
2835 2674 3045 2729 Martini
3072 2687 3088 2728 :

1988 2808 2061 2859 Tu
2084 2823 2279 2871 quoque
2298 2808 2466 2869 jussus
2489 2810 2588 2858 eris
2608 2809 2785 2858 dextro
2809 2807 3048 2871 residere
3072 2806 3237 2871 sedili.

1989 2866 2145 2931 Tunc,
2174 2866 2362 2930 Irocor,
2385 2881 2432 2918 ut
2463 2871 2684 2931 fragilem
2710 2882 2849 2917 sacro
2877 2867 3119 2931 uelamine
3143 2866 3296 2927 Celes,

1992 2930 2048 2980 Et
2070 2927 2149 2979 tua
2170 2927 2248 2978 me
2276 2932 2516 2991 trepidum
2539 2927 2774 2978 defendat
2796 2931 2854 2975 ah
2882 2927 3233 2991 ἰςιιθλιυε-ειξῃςο.

1986 2993 2107 3042 Nam
2132 2995 2236 3041 scio
2254 2985 2395 3055 posse
2423 3005 2561 3041 reum
2579 2993 2804 3053 quemtis
2818 2985 3113 3039 tibi'Cedere
3134 2988 3376 3036 Christum
3396 2985 3491 3049 (tl).

2005 3096 2157 3167 161
2194 3097 2315 3152 187.
2348 3096 2622 3152 Fabricius
2666 3095 2917 3149 haeretica
2946 3092 3138 3163 spiritu
3181 3092 3439 3160 impulsus
3463 3092 3517 3148 in

311 3367 391 3438 (a)
428 3366 693 3421 Laudatus
724 3367 880 3421 index
926 3367 1058 3420 liler
1086 3380 1207 3418 raro
1234 3364 1421 3417 obvius
1449 3365 1705 3438 creditur.
1733 3366 1818 3419 Ti-
1855 3370 1899 3431 C
1931 3366 1994 3418 ab
2016 3364 2202 3438 Ita-dis.
2228 3365 2289 3419 Et
2321 3374 2502 3420 statuet
2535 3381 2649 3419 ores
2672 3366 2879 3436 quidem
2902 3382 2935 3419 a
2961 3365 3176 3435 dextris,
3219 3366 3391 3423 ha’dos
3418 3386 3516 3423 an-

246 3437 390 3491 tulus
436 3450 520 3491 est
556 3455 568 3490 :
600 3440 794 3491 Indicis
835 3438 1079 3489 librorum
1109 3438 1581 3505 expurgant/orum,
1633 3437 1686 3488 in
1715 3447 1825 3489 stu-

244 3510 512 3561 diosorum
536 3512 753 3576 gratiam
775 3509 1006 3576 confecti,
1037 3516 1199 3558 tomus
1228 3523 1442 3571 prunus,
1476 3507 1526 3558 in
1552 3523 1652 3571 quo
1678 3509 1825 3575 quin-

248 3580 497 3647 qutginta
524 3588 787 3630 auctorum
826 3578 940 3630 libri
977 3592 1083 3646 pra:
1127 3580 1319 3630 ca’teris
1358 3578 1627 3628 desiderati
1655 3593 1823 3628 emen-

248 3646 455 3700 dantur.
480 3646 652 3700 Roma:
673 3665 733 3700 ex
754 3657 861 3717 typ.
881 3664 983 3699 rev.
1008 3664 1140 3699 cam.
1165 3657 1328 3712 apost.
1362 3647 1515 3700 1607.
1543 3648 1829 3715 Ειυιιψιιιν

253 3733 418 3783 ιιειιες
449 3721 517 3770 cl.
553 3716 832 3783 praesulem
864 3718 1115 3785 [teggium
1150 3725 1327 3770 nolam
1370 3717 1532 3769 habet
1559 3720 1610 3770 in
1643 3716 1827 3770 limine

251 3803 411 3840 tnanu
462 3789 746 3853 astrriplam
793 3805 804 3839 :
838 3786 903 3839 Ut
933 3797 1231 3839 cwterorum
1275 3787 1502 3839 indicum
1531 3787 1830 3855 hujusmodi

250 3862 431 3909 serLem
462 3874 521 3907 uc
545 3866 842 3908 Consuetnm
881 3858 1069 3925 stylnm
1114 3872 1451 3925 sequeremur,
1483 3858 1713 3925 qua‘dam
1738 3873 1828 3909 ex-

253 3942 485 3997 pungere
507 3927 669 3978 coacti
694 3943 884 3997 sumus,
933 3942 1045 3993 qua:
1080 3927 1192 3977 licet
1222 3926 1420 3979 erudite
1455 3928 1826 3991 animadversa,

251 3998 317 4049 ad
347 3996 641 4064 institutum
668 4007 833 4048 tamen
861 3996 1016 4065 hujus
1060 3997 1174 4048 libri
1203 3998 1505 4064 opponenda
1532 4013 1633 4050 non
1663 4007 1827 4060 erant,

252 4084 367 4118 cum
398 4075 478 4117 sut
519 4069 582 4119 sit
634 4068 755 4135 quid
805 4068 1077 4119 delendum
1123 4075 1170 4119 et
1207 4065 1328 4131 quid
1379 4078 1523 4120 caute
1562 4066 1829 4136 legendunt

253 4139 679 4190 animadvertere.
715 4137 913 4189 Placuit
943 4137 1274 4189 nihilominus
1322 4137 1467 4187 initio
1496 4138 1831 4203 quorumdam

255 4208 501 4259 librorum
525 4207 756 4273 quaedam
784 4210 849 4259 de
873 4222 1046 4258 eorum
1076 4206 1367 4259 auctoribus
1393 4206 1623 4271 (breviter
1643 4208 1830 4267 tamen)

253 4279 525 4345 attingere,
552 4288 605 4327 ut
630 4276 826 4341 lectori,
852 4278 1015 4345 qualis
1036 4278 1099 4329 sit
1122 4287 1320 4337 auctor,
1350 4293 1416 4329 an
1455 4276 1734 4329 catholicus
1755 4276 1831 4329 vel

255 4346 543 4408 hereticus,
573 4352 719 4417 cujus
749 4348 963 4415 denique
1000 4348 1406 4409 existimationis,
1443 4348 1596 4413 facile
1636 4350 1835 4399 innote-

256 4418 469 4470 scat.Ex
501 4431 606 4483 quo
634 4432 816 4485 arguo,
845 4433 949 4470 tton
981 4419 1157 4470 omnia
1189 4433 1307 4486 qua:
1334 4417 1567 4471 Thomas
1598 4416 1835 4469 Maluen-

257 4488 346 4549 da,
378 4486 874 4553 splendidissimum
910 4487 1175 4555 Hispaniae
1200 4498 1254 4541 et
1282 4487 1493 4541 familiae
1522 4487 1837 4556 prardicato-

258 4572 376 4609 rum
403 4558 591 4623 decus,
637 4557 688 4610 in
722 4558 1044 4611 Bibliotheca
1091 4557 1306 4610 Patrum
1334 4557 1731 4623 animadvertit,
1780 4558 1833 4611 in

260 4626 493 4681 indicem
526 4627 685 4681 tuisse
715 4629 987 4695 conjecta;
1019 4627 1085 4679 tle
1114 4643 1219 4694 quo
1250 4626 1363 4679 lucc
1392 4628 1503 4680 Nic.
1531 4628 1792 4681 Antonius
1818 4644 1831 4679 :

260 4695 523 4766 Cujusntet
563 4700 684 4749 anni
714 4714 924 4763 pensum
952 4698 1185 4750 bimestre
1222 4700 1318 4764 fuit
1341 4695 1667 4751 Bibliosheca:
1701 4708 1833 4750 vete-

258 4782 375 4819 rum
406 4766 623 4819 Patrum
649 4770 993 4819 commendata
1021 4774 1063 4820 ei
1094 4785 1180 4834 per
1214 4769 1418 4832 indicis,
1454 4780 1504 4819 ut
1530 4778 1727 4831 vocant,
1756 4784 1832 4820 sa.

261 4854 377 4890 eros
408 4850 714 4906 purpuratos
742 4834 925 4890 Patres
957 4840 1234 4906 recognitio
1262 4856 1274 4890 :
1318 4842 1453 4891 unde
1486 4854 1586 4903 qua
1618 4840 1836 4903 scripto-

261 4923 377 4959 rum
404 4923 465 4960 ea
492 4910 968 4975 comprehensorum
1004 4923 1216 4975 quisque
1258 4910 1558 4961 auctoritate
1596 4921 1685 4961 aut
1720 4909 1833 4961 loco
1863 4916 1913 4975 ο

262 4980 471 5047 censeri
488 4977 684 5039 debeat,
718 4977 964 5029 doctrina:
1004 4992 1182 5047 genus,
1230 4988 1379 5046 atque
1418 4987 1563 5045 artas,
1608 4980 1834 5031 observa-

261 5048 401 5118 tione
430 5044 654 5118 leomce
677 5048 871 5118 nostri,
922 5047 974 5098 in
1007 5044 1303 5118 Romanum
1345 5049 1585 5114 indicem,
1628 5050 1717 5118 qui
1742 5048 1831 5103 J0.

262 5115 452 5168 Marica
481 5114 925 5169 Bras-ichellensis
944 5118 1004 5171 S.
1028 5116 1218 5187 Palatii
1230 5118 1467 5186 inagistri
1494 5114 1692 5171 nomine
1716 5134 1837 5187 pro-

263 5188 508 5257 diitpnno
536 5187 667 5240 1607
693 5188 921 5257 conjecta
942 5199 1084 5239 sunt.
1111 5186 1309 5255 Easque
1337 5190 1472 5257 ipsas
1489 5186 1838 5241 adnotationes

264 5256 316 5307 in
346 5254 713 5327 Bibliotltecam
732 5275 763 5308 a
784 5254 843 5310 se
870 5274 1008 5327 anno
1034 5257 1168 5311 1005
1180 5254 1426 5327 recoctam
1444 5257 1747 5311 Parisiensis
1772 5269 1841 5327 ty-

261 5326 561 5393 pographus
602 5328 832 5379 admisit.
885 5326 990 5380 Pro
1024 5342 1162 5379 anno
1200 5326 1334 5381 H505
1380 5326 1657 5395 legendum
1701 5345 1836 5380 anno

265 5396 407 5448 1614
431 5400 480 5466 in
509 5395 625 5450 Nic.
657 5398 909 5462 Antonio,
940 5405 1117 5466 utego
1142 5397 1355 5464 quidem
1377 5400 1645 5451 existimo.

335 5466 411 5535 (b)
443 5465 610 5519 Locus
634 5476 716 5519 est
741 5466 961 5537 insignis
987 5468 1039 5519 in
1059 5465 1117 5521 S.
1138 5468 1322 5522 Matth.
1349 5482 1471 5531 xxv,
1492 5466 1553 5521 51
1575 5478 1627 5521 et
1649 5481 1799 5537 seqq.
1821 5484 1834 5521 :

262 5531 582 5587 Cumautem
601 5538 801 5607 venerit
832 5534 1006 5590 Filius
1032 5538 1253 5590 hominis
1282 5541 1335 5589 in
1355 5541 1618 5607 majestate
1646 5531 1840 5599 sua-{tt

261 5618 437 5679 omnes
463 5605 624 5679 angeli
646 5622 760 5657 cum
789 5622 867 5679 eo,
891 5617 1008 5660 tunc
1030 5608 1217 5661 sedebit
1245 5623 1395 5677 super
1415 5605 1584 5661 sedem
1605 5611 1841 5679 majesta-

261 5675 325 5722 tis
354 5689 477 5747 sute.
509 5673 572 5725 Et
598 5677 1038 5747 congregobuntur
1066 5687 1182 5730 ante
1201 5673 1315 5730 enni
1356 5693 1528 5730 omnes
1557 5673 1747 5747 gentos,
1792 5690 1839 5731 et

262 5746 518 5808 “parabit
554 5762 636 5799 eos
673 5746 739 5800 ab
772 5747 1013 5813 invicem,
1066 5750 1195 5802 sicut
1238 5758 1414 5818 pastor
1454 5746 1674 5817 segregat
1722 5764 1835 5803 oves

1931 3445 2031 3488 tem
2054 3454 2085 3488 a
2107 3437 2347 3489 sinistris.

2002 3505 2075 3575 (ε)
2107 3507 2170 3560 lit
2206 3509 2271 3560 de
2312 3506 2480 3559 reditu
2513 3506 2711 3559 Niccta:
2742 3507 2977 3573 episcopi
3032 3506 3083 3559 in
3116 3505 3329 3561 Daciam
3362 3526 3376 3561 :
3404 3510 3517 3565 Nos

1931 3576 2075 3640 locis,
2100 3590 2342 3641 quantum
2366 3578 2577 3638 meritis,
2600 3578 2856 3645 dirempti,
2890 3576 3100 3629 Eminus
3130 3578 3277 3630 celsis
3301 3579 3518 3635 humiles

1931 3649 2180 3713 patronis,
2204 3647 2273 3699 Te
2292 3646 2472 3716 procul
2502 3648 2659 3699 sacris
2685 3650 2878 3699 socium
2901 3648 3109 3701 catervis
3147 3648 3513 3717 Snspiciemus.

1934 3719 2058 3778 (luis
2086 3718 2170 3771 die
2196 3721 2337 3770 nobis
2360 3718 2498 3770 dabit
2526 3717 2623 3770 hoc
2648 3718 2701 3769 in
2732 3719 2845 3782 illa,
2902 3717 2969 3771 Ut
3009 3719 3081 3769 tui
3125 3726 3313 3771 stemus
3341 3720 3518 3774 lateris

1930 3791 2024 3839 sub
2078 3788 2277 3858 umbra,
2338 3787 2403 3840 Et
2452 3798 2553 3839 tua:
2603 3788 2745 3839 nobis
2798 3789 3035 3857 requietis
3076 3804 3202 3839 aura
3252 3788 3517 3858 Temperet

1930 3858 2140 3922 ignem?
2190 3857 2351 3921 Tunc,
2402 3872 2599 3921 precor,
2651 3858 2811 3909 nostri
2855 3858 3072 3909 nimium
3120 3870 3398 3923 memento,
3451 3858 3519 3912 Et

1938 3925 2109 3999 Patris
2138 3929 2301 3999 sancti
2349 3927 2539 3993 gremio
2578 3929 2869 3980 recumbens
2900 3927 3119 3980 Roscida
3170 3929 3313 3981 nobis
3354 3930 3521 3999 digito

1934 3998 2181 4066 furentem
2206 3994 2357 4048 Discn
2368 4008 2414 4047 te
2432 3999 2714 4065 ﬂairimant.

2007 4067 2085 4135 (ct)
2119 4068 2354 4119 Imitatur
2386 4067 2655 4118 Prmlentii
2700 4075 2755 4120 et
2800 4066 2898 4119 hoc
2926 4074 2980 4121 et
3024 4066 3141 4118 aliis
3174 4066 3323 4131 locis,
3370 4070 3517 4134 quod

1935 4135 2235 4190 observavit
2264 4137 2507 4188 Barthius
2534 4137 2623 4188 lili.
2653 4151 2767 4199 ειν,
2796 4150 2912 4204 cap.
2939 4137 2991 4199 9,
3021 4135 3240 4188 llericus
3267 4138 3518 4193 Altissio-

1936 4206 2179 4260 dorensis
2228 4205 2318 4258 lib.
2353 4221 2401 4258 Vl
2450 4206 2578 4257 Vita:
2629 4206 2684 4258 S.
2719 4206 2969 4259 Germani
3014 4204 3201 4274 :Ergo
3248 4208 3326 4258 tui
3373 4220 3511 4267 tunc,

1936 4287 2109 4349 sancte
2136 4285 2295 4344 pater,
2326 4276 2646 4349 miserescito
2666 4279 2814 4349 vatis,
2839 4274 3073 4349 (Tumque
3102 4278 3249 4349 olidis
3276 4282 3519 4349 junctum

1937 4348 2214 4416 dispexeris
2236 4347 2434 4399 eminus
2463 4346 2643 4408 Itmtis,
2685 4344 2751 4416 Id
2779 4345 2903 4399 mihi
2948 4344 3066 4398 nam
3087 4344 3335 4415 spondent
3357 4350 3518 4401 scele-

1938 4415 2051 4468 rum
2082 4427 2404 4469 monumenta
2427 4432 2672 4485 mearum,
2701 4415 2832 4468 Tum
2856 4433 3023 4485 regem
3058 4418 3285 4477 precibus
3310 4442 3322 4483 ι
3343 4421 3523 4472 ulsare

1939 4500 2189 4540 memento
2218 4488 2479 4555 benignis;
2509 4483 2556 4537 [ν’
2560 4487 2768 4539 lectetur
2795 4483 2948 4552 certe,
2982 4487 3111 4539 dicet
3132 4488 3393 4555 ﬂexusque
3417 4491 3519 4541 mi-

1939 4557 2133 4621 nistro;
2172 4556 2458 4610 Germanus
2498 4567 2629 4620 arat,
2679 4573 2778 4609 non
2818 4560 2896 4624 fas
2924 4558 3171 4622 sprevisse
3202 4567 3515 4625 precantem,

1942 4626 2095 4697 Hunc
2137 4626 2341 4680 htedum
2370 4628 2535 4679 niveos
2562 4628 2937 4696 quamprimum
2969 4628 3191 4693 transfer
3237 4629 3291 4681 in
3330 4644 3506 4697 agnos,

1939 4696 2116 4767 Agnus
2138 4707 2217 4750 eat
2247 4698 2440 4759 dexter,
2485 4697 2749 4749 deceretur
2775 4698 2953 4750 vellere
2977 4697 3209 4766 pulchro.
3239 4696 3518 4766 Batthius,

1938 4769 2026 4835 qui
2066 4769 2146 4820 his
2177 4768 2305 4821 locis
2346 4767 2665 4830 coutirtnat,
2716 4767 3084 4820 damnatorum
3132 4771 3369 4822 numeris
3398 4772 3517 4823 exi-

1943 4850 2088 4890 mere
2117 4853 2252 4906 quos
2281 4848 2544 4905 martyres
2574 4836 2859 4901 voluerint,
2898 4852 3062 4904 penes
3092 4838 3188 4891 hos
3221 4853 3339 4892 esse
3371 4840 3516 4893 t’utu-

1942 4922 2080 4969 rum,
2110 4922 2153 4961 st
2188 4907 2320 4961 tides
2348 4906 2716 4976 scriptoribus,
2750 4921 2854 4959 non
2894 4910 2942 4960 at
2967 4908 3127 4974 ounin
3166 4909 3304 4963 male
3327 4909 3393 4963 de
3428 4925 3511 4963 re-

1942 4975 2139 5047 ligionc
2176 4989 2357 5031 nostra
2394 4975 2673 5039 consultis,
2706 4977 2776 5030 sit
2799 4977 3096 5031 adhibenda
3128 4980 3289 5047 (quod
3333 4981 3406 5032 ait
3452 4993 3522 5033 se

1941 5046 2136 5115 legisse
2176 5048 2314 5115 apud
2362 5047 2747 5101 amati-simum
2795 5048 2893 5101 sibi
2936 5046 3246 5114 Str;ptoretn
3278 5048 3515 5102 l'rudcu-

1942 5118 2071 5171 tium
2101 5122 2150 5171 in
2180 5122 2283 5172 tine
2306 5118 2585 5172 Fructuosi
2616 5126 2666 5173 et
2691 5118 2963 5183 Romani),
3010 5134 3195 5185 parum
3244 5117 3343 5170 sibi
3385 5132 3519 5170 con-

1939 5197 2063 5255 stat,
2115 5190 2239 5242 dum
2283 5189 2374 5242 lib.
2418 5205 2530 5253 vm,
2579 5204 2698 5257 cap.
2736 5189 2820 5247 Η,
2873 5197 3038 5257 notat,
3082 5187 3519 5257 rl’rttdentiuntin

1944 5258 2050 5311 line
2082 5259 2302 5312 Romani
2348 5274 2404 5313 se
2452 5256 2659 5313 Ita-dum
2702 5256 3028 5325 jungendum
3079 5256 3236 5310 hircis
3278 5271 3306 5308 a
3347 5258 3522 5309 latere

1942 5328 2159 5398 sinistro
2180 5329 2383 5382 Judicis
2413 5330 2610 5398 longius
2641 5328 2800 5380 nimia
2835 5326 3118 5398 hutttilitate
3150 5330 3299 5398 etiam
3338 5341 3525 5398 arere

1946 5396 2234 5451 Mediatore
2270 5394 2551 5451 secessisse.
2601 5400 2752 5461 Quod
2800 5397 2844 5450 si
2874 5397 3118 5451 Barthius
3148 5397 3219 5449 ita
3251 5394 3516 5460 intelligit,

1948 5485 2110 5536 penes
2133 5477 2405 5537 martyres
2424 5482 2542 5520 esse
2573 5467 2807 5520 luturutn
2834 5467 3071 5537 eximere
3092 5483 3225 5535 quos
3255 5466 3521 5537 voluerint

1944 5533 1974 5591 ὀ
2002 5533 2374 5591 damnatorum
2402 5551 2641 5599 numero,
2668 5546 2723 5588 ut
2751 5537 2801 5588 hi
2830 5536 2919 5603 qui
2945 5533 3127 5590 reversi
3156 5534 3390 5589 damnati
3410 5533 3523 5601 jam

1947 5615 2071 5659 sunt
2095 5621 2124 5659 a
2159 5621 2314 5673 paena
2346 5607 2701 5659 damnationis
2737 5608 3051 5670 liberentur,
3080 5620 3251 5672 neque
3283 5605 3528 5659 Pruden-

1946 5676 2027 5742 tii,
2060 5691 2234 5746 neque
2259 5678 2488 5731 aliorum
2518 5688 2751 5731 mentem
2780 5684 3056 5733 assecutus
3081 5684 3186 5732 est.
