3998 6182
496 304 590 361 711

1911 291 2360 352 PRUDENTIUS.

3667 297 3768 356 712

493 420 597 472 tiue
645 430 842 470 comm.
895 415 949 468 in
1000 413 1296 467 Romanum
1345 411 1415 466 ita
1463 411 1807 467 Prudentium
1848 409 2071 480 alloqui-
2099 412 2152 469 Α
2179 425 2270 476 per
2297 411 2570 464 intercessu
2611 407 2720 464 Dea
2768 409 2990 478 ﬁdeliter
3036 410 3396 480 famulanttum
3428 411 3532 479 ‘qui
3573 426 3640 466 ea:
3679 415 3766 466 hoc

495 517 579 560 tur
611 523 626 560 :
656 504 770 559 Ista
797 505 1047 560 sententia
1069 544 1083 567 ,
1113 503 1156 555 si
1186 511 1274 554 tua
1303 510 1406 564 est,
1442 501 1717 567 Prudenti,
1748 503 1824 556 vir
1851 501 2078 554 clarissi-

494 612 608 658 me,
664 595 923 648 contraria
969 603 1043 646 est
1091 592 1341 645 doctrina
1392 591 1766 658 prophetiam...
1823 589 2079 644 contraria

493 685 614 737 item
665 683 911 736 doctrina:
961 681 1276 751 apostolicat.
1343 679 1561 734 Scil:cet
1622 680 1898 734 Fabricius
1947 677 2079 732 nihil

495 784 802 826 sanctorum
828 770 1014 822 merita
1035 780 1086 822 et
1112 783 1299 837 preces
1329 770 1510 822 valere
1526 768 1664 835 apud
1690 768 1958 822 Christum
1979 781 2078 834 pu-

498 872 590 916 tat.
625 862 886 930 Georgius
919 859 1118 914 Remus
1146 859 1198 912 in
1228 858 1368 912 notis
1396 859 1510 912 ait:
1544 858 1824 913 Sinistrum
1858 856 2079 910 auctoris

496 955 660 1006 timidi
697 953 846 1006 nimis
875 968 935 1004 ac
963 950 1306 1018 superstitiosi
1355 959 1549 1004 votum.
1583 949 1884 1004 Fabricium
1920 947 2083 1000 alios-

494 1062 597 1111 que
628 1059 859 1099 mentem
890 1043 1124 1098 auctoris
1151 1057 1340 1110 parum
1384 1043 1722 1112 perspexisse
1746 1041 2084 1094 animadver-

498 1139 557 1191 lit
603 1138 717 1190 Nic.
759 1135 1028 1190 lleinsius.
1069 1133 1506 1203 Distinguendus,
1555 1133 1755 1200 inquit,
1801 1130 1885 1184 hic
1918 1131 2080 1185 locus.

500 1228 656 1289 Dicit,
677 1241 853 1294 ap'are
871 1241 944 1292 se,
977 1233 1029 1276 ut
1052 1223 1128 1277 vel
1163 1225 1294 1277 inter
1317 1222 1580 1276 Itwdorum
1610 1237 1794 1293 greges
1809 1231 2083 1284 statuatur,

495 1319 584 1372 sed
634 1318 728 1370 hac
769 1317 1090 1382 conditione,
1133 1325 1188 1368 ut
1229 1324 1276 1368 et
1301 1315 1530 1380 eminus,
1560 1313 1728 1384 qualis
1755 1314 1870 1377 crit,
1901 1313 2086 1382 digno-

497 1420 752 1474 sceretur,
785 1421 830 1462 et
877 1409 1135 1460 Romanus
1174 1424 1264 1477 pro
1308 1424 1363 1459 se
1403 1415 1602 1471 oraret,
1633 1421 1782 1474 quem
1806 1421 1838 1457 a
1883 1402 2085 1458 Christo

498 1503 877 1556 exaudiendutn
910 1500 1020 1565 fore
1049 1509 1184 1552 certo
1227 1500 1494 1570 persuadet
1526 1499 1640 1552 sibi.
1682 1497 1806 1552 Mihi
1849 1497 1964 1551 haec
2000 1496 2084 1550 in-

505 1592 839 1659 terpretatio,
873 1605 1031 1658 quam
1078 1590 1143 1642 ad
1185 1591 1406 1642 verbum
1445 1589 1838 1643 Chamillardus
1877 1588 2084 1642 exscri-

507 1685 649 1750 psit,
686 1695 789 1734 ιιοιι
821 1679 1108 1732 admodum
1143 1679 1345 1747 placet,
1377 1694 1552 1748 neque
1595 1679 1736 1732 enim
1764 1677 2085 1732 Prudentius

502 1774 609 1825 ullo
659 1771 817 1824 modo
864 1778 1011 1839 optat
1040 1771 1179 1823 inter
1224 1769 1495 1823 Inedorum
1540 1783 1728 1837 greges
1757 1767 1938 1834 statui,
1985 1768 2078 1821 sed

501 1874 703 1916 tantum
735 1872 906 1916 orata
949 1862 1165 1916 sinistro
1211 1861 1406 1926 lati-re,
1458 1876 1616 1930 quem
1667 1861 1841 1915 locum
1872 1860 1941 1914 ob
1987 1873 2082 1912 sua

503 1963 717 2021 ιειιωιῑει
750 1954 849 2006 sihi
880 1949 1063 2007 deberi
1110 1953 1310 2017 credt,
1359 1952 1585 2006 Romani
1632 1952 1880 2017 precibus
1913 1963 2088 2005 trans—

502 2046 629 2100 terri
661 2046 724 2099 ad
755 2047 1044 2110 dextrum,
1078 2046 1158 2098 vel
1192 2059 1258 2112 po
1285 2045 1367 2100 ius
1402 2055 1519 2099 orat
1561 2061 1628 2100 ne
1668 2047 1716 2098 itt
1763 2045 1979 2099 sinistro
2010 2045 2086 2096 la-

501 2148 616 2191 tere
661 2153 784 2191 eum
837 2137 1004 2190 hmdis
1055 2136 1418 2208 relinquatur,
1471 2135 1596 2188 dunt
1629 2151 1757 2190 otes
1800 2136 1870 2188 ab
1919 2135 2086 2190 haedis

503 2230 913 2298 separabantur.
952 2230 1115 2283 Recte
1145 2243 1270 2282 vero
1303 2229 1474 2297 inquit
1508 2229 1773 2292 lleinsius,
1799 2243 1904 2280 non
1931 2227 2086 2280 ahlu-

503 2324 632 2374 dere
658 2320 725 2374 ab
759 2321 860 2374 hoc
891 2319 1165 2373 Prudentii
1212 2321 1327 2373 loco
1365 2319 1453 2372 illa
1493 2319 1685 2373 Alcimi
1728 2306 1870 2373 Aviti
1902 2317 1995 2370 lib.
2029 2332 2085 2370 Ill

507 2412 575 2464 de
614 2411 877 2476 Supremo
908 2410 1115 2464 Jtttlirio
1159 2427 1172 2462 :
1205 2409 1357 2475 Tum,
1399 2426 1516 2461 cum
1544 2409 1769 2461 sinceras
1811 2419 1980 2475 pastor
2007 2409 2088 2460 di-

499 2501 735 2554 screverit
765 2517 948 2569 agnos,
981 2499 1032 2552 Η
1039 2499 1164 2552 tedis
1196 2498 1480 2568 disparibus
1511 2499 1707 2551 diversa
1736 2500 1786 2551 in
1833 2507 1976 2566 parte
2008 2498 2088 2551 lo-

504 2591 664 2651 cavis;
695 2599 749 2644 et
788 2592 854 2644 de
900 2590 1080 2643 Laude
1110 2589 1254 2657 Virg.
1290 2588 1449 2658 (forte
1490 2589 1635 2658 alibi)
1671 2607 1682 2640 :
1719 2588 1815 2642 Ubi
1842 2589 1959 2642 sede
1993 2605 2085 2642 su-

508 2700 666 2749 prrna
696 2682 991 2735 Humanum
1020 2683 1072 2734 in
1099 2691 1268 2752 partes
1298 2681 1501 2733 dirimet
1532 2698 1691 2750 genus
1716 2683 1906 2735 arbiter
1927 2682 2080 2748 orbis,

504 2774 676 2843 Agnos
714 2774 895 2826 dextra
947 2773 1126 2825 latrans
1167 2773 1317 2825 lwvos
1365 2779 1644 2826 contemnet
1689 2783 1744 2826 ut
1785 2771 1994 2837 hccdos;
2032 2782 2085 2827 et

508 2865 896 2918 'lertullianuut
945 2863 1039 2916 Ιει).
1070 2879 1119 2916 tv
1158 2863 1414 2916 adversus
1469 2863 1787 2918 Illarcionem
1821 2881 1833 2916 :
1868 2864 2005 2928 Quos
2031 2864 2087 2918 in

504 2954 781 3023 Evangelia
813 2953 1061 3006 Dominus
1091 2969 1289 3021 quoque
1318 2952 1468 3018 dixit,
1499 2961 1544 3006 et
1574 2952 1746 3006 [undas
1785 2953 1885 3006 Abs
1916 2954 2085 3007 ovibus

499 3046 640 3098 cerni
667 3054 854 3099 stantes
897 3045 950 3097 in
991 3052 1133 3113 parte
1162 3044 1391 3105 sinistra,
1421 3043 1511 3097 ubi
1549 3045 1695 3098 cerni
1742 3044 1879 3097 idem
1909 3055 1991 3099 est
2021 3060 2086 3101 ac

501 3133 752 3188 discerni.
793 3133 896 3189 Sed
930 3133 1128 3187 elatius
1191 3133 1482 3187 Prudentia
1525 3135 1701 3188 lavent
1730 3134 1996 3190 iuvencus
2028 3144 2083 3190 et

502 3225 772 3296 Eugenius
801 3222 1395 3279 Toletanus.Juvencus
1425 3225 1475 3278 in
1508 3224 1712 3295 praefat.
1744 3225 1797 3278 iu
1828 3226 1990 3280 libros
2017 3227 2082 3280 dc

505 3315 640 3371 llist.
674 3332 863 3386 evang.
899 3332 914 3370 :

569 3407 671 3456 Nec
693 3415 871 3462 metus,
892 3413 945 3454 ut
968 3405 1131 3454 mundi
1157 3406 1345 3466 rapiant
1369 3403 1588 3453 incendia
1608 3417 1774 3453 secum

563 3470 666 3516 Hoc.
683 3480 840 3528 Opus:
867 3468 956 3516 hoc
977 3469 1160 3515 etenim
1187 3467 1343 3528 liirsan
1366 3479 1443 3528 me
1465 3467 1720 3515 sobtrahet
1740 3467 1840 3524 igni

559 3531 682 3577 'l'un.
709 3525 816 3576 cum
839 3529 1154 3574 ﬂammivoma
1177 3525 1448 3575 descendet
1473 3530 1603 3574 nuhe
1623 3539 1880 3576 coruscans

562 3589 724 3638 Judcx
750 3587 997 3636 altithroni
1031 3587 1279 3635 Genitoris
1300 3585 1452 3647 gloria
1477 3586 1717 3635 Christus.

507 3693 662 3762 162
713 3689 934 3759 Eugenii
977 3704 1198 3756 versus,
1246 3691 1440 3758 quibus
1481 3691 1724 3746 eamdem
1770 3691 2086 3747 sententiam

501 3784 771 3850 exprimit,
809 3782 1067 3850 descripsi
1102 3797 1247 3834 num.
1282 3782 1348 3834 47
1381 3780 1480 3852 (a).

575 3875 697 3928 188.
733 3872 986 3926 Eamdem
1030 3871 1279 3939 loquendi
1322 3872 1582 3926 rationem
1614 3871 1701 3925 alii
1748 3887 2089 3941 consequen-

503 3966 642 4018 tihus
693 3963 1024 4030 temporibus
1080 3971 1384 4015 tenuerunt.
1449 3963 1605 4015 Tum.
1661 3961 1882 4016 XXXIV
1933 3964 2083 4032 lliSp.

501 4069 621 4108 sacr
651 4095 666 4119 ,
697 4069 817 4122 pag.
845 4051 970 4115 440,
995 4052 1184 4121 legitur
1213 4052 1624 4106 instrumentum
1655 4055 1958 4108 donationis
1980 4071 2086 4124 quo

499 4145 768 4199 Ordonius
789 4158 882 4197 rex
900 4145 1054 4210 paulo
1083 4153 1201 4211 post
1218 4159 1412 4196 annum
1429 4144 1530 4198 9l6
1548 4145 1708 4198 multa
1722 4143 1877 4198 ollert
1901 4161 1995 4213 pro
2007 4147 2089 4200 di-

503 4242 626 4290 vino
649 4236 791 4288 cultu
805 4245 858 4288 et
880 4233 1246 4287 ministrorum
1260 4233 1527 4286 alimentis
1543 4250 1557 4287 :
1576 4248 1695 4288 cum
1710 4235 1874 4297 enim.
1897 4238 2086 4304 inquit,

501 4341 724 4398 tempore
745 4327 933 4396 judicii
951 4334 1172 4378 astantes
1200 4340 1373 4377 coram
1399 4325 1634 4378 redditor
1663 4327 2086 4395 appuruerimus,

572 4466 646 4536 (ιι)
665 4467 719 4520 In
741 4465 980 4532 catalogo
997 4461 1336 4536 bibliotheca:
1361 4461 1754 4524 Laurentinum,
1775 4470 1905 4536 tom.
1930 4461 1946 4515 |
1972 4465 2079 4536 col.

499 4532 642 4602 559,
678 4535 964 4590 ltandsnius
1007 4533 1144 4586 inter
1172 4535 1388 4585 codices
1434 4546 1564 4584 mss.
1599 4542 1843 4585 recenset
1876 4532 2080 4588 Psalte-

500 4611 640 4662 rium
670 4607 868 4659 szrculo
900 4620 988 4657 vnt
1018 4616 1327 4666 exaratum,
1367 4602 1508 4668 quod
1542 4602 1809 4657 clauditur
1837 4605 2083 4658 oratione

499 4679 750 4740 quadam,
775 4675 926 4742 cujus
958 4674 1235 4741 inscriptio
1265 4683 1377 4725 est:
1403 4670 1661 4740 Hymnus,
1691 4688 1837 4740 quem
1867 4676 2088 4727 cantavit

500 4748 681 4801 Gildus
698 4762 787 4798 rer.
804 4763 894 4813 pro
917 4744 1087 4796 anima
1111 4760 1176 4809 pa
1200 4760 1270 4795 r.s
1298 4743 1397 4813 sui,
1413 4743 1623 4808 quierat
1647 4744 1698 4795 in
1715 4743 1936 4811 inferno.
1961 4744 2088 4810 Qui-

497 4832 694 4885 cunque
718 4812 990 4867 cantavcrit
1022 4814 1238 4885 singulis
1266 4812 1441 4885 diebus
1471 4829 1559 4881 per
1583 4822 1743 4864 totum
1763 4829 1956 4885 annum
1981 4831 2074 4884 pro

2184 500 2494 569 perceperint
2522 499 2831 566 subsidium,
2865 501 3051 554 animo!
3073 502 3404 569 corporisque
3427 501 3645 555 eradere
3671 517 3770 556 nte-

2181 606 2383 644 reamur
2407 607 2440 643 a
2465 605 2750 653 vULcttnts,
2780 599 2827 644 et
2851 591 3036 644 Averni
3066 606 3263 645 recessu
3281 629 3298 656 ,
3341 601 3495 661 atque
3531 608 3772 647 eruantur

2183 700 2246 737 ea:
2269 684 2350 738 his
2375 683 2464 754 qui
2504 683 2692 737 tristem
2735 678 3037 752 acceperint
3046 683 3272 738 censoris
3313 683 3615 751 repudium,
3646 692 3766 739 tunc

2185 788 2365 834 nempe
2395 773 2509 825 tulti
2537 774 2590 826 in
2617 772 2829 827 dextera
2858 773 3042 827 vellere
3069 771 3240 826 solatii
3277 773 3448 826 induti
3476 790 3598 826 cum
3631 791 3776 828 mutt-

2185 865 2266 917 dis
2311 865 2578 918 adnectere
2624 880 2868 927 queamus
2914 863 3088 916 ovibus
3138 863 3286 934 (sic).
3335 862 3393 917 In
3435 865 3548 918 alio
3580 869 3775 919 instrn-

2188 965 2368 1009 mentvi
2397 955 2618 1010 Ordonii
2655 955 2719 1008 lll
2743 969 2884 1008 anno
2904 955 3012 1009 955
3037 955 3224 1009 eadem
3254 964 3340 1010 est
3366 955 3655 1024 periodus;
3686 956 3776 1012 sed

2188 1061 2282 1114 pro
2307 1049 2533 1114 vulgaris
2564 1046 2758 1114 legitur
2782 1046 3004 1116 vulgatis
3034 1044 3131 1116 (ὁ).
3175 1046 3254 1100 Ex
3285 1047 3368 1101 his
3398 1047 3544 1101 aliud
3575 1049 3774 1102 instruo

2187 1147 2419 1193 mentum
2451 1137 2707 1191 Fruminii
2737 1152 2773 1192 tt
2805 1152 2948 1191 anno
2973 1135 3078 1192 917
3112 1137 3350 1206 suppleri
3382 1141 3557 1207 potuit
3585 1141 3778 1194 insen-

2187 1230 2350 1284 tentia
2371 1229 2481 1283 lere
2501 1227 2686 1284 eadem
2718 1244 2734 1284 :
2756 1226 2821 1280 Et
2838 1228 2888 1281 in
2917 1228 3220 1297 (murum...
3247 1237 3445 1282 :rteram
3470 1231 3773 1299 promereri,

2189 1335 2379 1390 nempe
2415 1321 2672 1374 dexteram
2706 1320 3007 1388 promereri.
3046 1320 3284 1390 Denique
3319 1322 3593 1375 sentcntia
3641 1321 3772 1376 Pru.

2186 1411 2390 1478 deutii,
2437 1420 2495 1464 ut
2539 1409 2658 1479 ejus
2689 1409 2788 1464 hac
2837 1410 2888 1463 in
2935 1423 2994 1463 re
3023 1408 3393 1464 defensionem
3429 1404 3771 1478 concludam,

2189 1515 2412 1571 prorsus
2443 1502 2514 1556 illi
2563 1500 2754 1556 similis
2791 1510 2872 1554 est
2903 1515 3062 1569 quam
3108 1501 3350 1570 inprosa
3379 1509 3474 1555 aut
3497 1494 3776 1570 sequentia

2194 1594 2373 1646 missa:
2437 1591 2808 1645 defunctorum
2876 1590 3170 1644 canimus:
3221 1589 3368 1644 Inter
3433 1606 3550 1644 oves
3609 1591 3778 1644 locum

2188 1690 2396 1753 prtesta,
2433 1681 2495 1733 Et
2521 1681 2584 1734 ab
2630 1679 2792 1735 haedis
2837 1696 2917 1734 me
2941 1690 3229 1750 sequestra,
3277 1681 3528 1735 Sta‘uens
3555 1682 3608 1734 in
3635 1691 3778 1749 parte

2189 1775 2387 1828 dextra.
2442 1771 2818 1834 Bellartninus,
2851 1771 2919 1824 de
2966 1770 3244 1840 Purgatur.
3293 1771 3384 1826 lib.
3416 1787 3492 1835 tt,
3547 1786 3670 1839 cap.
3725 1772 3776 1831 5.

2190 1865 2337 1934 plura
2359 1874 2512 1918 acute
2533 1862 2771 1925 disserit,
2797 1869 2854 1916 ut
2881 1863 3114 1928 explicet
3143 1862 3440 1916 orationem
3472 1870 3596 1931 post
3617 1877 3778 1917 evan-

2184 1957 2380 2026 gelium
2412 1955 2464 2009 in
2510 1956 2671 2008 missa
2715 1954 2784 2008 de
2822 1955 3046 2008 mortuis
3079 1971 3094 2008 :
3129 1953 3332 2020 Libera,
3385 1953 3631 2020 Domine,
3664 1956 3778 2009 ani-

2187 2063 2294 2100 mas
2337 2047 2559 2100 omnium
2590 2045 2817 2113 fidelium
2847 2046 3214 2114 defunctorum
3245 2046 3310 2099 de
3353 2047 3513 2116 plenis
3553 2048 3772 2115 inferni,

2185 2151 2232 2194 et
2275 2140 2340 2193 de
2369 2139 2624 2207 profundo
2655 2139 2794 2200 lacu,
2846 2138 3004 2191 libera
3047 2155 3135 2192 eos
3163 2139 3227 2192 tle
3265 2154 3350 2192 ore
3380 2138 3444 2190 ι’(
3463 2139 3566 2204 nis,
3599 2155 3664 2192 ne
3691 2140 3778 2192 ab-

2187 2231 2386 2284 sorbent
2414 2247 2501 2284 eas
2527 2228 2797 2294 Tartarus,
2827 2246 2888 2282 ne
2917 2229 3104 2281 cadant
3129 2231 3181 2281 in
3209 2230 3277 2281 ob.
3297 2245 3503 2291 eurum,
3533 2239 3643 2282 etc.
3674 2228 3777 2283 Sed

2187 2322 2323 2376 nihil
2372 2321 2530 2376 atiert
2566 2319 2707 2390 quod
2735 2320 2801 2373 ad
2833 2319 3180 2373 Prudentium
3227 2317 3506 2372 transferri
3550 2331 3662 2370 non
3693 2333 3778 2367 va-

2189 2415 2316 2469 leat.
2349 2414 2424 2468 Ne
2463 2427 2590 2468 vero
2639 2413 2753 2466 haec
2795 2411 3170 2481 prolegomena
3217 2409 3455 2478 longiora
3484 2424 3646 2477 quam
3686 2424 3777 2474 par

2187 2515 2272 2558 cst
2318 2504 2568 2566 evadant,
2601 2515 2796 2557 cmtera
2857 2517 2978 2569 qua:
3028 2500 3299 2555 Prudentii
3348 2497 3615 2552 doctrina:
3645 2498 3777 2562 obii-

2186 2598 2424 2660 ciuntur,
2455 2594 2508 2648 in
2556 2593 2962 2648 commentariis
2991 2591 3288 2654 diluentur;
3320 2603 3460 2643 nunc
3503 2587 3612 2642 alia
3657 2603 3778 2655 per-

2187 2703 2494 2759 sequemur.

2787 2775 3014 2832 CAPUT
3051 2773 3171 2828 XX.

2191 2869 2496 2942 Ignorantia
2544 2867 2887 2938 quorumdam
2932 2866 3022 2942 qui
3072 2865 3339 2942 putarunt
3370 2863 3620 2942 _tcni_gma
3673 2877 3778 2942 esss

2259 2932 2724 3007 interpretationem
2769 2932 3283 3007 sacrw;Scripturte,
3304 2951 3335 2986 a
3362 2932 3650 2987 Prudentia
3679 2934 3750 2987 ad

2265 3003 2475 3063 hibitam
2503 3011 2556 3062 in
2583 3010 2882 3079 pra'fdione
2913 3003 3352 3075 Psychomachiaz.

2265 3144 2417 3215 163
2456 3141 2572 3196 l89.
2609 3140 2877 3194 Pollicitus
2907 3153 3023 3192 sum
3053 3152 3173 3206 cap.
3211 3139 3260 3199 1,
3289 3152 3440 3191 num.
3471 3136 3527 3200 6,
3558 3151 3650 3191 me
3683 3121 3776 3192 aé.

2193 3245 2610 3290 monstraturum
2639 3232 3014 3286 obscuritatem
3049 3236 3168 3300 Qua:
3195 3230 3484 3284 Prudentia
3530 3230 3639 3296 obji
3679 3229 3776 3284 itur

2191 3344 2257 3382 ex
2285 3326 2618 3394 antiquitatis
2638 3323 2967 3394 ignoratione
2993 3321 3047 3376 in
3069 3338 3168 3388 qua
3193 3321 3342 3376 multi
3374 3334 3656 3374 versantur
3702 3321 3775 3373 in-

2192 3417 2398 3472 tcrdum
2430 3416 2581 3479 oriri,
2614 3429 2719 3468 non
2768 3428 2838 3467 ex
2887 3412 3125 3466 auctoris
3172 3412 3321 3476 vitio,
3353 3412 3631 3480 pt‘Op-tsilt)
3679 3412 3774 3464 hoc

2190 3505 2438 3574 exemplo
2463 3521 2526 3560 ex
2552 3504 2863 3574 praefatione
2888 3500 3340 3572 Psychomaehire.
3367 3499 3687 3554 Prudentius
3713 3515 3774 3551 ea

2195 3597 2508 3663 praefatione
2535 3593 2900 3661 complectitur
2925 3592 3199 3646 historiam
3222 3607 3282 3645 et
3316 3605 3435 3660 cap.
3468 3606 3552 3644 xiv
3578 3587 3774 3644 Cenes.

2193 3704 2332 3743 vers.
2385 3685 2453 3741 14
2503 3684 2598 3755 (r).
2650 3684 2821 3748 Tum,
2887 3683 3381 3749 interpretationem
3435 3681 3776 3748 allegorica":

2192 3780 2544 3847 amplectens,
2577 3774 2725 3828 addit
2755 3789 2893 3828 vers.
2921 3775 2991 3828 56
3025 3791 3036 3825 :
3074 3772 3187 3826 Nos
3228 3788 3336 3825 esse
3366 3772 3507 3842 large
3535 3770 3775 3824 vernula-

2191 3888 2305 3925 rum
2333 3872 2531 3934 divitcs,
2566 3867 2628 3922 Si
2657 3868 2778 3932 quid
2801 3867 3032 3931 trecenti,
3069 3867 3144 3920 bis
3171 3867 3373 3919 novenis
3399 3866 3611 3931 additis,
3650 3865 3774 3916 Pos-

2191 3964 2311 4025 sint,
2352 3962 2520 4030 [igura
2562 3960 2846 4012 noverimus
2889 3960 3123 4029 mystica.
3157 3958 3345 4013 Mirum
3391 3969 3644 4026 quantum
3691 3956 3774 4009 hc

2195 4056 2343 4108 locus
2375 4055 2698 4120 interpretes
2744 4067 2934 4105 omnes
2981 4055 3218 4106 torserit.
3251 4054 3514 4106 Antonius
3558 4050 3775 4105 Nebris-

2194 4148 2369 4201 sensis
2398 4146 2471 4199 ait
2507 4163 2518 4195 :
2550 4143 2849 4197 Tercentum
2882 4145 3052 4197 decem
3080 4153 3126 4197 et
3153 4154 3285 4197 octo.
3317 4143 3458 4207 Quid
3486 4152 3654 4194 autem
3679 4159 3774 4192 nu-

2193 4255 2359 4292 merus
2397 4238 2485 4290 ille
2526 4236 2801 4306 signiﬁcet,
2832 4237 3178 4290 consulendus
3213 4245 3339 4290 esset
3380 4237 3632 4305 quispiam
3661 4233 3773 4303 Py-

2194 4330 2511 4399 thagoricus,
2556 4328 2642 4397 qui
2681 4329 2733 4381 in
2782 4327 3079 4400 hujusmodi
3122 4329 3407 4382 rationibus
3452 4343 3771 4381 numerarunt

2195 4463 2375 4517 verhis
2401 4460 2756 4526 quorumdam
2791 4461 3004 4514 Patrum
3036 4462 3176 4515 male
3207 4461 3496 4514 intellectis
3519 4461 3771 4528 originem

2194 4549 2342 4588 suam
2373 4533 2592 4594 ducunt,
2627 4549 2655 4584 a
2688 4532 2843 4600 vulgo
2869 4541 2923 4585 et
2953 4531 3363 4599 itttperitissianis
3401 4531 3612 4584 fetttinis
3659 4531 3768 4596 plc-

2195 4618 2418 4672 runtque
2451 4602 2713 4656 l’ormatzc.

2265 4668 2345 4743 (bi
2376 4668 2485 4726 lluc
2518 4674 2830 4726 vocabulum
2868 4671 3126 4743 originem
3161 4670 3332 4743 trahit
3361 4685 3427 4724 ex
3456 4671 3623 4741 vulgo,
3649 4685 3677 4736 q
3707 4683 3768 4743 εειξ

2190 4740 2353 4811 capac
2378 4751 2535 4796 tatem
2568 4743 2648 4793 vel
2695 4745 2869 4794 sinum
2900 4756 3020 4794 cum
3071 4741 3286 4794 laxitate
3335 4740 3595 4809 signiﬁcat
3629 4740 3766 4805 aptat

2193 4815 2443 4867 Nonium.
2493 4813 2546 4865 lu
2578 4814 2847 4865 Contmdia
2898 4812 3081 4865 Dantis
3134 4822 3276 4863 nota:
3317 4823 3443 4864 sunt
3475 4812 3766 4876 malebatge,

497 4875 667 4939 anima
697 4885 847 4935 amici
883 4886 982 4946 sui,
1013 4875 1128 4934 licet
1157 4886 1208 4933 in
1239 4884 1437 4949 inferno
1466 4875 1558 4944 si,
1589 4891 1814 4944 eruetur,
1843 4894 1890 4934 et
1917 4875 2079 4936 in're—
2108 4875 2158 4934 D
2186 4900 2282 4938 seu
2332 4883 2628 4952 malebatq’e
2647 4920 2662 4945 ,
2714 4891 2770 4952 (ιι
2815 4881 2977 4948 bolgie
3026 4882 3316 4952 inferorum
3350 4883 3671 4952 receptacula
3711 4889 3767 4952 ct

465 4964 468 4966 '
497 4972 653 5027 gnum
688 4954 780 5027 Dei
811 4953 1025 5027 ducetur
1068 4989 1083 5027 τ
1121 4954 1165 5004 si
1203 4964 1372 5003 autem
1415 4952 1735 5004 obliviscatur
1783 4967 1883 5027 uno
1912 4953 1995 5027 die
2020 4955 2075 5007 in

497 5022 650 5086 anno
671 5025 897 5084 mlcuput
924 5022 1160 5087 incipiat,
1192 5033 1235 5072 et
1273 5037 1362 5088 per
1389 5029 1550 5071 totum
1579 5036 1769 5072 annuat
1796 5023 2075 5090 atliinpleat

494 5098 567 5149 i'a
600 5112 618 5149 :
648 5095 722 5147 Ad
749 5093 1024 5144 Dominum
1057 5107 1168 5142 cum
1206 5090 1494 5150 trbularer,
1531 5105 1686 5156 usque
1722 5091 1950 5145 Laudute
1977 5111 2073 5147 no-

496 5183 609 5218 men
638 5163 861 5218 Domini.
893 5162 1076 5226 Incipit
1109 5179 1121 5212 :
1155 5159 1288 5212 Deus
1317 5176 1511 5212 summe
1543 5162 1712 5229 puris,
1742 5172 1786 5214 et
1815 5163 1924 5214 cmli
1951 5180 2074 5215 εαη.

496 5249 572 5289 rte
608 5236 782 5299 t'a:cr,
826 5237 1141 5299 omnipotens
1181 5242 1366 5284 wterne
1419 5229 1572 5283 Deus.
1627 5230 1874 5285 Desinit:
1923 5233 2073 5297 Quod

495 5311 602 5372 ipse
631 5316 872 5369 prtestare
903 5305 1153 5372 dignetur,
1184 5301 1269 5368 qni
1300 5310 1538 5354 venturus
1566 5310 1640 5354 est
1671 5301 1912 5370 judicare
1940 5308 2072 5356 vivos

491 5371 538 5432 et
580 5388 821 5439 mortuos,
854 5383 896 5424 et
939 5371 1181 5425 steculum
1215 5388 1302 5437 per
1333 5374 1518 5440 ignem.
1557 5375 1677 5424 Ihm:
1707 5373 1879 5426 oratio
1906 5375 2066 5427 stulta

494 5458 596 5509 est,
633 5443 1022 5511 ειιιιοισειὶιὶυκε,
1047 5458 1183 5496 veru:
1216 5445 1496 5509 theologia:
1540 5452 1593 5494 et
1639 5442 1899 5496 doctrina:
1927 5445 2071 5495 chri-

493 5521 680 5570 manu:
703 5515 1004 5577 contraria,
1039 5529 1102 5566 ac
1149 5516 1291 5566 nul:o
1341 5512 1500 5565 modo
1545 5513 1603 5568 S.
1662 5513 2069 5578 Ilertnenegildo

496 5599 711 5655 uini-lyr.
740 5587 1039 5653 attingenda
1079 5583 1257 5649 (prout
1287 5588 1337 5634 in
1378 5583 1550 5655 indice
1590 5584 1814 5650 catalogi
1847 5585 1960 5635 lieri
1992 5599 2070 5635 v.-

496 5653 695 5724 detui),
728 5671 846 5708 cum
876 5667 998 5706 aute
1027 5665 1227 5719 pati-eui
1257 5669 1410 5703 suam
1445 5653 1881 5720 Ilertnenegtldus
1907 5658 1973 5704 ah
2003 5669 2068 5707 eo

499 5728 792 5780 υλδιὲιιςῑυδ
817 5725 1029 5780 obicrit.
1059 5725 1276 5787 llu,u~m
1303 5724 1368 5776 tdi
1405 5724 1750 5790 incptissintzt:
1779 5737 1966 5792 preces
1997 5739 2066 5778 ex

2183 4955 2365 5008 sedes.
2419 4949 2636 5020 Ilisthni
2695 4951 2878 5005 balnea
2925 4951 3094 5003 calida
3149 4952 3199 5002 in
3267 4951 3484 5004 civitate
3527 4949 3767 5003 Aurieusi

2181 5032 2378 5078 vocant
2408 5023 2612 5091 burgas.
2646 5022 2698 5073 In
2737 5023 2869 5074 Dict.
2905 5021 3057 5074 acad.
3092 5020 3238 5086 llisp.
3273 5023 3590 5090 etymologia
3619 5021 3768 5091 duci-

2182 5103 2266 5147 tttr
2298 5111 2326 5145 a
2368 5088 2518 5146 sono'
2541 5107 2692 5157 aqua:
2733 5091 3058 5144 ebullientis.
3087 5092 3192 5145 Sed
3221 5088 3344 5144 ιιυη⁷
3358 5101 3444 5145 est
3471 5088 3760 5144 omittenda

2179 5166 2335 5232 origo
2365 5164 2564 5215 Latina:
2598 5162 2746 5214 vocis
2777 5164 2947 5220 enim.

2252 5227 2325 5302 (ἱ)
2363 5233 2510 5298 Quod
2539 5248 2654 5282 cum
2699 5233 2924 5284 audisset
2967 5230 3242 5292 Abraham,
3291 5239 3499 5299 captum
3537 5227 3768 5282 videlicet

2179 5303 2280 5356 Lat
2308 5308 2519 5372 fratrem
2546 5318 2717 5364 suum,
2743 5303 3023 5354 numeravit
3051 5303 3309 5371 expeditos
3332 5304 3618 5354 vernaculas
3630 5313 3764 5372 _suus

2180 5365 2428 5426 trecentos
2457 5372 2628 5424 decem
2673 5381 2719 5424 et
2749 5383 2883 5434 octo,
2912 5381 2958 5424 et
3003 5365 3297 5438 persecutus
3327 5383 3400 5423 est
3447 5386 3590 5437 usque
3620 5365 3764 5418 Dan.

2183 5444 2246 5496 Et
2275 5445 2451 5496 divisis
2477 5443 2643 5506 sociis,
2689 5442 2837 5494 irruit
2863 5459 3014 5508 super
3058 5458 3140 5494 eos
3181 5458 3339 5507 usque
3367 5441 3533 5502 Hoba,
3557 5455 3655 5505 qua!
3682 5449 3763 5486 (εει

2179 5514 2245 5566 ad
2284 5516 2463 5567 laevam
2505 5510 2764 5565 Damasci.
2802 5513 3121 5581 tlednxitqne
3163 5527 3364 5564 omnem
3407 5509 3757 5581 substantiam.

2173 5595 2219 5636 et
2250 5584 2342 5636 Lot
2378 5586 2591 5651 fratrem
2635 5600 2785 5636 suum
2835 5599 2949 5636 cum
2988 5579 3272 5636 substantia
3325 5582 3481 5648 i'lius,
3531 5579 3760 5632 mulieres

2174 5671 2374 5722 quoque
2400 5663 2445 5705 et
2476 5654 2740 5720 pJDttlttm.
