3998 6182
210 314 301 372 ns

1574 314 2074 371 PROLEGOMENA
2088 352 2099 365 .

3355 318 3455 372 7H

211 439 445 486 versatur.
478 428 584 485 Sed
612 444 704 497 ego
742 428 940 481 nullunt
980 427 1123 481 aliud
1176 427 1466 496 mysterium
1516 429 1658 480 video
1692 444 1777 495 per
1805 432 1850 487 Α
1882 425 2107 479 Joannes
2142 424 2358 476 Drusius
2382 424 2467 477 lib.
2498 439 2555 483 II,
2597 423 2766 488 Qutcst
2793 432 2837 475 ct
2868 421 3141 490 Respons.,
3172 430 3319 494 cujus
3344 442 3451 477 ver-

209 522 457 576 Abraham
492 521 710 573 comites
751 518 1064 589 signiﬁcari,
1097 518 1197 571 nisi
1244 527 1490 572 trecentos
1519 519 1689 571 decent
1729 530 1775 571 et

209 624 313 667 octo
357 612 621 682 episcopos
660 610 778 664 illos
807 610 893 675 qui
930 611 982 662 in
1027 608 1246 662 concilio
1278 609 1493 663 Nica’no
1533 610 1778 677 interfue-

207 711 334 767 runt,
358 701 445 754 ubi
467 700 629 753 multa
651 699 713 751 de
734 698 1025 751 Christiana
1052 698 1301 768 religione
1324 700 1597 753 constituta
1624 709 1775 760 sunt;

205 792 286 847 sed
310 792 556 861 imprimis
586 789 649 843 de
689 790 812 856 ﬁde,
838 805 940 857 qua
963 798 1197 842 censetur
1217 790 1507 853 Abraham;
1535 790 1605 841 ibi
1634 804 1778 840 nam-

204 899 292 953 que
318 880 604 951 symbolum
634 878 906 932 Nica’uunt
943 888 1015 931 est
1044 881 1345 946 conﬂatum.
1375 878 1639 933 Giselinus
1672 893 1778 933 non

202 970 489 1041 acquiescit
524 968 625 1037 (α).
652 966 943 1021 Sichardus
973 982 1099 1020 vero
1135 970 1186 1019 in
1223 983 1340 1020 eam
1373 967 1777 1036 interpretatio-

204 1078 317 1118 nem
362 1059 665 1125 descendit,
701 1072 857 1126 quam
888 1073 917 1111 a
964 1057 1176 1112 nemine
1221 1058 1499 1126 perspicue
1529 1057 1775 1112 traditam

204 1154 419 1224 putabat
447 1151 550 1220 (ὁ).

267 1244 390 1298 190.
435 1242 695 1310 Suspicor
738 1237 1050 1293 Sicltardum
1098 1239 1294 1293 vidisse
1340 1238 1544 1308 glossas
1584 1237 1774 1301 lsonis,

200 1339 281 1393 ubi
299 1352 410 1392 non
424 1334 648 1404 vestigia
666 1341 892 1397 tantum,
908 1333 999 1385 sed
1014 1334 1126 1400 ipsa
1148 1331 1519 1399 interpretatio
1538 1331 1680 1384 clare
1696 1340 1777 1383 est

198 1441 469 1497 expressa.
486 1428 575 1480 Sic
594 1425 737 1478 enim
757 1422 841 1476 lso
872 1422 924 1476 in
945 1422 1131 1475 codice
1159 1420 1518 1489 Bongarsiano
1540 1420 1603 1472 ad
1633 1434 1772 1472 vers.

200 1522 261 1574 10
283 1517 438 1587 prazl'.
482 1535 494 1569 :
528 1532 757 1573 cccxvm
803 1513 1059 1570 vernaculi
1096 1514 1252 1581 fidem
1296 1511 1451 1582 164
1485 1510 1775 1581 significant

195 1625 300 1678 qute
328 1610 382 1661 in
406 1607 620 1661 Nicteno
642 1608 858 1662 concilio
878 1615 950 1660 est
972 1605 1253 1658 constituta
1272 1620 1305 1656 a
1324 1618 1550 1657 CCCXVIII
1575 1604 1775 1669 episco-

195 1701 291 1768 pis.
324 1700 435 1753 Sed
454 1716 483 1751 ι
507 1699 574 1751 ad
590 1697 910 1766 decalogum,
932 1711 1024 1749 VIII
1049 1696 1116 1748 ad
1138 1704 1250 1748 octo
1271 1692 1605 1747 beatitudines
1622 1693 1778 1761 perti—

1880 518 1943 572 ba
1985 535 2005 572 .'
2046 518 2135 571 Vir
2174 519 2421 584 eruditus,
2458 518 2638 585 inquit,
2666 518 2752 583 qui
2782 515 3119 569 Prudentium
3149 530 3458 572 commenta-

1879 610 1957 662 rio
1987 625 2162 663 recens
2189 609 2483 672 illustravit,
2515 610 2594 661 hic
2622 608 2880 676 OEdipum
2917 609 3139 678 aliquem
3179 610 3455 664 desiderat.

1882 698 2032 750 Nihil
2067 714 2191 765 opus
2220 698 2423 769 (Edipo
2454 713 2471 749 :
2500 714 2590 768 ego
2620 697 2812 763 Davus,
2852 700 2895 751 si
2926 700 3089 750 ullunt
3118 710 3209 761 est,
3239 703 3459 770 wnigma

1878 790 2103 854 solvam,
2153 790 2289 856 quod
2333 787 2487 858 facile
2516 787 2772 841 intellectu
2819 798 2913 853 est,
2963 791 3007 842 si
3056 792 3301 855 sciamus,
3344 793 3458 845 Tau

1880 878 2100 932 litteram
2124 884 2315 949 referre
2335 881 2555 950 figuram
2576 879 2740 933 crucis
2766 880 2865 949 (ά).
2888 880 3130 949 Superest
3158 883 3456 952 difﬁcultas,

1879 987 2030 1037 quam
2052 970 2139 1038 a/f.
2154 978 2201 1023 rt
2231 986 2472 1024 numerus
2498 970 2715 1035 auctior,
2743 986 2845 1034 QUA
2869 988 2939 1025 ME
2961 987 3158 1028 nouus
3190 990 3415 1028 uxrmco
3440 994 3457 1029 :

1880 1063 1923 1113 si
1950 1061 2047 1114 hoc
2092 1079 2193 1116 non
2238 1071 2342 1126 est,
2381 1063 2518 1131 quod
2556 1064 2792 1128 suspicor
2828 1080 2847 1117 :
2896 1066 3015 1133 quia
3044 1067 3184 1131 apud
3212 1066 3458 1120 llebrwos

1884 1149 1993 1203 Tau
2036 1152 2207 1205 littera
2243 1153 2485 1205 scribitur
2515 1153 2647 1205 binis
2701 1155 2854 1224 165
2902 1158 3329 1221 consanantibus,
3379 1160 3455 1209 vi-

1880 1241 2060 1294 delicet
2093 1241 2251 1296 Th'et
2291 1259 2318 1295 v
2345 1284 2358 1307 ,
2403 1258 2622 1310 quarunt
2666 1246 2916 1313 posterior
2957 1248 3090 1298 valet
3130 1263 3247 1305 sex,
3279 1247 3455 1300 existi-

1879 1349 2041 1386 masse
2064 1344 2273 1400 veteres,
2318 1335 2448 1387 sicut
2484 1338 2534 1386 in
2561 1334 2669 1388 Tau
2701 1344 2774 1387 ter
2802 1337 3014 1388 iteratur
3042 1348 3272 1402 centum,
3302 1340 3375 1391 sic
3402 1341 3454 1391 in

1888 1423 2000 1475 Van
2041 1431 2117 1476 ter
2145 1424 2303 1493 repeti
2337 1424 2513 1476 debere
2540 1440 2649 1477 sex.
2686 1424 2778 1478 Est
2807 1436 2976 1478 autent
3015 1438 3185 1481 ternus
3212 1445 3455 1482 numerus

1878 1516 2012 1568 inter
2074 1517 2331 1585 mysticos.
2390 1514 2476 1568 Ita
2522 1528 2784 1585 emergunt
2830 1520 3063 1582 trecenti,
3115 1529 3286 1588 terque
3342 1523 3450 1573 seni

1879 1606 2097 1659 vernali.
2147 1605 2398 1660 Ceterum
2442 1614 2497 1659 ut
2538 1607 2697 1659 nolim
2744 1609 2839 1661 hoc
2876 1610 3130 1677 posterius
3190 1627 3285 1680 pro
3321 1622 3455 1664 certo

1878 1700 2135 1767 affirmare
2163 1714 2181 1751 :
2214 1700 2289 1753 ita
2330 1699 2472 1766 prius
2512 1700 2672 1762 illud,
2698 1716 2878 1769 nempe
2918 1702 2969 1753 in
3012 1712 3176 1755 mente
3218 1703 3455 1756 habuisse

194 1804 308 1843 nere
340 1797 575 1858 possunt.
612 1787 714 1854 Qui
735 1788 813 1842 his
841 1787 1072 1840 omnibus
1098 1793 1259 1850 caret,
1286 1800 1547 1855 nunquam
1568 1786 1637 1836 ad
1652 1799 1773 1848 prw-
1804 1782 1853 1843 Β
1880 1787 2224 1843 Prudentium
2244 1828 2258 1850 ,
2302 1805 2416 1841 cum
2460 1790 2553 1842 hos
2590 1805 2763 1842 versus
2802 1792 3076 1851 scriberet,
3126 1803 3455 1846 memoratam

192 1882 357 1933 dictas
386 1880 722 1933 beatitudines
755 1879 1030 1947 perveniet.
1069 1878 1134 1931 Et
1156 1877 1223 1931 ad
1255 1890 1394 1931 vers.
1427 1877 1493 1931 57
1526 1894 1539 1929 :
1570 1876 1627 1931 St
1653 1891 1775 1938 eum

191 1985 456 2024 TBECEN‘I‘I
491 1986 504 2023 :
536 1968 631 2023 Isti
660 1970 865 2023 trecenti
894 1970 1189 2037 mysterium
1223 1969 1540 2039 signiﬁcant,
1586 1968 1775 2021 scilicvt

191 2059 514 2113 crucis.Tau
543 2061 798 2129 enim,qui
823 2059 1044 2129 figurant
1063 2069 1251 2112 sancta:
1270 2059 1434 2112 crucis
1456 2058 1665 2130 (supple
1685 2058 1777 2112 ha-

190 2152 325 2219 bet),
360 2160 605 2205 trecentos
630 2150 919 2221 signi/icui;
945 2150 988 2203 si
1016 2150 1088 2202 vis
1113 2150 1241 2203 scire
1267 2150 1331 2203 de
1357 2151 1527 2203 decem
1562 2160 1609 2203 et
1638 2160 1771 2215 octo,

190 2243 297 2312 lege
328 2242 661 2297 arithmetica:
699 2242 945 2294 minorem
970 2256 1233 2293 numerum
1260 2241 1395 2293 intra
1431 2255 1608 2293 novent
1632 2255 1773 2293 com-

188 2334 419 2404 putabis.
470 2333 527 2387 ld
576 2348 643 2389 ex
691 2332 877 2388 codice
911 2330 1319 2395 Widmauiano;
1366 2338 1421 2384 at
1467 2344 1531 2385 es
1590 2329 1776 2384 codice

190 2428 456 2497 Bongars.
509 2442 523 2479 :
572 2426 844 2495 Signiﬁcat
882 2425 935 2477 in
976 2425 1161 2491 templo
1202 2422 1521 2477 Constantini
1548 2436 1775 2477 CCCXVIII

188 2522 460 2591 episcopos
508 2520 797 2589 defendisse
843 2516 1127 2571 Ecclesium
1179 2514 1275 2569 Dei
1326 2525 1507 2570 contra
1563 2515 1777 2568 lta'rest'tt

189 2615 529 2667 Arianorum.
577 2611 968 2667 CIIamiIIardus
1002 2610 1494 2680 interpretationem
1533 2609 1774 2664 eamdem

187 2708 253 2759 de
280 2704 396 2760 518
436 2703 702 2774 episcopis
732 2706 973 2773 sequitur
1005 2721 1017 2755 :
1047 2703 1103 2758 SI
1149 2717 1270 2765 qum
1300 2716 1559 2756 raucam
1589 2715 1605 2755 :
1649 2700 1777 2754 Παῖς

188 2800 292 2851 duo
316 2798 556 2850 carmina
584 2796 710 2851 nihil
736 2795 881 2849 aliud
909 2810 1064 2863 quant
1092 2792 1362 2847 concilium
1394 2792 1667 2846 Nictvnum
1691 2806 1777 2844 cx-

184 2887 410 2957 plicant,
445 2889 497 2939 in
535 2902 637 2957 quo
678 2887 983 2939 auctoritate
1011 2884 1364 2953 episcoporum
1392 2882 1494 2937 318
1531 2881 1659 2951 fides
1687 2882 1778 2951 fir-

186 2991 332 3034 mata
368 2979 488 3048 fuit.
526 2977 606 3032 Ibi
631 2995 844 3047 namque
872 2977 1156 3048 symbolum
1190 2975 1463 3030 Nicwnum
1498 2977 1779 3043 con/latum

184 3080 279 3124 est.
314 3071 570 3125 Weitzius
609 3080 775 3124 tamen
805 3079 852 3124 et
897 3068 1116 3122 Drusius
1143 3068 1251 3120 lucc
1289 3067 1516 3137 referunt
1541 3066 1609 3118 ad
1645 3067 1782 3119 litte-

1883 1879 2184 1948 allegoriant
2228 1886 2329 1931 tam
2361 1886 2551 1931 certum
2580 1879 2761 1943 habeo,
2795 1896 2944 1948 quam
2968 1883 3106 1948 quod
3137 1885 3376 1938 maxime.

1950 1970 2073 2025 102.
2112 1971 2329 2024 Clarum
2349 1980 2431 2024 est
2454 1970 2634 2039 igitur,
2667 1986 2695 2023 a
2728 1971 2920 2025 Dru>io
2948 1975 3182 2026 nondum
3216 1977 3449 2029 solutum

1873 2076 1995 2116 esse
2023 2060 2269 2129 aenigma.
2298 2061 2364 2113 Et
2395 2060 2640 2114 Barthius
2669 2059 2782 2129 ipse
2822 2062 2872 2116 iu
2912 2066 3135 2132 gratiam
3168 2066 3343 2120 Drusii
3386 2068 3453 2120 ad

1876 2152 2100 2222 aenigma
2131 2150 2500 2216 explicandum
2543 2152 2759 2220 aggredi
2800 2168 2858 2208 se
2897 2162 3123 2208 testatur
3162 2156 3254 2209 l-h.
3305 2173 3450 2218 XXIX,

1876 2256 1994 2309 cap.
2028 2242 2093 2296 15
2116 2241 2344 2296 Advers.
2373 2262 2384 2294 :
2408 2240 2473 2294 In
2498 2246 2687 2313 fronte,
2707 2245 2799 2307 ait,
2824 2261 3027 2313 operum
3048 2262 3154 2299 suo:
3170 2261 3255 2299 um
3271 2250 3455 2301 summi

1876 2342 2109 2387 auctores
2131 2334 2258 2386 sueti
2285 2333 2482 2403 aliquid
2509 2335 2684 2404 figere,
2708 2336 2865 2403 quod,
2887 2354 3040 2404 quam
3069 2340 3232 2403 primo
3254 2352 3457 2409 aspectu

1878 2438 2081 2494 poscere
2132 2425 2388 2480 videatur.
2436 2440 2612 2477 curam
2660 2426 2829 2495 exigat
2865 2428 3321 2494 pensiculatiorem.
3367 2431 3457 2482 Sic

1880 2531 1984 2568 non
2023 2515 2133 2568 sine
2167 2495 2325 2567 causa
2353 2514 2598 2567 Lbrorum
2624 2516 2687 2567 de
2731 2516 3009 2587 Republica
3055 2519 3257 2572 initiunt
3312 2523 3457 2573 toties

1879 2607 2090 2659 mutavit
2124 2605 2298 2669 Plato,
2341 2620 2431 2658 nec
2469 2605 2745 2659 llottterica
2784 2609 2889 2660 duo
2944 2609 3169 2678 ingentia
3205 2612 3459 2665 volumina

1879 2699 2027 2751 unico
2057 2713 2201 2751 versu
2237 2698 2423 2749 divina:
2459 2696 2708 2751 xEneidos
2763 2700 2998 2767 princeps
3036 2702 3239 2755 inclusit
3288 2702 3456 2756 Maro.

1881 2788 2134 2858 Exempla
2162 2804 2436 2857 congerere
2456 2803 2623 2855 Opera:
2652 2806 2751 2841 non
2783 2800 2875 2846 est.
2906 2790 3243 2845 Prud.ntium
3264 2794 3342 2846 vel
3376 2809 3459 2845 so-

1880 2878 1986 2932 lum
2015 2878 2362 2932 Christianum
2402 2887 2598 2946 poetam
2628 2879 2742 2946 quis
2768 2881 3007 2949 inspexit,
3034 2883 3122 2934 cui
3156 2899 3256 2935 non
3288 2884 3458 2951 fecerit

1882 2971 2139 3040 negotium
2176 2969 2394 3038 aenigma
2426 2969 2792 3032 acutissimum,
2836 2972 2971 3038 quod
3016 2972 3302 3040 pra'fationi
3330 2972 3460 3043 Psy-

1882 3061 2196 3116 chomachia:
2230 3060 2453 3128 prudens
2493 3061 2744 3114 inmisit?
2798 3060 3038 3129 Explicat
3080 3064 3274 3119 deinde
3332 3067 3458 3120 Baro

187 3180 301 3217 rem
342 3162 406 3228 Τ,
437 3178 554 3232 quae
589 3163 781 3232 species
826 3170 900 3215 est
942 3161 1129 3215 crucis.
1163 3158 1422 3212 \Veitzius
1467 3157 1680 3225 quidem
1711 3156 1775 3209 ad
1806 3148 1851 3211 C
1883 3155 2024 3209 titius
2054 3156 2276 3222 aenigma
2307 3154 2358 3205 in
2388 3153 2605 3223 gratiam
2626 3153 2703 3207 vel
2722 3154 2870 3207 unius
2896 3153 3114 3209 Joannis
3141 3157 3337 3223 Drusii,
3367 3162 3465 3213 viri

190 3271 346 3309 vers.
400 3256 470 3310 57
522 3270 536 3305 :
592 3253 649 3309 SI
702 3267 822 3315 QUID
871 3266 1149 3314 raucus",
1202 3248 1516 3305 sententiam
1575 3247 1774 3301 Barthii

186 3343 488 3415 descripsit
510 3343 609 3415 (c).

260 3438 395 3492 191.
430 3435 598 3503 Quem
631 3433 830 3489 Barthii
873 3434 1047 3489 locum
1080 3447 1201 3487 cum
1231 3434 1493 3501 integrum
1520 3429 1780 3486 Weitz‘us

186 3527 433 3584 dederit.
470 3526 651 3581 nescio
681 3540 776 3579 cur
807 3526 949 3580 illico
977 3525 1041 3579 ad
1072 3540 1215 3579 vers.
1250 3524 1318 3577 58
1349 3540 1364 3579 :
1400 3520 1593 3593 Figura
1630 3538 1779 3574 nove-

188 3622 366 3674 rimus
408 3619 641 3689 mystica,
685 3618 878 3671 iterum
902 3616 982 3671 ait
1023 3633 1037 3670 :
1071 3616 1237 3669 Foliis
1266 3614 1479 3684 Sibylla
1525 3614 1783 3668 obscurius

188 3714 288 3764 hoc
318 3719 426 3775 est,
454 3718 502 3763 et
531 3708 756 3761 numeris
785 3706 1144 3778 Pythagoricis
1170 3705 1472 3769 abstrusius,
1502 3706 1639 3775 quod
1676 3706 1782 3776 fere

187 3817 352 3856 nemo
402 3811 478 3855 est
505 3800 590 3868 qui
635 3806 866 3869 promat,
894 3806 940 3851 et
987 3813 1039 3850 se
1087 3794 1343 3866 (Etlipum
1381 3796 1638 3863 exhibeat,
1683 3797 1782 3851 nisi

264 4005 355 4073 (a)
386 4000 638 4073 Antonius
672 3998 1017 4073 Nebrissensis
1044 4010 1271 4051 CCCXVIII
1295 3996 1639 4073 episcopis_ad
1666 4012 1786 4073 con-

184 4067 382 4129 cilistin
414 4070 685 4124 Nicwnuttt
727 4068 917 4121 vocatis
948 4067 1080 4119 hunc
1105 4083 1375 4119 numerum
1417 4067 1785 4135 applicandum

186 4154 389 4216 putat;
416 4141 507 4195 sed
529 4156 627 4193 non
657 4139 950 4216 vide‘o‘guid
973 4137 1369 4216 Iturutnntentio
1396 4139 1461 4187 ad
1478 4137 1784 4216 ellegoriam

187 4205 487 4285 pertineat,
517 4227 671 4279 quare
700 4205 964 4279 (Etlipum
997 4209 1079 4261 hic
1102 4207 1326 4278 aliquem
1352 4216 1440 4259 aut
1470 4205 1785 4276 Pythagori-

189 4302 320 4340 cum
356 4292 619 4348 exspecto.

265 4355 351 4424 (b)
381 4345 524 4418 Quid
551 4350 645 4402 sibi
682 4349 799 4402 velit
837 4348 1153 4424 mysterium,
1204 4347 1276 4398 sic
1304 4345 1784 4424 enint_Prudentius

183 4416 457 4495 appellat,
478 4429 814 4495 trecentorum
843 4416 916 4471 bis
958 4433 1265 4495 novenorum
1310 4419 1371 4469 ab
1399 4416 1657 4495 Abraham
1699 4433 1785 4466 ar-

185 4486 488 4559 matorum,
521 4490 747 4543 nondum
774 4507 803 4541 a
823 4489 1083 4557 quopiam,
1129 4486 1444 4559 qurodntodo
1475 4490 1649 4559 sciam,
1680 4497 1786 4538 tra-

187 4569 369 4618 ditum
390 4556 492 4615 est.
525 4562 773 4627 Suspicor
798 4570 967 4611 autem
996 4558 1198 4609 concilii
1232 4556 1430 4609 Nicarni
1458 4557 1788 4627 significatio-

1884 3247 2231 3310 eruditissimi,
2263 3247 2349 3315 qui
2381 3246 2434 3299 id
2472 3246 2692 3300 numeris
2722 3246 3076 3316 Pythagoricis
3105 3263 3149 3302 et
3192 3252 3460 3322 Silglh'nis

1885 3340 2147 3392 obscurius
2183 3338 2550 3407 pronuntiavit.
2601 3337 2769 3406 Negat
2810 3337 3031 3408 intelligi
3064 3357 3220 3408 posse
3258 3346 3325 3397 de
3356 3346 3459 3397 518

1887 3431 2132 3485 Pultibus
2145 3431 2394 3496 Nicmnis,
2408 3432 2526 3500 quia
2546 3431 2713 3502 figura
2736 3432 2947 3501 mystica
2969 3442 3141 3502 typum
3171 3440 3460 3504 quempiam

1887 3526 1961 3579 rei
1998 3526 2293 3578 inanimato:
2336 3525 2567 3590 indicat;
2607 3534 2716 3579 tum
2763 3524 3258 3592 interpretationem
3293 3530 3461 3595 addit,

1887 3632 2046 3684 quam
2068 3615 2331 3670 Weitzius
2355 3630 2418 3669 es
2446 3613 2556 3668 alio
2577 3629 2740 3683 opere
2763 3617 3116 3686 transcripsit.
3145 3618 3269 3673 Cum
3304 3621 3456 3682 locus,

1892 3707 2061 3776 inquit
2086 3706 2354 3769 Barthius,
2387 3704 2630 3759 hactenus
2651 3707 3031 3761 obscurissimas
3058 3710 3109 3760 in
3143 3711 3332 3778 optimo
3356 3724 3466 3764 vate

1889 3809 1936 3852 et
1962 3798 2069 3851 vivo
2091 3794 2186 3849 Dei
2214 3796 2399 3865 spiritu
2420 3796 2601 3865 afflato
2627 3796 2853 3849 omnium
2894 3797 3096 3867 ingenia
3128 3799 3340 3853 illuserit
3368 3801 3463 3869 (c).

1891 4006 1994 4059 tur,
2021 4011 2163 4061 esse;
2196 3996 2313 4064 quia
2339 3994 2525 4047 scilicet
2554 3994 2929 4057 inauspicatum
2957 3999 3135 4051 mortis
3166 4002 3465 4057 vocabulum

1889 4070 2120 4142 suum;
2143 4067 2205 4118 ab
2227 4084 2289 4142 ea
2312 4066 2542 4134 incipiat.
2570 4064 2689 4142 {aut
2724 4083 2787 4142 ne
2814 4070 2985 4136 pueris
3007 4071 3210 4138 quidem
3241 4074 3463 4142 incogni-

1890 4147 2027 4195 tum,
2068 4139 2203 4189 ident
2242 4137 2542 4188 elementum
2586 4135 2777 4188 Grtccis
2816 4135 3147 4191 novenariunt
3199 4135 3463 4197 numerum

1889 4208 2188 4275 exprimere.
2227 4204 2327 4257 Per
2359 4206 2460 4256 duo
2489 4208 2655 4271 itaque
2685 4209 2843 4267 theta,
2876 4212 2975 4259 sive
3005 4213 3301 4263 norenarios
3329 4214 3465 4267 indi-

1888 4293 1991 4338 ces,
2037 4278 2164 4346 duas
2198 4284 2382 4327 mortes
2411 4286 2456 4346 et
2492 4277 2693 4341 quidem
2734 4291 2907 4328 eorum
2954 4280 3039 4346 qui
3077 4296 3190 4332 cum
3226 4280 3338 4334 Tan
3376 4302 3463 4336 su-

1888 4363 2069 4419 spenso
2097 4345 2317 4399 Domino
2343 4345 2593 4419 obierunt,
2626 4346 3045 4419 circttmloquitur
3069 4360 3217 4419 poeta
3353 4355 3465 4407 Ilo-

1890 4433 2005 4493 r‘nm
2038 4417 2293 4468 lutronunt
2315 4416 2531 4485 cognitio
2558 4426 2605 4469 et
2625 4417 2967 4471 consideratio
3005 4416 3310 4490 magnopere
3340 4444 3463 4493 pro-

1891 4488 2023 4548 dest,
2051 4497 2159 4538 etc.

1962 4558 2042 4630 (d)
2077 4556 2215 4609 Nam
2245 4554 2423 4630 eadem
2448 4555 2542 4623 (ita
2585 4556 2757 4630 pergit
2793 4556 3010 4612 Drusius
3050 4562 3272 4627 primam
3304 4566 3467 4630 tellit:-

186 4615 547 4697 nernesse,in
574 4615 673 4699 qtlo
697 4630 999 4681 auctoritate
1032 4615 1639 4699 cccxttlll‘ept’scopo’rttln
1668 4627 1787 4699 fidei
1819 4615 1868 4673 Ι)
1895 4615 2050 4699 matis
2081 4639 2279 4699 partem
2311 4615 2614 4699 declarans)
2657 4615 2711 4699 in
2753 4630 2973 4680 numeris
3017 4615 3155 4682 notat
3198 4615 3443 4687 trecenta:

185 4715 399 4759 nostra?
430 4712 550 4755 sunt
577 4697 713 4754 certa
734 4699 992 4768 quwdam,
1036 4706 1090 4749 ut
1134 4698 1209 4749 sic
1248 4697 1484 4763 dixerim,
1533 4698 1786 4763 descripta

184 4774 467 4844 pomeria,
500 4788 613 4844 cum
642 4780 790 4844 antea
818 4770 873 4821 in
902 4771 1094 4844 incerto
1125 4770 1359 4844 pleraque
1387 4769 1571 4837 posita,
1606 4776 1650 4844 et
1679 4769 1781 4817 Ita'-

182 4838 497 4899 reticorum
527 4840 796 4893 calumniis
825 4840 1079 4907 exagitata
1113 4842 1212 4889 huc
1254 4839 1378 4889 illuc
1415 4853 1506 4904 pro
1548 4838 1791 4904 cujusque

187 4917 427 4969 libidine
458 4920 830 4978 torquerentur.
859 4909 925 4961 Ut
952 4923 1069 4960 vero
1088 4909 1142 4959 in
1170 4908 1301 4959 hanc
1330 4908 1628 4978 sententiam
1654 4922 1787 4965 eam,

183 5002 322 5039 cum
380 4983 527 5045 alia,
578 4989 685 5033 tum
724 4980 945 5031 maxime
972 4979 1293 5031 vetustissimi
1324 4977 1650 5046 exemplaris,
1694 4991 1791 5039 quo

180 5072 389 5110 sumus
420 5053 523 5115 usi,
549 5051 816 5116 effecerunt
843 5050 1050 5117 vestigia
1076 5050 1330 5115 quantum.
1375 5047 1496 5099 Non
1537 5061 1793 5113 repugna-

184 5129 300 5178 rim
334 5134 531 5185 tamen,
556 5122 599 5173 si
628 5121 731 5173 alio
756 5121 867 5188 quis
894 5120 1100 5188 referat,
1131 5118 1357 5185 quamvis
1380 5133 1481 5169 non
1506 5117 1648 5170 video
1669 5117 1791 5185 quid

184 5198 285 5250 hic
308 5195 561 5250 cuiquam
589 5193 642 5243 in
674 5200 890 5242 mentem
918 5190 1084 5241 venire
1106 5189 1261 5250 possit
1288 5188 1448 5238 aliud.

272 5265 361 5332 (ε)
409 5255 655 5315 Barthius
696 5260 1048 5332 acutissimum
1097 5256 1192 5308 hoc
1240 5257 1456 5332 (enigma
1491 5255 1579 5309 lib.
1608 5270 1633 5332 _I
1674 5255 1790 5307 Abl.

181 5327 324 5391 crit.
343 5327 405 5385 ἐ.
438 5349 484 5385 v.
505 5332 577 5384 ita
607 5331 827 5398 explicat
853 5343 871 5381 :
904 5327 1007 5381 Pro
1035 5342 1244 5380 vossmr
1274 5327 1540 5398 legendum
1568 5328 1639 5398 ait
1670 5341 1793 5398 ruo-

181 5422 356 5461 snt'r.
407 5402 640 5455 Trecenti
670 5395 841 5452 autem
880 5399 1022 5451 aliud
1053 5398 1182 5449 nihil
1207 5397 1306 5449 nisi
1346 5410 1543 5447 crucem
1574 5395 1793 5446 domini-

180 5492 322 5530 cam
352 5474 644 5542 designant.
684 5471 764 5522 illi
794 5469 977 5521 inclusi
1010 5469 1211 5542 litterte,
1259 5467 1360 5518 sive
1401 5467 1645 5542 elemento
1667 5480 1793 5533 grae-

178 5547 419 5605 canica,
467 5534 567 5612 quo
595 5557 709 5593 eunt
736 5555 1005 5612 numerum
1040 5540 1322 5612 exprimere
1348 5535 1581 5605 ntagistri
1607 5534 1797 5612 lingunt

1892 4696 2128 4749 Isidorus
2164 4698 2227 4748 de
2252 4696 2573 4766 etymologiis
2607 4712 2624 4748 :
2653 4695 2793 4749 Inter
2811 4700 3050 4766 mysticus
3083 4700 3277 4755 litteras
3315 4710 3467 4757 tertia

1892 4776 1962 4818 ast
1989 4766 2120 4822 Tan.
2145 4767 2361 4835 figurant
2390 4765 2746 4818 demonstrans
2772 4765 3039 4822 dominica:
3068 4776 3253 4826 crucis.
3284 4774 3470 4826 lliero-

1894 4853 2076 4911 nyntus
2105 4838 2158 4888 in
2181 4838 2555 4911 commentariis
2585 4836 2864 4889 Ezechielis
2904 4855 2985 4911 Ix,
3030 4842 3082 4901 4,
3109 4843 3330 4911 antiquis
3366 4845 3469 4898 lle-

1897 4910 2149 4959 brtcorum
2172 4906 2375 4965 litteris,
2411 4905 2591 4971 quibus
2622 4924 2778 4973 usque
2812 4907 2963 4961 hodie
2994 4924 3205 4964 utuntur
3231 4905 3468 4969 'Suntari-

1897 4976 2024 5038 lani,
2065 4983 2288 5027 extrema
2323 4976 2489 5027 littera
2526 4974 2639 5028 Tan
2684 4982 2845 5029 crucis
2880 4978 3023 5031 habet
3063 4982 3457 5041 similitudinem.

1898 5062 2010 5115 qutc
2043 5048 2096 5097 in
2118 5043 2528 5121 Christianorum
2560 5048 2811 5121 frontibus
2844 5049 3090 5119 pingitur,
3140 5062 3187 5106 et
3226 5043 3473 5121 frequenti

1900 5132 2086 5167 ntanus
2112 5116 2723 5191 inscriptione-signatur.
2750 5116 2899 5183 Quod
2934 5116 3086 5191 votes,
3111 5116 3271 5191 magis
3303 5116 3472 5177 c’are-

1898 5196 2001 5239 scet
2040 5202 2101 5239 ex
2146 5186 2316 5256 glossa
2356 5186 2662 5248 ordinaria;
2705 5187 2757 5239 in
2793 5204 2895 5256 qua
2921 5187 3049 5244 Gen.
3085 5206 3171 5243 xw
3194 5186 3337 5253 Vict-2,
3390 5195 3473 5246 ubi

1903 5258 2033 5327 hanc
2063 5258 2327 5308 historiam
2356 5272 2505 5309 sensu
2536 5258 2814 5327 allegorica
2850 5258 3092 5323 illustrat,
3120 5263 3189 5313 ita
3216 5262 3429 5326 legimus
3454 5281 3472 5316 :

1907 5326 2128 5391 Quisque
2164 5342 2256 5395 pro
2298 5327 2471 5377 anima
2522 5342 2615 5376 sua
2644 5326 2832 5376 contra
2879 5330 3169 5396 spiritucies
3223 5334 3471 5397 nequitias

1903 5398 2092 5448 bellum
2124 5404 2265 5465 gerat
2282 5411 2406 5465 cum
2435 5398 2665 5446 trecentis
2693 5396 2862 5465 decent
2888 5407 2934 5449 et
2964 5409 3072 5451 octo
3097 5403 3394 5461 vernaculis.
3421 5404 3473 5453 id

1904 5476 1992 5540 est-
2014 5481 2129 5540 cum
2169 5464 2361 5515 auxilio
2398 5472 2586 5540 sancta'
2628 5465 2813 5540 crucis.
2850 5464 2960 5518 Tm.
2999 5472 3128 5522 enim
3151 5471 3336 5533 littera,
3361 5488 3472 5540 qua:

1903 5535 2050 5585 habet
2073 5534 2289 5600 ﬁgurant
2315 5532 2500 5595 crucis,
2530 5546 2623 5584 CCC
2642 5534 2920 5599 signi/iret.

1976 5604 2047 5669 (e)
2074 5599 2243 5673 Τυριῆ
2276 5599 2648 5673 interpretatio
2674 5603 2897 5673 obscura
2938 5606 3064 5659 mihi
3105 5616 3209 5673 est,
3245 5617 3300 5661 ut
3333 5624 3474 5665 nunc

1905 5668 2116 5741 quidem
2137 5670 2359 5742 legitur.
2392 5668 2578 5742 omnes
2611 5675 2725 5742 fere
2758 5670 2954 5737 Patres,
2988 5684 3091 5726 tam
3130 5668 3296 5730 Gra’ci
3326 5696 3474 5742 quam

1907 5737 2099 5807 Latini,
2130 5740 2183 5792 in
2214 5754 2424 5792 numero
2448 5737 2543 5793 hoc
2561 5737 2665 5797 5“!)
2706 5744 2782 5796 vel
2803 5745 2908 5798 500
2934 5746 3155 5799 rotundo
3187 5737 3475 5818 mysteriqu

3007 5837 3086 5895 23

181 5603 557 5671 dederuntl...
592 5611 857 5675 Sequitur,
889 5619 943 5660 ut
983 5603 1110 5677 quid
1132 5623 1228 5677 per
1260 5608 1332 5658 bis
1367 5603 1561 5657 novena
1599 5603 1799 5677 intelli-

178 5687 462 5760 gendum,
507 5673 762 5760 apparere
790 5673 1068 5760 faciamus.
1115 5676 1569 5760 lYOlt'ﬂ-t'n‘tttmﬂefl.
1595 5673 1800 5760 e'lttte-

181 5744 320 5815 rum
368 5744 688 5820 mortiferum
718 5744 919 5819 signum
947 5748 1201 5815 prtctoris,
1251 5756 1304 5799 ut
1335 5745 1593 5799 Martialis
1635 5744 1799 5814 loqui-

506 5845 773 5941 PAIBOL.
824 5842 985 5902 LIX.
