3998 6182
188 319 283 389 n1

1557 304 2086 387 rnoccconens.

3336 320 3441 376 'il8

185 447 394 517 prologo
416 443 483 500 ad
512 443 605 498 lib.
640 440 743 495 tdc
769 441 936 496 Fide:
968 440 1116 496 Nosti
1150 442 1304 508 enim,
1336 441 1437 511 ﬁde
1459 441 1617 511 magis
1645 441 1745 493 im-
1776 440 1829 499 Α
1851 440 2059 508 scripta.
2097 439 2332 503 Parisiis,
2370 440 2524 503 l385,
2566 436 2705 506 quod
2753 444 2931 493 exstat
2966 435 3103 505 apud
3140 434 3212 489 cl.
3240 434 3439 488 Cime-

184 537 424 606 peratoris
451 550 606 603 quam
636 533 819 586 virtute
847 532 1088 597 militum,
1111 532 1268 601 quteri
1291 532 1451 585 solere
1468 530 1754 584 victoriam.

184 627 316 681 Nam
337 634 384 680 et
405 622 668 679 Abraham
698 632 944 675 trecentos
974 622 1143 675 decem
1171 630 1216 674 et
1240 631 1349 675 octo
1375 622 1525 675 duxit
1552 621 1620 673 ad
1648 620 1758 673 bel-

178 717 282 768 lum
308 754 325 779 ,
377 722 427 768 et
470 728 535 766 ea:
587 712 870 765 innumeris
922 719 1116 780 tropaea
1173 710 1400 765 hostibus
1449 710 1760 776 reportavit;

185 806 419 875 signoque
442 803 715 858 dominicas
744 803 907 857 crucis
935 812 979 857 et
1013 802 1301 857 nominis...
1342 803 1481 857 ultus
1516 809 1589 857 est
1637 817 1760 872 pro-

186 896 398 961 ximum,
422 903 533 949 etc.

248 988 371 1042 195.
419 987 514 1041 llis
564 983 775 1040 accedit
822 982 1118 1038 Eucherius
1170 984 1222 1037 in
1267 984 1653 1039 commentario
1691 983 1757 1037 ad

183 1079 436 1141 Genesin,
466 1093 624 1145 quem
658 1076 839 1131 laudat
866 1076 922 1129 S.
958 1074 1189 1130 Isidorus
1216 1075 1547 1142 llispalensis
1579 1076 1631 1129 in
1665 1074 1755 1129 lib.

182 1174 244 1225 de
275 1169 411 1224 Viris
436 1168 731 1224 illustribus
758 1183 773 1223 :
809 1167 959 1234 Quod
982 1182 1097 1220 vero
1120 1165 1206 1220 ille
1232 1165 1551 1235 (Abraham)
1577 1183 1678 1220 non
1708 1167 1759 1219 in

182 1261 504 1314 multitudine
549 1274 642 1313 nec
677 1260 859 1312 virtute
894 1257 1177 1329 legionum,
1207 1257 1296 1311 sed
1336 1265 1534 1309 tantum
1570 1258 1623 1309 in
1654 1266 1757 1309 tre-

181 1354 331 1406 centis
361 1353 531 1404 decem
553 1360 599 1403 et
621 1359 731 1403 octo
759 1348 1137 1411 comitantibus,
1166 1349 1484 1402 adversarios
1506 1348 1759 1416 principes

182 1443 442 1496 debellavit
467 1458 485 1495 :
517 1443 631 1504 iam
655 1452 775 1493 tunc
805 1442 857 1493 in
884 1454 1045 1493 sacra:
1069 1439 1230 1493 crucis
1259 1439 1499 1509 ﬁguram,
1530 1454 1644 1507 qua
1670 1454 1761 1509 per

178 1544 284 1598 tau,
312 1533 533 1585 litteram
557 1530 809 1594 ercam,
841 1540 887 1584 et
911 1530 1038 1583 Iesu
1065 1544 1265 1593 nomen,
1313 1530 1400 1597 qui
1426 1530 1531 1582 iota
1550 1537 1597 1582 et
1625 1530 1760 1582 theta

185 1626 378 1679 linteis
400 1623 776 1677 characteribus
804 1621 1059 1687 scribitur,
1083 1623 1168 1691 qui
1198 1621 1439 1678 Salvator
1463 1622 1760 1691 interpreta-

180 1725 283 1779 tur,
315 1716 371 1767 in
401 1730 612 1767 numero
639 1722 977 1768 trecentorum
1001 1713 1171 1766 decem
1199 1720 1245 1766 et
1273 1721 1386 1765 octo
1417 1712 1756 1782 exprimitur:

1862 532 2123 585 nauium.
2160 530 2473 586 Hincmarns
2521 529 2858 593 lthemensis,
2893 529 2945 583 in
2980 527 3332 595 responsione
3368 525 3439 582 ad

1860 620 2211 689 quorumdam
2242 620 2604 687 qumstiones:
2637 620 2738 672 Cur
2767 620 2819 672 in
2864 618 3086 686 quodam
3129 618 3317 687 scripto
3348 633 3441 685 po-

1858 713 2015 764 suerit
2045 712 2311 781 mysticam
2354 710 2619 765 Nicamam
2668 710 2942 779 synodum,
2978 710 3124 775 plura
3173 708 3333 760 habet
3374 709 3443 761 de

1865 802 1962 857 hac
1986 802 2172 857 eadem
2200 800 2670 868 interpretatione,
2705 800 2790 855 ubi
2820 800 2999 864 docet,
3035 799 3088 851 in
3116 798 3266 852 libris
3294 797 3441 853 Cra:-

1861 909 2046 947 corum
2095 902 2149 947 et
2190 893 2497 947 Latinorum
2537 908 2633 961 per
2660 902 2811 948 notas
2838 891 2999 945 scribi
3047 892 3285 955 nomina,
3325 907 3442 959 quae

1862 987 2113 1039 interdum
2136 988 2323 1055 prima,
2349 996 2394 1040 et
2425 987 2717 1052 novissima,
2749 996 2795 1038 et
2820 984 3017 1053 virgula
3043 984 3361 1052 superposita
3381 983 3437 1035 in

1862 1079 2119 1132 dexteram
2148 1094 2288 1145 teque
2311 1078 2536 1131 veniente
2554 1094 2583 1129 a
2603 1078 2829 1143 sinistra,
2860 1087 2913 1130 ut
2935 1075 3016 1141 Fs,
3049 1074 3137 1143 υἷι,
3170 1097 3257 1141 vn,
3286 1079 3439 1129 inter-

1861 1168 1984 1218 dum
2004 1176 2173 1217 autem
2201 1167 2387 1235 prima,
2410 1175 2454 1218 et
2482 1166 2665 1231 media,
2688 1177 2736 1219 ct
2767 1168 3039 1221 nouissima
3081 1179 3324 1222 notantur
3354 1168 3439 1220 lit-

1861 1266 1986 1320 tera,
2009 1265 2055 1310 et
2082 1256 2280 1326 virgula
2317 1258 2636 1325 superposita
2664 1258 2716 1310 in
2753 1259 3013 1312 dexteram
3042 1274 3185 1329 etque
3210 1260 3437 1313 veniente

1860 1361 1893 1397 a
1920 1346 2147 1411 sinistra,
2178 1355 2232 1398 ut
2264 1363 2383 1408 ινδ,
2418 1346 2533 1400 ti'ns.
2560 1346 2676 1399 Non
2708 1347 2951 1403 dissimili
2999 1349 3156 1401 modo
3193 1364 3306 1403 rem
3344 1363 3440 1402 cx-

1864 1435 2023 1504 plicat
2049 1435 2317 1504 ltupertns
2340 1435 2635 1491 'l‘uitiensis
2664 1436 2755 1491 lib.
2788 1453 2818 1489 v
2842 1438 2896 1490 in
2923 1436 3174 1501 Genesin,
3197 1452 3313 1505 cap.
3347 1439 3435 1503 15,

1860 1526 1953 1594 qui
1986 1534 2139 1579 notat
2181 1541 2375 1581 nomen
2407 1526 2532 1581 Jesu
2561 1540 2682 1581 cum
2712 1528 2736 1581 ἰ
2773 1539 2827 1582 et
2866 1529 2906 1581 ll
2938 1530 3269 1596 superposita
3303 1529 3437 1583 linea

1860 1616 2042 1672 cll'erri
2073 1618 2124 1671 in
2151 1618 2399 1687 gignendi
2423 1633 2570 1679 casu,
2591 1628 2646 1671 ut
2668 1632 2920 1672 numerus
2939 1633 3065 1672 xvm
3090 1618 3438 1688 compleatur.

1845 1707 1965 1776 (Alii
1995 1708 2284 1763 advertunt
2314 1717 2523 1764 veteres
2556 1709 2744 1763 solitos
2772 1708 2935 1763 fuisse
2978 1709 3192 1762 umnina
3226 1708 3441 1777 propria

177 1807 313 1869 quod
343 1822 435 1858 nos
464 1803 657 1859 Christi
700 1804 871 1871 passio
897 1803 1131 1857 liberaret
1175 1820 1207 1856 α
1242 1803 1510 1857 dominatu
1536 1803 1755 1873 quinque
1788 1800 1834 1861 Β
1862 1816 1956 1868 per
1999 1802 2131 1857 duas
2178 1804 2375 1872 primas
2414 1802 2618 1861 litteras
2667 1802 2990 1872 signiﬁcare,
3030 1810 3090 1856 ut
3117 1801 3225 1871 CN,
3250 1799 3442 1871 Coeus,

178 1896 469 1950 carnalium
499 1910 757 1959 sensuum,
799 1895 889 1965 qui
925 1895 1081 1964 168
1123 1910 1213 1947 nos
1250 1902 1401 1947 antea
1446 1895 1602 1947 variis
1630 1894 1764 1947 vitiis

175 1987 485 2056 captivantrs
506 1994 943 2053 exsuperaverant.
962 1984 1059 2039 Ubi
1082 1984 1509 2054 postexprimitur
1522 1982 1766 2052 supplen-

180 2079 302 2129 dum
330 2087 412 2130 est
441 2076 836 2145 imaginabatur,
881 2091 980 2142 quo
1026 2091 1139 2139 nos,
1171 2089 1279 2130 etc.
1326 2075 1383 2130 S.
1437 2074 1675 2129 Isidorus
1711 2075 1762 2129 in

176 2168 408 2230 Gcnes.,
441 2166 511 2221 de
544 2166 777 2222 Victoria
808 2165 1039 2221 Abrahae
1076 2180 1196 2235 cap.
1239 2166 1328 2231 ll,
1371 2166 1562 2234 repetit
1590 2166 1764 2221 locum

178 2256 435 2313 Eucherii
469 2272 590 2311 cum
621 2257 801 2326 aliqua
828 2256 1084 2311 varietate
1113 2256 1166 2310 in
1217 2265 1487 2326 postrema
1529 2256 1765 2313 editione

174 2351 418 2406 blatrit.:
448 2349 569 2403 lam
599 2359 721 2403 tunc
748 2352 800 2403 in
843 2359 1162 2403 sacramento
1197 2350 1360 2402 crucis
1390 2349 1564 2421 (cujus
1599 2351 1767 2421 ﬁgura

178 2457 269 2506 per
296 2439 410 2493 Tan
432 2440 650 2493 litteram
676 2437 908 2493 Grecam
924 2455 1134 2493 numero
1160 2449 1496 2493 trecentorum
1519 2441 1766 2508 exprimi-

173 2527 286 2597 tur)
322 2529 719 2597 imaginabatur,
751 2528 886 2596 quod
915 2545 1028 2593 nos,
1055 2539 1160 2583 etc.
1192 2528 1269 2583 Ex
1291 2543 1398 2597 quo
1434 2529 1766 2601 Rosweydus

174 2620 241 2672 ad
266 2620 433 2688 epist.
464 2619 500 2672 2
551 2619 755 2674 Paulini
783 2619 1014 2674 restituit
1042 2620 1094 2673 in
1139 2619 1407 2675 Eucherio
1440 2620 1765 2693 imaginaba-

174 2719 281 2762 tur.
313 2709 422 2765 Sed
450 2718 706 2778 przcterea
729 2708 785 2763 in
808 2708 1078 2766 Eucherio
1101 2710 1380 2780 legendum
1400 2720 1504 2775 est,
1527 2712 1616 2782 qui
1637 2713 1763 2777 icta,

171 2811 219 2853 et
240 2802 345 2867 ita,
368 2811 455 2854 aut
479 2809 560 2853 eta
577 2798 771 2854 Grtccis
784 2801 1179 2854 rltaracteribus.
1201 2801 1533 2873 Rosweydus
1555 2801 1763 2870 scribit,

167 2896 261 2965 qui
293 2910 387 2965 per
411 2917 429 2949 ι
454 2905 502 2948 et
521 2917 553 2954 η
584 2894 777 2949 ϐτιετὶε
815 2893 1211 2949 characteribus.
1244 2895 1302 2951 S.
1338 2895 1597 2951 Maximus
1622 2895 1765 2951 Con-

170 2987 357 3040 iessor
386 2996 515 3039 tom.
548 2985 569 3040 1
598 2985 726 3040 edit.
777 2984 949 3040 Paris.
999 2999 1163 3054 opera
1206 2984 1269 3039 P.
1302 2986 1571 3041 Francisci
1610 2987 1764 3042 Com-

169 3076 340 3140 belis,
370 3091 491 3145 pag.
538 3075 660 3140 170,
712 3075 851 3130 inter
875 3076 1200 3146 quaestiones
1247 3077 1300 3131 in
1337 3091 1475 3132 sacr.
1520 3076 1761 3147 Script.:

1871 1891 1945 1946 τι
1952 1934 1990 1959 .,
2013 1892 2263 1949 Tiberius.

1940 1983 2061 2040 196.
2104 1984 2358 2039 Eamdem
2393 1985 2704 2055 allegoriam
2734 1985 2984 2054 attigerat
3020 1984 3075 2038 S.
3105 1984 3359 2038 Paulinus
3390 1986 3442 2038 in

1868 2078 2026 2144 epist.
2069 2077 2105 2129 2
2136 2076 2203 2131 ad
2250 2077 2505 2131 Severum
2551 2090 2716 2145 prope
2758 2075 2917 2131 ﬁnem
2956 2092 2971 2131 :
3018 2075 3122 2131 Sed
3175 2076 3303 2128 sicut
3356 2076 3445 2130 ille

1868 2168 2205 2239 (Abraham)
2250 2186 2351 2224 non
2386 2170 2737 2235 multitudine,
2790 2186 2882 2223 nec
2930 2172 3115 2222 uirtute
3163 2169 3442 2239 legionum,

1865 2260 1955 2313 sed
1993 2261 2099 2321 iam
2138 2271 2243 2313 tum
2290 2262 2345 2315 in
2378 2270 2692 2315 sacramento
2734 2260 2922 2325 crucis,
2950 2259 3098 2330 cujus
3147 2261 3313 2329 ﬁgura
3356 2276 3444 2330 per

1872 2352 2029 2423 169
2047 2353 2264 2407 litteram
2292 2369 2511 2424 graecam
2548 2352 2591 2406 Τ
2632 2367 2840 2406 numero
2880 2361 3220 2406 trecentorum
3265 2353 3443 2420 expri-

1867 2443 2044 2508 mitur,
2074 2443 2389 2496 adversarios
2408 2442 2657 2512 principes
2686 2441 2952 2496 debellavit
2981 2456 2998 2495 :
3027 2442 3177 2513 cujus
3212 2442 3444 2511 mysterii

1866 2533 2069 2599 virtute,
2099 2534 2333 2587 trecentis
2352 2534 2406 2587 in
2428 2534 2639 2604 longum
2661 2542 2796 2587 texta
2818 2534 3025 2601 cubitis,
3045 2537 3301 2602 superarit
3322 2549 3443 2587 arca

1866 2626 2135 2688 diluvium,
2167 2632 2275 2679 etc.
2304 2624 2469 2680 Recte
2490 2632 2641 2679 notat
2664 2624 3018 2696 Rosweydus,
3050 2624 3372 2680 Eucherium
3390 2634 3446 2679 et

1867 2717 2130 2773 lsidorum
2156 2718 2275 2773 haec
2314 2719 2368 2773 in
2397 2719 2785 2775 commentaria
2814 2733 2907 2773 sua
2940 2720 3302 2779 transtulisse.
3337 2719 3443 2773 Eu-

1866 2807 2107 2862 cherium
2138 2807 2301 2862 etiam
2328 2823 2610 2863 numerum
2639 2809 2703 2863 l8
2726 2809 3075 2878 explicuisse,
3110 2824 3269 2877 quem
3299 2808 3443 2862 Pau-

1867 2898 2007 2953 linus
2031 2898 2116 2953 hic
2147 2899 2409 2966 praeterit,
2440 2901 2541 2952 nisi
2573 2900 2850 2953 membrum
2880 2901 2979 2953 hoc
3007 2902 3249 2953 omissum
3292 2900 3444 2969 fuerit

1865 3005 1899 3042 α
1925 2990 2149 3043 librariis
2178 2990 2240 3043 ob
2285 2990 2644 3060 difﬁcultatem
2689 2989 2856 3044 (irasci
2891 2991 3089 3043 numeri
3110 3013 3126 3045 ι
3148 3000 3195 3042 et
3226 3012 3278 3053 η,
3306 2990 3443 3059 quod

1867 3080 2085 3134 nominis
2130 3079 2256 3133 Iesu
2296 3080 2654 3149 compendium
2705 3089 2799 3135 est.
2854 3079 3350 3135 Prohabilissitnum
3393 3079 3443 3132 id

171 3166 295 3230 Quo
331 3177 453 3236 typo
479 3166 698 3238 (crucis)
720 3183 837 3222 cum
861 3170 971 3236 ejus
1001 3169 1204 3222 nomine
1232 3170 1320 3238 qui
1344 3180 1553 3241 propter
1586 3186 1679 3225 nos
1710 3172 1765 3226 in
1790 3164 1839 3228 C
1870 3172 2000 3227 mihi
2023 3172 2232 3228 videtur
2259 3188 2275 3229 :
2308 3188 2431 3227 nam
2457 3182 2510 3228 et
2540 3173 2592 3227 in
2638 3172 2904 3227 Eucherio
2948 3171 3287 3226 librariorum
3318 3181 3445 3224 noto

165 3261 264 3313 illo
291 3262 483 3330 aﬁiatns
510 3272 605 3328 est,
638 3262 837 3331 fortean
861 3264 1022 3332 fretus
1043 3279 1257 3334 magnus
1284 3264 1575 3332 patriarcha
1600 3266 1766 3320 Abra-

169 3350 321 3415 ham,
350 3368 468 3405 cum
499 3354 733 3407 trecentis
753 3354 925 3407 decem
945 3364 994 3409 et
1010 3364 1121 3409 octo
1144 3355 1260 3426 (hoc
1284 3366 1381 3421 est,
1412 3356 1583 3427 ﬁgura
1601 3368 1648 3411 et
1676 3375 1769 3411 no-

167 3444 313 3497 mine
355 3442 508 3513 Jesu)
538 3446 856 3498 adversarios
894 3454 1161 3513 potestates
1198 3462 1373 3517 regum
1409 3447 1636 3516 symbolo
1677 3448 1768 3502 de-

166 3536 426 3610 signatas,
468 3534 683 3588 edocens
728 3536 1039 3606 pro/ligavit.
1086 3536 1248 3590 Moris
1292 3538 1425 3591 enim
1482 3539 1767 3610 Scriptura:

164 3606 350 3691 est,'ut
370 3640 436 3676 ea:
462 3622 819 3677 elementorum
845 3642 1046 3695 quoque
1077 3626 1283 3697 ﬁguris,
1314 3644 1464 3682 suum
1513 3630 1626 3698 ipsa
1655 3647 1766 3684 sco-

166 3735 323 3785 pum,
365 3719 593 3789 purgatis
642 3729 695 3772 ut
729 3721 824 3772 hoc
858 3734 1253 3791 consequamur,
1297 3738 1397 3774 non
1436 3739 1554 3776 raro
1594 3726 1765 3778 mani-

163 3814 345 3880 festet.
387 3810 616 3864 Faustus
664 3810 982 3880 Rhegiensis
1031 3812 1123 3865 lib.
1167 3811 1233 3866 de
1283 3812 1485 3882 Spiritu
1539 3828 1763 3870 sancto:

162 3901 339 3955 Sacer
356 3917 597 3954 numerus
617 3901 856 3967 dicimus,
876 3903 997 3968 quia
1020 3903 1230 3956 trecenti
1251 3904 1301 3956 in
1322 3920 1427 3958 tera
1450 3907 1553 3959 sive
1570 3924 1764 3977 suppu-

161 3993 369 4044 tatione
379 3992 581 4061 signum
597 3992 777 4056 crucis,
798 3992 967 4044 decem
984 4001 1029 4044 ct
1041 4001 1152 4045 octo
1167 4009 1281 4046 vero
1297 3992 1327 4045 J
1334 4010 1422 4045 esu
1441 3996 1762 4048 adorandum

166 4099 369 4136 nomen
402 4082 690 4137 ostendunt.
715 4083 781 4137 Et
805 4084 856 4137 in
888 4084 1108 4153 epistola
1135 4085 1202 4140 de
1228 4084 1543 4140 Pcenitentia
1571 4088 1636 4141 ad
1665 4088 1767 4143 Fe-

162 4175 332 4226 licem
378 4170 509 4237 PP.,
545 4184 598 4226 et
630 4172 913 4226 Patricium
968 4173 1211 4227 eamdem
1267 4176 1760 4243 interpretationem

157 4264 442 4332 sequitur,
475 4273 531 4316 et
557 4263 623 4317 ad
650 4278 875 4332 pugnam
906 4279 1026 4318 cum
1054 4264 1191 4319 \itiis
1222 4264 1501 4334 translert,
1530 4265 1763 4322 Pruden-

154 4360 303 4408 tium
334 4356 606 4411 imitatus:
640 4355 702 4409 Et
724 4357 839 4410 ideo
873 4356 1003 4409 sicut
1029 4368 1169 4423 pater
1195 4358 1316 4426 ﬁdei
1337 4359 1592 4413 Abraham
1613 4360 1766 4429 quin-

153 4464 267 4517 que
296 4446 419 4500 illos
448 4464 589 4517 reges
619 4449 671 4501 in
701 4449 933 4502 trecentis
970 4448 1142 4501 decem
1165 4457 1213 4503 et
1241 4460 1373 4513 octo,
1407 4453 1649 4521 mysterio
1678 4454 1756 4506 in-

155 4550 246 4591 tra
277 4541 502 4593 litteram
530 4541 731 4599 latente.
766 4541 984 4595 devicit:
1005 4541 1079 4593 ita
1104 4549 1150 4594 et
1179 4557 1271 4595 nos
1299 4552 1474 4596 contra
1503 4545 1593 4598 hos
1611 4545 1756 4613 prin-

153 4630 367 4696 cipales
398 4632 637 4684 vitiorum
663 4632 815 4685 duces
844 4633 895 4684 in
922 4630 1049 4686 Jesu
1079 4634 1284 4687 nomine
1323 4644 1369 4687 et
1412 4637 1574 4690 crucis
1607 4636 1751 4709 signo

155 4723 292 4784 (hoc
318 4723 454 4773 enim
478 4732 689 4790 utraque
711 4738 815 4775 arra
840 4724 1158 4792 exprimitur)
1182 4724 1498 4781 dimicemus.
1524 4728 1596 4781 lla
1624 4729 1753 4798 legi-

151 4823 251 4865 tur
277 4812 331 4866 in
355 4826 477 4863 raro
502 4825 685 4879 opere,
718 4810 950 4865 Veterum
978 4811 1171 4881 aliquot
1194 4812 1378 4868 Gallire
1404 4816 1753 4888 theologorum

231 5019 318 5086 (α)
343 5019 421 5071 De
453 5017 659 5085 reliquo
674 5018 941 5079 Barthius,
966 5019 1059 5073 lib.
1079 5034 1203 5073 ams
1236 5019 1487 5079 Λάκωνε..
1514 5019 1741 5087 cap.l5,

147 5094 371 5158 ptutavit
416 5090 696 5158 deniquc,_
724 5089 1048 5154 probabilem
1100 5104 1219 5143 esse
1246 5090 1740 5157 interpretationem

147 5156 442 5217 Paschasii
476 5160 526 5210 in
560 5156 767 5226 praefat.
802 5160 891 5212 lib.
919 5161 984 5211 de
1008 5159 1205 5226 Spiritu
1230 5170 1433 5223 sancto,
1468 5162 1552 5213 ubi
1585 5162 1741 5213 simul

143 5244 395 5285 cccxmt
430 5228 617 5281 Patres
656 5227 899 5282 Nictenos
948 5232 1206 5295 nominat,
1240 5238 1295 5283 et
1335 5246 1428 5298 per
1456 5244 1742 5285 numerum

144 5310 533 5354 trecentorum
564 5312 801 5363 crucem,
835 5313 927 5365 per
950 5300 1133 5353 der-em
1165 5308 1219 5352 et
1247 5308 1368 5354 octo
1392 5314 1516 5352 vero
1546 5300 1744 5367 primas

144 5373 182 5423 li
219 5381 375 5423 teras
410 5370 641 5421 nominis
680 5367 806 5421 .lesu
832 5368 970 5435 apud
1004 5368 1220 5423 Graecos
1252 5369 1515 5437 intelligit.
1568 5369 1642 5422 lta
1672 5371 1746 5423 ait.

142 5441 397 5495 Faustus
432 5438 696 5502 Reicnsis,
729 5454 885 5506 quem
927 5454 1084 5506 supra
1125 5439 1354 5503 laudavi,
1393 5439 1506 5493 sive
1544 5439 1740 5507 potius,

140 5523 211 5565 ut
249 5511 507 5563 Barthius
545 5508 741 5573 aliique
772 5510 974 5574 volunt,
1026 5508 1344 5561 Paschasius
1376 5520 1493 5577 post
1520 5511 1577 5562 S.
1616 5514 1740 5562 Amo

136 5583 405 5636 lirosium
441 5581 570 5634 lib.t
600 5578 667 5632 de
694 5578 841 5641 Fide,
871 5594 987 5647 cap.
1026 5578 1089 5632 18
1116 5597 1127 5631 :
1164 5577 1227 5632 In
1248 5581 1426 5648 quibus
1455 5580 1602 5632 etiam
1629 5595 1742 5631 vcr-

139 5655 230 5705 bis
265 5659 608 5703 trecentorum
650 5651 820 5705 decem
848 5660 895 5703 et
920 5660 1032 5702 octo
1059 5665 1197 5701 sacer
1227 5665 1463 5702 numerus
1500 5649 1743 5703 δαί-ενάο-

138 5728 283 5773 tum
303 5718 413 5772 Arii
435 5736 495 5770 ac
527 5718 814 5791 Macedonii
838 5718 1095 5772 damnauit
1126 5730 1390 5769 errores...
1416 5715 1664 5772 Nam'etsi
1684 5734 1746 5773 ex

1785 4490 1840 4549 D

1869 3278 2132 3331 errorem,
2155 3276 2205 3318 et
2229 3264 2282 3318 in
2315 3256 2602 3319 Ambrosio
2634 3279 2880 3333 magnam
2906 3263 3225 3318 varietatem
3256 3263 3443 3316 lectio-

1870 3370 1995 3409 num
2021 3354 2093 3409 ob
2119 3353 2488 3409 difﬁcultatem
2522 3352 2696 3410 Graeci
2736 3356 2944 3410 numeri
2974 3378 2991 3409 t
3015 3364 3068 3409 et
3089 3378 3140 3415 η.
3189 3354 3443 3423 lloswey-

1867 3447 1969 3502 dus
1999 3446 2115 3514 ipse
2139 3447 2298 3500 aliter
2325 3446 2608 3516 legendum
2634 3448 2707 3500 ait
2737 3447 2914 3501 locum
2938 3446 3226 3510 Ambrosii,
3253 3445 3318 3499 de
3337 3461 3444 3515 quo

1868 3536 2028 3604 paulo
2069 3542 2216 3596 ante,
2249 3549 2440 3604 nempe
2476 3553 2488 3588 :
2530 3534 2801 3589 Trecentos
2837 3536 2969 3588 enim
2993 3536 3035 3589 Τ
3066 3534 3245 3589 erca
3272 3535 3444 3589 littera

1865 3627 2144 3695 signiﬁcat,
2187 3627 2359 3680 decem
2393 3636 2438 3678 et
2484 3636 2598 3679 octo
2633 3636 2805 3679 autem
2832 3642 3083 3679 summam
3115 3649 3164 3686 ιη
3202 3627 3443 3694 exprimit

1867 3734 2073 3771 uonten.
2104 3717 2381 3771 Paulinum
2411 3717 2510 3771 hoc
2538 3719 2653 3772 loco
2681 3718 2983 3786 respexisse
3004 3717 3068 3771 ad
3091 3717 3437 3772 Prudentium

1864 3813 2066 3878 jttdtcat
2097 3810 2369 3865 Barthius.
2413 3809 2519 3864 Sed
2552 3809 2679 3863 nihil
2710 3819 2794 3864 est
2840 3825 3061 3864 necesse
3100 3820 3155 3862 ut
3190 3809 3441 3864 Paulinus

1870 3903 2234 3966 Prudentium,
2279 3909 2369 3955 aut
2413 3898 2694 3953 Paulinum
2747 3898 3069 3953 Prudentius
3117 3900 3434 3967 respexerit.

1866 3994 2086 4048 Patebat
2104 3993 2247 4047 enim
2291 3992 2661 4059 interpretatio
2686 4004 2715 4043 a
2752 3989 3174 4058 prmcedentibus
3222 3990 3440 4057 jampri-

1865 4084 1987 4138 dem
2013 4082 2200 4136 tradita
2226 4083 2325 4151 (a).
2359 4079 2613 4146 Quamvis
2639 4090 2814 4133 autem
2846 4079 3083 4133 nonnulli
3130 4080 3182 4132 in
3212 4094 3438 4133 numero

1864 4187 2095 4228 cccxvm
2124 4172 2338 4225 Patrum
2366 4170 2701 4224 Nicmnorum
2734 4167 2960 4238 mystice
2988 4169 3292 4238 intelligant
3319 4185 3439 4224 cru-

1864 4281 1980 4319 cem
2003 4263 2343 4326 dominicam,
2376 4268 2432 4315 et
2459 4274 2651 4314 nomen
2678 4259 2826 4325 Jesu,
2860 4270 3035 4314 tamen
3066 4261 3329 4330 expositio
3357 4262 3434 4315 al-

1869 4356 2095 4424 legorica
2126 4369 2350 4408 cccxvnt
2376 4351 2786 4407 vernaculorum
2821 4351 3087 4406 Abraham
3115 4351 3276 4406 etiam
3308 4363 3433 4405 ante

1863 4447 2149 4505 concilium
2177 4446 2448 4500 Nic-aenum
2476 4444 2541 4498 ad
2569 4458 2779 4499 crucem
2812 4445 2979 4513 ipsam
3003 4442 3347 4506 dominicam,
3380 4454 3435 4498 et

1864 4539 2064 4606 primas
2090 4538 2298 4593 litteras
2330 4534 2559 4589 nominis
2585 4534 2714 4590 Jesu
2762 4535 3113 4599 referebatur,
3144 4550 3300 4604 quam
3344 4536 3433 4590 alii

1867 4632 2052 4688 Patres
2081 4642 2200 4701 post
2231 4628 2517 4683 concilium
2550 4627 2719 4682 secuti
2758 4637 2900 4681 sunt.
2945 4626 3053 4682 Nec
3092 4628 3278 4683 dubito
3305 4630 3430 4698 quin

1862 4724 2049 4795 majori
2077 4720 2349 4791 diligentia
2382 4720 2530 4787 plura
2562 4718 2737 4772 adhuc
2760 4720 3007 4786 exempla
3052 4718 3267 4789 congeri
3309 4734 3431 4788 pos-

1860 4819 1988 4871 sint.
2037 4814 2140 4871 Sed
2181 4828 2301 4880 quia:
2344 4810 2496 4865 attuli
2540 4810 2670 4864 satis
2703 4819 2827 4863 sunt
2862 4824 3133 4880 superque
3162 4819 3219 4865 ut
3257 4814 3433 4881 quivis

1847 5020 1941 5073 hoc
1963 5033 2172 5071 numero
2201 5029 2481 5085 paucorum
2511 5012 2771 5083 fragilitas
2800 5014 3093 5085 declinavit,
3125 5015 3431 5069 universalis

1847 5100 2013 5143 tamen
2037 5082 2230 5141 numeri
2271 5085 2569 5154 mysterium
2602 5082 2711 5136 non
2746 5086 2970 5136 resolvit.
3025 5082 3089 5137 Et
3128 5085 3244 5137 ideo
3289 5104 3428 5139 sacer

1846 5176 2085 5213 numerus
2126 5158 2368 5218 diximus,
2422 5154 2558 5223 quod
2612 5155 2819 5207 trecenti
2873 5170 3008 5206 mera
3061 5159 3425 5223 supputatione

1846 5228 2029 5283 Graeca
2058 5229 2262 5299 signum
2292 5222 2478 5299 crucis,
2503 5225 2672 5299 decem
2690 5234 2736 5277 et
2759 5233 2870 5276 octo
2896 5240 3010 5275 vero
3044 5222 3076 5275 J
3085 5238 3172 5275 esu
3198 5225 3417 5275 adorana

1846 5300 1970 5353 dum
1995 5292 2178 5351 nomen
2208 5296 2499 5351 ostendunt.
2527 5292 2589 5346 In
2618 5296 2711 5345 hoc
2734 5309 2852 5363 ergo
2881 5307 3091 5363 numero
3127 5301 3291 5363 atque
3306 5309 3427 5363 my-

1848 5370 2002 5422 sterio
2032 5371 2087 5422 in
2115 5385 2215 5437 quo
2253 5377 2299 5419 et
2335 5373 2539 5437 sanctus
2580 5360 2847 5437 (Abraham
2886 5362 2948 5412 de
2970 5360 3427 5437 innumerabilibus

1846 5441 2076 5510 gentibus
2106 5431 2458 5510 triumphavit,
2482 5434 2733 5510 seniorum
2756 5432 2929 5509 pietas
2959 5431 3152 5510 hostem
3185 5431 3422 5510 [idin-sub

1848 5501 1952 5563 una
1990 5509 2183 5571 Patris,
2235 5501 2281 5559 et
2332 5503 2481 5569 Filii,
2521 5510 2568 5553 et
2621 5501 2850 5568 Spiritus
2874 5501 3037 5571 sancti
3064 5501 3422 5571 pradicatioue

1847 5580 2100 5647 confudit.
2137 5569 2257 5631 llaec
2288 5574 2401 5644 ipsa
2419 5572 2591 5627 minus
2618 5578 2858 5624 correcta
2886 5569 3027 5626 inter
3057 5569 3237 5625 Fausti
3261 5584 3422 5638 opera

1851 5651 2119 5719 leguntur.
