4016 6182
605 318 706 376 719

2027 304 2475 362 PRUDENTIUS.
3711 300 3795 359 ’ΒΟ

605 433 719 484 sine
748 426 837 496 Sp'
870 441 998 499 yngc
1044 432 1098 479 ct
1133 422 1340 491 ΟΕύὶρο
1392 419 1648 489 intelligat
1698 415 1826 487 quid
1871 415 2173 484 exprimere
2207 422 2254 478 Α
2284 414 2511 481 indulge.
2555 411 2678 465 Cum
2718 422 2826 478 post
2878 409 3135 480 apostolos
3193 411 3405 463 ha'reses
3430 409 3794 464 exstitissem"...

608 519 828 576 vuluerit
857 518 1197 581 Prudentius,
1220 529 1339 569 cum
1368 513 1611 581 exposita
1651 509 1873 565 historia
1907 508 1974 562 de
2012 510 2181 561 victo-

611 615 687 667 ria
708 609 993 666 Abrahatni
1022 607 1261 661 addidit:

789 702 884 749 Nos
908 714 1018 748 esse
1041 699 1176 759 large
1199 697 1500 746 vernularum
1521 696 1714 759 divites,

790 763 839 810 Si
864 762 982 825 quid
1009 757 1238 825 trecenti,
1263 760 1336 806 bis
1359 759 1559 825 novenis
1593 757 1785 825 additis,

792 820 998 883 Possint,
1028 822 1178 883 ﬁgura
1205 823 1479 868 noverimus
1509 820 1724 879 mystica.

1188 921 1414 977 CAPUT
1468 919 1610 975 XXI.

611 1020 762 1077 Fidei
774 1018 1039 1073 catholica:
1050 1025 1094 1070 et
1110 1014 1354 1068 Ecclesia:
1368 1012 1631 1065 catholica:
1652 1009 1928 1079 appellatio
1945 1018 2185 1073 quantum

755 1089 1040 1143 Prudentio
1061 1086 1275 1155 aliisque
1308 1085 1527 1152 antiquis
1562 1082 1813 1149 Hispanis
1844 1080 2040 1131 debeat.

686 1204 842 1275 170
874 1202 995 1256 l9'l.
1020 1200 1176 1268 Saepe
1218 1195 1561 1259 Prudentius,
1592 1200 1924 1262 repugnante
1947 1190 2188 1259 quamvis

606 1306 809 1365 metro,
840 1290 1077 1345 catholici
1107 1303 1293 1342 vocem
1324 1288 1374 1339 in
1399 1287 1511 1339 suis
1532 1284 1858 1337 carminibus
1890 1281 2186 1348 uSnrpavit,

612 1400 715 1438 non
748 1384 834 1436 illa
865 1380 1135 1437 communi
1176 1377 1563 1447 signiﬁcatione
1599 1390 1699 1443 qua
1722 1374 2001 1426 catholicus
2035 1381 2190 1425 sonat

609 1474 967 1535 uniuersalem,
999 1469 1093 1525 sed
1134 1469 1234 1522 hac
1279 1468 1447 1534 magis
1488 1465 1703 1534 propria
1747 1477 1852 1532 qua
1895 1462 2188 1516 catholicus

609 1568 804 1622 dicitur
832 1566 923 1635 qui
943 1579 1047 1617 non
1075 1571 1157 1617 est
1200 1560 1503 1623 hzcreticus,
1536 1568 1590 1611 et
1623 1566 1777 1625 prout
1803 1557 1958 1608 abeo
1987 1555 2190 1608 discer-

611 1659 779 1713 nitur.
802 1657 857 1710 ln
884 1656 1088 1724 praefat.
1116 1652 1350 1707 omnium
1398 1666 1639 1720 operum,
1683 1664 1822 1703 vers.
1858 1649 1957 1701 ὅθι
1988 1646 2191 1717 Pugnet

611 1757 790 1803 contra
820 1748 1052 1807 Inrreses,
1073 1743 1376 1797 catholicam
1394 1742 1631 1794 discutiat
1663 1740 1834 1807 fiderit.
1874 1736 2179 1803 Peristcph.

613 1844 798 1913 hymn.
832 1842 919 1905 ll,
954 1854 1095 1892 vers.
1127 1836 1232 1889 24:
1268 1833 1482 1887 Munere
1509 1833 1727 1885 ditatum
1761 1828 2025 1883 catholica:
2063 1828 2183 1896 ﬁdei

614 1942 669 1986 ct
720 1930 878 2001 paulo
946 1938 1067 1999 post
1127 1924 1345 1994 exponit
1390 1923 1517 1993 quid
1593 1923 1662 1977 sit
1715 1918 1978 1974 catholica
2021 1918 2188 1983 ﬁdes,

617 2035 757 2077 vers.
782 2021 883 2075 50:

921 2086 1178 2136 Catholicis
1199 2084 1392 2133 reddite
1418 2096 1500 2131 vos
1527 2082 1728 2144 populis.

676 2150 781 2201 Una
806 2149 926 2199 fides
951 2150 1132 2208 vigeat,
1157 2150 1315 2207 prisco
1332 2159 1442 2207 qua:
1464 2140 1655 2193 condita
1677 2140 1976 2208 templohest,

737 2218 889 2271 Quam
915 2202 1090 2258 Pauvlus
1120 2202 1318 2267 retinet,
1339 2202 1581 2269 (tuamque
1604 2205 1832 2253 cathedra
1854 2203 1983 2252 l’etri
2009 2202 2101 2260 (a).

616 2317 814 2385 Apotlt.
844 2329 985 2370 vers.
1020 2312 1086 2368 Ξῖ
1115 2312 1194 2365 Ne
1243 2313 1356 2364 dira
1394 2310 1558 2365 relatu
1602 2309 1857 2379 Dogmata
1886 2306 2194 2360 catholicam

615 2409 865 2461 maculent
889 2403 1022 2457 male
1044 2402 1246 2473 prodita
1266 2402 1514 2471 linguam.
1548 2398 1705 2463 lbid.,
1732 2413 1871 2451 vers.
1903 2396 1999 2450 291
2028 2414 2040 2448 :
2069 2394 2194 2448 Ilcec

616 2512 671 2552 tu
699 2500 743 2554 si
780 2498 986 2552 dubitas
1032 2496 1138 2547 nati
1165 2494 1405 2564 mysteria
1433 2491 1642 2553 Christi,
1685 2488 1912 2553 Perdite,
1941 2486 2196 2539 catholica

618 2589 856 2642 nonesde
872 2586 1032 2656 plebe.
1050 2583 1335 2654 Psycliout.
1367 2596 1509 2635 vers.
1538 2580 1669 2634 107:
1701 2578 1965 2631 Catholica
1993 2577 2045 2629 in
2071 2585 2194 2629 tem-

619 2683 703 2749 plo
732 2679 889 2733 divini
914 2676 1067 2747 fontis
1104 2675 1171 2727 ad
1201 2690 1344 2727 aram
1369 2671 1659 2727 Consecrat.
1687 2669 1845 2723 Prtel'.
1886 2684 1902 2721 ι
1935 2667 1987 2720 in
2014 2667 2188 2736 S_\'m.,

618 2788 758 2829 vers.
792 2770 861 2827 59
886 2787 900 2824 :
925 2768 1237 2823 Catholicam
1262 2781 1505 2835 puppem.
1532 2762 1645 2816 Vox
1670 2761 1882 2832 quidem
1907 2760 2194 2813 catholicus

617 2881 647 2917 ει
681 2862 862 2933 primis
891 2861 1099 2917 stnculis
1147 2858 1399 2913 Ecclesia:
1429 2855 1671 2910 adhiberi
1712 2862 1798 2909 est
1836 2861 2010 2921 coepta
2053 2851 2192 2920 apud

622 2960 912 3019 lrenartttn,
955 2952 1288 3008 Clementem
1320 2945 1738 3005 Alexandrinum
1780 2945 2059 3010 aliosque;
2100 2941 2194 2996 sed

622 3050 763 3103 hanc
790 3045 1112 3117 peculiarem
1143 3040 1584 3110 signiﬁcationem
1631 3052 1731 3107 qua
1769 3035 2006 3091 haeretici
2045 3049 2073 3087 a
2106 3047 2195 3087 ca-

620 3136 937 3191 tholicorum
963 3147 1187 3189 numero
1210 3130 1584 3194 excluduntur,
1619 3128 1748 3183 nulli
1789 3134 1880 3180 aut
1911 3127 2058 3194 prius
2105 3133 2194 3176 aut

620 3227 882 3284 illustrius
907 3231 1308 3294 expresserunt.
1332 3236 1492 3289 quam
1526 3218 1744 3288 lliSpani
1774 3216 2085 3284 scriptores.

692 3319 817 3373 198.
846 3316 904 3372 In
924 3314 1155 3371 concilio
1194 3314 1522 3368 Eliberitano
1543 3326 1711 3365 canon
1743 3318 1825 3363 cst
1867 3308 1934 3363 16
1968 3326 1981 3362 :
2017 3307 2198 3361 licere-

620 3413 707 3466 tici
728 3413 772 3466 si
801 3426 853 3464 se
884 3412 1160 3478 transferre
1184 3406 1437 3460 noluerint
1471 3404 1537 3455 ad
1564 3401 1845 3457 Ecclesium
1869 3400 2195 3462 catholicam,

621 3520 715 3557 nee
735 3504 859 3572 ipsis
879 3501 1150 3554 catholicas
1171 3499 1368 3550 dandas
1394 3512 1501 3549 esse
1522 3494 1735 3564 puellas.
1769 3494 1843 3548 Ab
1872 3493 1971 3546 hoc
1996 3505 2199 3545 canone

622 3596 850 3663 reliqua,
880 3593 961 3645 vel
989 3589 1257 3659 generalia
1280 3588 1362 3641 vel
1393 3586 1761 3654 provincialia,
1786 3582 2014 3639 concilia
2044 3597 2196 3637 acce-

623 3687 784 3755 pisse,
816 3699 937 3753 qua:
984 3680 1292 3751 bujusmodi
1323 3678 1677 3733 matrimoniis
1718 3677 1919 3731 aditum
1970 3677 2199 3744 praeclu-

622 3786 828 3842 serunt,
862 3775 1062 3828 notavit
1088 3770 1457 3825 Ferdinandus
1486 3768 1735 3823 Mendoza
1767 3768 1855 3822 lib.
1898 3783 1934 3821 ιι
1963 3766 2029 3821 de
2054 3766 2197 3821 Con-

624 3866 994 3922 tirm.Concil.
1029 3864 1270 3919 Eliberit.
1322 3863 1581 3916 Pacianus
1629 3860 2038 3915 llarcinoneusis
2088 3860 2201 3927 epi-

623 3974 844 4028 scopus,
868 3958 1021 4028 cujus
1052 3956 1159 4011 lilio
1188 3956 1390 4009 Dextro
1414 3954 1471 4008 S.
1500 3954 1853 4024 Hieronymus
1872 3953 2024 4023 171
2042 3965 2196 4005 suum

622 4053 945 4121 scriptorum
1015 4047 1496 4105 ecclesiasticortun
1551 4046 1848 4115 calalogum
1906 4044 2196 4113 inscripsit,

621 4144 724 4199 sub
766 4141 1072 4197 Theodosio
1116 4138 1358 4208 principe
1396 4138 1577 4191 ultima
1617 4145 1892 4191 senectute
1937 4145 2197 4199 mortuus,

622 4236 871 4288 castitate
918 4239 973 4286 et
1002 4230 1326 4299 eloquentia,
1372 4236 1427 4282 et
1469 4238 1575 4282 tam
1608 4228 1714 4281 vita
1762 4242 1920 4296 quam
1952 4241 2200 4281 sermone

621 4325 802 4379 clarus
827 4338 857 4377 a
885 4322 945 4377 S.
973 4322 1299 4390 Hieronymo
1316 4319 1531 4373 dicitur.
1559 4319 1605 4372 Is
1632 4318 1909 4386 epistolam
1941 4315 2198 4372 adversus

622 4416 906 4487 quemdam
931 4414 1279 4468 Novatianum
1317 4412 1384 4466 de
1424 4411 1689 4464 catholico
1726 4410 1937 4463 nomine
1964 4411 2196 4476 scripsit,

2289 523 2455 561 nonne
2475 520 2751 575 cognomen
2781 521 2930 556 suum
2954 504 3091 572 plebs
3116 504 3395 570 apostolica
3415 502 3690 570 postulabat,
3717 520 3797 570 quo

2289 597 2569 662 incorrupti
2622 595 2798 664 pepuli
2830 596 3157 661 distingueret
3205 593 3444 644 unitatem
3463 592 3548 645 ?...
3582 590 3674 659 Ego
3700 592 3801 659 {crte

2291 692 2545 758 ingressus
2594 686 2894 753 populosam
2920 684 3093 737 urbem
3139 682 3310 746 hodie,
3340 697 3452 735 cum
3498 678 3800 740 Marcianum,

2290 797 2405 832 cum
2438 778 2867 847 Apollinariacos,
2911 776 3283 845 Cataphrygas,
3332 783 3379 826 et
3434 772 3731 826 Novatiauos.
3766 785 3801 825 ει

2283 881 2496 923 'crrteros
2521 869 2776 941 ejusmodi
2821 868 3194 936 comperissem,
3234 865 3321 932 qui
3350 880 3402 917 se
3428 861 3713 916 Christianos
3738 881 3802 915 vo-

2293 968 2486 1025 carent,
2533 976 2634 1029 quo
2684 960 2984 1026 cognomine
3038 957 3479 1025 congregationem
3532 970 3641 1005 metr
3680 955 3803 1021 pletis

2293 1052 2751 1122 agnoscerem,nisi
2787 1063 3079 1103 cuneum
3121 1049 3371 1099 diceretur
3396 1048 3419 1099 ?
3444 1045 3589 1100 Plura
3626 1048 3709 1097 alia
3734 1046 3804 1096 ael-

2294 1146 2371 1197 dit
2400 1144 2634 1212 egregia,
2664 1142 2758 1197 sed
2793 1142 2920 1195 illud
2951 1156 3055 1195 non
3092 1139 3441 1194 omittendum
3472 1136 3601 1205 quod
3628 1136 3671 1189 iu
3699 1138 3802 1188 titul-

2294 1242 2468 1287 tornm
2500 1234 2648 1286 libris
2703 1234 2963 1300 repetitur
3012 1248 3024 1283 :
3061 1230 3170 1284 Nec
3213 1239 3383 1281 tamen
3420 1236 3611 1288 asturs,
3656 1227 3805 1294 frater;

2291 1324 2646 1379 CHRISTIANUS
2672 1339 2786 1377 MIHI
2807 1336 2982 1377 Νοιιεκ
3011 1336 3125 1385 EST,
3157 1332 3481 1374 CATUOLICUS
3507 1331 3631 1370 VERO
3655 1332 3807 1369 εοςκίι-

2293 1432 2421 1470 tlmt.
2449 1414 2595 1468 Illud
2637 1430 2715 1468 me
2739 1421 3026 1480 nuncupat,
3060 1412 3197 1464 istud
3231 1411 3483 1471 ostendit;
3522 1408 3607 1458 hoc
3642 1406 3806 1473 probor,

2291 1508 2410 1560 inde
2436 1504 2715 1575 signiﬁcor.
2751 1503 2889 1557 Nihil
2920 1500 3087 1571 potuit
3112 1501 3213 1554 dici
3246 1496 3575 1553 lnculentius.

2365 1596 2488 1650 μή).
2520 1593 2739 1648 Codicis
2775 1590 3136 1647 Theodosiani
3178 1588 3367 1643 titulus
3414 1595 3495 1642 est
3524 1588 3570 1638 in
3598 1584 3678 1638 lib.
3707 1597 3807 1637 ut:

2297 1685 2371 1740 De
2394 1686 2497 1755 ﬁde
2523 1685 2793 1737 catholica.
2824 1681 3162 1737 Theodosius
3185 1688 3395 1746 noster,
3429 1676 3811 1747 prmclarissimus

2218 1789 2260 1847 Β
2292 1781 2597 1846 imperator,
2645 1778 2711 1830 ad
2763 1775 3013 1844 populum
3049 1772 3201 1827 urbis
3271 1768 3813 1833 Constatitinvpolitaiuc

2296 1870 2463 1935 legem
2492 1865 2781 1921 secundam
2814 1866 2929 1930 ejus
2961 1863 3099 1916 tituli
3144 1864 3166 1914 1
3200 1874 3343 1913 anno
3378 1858 3480 1912 580
3514 1857 3620 1909 tulit
3653 1858 3694 1907 in
3727 1855 3814 1907 hac

2296 1959 2455 2011 verba
2484 1954 2735 2010 :Cunctos
2759 1955 2997 2023 populos,
3030 1969 3153 2020 quos
3195 1950 3479 2004 clementia:
3523 1956 3687 2000 nostra:
3719 1948 3815 2013 regit

2297 2054 2773 2117 temperamentum,
2794 2045 2847 2098 in
2867 2044 2955 2098 tali
2974 2044 3207 2095 volumus
3229 2040 3473 2111 religione
3511 2037 3676 2091 versari
3697 2050 3815 2101 quant

2301 2140 2527 2191 divinum
2552 2136 2767 2191 Petrum
2795 2135 3088 2203 apostolum
3116 2132 3391 2187 tradidisse
3417 2129 3641 2184 Romanis
3678 2126 3820 2197 religio

2295 2248 2453 2301 usque
2476 2245 2609 2284 nunc
2628 2230 2692 2284 ab
2713 2230 2826 2297 ipso
2850 2229 3109 2283 insinuata
3137 2227 3383 2288 declarat,
3418 2236 3650 2288 quamque
3683 2218 3817 2286 ponti-

2296 2322 2439 2387 ﬁcem
2474 2320 2752 2373 Damasum
2786 2318 2925 2386 sequi
2966 2317 3146 2380 claret,
3188 2324 3238 2369 et
3290 2312 3497 2366 Petrum
3546 2312 3659 2363 Alex
3675 2309 3818 2359 mitra

2295 2412 2607 2479 episcOpum.
2640 2410 2800 2462 uirum
2826 2405 3125 2471 apostolicis
3157 2403 3481 2459 sanctitatis:
3510 2412 3559 2453 ut
3597 2400 3820 2453 secundum

2298 2500 2636 2569 apostolicam
2677 2499 2999 2565 disciplinam
3067 2497 3504 2566 evangelicamque
3551 2490 3819 2547 doctrinam,

2299 2589 2497 2656 Patris,
2528 2599 2575 2643 et
2600 2588 2753 2653 Filii,
2785 2598 2832 2642 et
2867 2587 3095 2657 Spiritus
3125 2587 3311 2647 sancti,
3340 2600 3493 2636 unam
3530 2582 3732 2634 deitatem
3753 2576 3823 2628 sub

2297 2680 2447 2749 parili
2482 2682 2745 2751 majestate
2785 2688 2833 2732 et
2868 2678 2959 2732 sub
2996 2679 3081 2745 pia
3120 2678 3349 2728 trinitate
3378 2673 3651 2727 credamus.
3700 2667 3817 2721 Hanc

2298 2775 2456 2843 legem
2492 2781 2753 2842 sequentes
2798 2784 3215 2826 ειιιιιδτιλκοιιυη
3264 2778 3656 2823 CATﬂOLlCOBUI
3685 2770 3821 2814 Νοιιιιι

2296 2878 2522 2918 sunmus
2554 2878 2811 2917 AMPLECTI
2834 2880 2845 2913 ε
2871 2862 3093 2928 reliquos
3120 2876 3236 2913 vero
3268 2860 3543 2917 dementes,
3574 2864 3825 2917 vesanosque

2288 2955 2603 3024 judicantes,
2634 2952 2859 3005 haeretici
2894 2951 3147 3022 dogmatis
3176 2950 3449 3018 infamiam
3478 2948 3725 3006 sustinere,
3755 2954 3825 2993 nrt:

2297 3043 2634 3097 conciliabula
2659 3058 2836 3096 eorum
2874 3042 3199 3096 ecclesiarum
3225 3055 3413 3092 nomen
3440 3038 3665 3107 accipere.
3684 3032 3819 3085 dit-ina

2300 3136 2516 3203 primum
2531 3135 2768 3197 vindicta,
2788 3145 2898 3204 post
2914 3136 3065 3187 etiam
3080 3142 3239 3185 motus
3253 3130 3438 3194 nostri,
3464 3143 3601 3194 quem
3611 3142 3667 3179 επ
3681 3122 3827 3176 calesti

2300 3229 2509 3283 arbitrio
2531 3229 2917 3298 sumpserimus,
2944 3225 3140 3279 ultione
3178 3224 3491 3292 plectendas.
3540 3218 3819 3275 Jttstiniautts

2302 3322 2439 3377 hanc
2473 3322 2646 3391 legem
2678 3320 2905 3389 primam
2939 3333 3058 3373 esse
3080 3317 3244 3371 voluit
3270 3317 3354 3371 sui
3379 3315 3595 3378 codicis,
3634 3324 3688 3363 ac
3722 3305 3825 3361 tituli

2302 3411 2493 3481 primi:
2524 3409 2602 3464 De
2628 3425 2826 3465 summa
2847 3408 3096 3462 Trinitate
3134 3422 3194 3459 ac
3222 3406 3327 3475 [ide
3364 3403 3629 3463 catholica,
3656 3399 3729 3453 ubi
3752 3394 3826 3450 etsi

2302 3506 2515 3557 nomina
2540 3504 2921 3570 imperatorum
2954 3499 3220 3565 Gratiani,
3251 3497 3602 3552 Valeo-iniam
3630 3505 3675 3548 et
3694 3491 3828 3543 Theo-

2300 3594 2435 3648 dosii
2461 3594 2878 3663 prtemittantur,
2916 3602 3094 3645 tamen
3122 3606 3151 3643 a
3189 3590 3309 3643 solo
3355 3588 3657 3643 Theodosio
3682 3583 3828 3649 Magno

2301 3685 2460 3739 latam
2489 3700 2606 3741 eam
2638 3684 2803 3738 fuisse
2854 3684 3025 3752 legem
3070 3690 3284 3735 constat
3328 3696 3396 3734 ex
3429 3679 3608 3733 codice
3629 3672 3828 3729 Theodo-

2300 3778 2453 3831 siano
2497 3788 2551 3831 et
2598 3775 2986 3830 commentario
3036 3772 3375 3828 Gothofredi.
3433 3770 3614 3825 Obiter
3639 3762 3831 3819 animati-

2302 3878 2474 3933 verto,
2507 3867 2886 3923 intolerantiam
2913 3866 3054 3920 illam
3091 3863 3441 3935 religionum,
3485 3876 3635 3930 quam
3660 3862 3831 3911 novato-

2303 3974 2388 4014 res
2417 3960 2580 4026 aliqui
2614 3967 2829 4020 vocant,
2862 3966 2915 4012 et
2955 3955 3165 4011 saeculis
3202 3954 3447 4009 barbaris
3494 3959 3662 4005 natam
3688 3942 3832 3999 clami-

2301 4059 2417 4105 tant
2440 4090 2455 4110 .
2479 4050 2546 4103 ab
2568 4049 2696 4120 ipsis
2719 4049 2904 4116 primis
2929 4047 3249 4103 Christianis
3281 4043 3683 4115 imperatoribus
3707 4037 3834 4091 fuisse

2300 4141 2491 4196 edictis
2514 4140 2845 4195 solemnibus
2880 4138 3211 4200 stabilitam;
3255 4152 3421 4205 quam
3462 4137 3548 4201 qui
3582 4145 3704 4186 nunc
3732 4123 3833 4180 tueri

2300 4234 2450 4297 velit,
2476 4232 2785 4285 auctoribus
2814 4247 2917 4283 non
2952 4230 3178 4287 levibus.
3211 4238 3267 4282 et
3299 4227 3449 4281 haud
3504 4226 3609 4277 scio
3649 4238 3706 4275 an
3739 4231 3834 4285 grs-

2300 4323 2533 4377 vissimis
2571 4324 2724 4393 172
2748 4321 2825 4376 uti
2860 4320 3076 4387 poterit.
3103 4320 3246 4373 bello
3268 4328 3324 4373 et
3349 4319 3548 4387 pietate
3572 4311 3832 4381 insignibus,

2299 4412 2669 4477 Constantino,
2702 4411 3027 4473 Theodosio,
3063 4409 3291 4477 aliisque
3326 4406 3561 4476 antiquis
3592 4406 3829 4469 imperato-

622 4506 691 4560 de
719 4520 827 4574 quo
850 4503 1068 4558 nomine
1114 4502 1392 4555 Novatiani
1431 4502 1847 4553 controversiam
1879 4500 2194 4553 excitarunt.
2223 4515 2277 4573 ι)
2304 4504 2475 4567 ribus;
2503 4517 2726 4570 quorum
2767 4502 2911 4570 leges
2962 4500 3219 4554 adversus
3268 4512 3529 4567 paganos,
3578 4492 3828 4549 ltatreticos,

624 4598 683 4654 Si
713 4597 921 4662 bonum,
946 4594 1150 4664 inquit,
1183 4610 1365 4646 nomen
1413 4602 1505 4657 est,
1539 4608 1640 4645 non
1686 4594 1865 4660 recip't
1913 4592 2120 4654 odium;
2154 4593 2199 4645 si

623 4689 837 4750 malum,
885 4696 1052 4743 caret.
1081 4686 1369 4738 invidia....
1405 4682 1507 4738 Sed
1541 4686 1630 4737 sub
1660 4685 1926 4751 apostolis,
1978 4686 2196 4751 inquies,

623 4792 769 4830 nemo
799 4775 1079 4829 catholicus
1106 4775 1397 4827 vocabatur.
1432 4771 1581 4837 Esto,
1627 4775 1699 4825 sic
1744 4775 1918 4842 fuerit,
1971 4776 2046 4828 uel
2070 4774 2198 4827 illud

699 4913 774 4980 (a)
801 4911 854 4964 In
885 4912 981 4964 hac
1012 4909 1132 4962 fidei
1161 4908 1439 4980 catholicre
1468 4905 1823 4970 descriptione
1865 4908 2195 4980 observanda

625 4978 717 5036 est
734 4978 979 5035 accurata
1010 4979 1260 5045 loquendi
1293 4978 1426 5031 ratio
1461 4993 1562 5044 qua
1597 4980 1759 5031 utitur
1792 4988 1941 5043 poeta
1992 4979 2199 5032 theolo-

624 5067 739 5116 gus.
766 5050 1015 5105 Nominat
1044 5050 1187 5101 enim
1209 5049 1424 5099 Paulum
1458 5057 1505 5100 et
1531 5047 1762 5109 Petrum,
1795 5048 1885 5101 sed
1919 5048 2017 5100 soli
2045 5047 2199 5101 Petro

625 5121 931 5176 cathedram
959 5118 1163 5173 tribuit.
1193 5118 1258 5170 Et
1282 5116 1478 5184 ubique
1500 5118 1578 5169 sui
1601 5117 1789 5169 similis
1814 5116 1864 5170 in
1887 5117 2193 5180 Laurentio,

628 5208 769 5246 vers.
800 5190 944 5245 460:
996 5190 1133 5242 Alter
1177 5196 1381 5255 vocator
1433 5188 1675 5255 gentium,
1716 5186 1857 5239 Alter
1903 5187 2197 5240 cathedram

630 5262 887 5322 itossidens
909 5260 1158 5323 Primam,
1176 5257 1392 5311 recludit
1406 5258 1626 5310 creditas
1645 5255 2192 5328 /Eternitatisjanuas.

630 5332 833 5385 Pariter
885 5330 938 5383 in
997 5330 1150 5397 praef.
1210 5329 1347 5398 Iih._t
1372 5336 1556 5398 centra
1588 5329 1765 5398 εγω..
1792 5344 1909 5394 qua:
1936 5338 2024 5398 est
2047 5328 2113 5380 de
2142 5329 2199 5382 S.

631 5405 793 5456 Paulo
821 5419 834 5455 :
872 5395 1086 5459 Paulus,
1117 5412 1283 5467 prtcco
1307 5395 1417 5457 Dei,
1441 5397 1527 5464 qui
1580 5395 1689 5466 [cra
1732 5400 1955 5466 gentium
1992 5395 2201 5450 Primus

626 5473 784 5525 corda
821 5485 966 5523 sacro
995 5473 1281 5538 prodomuit
1302 5469 1454 5535 stylo.
1487 5472 1554 5538 A_t
1583 5470 1650 5521 de
1695 5469 1751 5521 ὃ.
1785 5467 1940 5520 Petro
1970 5468 2019 5519 in
2053 5471 2199 5532 pra-f.

630 5542 721 5597 lib.
747 5557 780 5594 ιι
801 5558 816 5593 :
841 5536 1041 5600 Simon,
1064 5554 1210 5605 quem
1244 5539 1457 5590 vocitant
1500 5536 1731 5599 Petrum,
1774 5538 2019 5591 Summus
2051 5541 2204 5589 disci-

628 5613 783 5678 pulus
810 5610 924 5664 Dei.
962 5610 1015 5662 In
1050 5609 1490 5678 hoc_arguinento
1520 5611 1745 5671 erudite,
1796 5620 1851 5660 ut
1882 5610 2037 5664 solet.
2088 5623 2205 5660 vcr-

626 5676 773 5733 Satus
814 5689 897 5734 est
941 5680 1004 5731 ν.
1046 5680 1105 5729 C.
1154 5676 1471 5728 Frauciseus
1523 5677 1783 5730 Antonius
1832 5677 2121 5731 Zacharias
2152 5678 2203 5729 in

628 5750 845 5805 dissert.
878 5750 944 5806 dc
969 5749 1205 5805 l’rimatu
1236 5745 1290 5802 S.
1323 5744 1490 5811 Petri,
1523 5745 1725 5813 ltomu‘,
1764 5747 1917 5800 i776.

2303 4593 2539 4655 Judzcos,
2586 4600 2835 4647 constant
2879 4607 2944 4645 ex
3002 4589 3230 4644 Historia
3272 4587 3665 4649 ecclesiastica,
3708 4591 3753 4636 et
3785 4592 3831 4630 cs

2306 4686 2491 4739 codice
2522 4683 2895 4739 Theodosium
2927 4692 3037 4737 toto
3078 4682 3172 4737 lib.
3202 4696 3314 4744 xvr,
3370 4680 3566 4750 quibus
3596 4676 3703 4730 adii
3740 4685 3831 4739 pos-

2310 4784 2434 4828 sunt
2463 4776 2580 4828 alia:
2601 4789 2664 4829 ex
2694 4775 2878 4828 codice
2907 4772 3254 4827 Justinianzeo
3285 4766 3384 4834 (ω.
3410 4771 3527 4824 Alia
3550 4769 3729 4822 leviora
3755 4773 3831 4814 non

2380 4912 2454 4979 (lt)
2486 4912 2538 4964 In
2579 4910 2698 4965 eod.
2736 4911 2901 4964 .lust..
2948 4911 3050 4975 leg.
3079 4909 3137 4973 ἓ,
3173 4910 3251 4961 tit.
3288 4908 3340 4972 l,
3390 4921 3456 4959 ex
3511 4898 3837 4979 constitutione

2307 4967 2589 5035 Theodosii
2616 4982 2784 5050 Magni
2818 4999 2830 5034 :
2863 4967 3056 5033 Nullus
3086 4967 3337 5031 hiereticis
3359 4967 3838 5050 nigsteriorumlali-l

2309 5061 2408 5109 ter.
2444 5052 2534 5103 sed
2563 5035 2737 5103 minuus
2782 5051 2919 5103 bene
2966 5048 3376 5113 ministt‘riorum)
3419 5035 3591 5106 locus,
3634 5042 3755 5093 nulla
3792 5035 3840 5085 ad

2305 5122 2636 5173 exercendam
2665 5122 2821 5174 animi
2854 5120 3193 5172 obstinatioris
3217 5118 3523 5169 dementiam
3547 5120 3703 5181 pateat
3727 5122 3839 5181 occa.

2306 5192 2400 5242 sio.
2437 5191 2563 5255 ch.
2591 5192 2624 5245 5
2645 5190 2882 5258 ejusdem
2911 5189 2990 5241 tit.
3017 5188 3211 5256 scripta
3265 5176 3679 5258 limreticor'um,‘
3707 5176 3839 5254 nomi-

2309 5261 2473 5313 natim
2508 5245 2735 5314 Nestorii
2766 5260 3007 5313 comburi
3034 5245 3250 5326 jubetur
3281 5275 3292 5308 :
3341 5256 3439 5309 llis
3467 5257 3554 5321 qui
3594 5252 3707 5326 talia
3729 5245 3839 5326 scri-

2276 5384 2287 5391 ,
2308 5342 2421 5398 pta,
2454 5341 2541 5383 aut
2566 5332 2718 5384 libras
2748 5330 2951 5391 habere,
2980 5319 3067 5380 aut
3095 5330 3259 5397 legere
3280 5319 3636 5398 sustinuerint,
3656 5319 3844 5398 ultimum

2308 5390 2614 5470 supplicium
2644 5390 2949 5470 experturis.
3004 5390 3207 5461 Lib.'t,
3238 5400 3315 5461 lit,
3352 5396 3478 5470 5d-
3521 5390 3770 5469 llzrreicis
3806 5394 3845 5435 et

2310 5461 2639 5530 ΜςίίιίεΙιιιξίε,
2669 5461 2769 5538 leg.
2793 5470 2826 5521 2
2844 5486 2857 5521 :
2876 5468 3248 5521 lltrreticorum
3274 5465 3516 5517 rorabulo
3541 5461 3843 5538 continentur.

2311 5549 2356 5590 et
2385 5542 2501 5592 latis
2523 5525 2762 5593 advertitis
2800 5555 2883 5591 eos
2924 5539 3270 5590 saneionibus
3317 5533 3641 5587 succumbere
3677 5525 3845 5579 debent.

2310 5610 2394 5675 qui
2424 5611 2497 5662 rel
2520 5612 2614 5662 ttvi
2642 5618 2941 5677 argumento
2964 5624 2995 5659 a
3020 5608 3218 5676 judicio
3241 5606 3509 5677 catholica:
3538 5598 3846 5677 religionis_.el

2312 5666 2509 5731 t'ramite
2538 5666 2725 5731 detecti,
2744 5681 2928 5748 fuerint
2972 5666 3190 5730 deriare.
3239 5676 3364 5748 Leg.
3414 5674 3447 5727 5
3496 5666 3653 5724 sectze
3697 5666 3847 5729 vigili”

2320 5764 2508 5803 novem
2561 5744 2956 5814 lucreticorum,
3014 5763 3131 5815 qua:
3208 5744 3483 5815 'sigillatim
3523 5745 3832 5795 recensentur
