3998 6182
187 373 261 426 rat
982 346 987 349 ‘
1500 358 1690 413 PROLI

1797 326 2027 412 )uENi.

3276 365 3378 403 τι»

3285 387 3380 419 ll:

188 482 480 541 mnscttabor
520 494 532 528 :
571 474 686 529 lucc
712 490 828 545 qua:
864 475 1169 544 deprompsi
1212 474 1420 529 abunde
1473 476 1699 543 probam
1730 477 1774 532 Α
1808 471 2025 526 Barthio
2055 470 2330 539 allegatus.
2356 470 2411 526 Si
2440 472 2523 526 cui
2553 480 2726 528 tamen
2750 472 2948 529 Barlbii
2977 474 3108 530 ﬁdes
3138 476 3188 530 in
3214 494 3380 532 mem-

179 580 274 645 jure
294 570 555 636 meritoque
582 566 730 635 regis,
766 567 1004 636 regnique
1033 565 1271 635 catholici
1295 566 1502 619 titulum
1536 565 1697 618 fuisse

188 661 394 729 ll‘spanis
414 658 736 721 attributum,
760 671 879 710 cum
904 672 1012 722 prae
1040 657 1247 709 cmteris
1275 656 1541 724 egregiam
1575 655 1696 708 lidei

183 768 223 808 et
249 750 471 806 Ecclesia:
494 745 766 799 catholica:
792 745 1206 813 appellationem
1239 745 1529 814 antiquitus
1562 737 1686 797 illu-

184 841 451 899 straverint;
494 845 544 890 ut
574 836 704 889 nihil
730 850 868 889 nunc
891 835 1084 899 dicam,
1110 834 1440 889 Recaredum
1469 848 1496 886 a
1526 833 1699 888 conci-

183 937 239 989 lio
263 933 492 987 Toletano
513 944 563 982 Ill
591 927 755 982 fuisse
780 943 947 996 regem
988 927 1295 979 catholicum
1322 926 1694 989 acclamatum,

180 1024 384 1092 quodque
415 1021 572 1088 magis
601 1018 666 1071 ad
691 1032 802 1072 rem
827 1018 1056 1086 pertinet
1099 1018 1150 1071 in
1185 1017 1435 1087 Hispania
1466 1015 1698 1070 maxime

178 1114 344 1167 bellum
372 1121 672 1180 perpetuum
703 1124 824 1162 esse
847 1108 1037 1161 bzeresi
1068 1108 1345 1162 indictum.
1390 1107 1571 1176 Neque
1598 1106 1696 1160 im-

177 1207 332 1257 merito
359 1201 665 1255 Prudentius
692 1208 894 1264 noster,
917 1198 1005 1265 qui
1046 1198 1169 1253 huic
1196 1197 1541 1266 disputationi
1571 1184 1696 1251 (ian-

175 1310 263 1346 sam
286 1291 474 1353 obtulit,
501 1307 528 1343 a
559 1290 951 1357 Cltristophoro
982 1290 1201 1342 Brnwer
1227 1288 1279 1341 in
1315 1289 1456 1340 nmis
1502 1286 1568 1340 ad
1598 1286 1695 1342 Ve-

178 1385 314 1438 nantii
338 1384 419 1437 lib.
449 1398 496 1445 ν,
524 1397 641 1450 pag.
676 1381 798 1445 Hi,
830 1379 1129 1447 appellatur
1150 1380 1459 1432 castissimus
1490 1387 1535 1429 et
1582 1393 1694 1431 vere

171 1488 444 1530 CtTﬂOilCUS
468 1473 683 1525 Cumsrt
719 1486 909 1523 vines.

712 1558 940 1613 CAPUT
965 1556 1129 1611 XXII.

280 1652 393 1704 Dure
415 1652 636 1720 insignes
665 1650 987 1717 trajectiones
1014 1647 1342 1716 quorumdam
1375 1662 1603 1699 versuum

439 1720 709 1772 Prudentii
731 1735 784 1771 tn
809 1734 1018 1772 examen
1054 1728 1371 1771 revocantur.

1802 563 1986 618 branis
2009 564 2237 617 citandis
2268 563 2407 617 ﬂuxa
2435 564 2674 620 videatur
2700 566 2788 635 (de
2813 581 2917 637 quo
2948 568 3067 623 vlde
3092 585 3237 624 num.
3257 571 3379 640 9i),

1803 654 2146 708 nihilominus
2178 653 2419 720 prudenti
2472 655 2701 709 hominis
2732 656 2873 711 docti
2902 658 3209 724 conjectura
3250 660 3376 714 lice-

1799 744 1877 799 bt
1917 746 2306 800 restitutionem
2355 749 2639 802 suSIinere.
2693 746 2808 803 Non
2858 750 3160 818 negaverim
3199 752 3378 819 aliquo

1801 834 2083 889 commodo
2121 850 2282 889 sensu
2316 836 2597 891 lectionem
2652 847 2887 892 veterem
2934 854 3089 907 posse
3118 841 3371 909 retineri,

1801 937 1959 990 quam
1982 922 2096 992 ipse
2123 940 2334 993 quoque
2378 936 2592 995 propter
2622 926 2779 981 codd.
2823 935 2953 980 vett.
3003 931 3370 985 auctoritatem

1802 1030 2029 1082 sequar:
2072 1016 2163 1069 scd
2196 1026 2342 1071 certe
2389 1017 2629 1072 versibus
2667 1033 2730 1072 ex
2775 1018 2977 1074 Barthii
3027 1019 3256 1084 scheda,
3289 1022 3370 1075 vel

1800 1106 2049 1172 Opinione
2080 1106 2338 1160 restitutis
2369 1109 2745 1176 congruentior
2785 1109 3070 1175 explicatio
3102 1111 3246 1164 reddi
3281 1127 3373 1180 po-

1801 1195 1925 1249 terit
1952 1235 1967 1258 ,
2011 1210 2167 1261 quam
2197 1196 2266 1248 sit
2306 1199 2675 1264 interpretatio
2707 1198 3047 1253 Cbamillardi
3078 1219 3088 1252 :
3117 1200 3203 1253 Ita
3251 1204 3372 1255 olim

1804 1286 1937 1340 Deus
1966 1297 2118 1339 noctu
2148 1285 2291 1353 ignea
2322 1288 2555 1340 columna
2576 1329 2587 1348 ,
2623 1292 2771 1359 cujus
2813 1290 3006 1342 candor
3049 1292 3263 1345 eximius
3289 1294 3373 1358 fu-

1798 1381 1949 1450 gabat
1978 1381 2226 1443 tenebras,
2270 1379 2537 1439 Israelitis,
2566 1380 2715 1432 claris
2742 1380 3147 1448 patriarcharum
3179 1383 3372 1450 nepoti-

1797 1474 1889 1524 bus
1908 1510 1923 1535 ,
1948 1473 2078 1524 viam
2108 1471 2536 1524 commonstravit.
2580 1470 2782 1523 Eulalia
2824 1472 3006 1539 igitur,
3032 1472 3155 1524 dum
3202 1473 3373 1526 media

1798 1574 1942 1616 nocte
1980 1564 2074 1616 iter
2103 1564 2258 1630 facit,
2301 1572 2357 1615 ut
2394 1579 2456 1616 ea:
2500 1564 2593 1615 hoc
2624 1562 2815 1619 mttndo
2839 1572 2982 1616 exeat
3021 1573 3249 1633 pt-totque
3278 1582 3371 1618 co:-

1803 1656 1931 1723 lum,
1966 1657 2107 1709 clara
2136 1656 2294 1709 veluti
2325 1656 2425 1709 diei
2470 1656 2579 1707 luce
2616 1656 2948 1718 convestitur,
2976 1655 3199 1725 nihilque
3242 1658 3373 1709 videt

1800 1752 2019 1807 tenebris
2041 1752 2341 1823 nigrescere.
2384 1750 2581 1803 Versus
2610 1758 2816 1814 autem,
2850 1746 2917 1800 Et
2936 1764 3086 1818 super
3104 1760 3241 1801 astra
3271 1766 3370 1815 pa-

220 1832 326 1886 200.
348 1829 490 1898 Smpe
518 1827 737 1890 accidit,
761 1836 820 1881 ut
850 1826 1187 1881 librariorum
1218 1826 1418 1881 incuria
1454 1826 1507 1881 in
1533 1818 1685 1882 codi-

1797 1853 1927 1898 roret
1952 1818 2485 1911 iter,'ittlelligcndus
2506 1854 2631 1895 esse
2672 1841 2879 1894 videtur
2907 1839 2973 1895 de
3011 1840 3202 1895 itinere
3228 1841 3368 1911 quod

165 1922 290 1976 cilius
319 1921 647 1989 trajectiones
680 1919 963 1973 verborum
995 1928 1049 1971 et
1075 1932 1322 1972 versuum
1354 1918 1687 1989 irrepseiint,

164 2026 272 2077 quas
292 2010 446 2064 critici
473 2009 649 2064 solent
676 2023 780 2062 non
804 2008 919 2062 sine
945 2008 1120 2078 aliqua
1170 2008 1401 2063 utilitate
1445 2010 1688 2064 animad-

162 2109 364 2167 vertere,
417 2104 468 2151 ct
530 2097 735 2167 singula
806 2098 966 2153 verba
1029 2098 1141 2152 suis
1195 2097 1324 2152 locis
1384 2098 1686 2154 restituere.

165 2190 387 2258 Exempla
416 2191 464 2244 in
496 2190 790 2245 Prudentio
820 2190 927 2243 duo
951 2204 1140 2259 ponam
1182 2190 1431 2255 illustria,
1462 2192 1687 2246 alterum

158 2299 211 2336 ex
251 2286 567 2339 correctione
618 2283 842 2347 Bartbii,
874 2284 1101 2338 alterum
1152 2298 1214 2338 ex
1269 2284 1574 2353 conjectura
1615 2285 1685 2340 cl.

159 2374 243 2426 Viti
286 2375 451 2427 Maria:
499 2374 864 2429 Giovenazzii.
928 2374 1179 2429 Barthius
1224 2375 1319 2429 lib.
1370 2391 1420 2439 v,
1462 2390 1581 2445 cap.
1621 2376 1683 2431 21

157 2465 373 2534 t‘idvers.,
413 2480 476 2519 ex
517 2465 719 2520 scheda
768 2467 1172 2520 membranacea
1223 2481 1327 2522 ms.
1377 2468 1428 2520 in
1466 2468 1688 2522 Eulaliae

159 2556 380 2611 l‘assione
417 2567 587 2622 notat,
628 2573 656 2611 a
704 2572 861 2613 versu
893 2558 963 2613 56
1011 2559 1346 2614 manifestam
1379 2574 1500 2614 esse
1532 2560 1688 2629 traje-

151 2648 349 2702 ctionem
379 2649 607 2704 duorum
640 2665 913 2715 versuum,
942 2668 1113 2717 quam,
1146 2652 1337 2720 inquit,
1369 2670 1485 2705 cum
1522 2654 1682 2707 carri.

152 2740 332 2803 gendum
357 2740 469 2793 huic
496 2742 702 2795 scheda:
739 2742 1027 2810 debeamus,
1062 2743 1212 2813 173
1243 2744 1319 2797 vel
1346 2745 1455 2798 sola
1493 2760 1551 2797 ea
1597 2760 1689 2814 ape

151 2832 319 2896 meruit,
345 2843 394 2885 ut
416 2837 527 2901 eius
568 2835 708 2887 ratio
751 2836 1017 2887 habeatur.
1076 2835 1131 2888 In
1169 2836 1415 2891 omnibus
1445 2837 1602 2892 editis
1636 2847 1689 2890 et

150 2938 259 2978 mss.
286 2924 431 2978 codd.
480 2940 619 2991 quos
648 2939 748 2994 ego
792 2926 1003 2991 quidem
1048 2927 1259 2981 excussi
1290 2935 1343 2981 et
1384 2926 1473 2980 alii
1526 2930 1687 2981 inter-

152 3025 304 3077 pretes
332 3014 595 3078 viderunt,
631 3016 699 3069 ita
725 3016 969 3085 leguntur
998 3016 1069 3068 illi
1124 3031 1312 3071 versus
1352 3033 1365 3070 :
1398 3018 1487 3071 Sic
1511 3017 1685 3070 habuit

147 3121 352 3169 grnerosa
379 3115 588 3177 patrum
617 3106 786 3160 Turba
816 3108 1203 3175 columniferum
1242 3108 1442 3161 radium
1468 3124 1487 3162 :
1530 3108 1684 3163 Scin-

147 3194 244 3247 dere
275 3197 354 3264 qui
393 3197 662 3251 tenebrosa
715 3208 891 3266 potens
930 3197 1093 3251 Nocte
1118 3199 1249 3250 viam
1272 3199 1385 3268 face
1419 3198 1681 3268 perspicua
1709 3179 1755 3242 Β

147 3285 380 3354 Pro-stitit,
411 3293 700 3343 intereunte
732 3290 880 3343 chao.
942 3289 1059 3342 Non
1088 3290 1236 3344 aliter
1265 3290 1351 3360 pia
1385 3290 1524 3359 virgo
1552 3291 1683 3342 viam

146 3376 283 3431 Nocte
307 3390 469 3432 secuta
497 3382 640 3434 diem
671 3381 872 3446 meruit,
896 3379 1005 3435 Nec
1034 3381 1246 3434 tenebris
1282 3381 1524 3451 adoperta
1563 3381 1683 3449 fuit,

144 3466 291 3535 liegna
312 3467 568 3539 CanOpica
607 3486 717 3522 cum
748 3471 961 3540 fugeret,
1012 3469 1080 3523 Et
1124 3488 1276 3541 super
1303 3482 1441 3525 astra
1482 3480 1684 3538 pararet

145 3557 239 3623 iter,
259 3558 353 3613 Illa
378 3564 545 3633 gradu
580 3564 686 3614 cita
712 3564 965 3635 pervigili,
996 3563 1046 3615 Μ
1055 3564 1163 3617 illia
1186 3566 1345 3618 multa
1371 3566 1513 3633 prius
1532 3581 1676 3633 pera-

140 3649 213 3712 git,
237 3650 387 3715 Quam
415 3656 569 3723 plaga
592 3652 913 3722 pandatan
934 3656 1127 3725 polum,
1144 3665 1247 3710 etc.
1271 3655 1551 3710 Restitutio
1576 3669 1681 3711 meo

140 3740 381 3794 morabilis
407 3758 469 3797 ex
506 3743 713 3798 Barthii
763 3745 958 3799 scheda
1003 3750 1117 3800 haec
1148 3754 1266 3800 est:
1308 3745 1571 3812 Praestitit,
1599 3747 1681 3798 in-

136 3839 331 3885 tereunte
347 3834 496 3898 chao,
528 3834 645 3887 Nec
675 3836 884 3888 tenebris
906 3836 1149 3904 adoperta
1199 3836 1317 3905 fuit,
1366 3835 1543 3908 Regna
1587 3836 1687 3889 Ca-

136 3922 292 3983 napira
319 3940 429 3976 cum
458 3926 683 3997 fugeret,
722 3925 787 3978 Et
807 3942 957 3996 super
997 3936 1135 3979 astra
1157 3937 1361 3994 pararet
1397 3928 1510 3980 iter.
1562 3927 1685 3979 Non

131 4008 258 4061 aliter
281 4013 361 4080 pia
399 4015 544 4083 virgo
568 4015 704 4067 viam
737 4014 899 4068 Nocte
937 4026 1107 4069 secuta
1154 4017 1289 4071 diem
1328 4017 1525 4070 meruit.
1581 4014 1687 4068 Illa

133 4100 275 4165 gradu
302 4103 398 4154 cita
428 4106 694 4175 pervigili,
731 4114 835 4160 etc.
893 4107 979 4159 Ait
1025 4108 1267 4163 Barthius
1307 4109 1530 4161 duorum
1563 4123 1686 4160 vcr—

130 4202 262 4243 suum
296 4196 768 4262 transpositioiiem
795 4199 1063 4265 peperisse
1095 4198 1482 4263 difficultatem,
1517 4208 1687 4252 trans-

134 4279 357 4335 lationem
385 4300 516 4338 vero
548 4285 770 4355 [Egypti
793 4302 1086 4357 congruere
1125 4288 1260 4358 l'ogte
1308 4289 1517 4356 puellae,
1565 4304 1685 4342 nam

131 4388 211 4437 per
237 4373 520 4445 Egyptttm
553 4380 800 4448 plerique
829 4379 1118 4434 Christiani
1176 4382 1421 4436 tenebras
1477 4381 1689 4436 intelli-

133 4479 259 4530 Eunt,
294 4479 348 4523 ιιι
377 4469 737 4537 Gaudentius,
774 4480 927 4526 tract.
964 4472 985 4525 Ι
1021 4481 1075 4527 et
1101 4472 1155 4526 2.

1795 1944 1952 1991 noctu
1984 1935 2212 2003 populus
2237 1934 2559 1988 lsraeliticus
2589 1932 2871 2000 peragi-bat
2908 1931 3009 2001 (α).

1863 2025 1986 2081 202.
2018 2026 2169 2081 Alter
2196 2026 2346 2080 locus
2375 2032 2478 2088 est,
2500 2039 2654 2092 quem
2696 2024 3022 2091 trajectionis
3059 2023 3191 2077 vitio
3217 2023 3367 2079 labo-

1792 2130 1914 2170 rare
1942 2114 2156 2183 conjicit
2180 2112 2335 2183 174
2357 2114 2428 2168 cl.
2456 2112 2861 2177 Giovenazzius,
2886 2113 2936 2166 in
2968 2112 3218 2166 Passioue
3234 2112 3365 2168 Vin-

1791 2206 1976 2271 centii,
2010 2220 2149 2260 vers.
2181 2207 2249 2259 37
2274 2214 2327 2259 et
2355 2219 2471 2273 seq.
2497 2222 2508 2256 :
2542 2203 2652 2257 Nos
2685 2205 2811 2258 lucis
2846 2214 3100 2258 auctorem
3130 2203 3357 2270 Patrem,

1794 2296 2020 2366 Ejusque
2045 2296 2305 2350 Christum
2337 2293 2552 2359 Filium,
2600 2294 2699 2359 Qui
2736 2298 2874 2348 solus
2901 2312 2961 2349 ac
3008 2311 3151 2349 verus
3181 2294 3317 2350 Deus
3341 2337 3357 2361 ,

1798 2387 2035 2450 Datiane,
2052 2387 2422 2455 conﬁtebimur.
2456 2385 2613 2440 Putat
2642 2384 3020 2440 Giovenazzius
3047 2386 3356 2456 legendum,

1793 2475 1907 2531 Nos
1928 2475 2056 2530 lucis
2076 2486 2334 2529 auctorem
2368 2475 2599 2535 Patrem,
2631 2475 2733 2541 Qui
2763 2475 2904 2528 solus
2933 2492 2994 2529 ac
3016 2486 3157 2530 verus
3198 2476 3357 2542 Deus,

1791 2566 2019 2637 Ejusque
2041 2565 2300 2621 Christum
2318 2564 2538 2629 Filium,
2559 2563 2797 2629 Datiane,
2818 2566 3186 2633 conﬁtebimur,
3210 2566 3359 2635 cujus

1791 2661 1953 2712 verba
1979 2673 2045 2713 ex
2091 2672 2195 2711 ms.
2239 2659 2623 2712 commentario
2670 2658 2720 2709 in
2764 2656 3015 2725 hymnum
3040 2655 3102 2710 S.
3140 2656 3358 2719 llilarii,

1792 2748 2055 2819 Ilgmnum
2095 2749 2231 2801 dicat
2277 2749 2421 2801 turba
2461 2752 2699 2816 fratrum,
2742 2747 2843 2802 boc
2874 2748 2991 2800 loco
3021 2748 3316 2802 inseretem
3340 2789 3354 2809 ,

1790 2840 1891 2892 nisi
1917 2838 2457 2905 ipseintercessisset.
2489 2838 2740 2891 Rationes
2770 2837 2961 2892 multas
2988 2838 3142 2892 ati'ert
3170 2853 3233 2891 ex
3265 2853 3356 2890 an-

1792 2930 2030 2997 tiquitate
2056 2929 2268 2997 petitas.
2300 2928 2411 2980 Duo
2446 2936 2621 2980 tamen
2651 2928 2941 2980 admonere
2985 2926 3190 2995 juvabit
3219 2945 3232 2979 :
3272 2928 3356 2981 al-

1791 3031 1985 3088 terum,
2016 3034 2174 3088 posse
2214 3019 2427 3087 quidem
2462 3019 2557 3070 hos
2586 3032 2769 3073 versus
2800 3016 3089 3082 Prudentii,
3126 3024 3280 3084 prout
3304 3018 3358 3072 in

1790 3111 1938 3165 libris
1963 3111 2116 3164 editis
2137 3120 2192 3164 et
2235 3124 2362 3163 mss.
2404 3110 2648 3178 leguntur
2676 3112 2763 3180 (et
2794 3125 2820 3162 a
2869 3110 3023 3164 nobis
3040 3110 3253 3178 quidem
3282 3110 3355 3164 le-

1788 3213 2000 3270 gentur,
2033 3217 2097 3254 ne
2125 3217 2153 3255 a
2185 3209 2361 3253 nostra
2392 3196 2571 3268 iegula
2603 3197 2959 3269 recedimus),
3009 3201 3074 3254 ad
3105 3200 3355 3256 divinita-

1791 3304 1894 3346 tem
1944 3292 2065 3347 Iesu
2095 3289 2293 3345 Christi
2324 3291 2771 3359 eomprobandam
2821 3291 3085 3359 produci:
3134 3291 3225 3345 sed
3280 3302 3356 3345 tot

1788 3383 2001 3436 aliunde
2042 3396 2162 3437 esse
2196 3383 2247 3434 in
2292 3380 2583 3435 Prudentia
2612 3381 2766 3449 hujus
2813 3381 3052 3436 veritatis
3079 3381 3356 3436 catholica:

1788 3476 2080 3531 clarissima
2104 3485 2439 3544 argumenta,
2472 3484 2528 3528 ut
2550 3474 2767 3528 minime
2804 3484 2945 3528 esset
2964 3474 3251 3528 dolendum
3274 3513 3288 3535 ,
3311 3475 3356 3528 si

1788 3583 1975 3623 versus
2004 3568 2077 3621 illi
2109 3568 2260 3621 aliter
2291 3567 2517 3637 ordinati
2548 3567 2599 3620 in
2627 3568 2846 3636 hujusce
2883 3569 2957 3621 rei
2996 3567 3357 3622 confirmatio-

1787 3674 1909 3713 nem
1941 3656 2116 3710 aﬂ-rri
2149 3657 2376 3724 amplius
2420 3672 2526 3711 non
2570 3667 2805 3724 possent.
2829 3658 3196 3724 Prmterquam
3216 3655 3354 3724 quod

1790 3757 1935 3806 recte
1981 3747 2369 3803 Giovenazzius
2412 3747 2615 3817 arguit,
2658 3762 2722 3801 ex
2776 3747 2875 3802 hoc
2926 3747 3041 3800 solo
3082 3746 3354 3801 Prudentii

1793 3855 1968 3904 versu,
2005 3837 2232 3909 Ejusque
2264 3837 2520 3889 Christum
2554 3834 2766 3899 Filium,
2809 3851 2913 3889 non
2939 3836 3110 3891 solum
3140 3846 3354 3890 senten-

1790 3932 1882 3992 tia,
1906 3930 2000 3983 sed
2034 3944 2112 3982 vei
2128 3929 2195 3980 bo
2221 3928 2377 3980 etiam
2402 3926 2731 3980 divinitatem
2764 3925 2957 3979 Christi
2980 3926 3310 3993 comprobari
3337 3942 3349 3976 :

1788 4036 1908 4075 nam
1931 4032 2089 4073 verus
2112 4018 2275 4071 Filius
2306 4017 2419 4085 Dei,
2451 4030 2669 4070 necesse
2694 4025 2777 4070 est
2806 4016 2876 4068 sit
2903 4015 3059 4069 Deus.
3088 4015 3350 4081 Alterum,

1789 4126 1895 4165 non
1934 4124 2054 4163 esse
2095 4105 2387 4161 mirandum
2421 4107 2464 4158 si
2512 4106 2565 4158 in
2604 4104 2873 4158 Prudentii
2901 4103 3226 4158 carminibus
3258 4113 3353 4157 tra-

1784 4203 1949 4271 jectio
1972 4201 2146 4269 aliqua
2169 4199 2339 4252 minus
2364 4211 2662 4267 congruens
2690 4195 3147 4250 consentientibus
3173 4196 3350 4249 omni-

1789 4294 1889 4347 bus
1915 4305 2047 4360 quos
2091 4290 2343 4342 hactenus
2370 4288 2547 4341 videre
2577 4285 2723 4339 licuit
2764 4285 3035 4340 codicibus
3075 4300 3205 4339 mss.
3241 4284 3355 4337 lue-

1791 4385 1853 4436 rit
1880 4385 2084 4436 inveeta
2104 4421 2117 4446 ,
2141 4380 2291 4447 cujus
2311 4380 2492 4432 vitium
2521 4378 2744 4431 lortasse
2759 4377 3040 4445 aliquando
3059 4376 3355 4444 detegetur.

1794 4474 1848 4527 In
1898 4473 2092 4539 Apotb.
2142 4484 2284 4523 vers.
2325 4468 2472 4521 218:
2524 4467 2776 4535 Perquam
2821 4467 3091 4518 ridiculum
3145 4465 3355 4534 dicam,

189 4557 304 4611 201.
328 4558 541 4614 Nemini
590 4560 784 4615 mirum
826 4562 991 4615 videri
1026 4564 1210 4627 debet,
1239 4563 1535 4632 hujnsmodi
1586 4573 1688 4619 tra-
1720 4536 1771 4595 υ
1796 4572 1985 4633 quanta
2002 4559 2350 4614 consensione
2365 4558 2595 4609 omnium
2611 4555 2966 4618 editorum,et
2984 4555 3100 4623 plur
3123 4571 3207 4608 um
3227 4569 3356 4610 mss.

131 4644 363 4708 jectiones
419 4652 723 4720 contigisse
766 4652 819 4704 in
873 4653 1118 4706 omnibus
1159 4661 1251 4706 aut
1292 4656 1400 4707 fere
1443 4655 1691 4709 munibus

130 4741 533 4809 exemplaribus.
594 4743 832 4810 Scaliger
873 4746 923 4796 in
976 4744 1280 4811 prmlatione
1310 4745 1588 4798 Maniliana
1624 4747 1691 4799 ad

132 4832 318 4885 tertiam
365 4835 670 4888 editionem
711 4835 1004 4888 carminum
1038 4835 1233 4889 Manilii
1275 4836 1503 4888 advertit
1538 4836 1693 4889 innu-

127 4934 252 4972 tnera
294 4924 515 4990 menda,
562 4923 1039 4991 trajectionem-pte
1072 4940 1178 4977 non
1208 4925 1377 4977 solum
1401 4925 1576 4989 unius,
1601 4926 1691 4978 sed

125 5016 171 5059 ct
193 5011 542 5077 plurimorum
570 5027 817 5067 versuum
843 5014 892 5065 in
922 5012 1156 5066 Manilio.
1185 5014 1434 5067 Barthius
1457 5014 1569 5082 ipse
1599 5014 1689 5068 lib.

127 5122 186 5166 vi.
218 5124 331 5175 cap.
363 5110 457 5174 28,
510 5110 565 5161 in
602 5122 765 5176 opere
805 5107 1063 5161 Chalcidii
1096 5107 1280 5159 vitium
1332 5108 1654 5175 trajeCtiouis
1676 5147 1693 5172 ,

124 5200 372 5252 iuh-rdum
397 5198 764 5267 corrigendm,
783 5198 1104 5259 observavit,
1130 5206 1185 5248 ut
1210 5198 1342 5249 alios
1365 5205 1692 5264 praeteream.

121 5288 171 5343 ln
217 5307 273 5346 re
324 5300 514 5348 nostra
572 5290 961 5346 restitutionem
1011 5288 1271 5357 approbat
1315 5286 1482 5340 codex
1528 5301 1629 5341 ms.
1665 5302 1693 5339 a

120 5482 367 5537 nusquam
420 5467 477 5520 in
535 5465 837 5537 Romanum
894 5460 1379 5537 locum‘convenire
1405 5469 1459 5516 et
1495 5463 1688 5537 morari

122 5532 496 5602 permittuntur
516 5553 531 5599 ;
560 5532 619 5586 Μ
624 5534 861 5587 anichaais
879 5538 1027 5586 etiam
1049 5534 1111 5585 de
1131 5532 1416 5584 civitatibus
1430 5532 1694 5602 pellendis,

118 5601 155 5656 et
178 5610 355 5658 ultimo
382 5603 655 5673 supplicio
677 5605 956 5665 tradendis,
979 5603 1217 5670 quoniam
1251 5602 1335 5673 his
1375 5602 1506 5653 nihil
1544 5601 1698 5673 relin-

116 5679 368 5739 qttettdtlm
410 5671 519 5730 luci
544 5683 641 5736 est,
667 5674 717 5726 in
753 5690 851 5742 quo
882 5675 1005 5742 ipsis
1035 5673 1184 5726 etiam
1213 5671 1473 5726 elementis
1512 5673 1599 5740 ﬁat
1624 5672 1703 5724 in-

118 5748 266 5803 itaut.

1801 4655 1885 4708 hic
1914 4667 2100 4706 versus
2120 4659 2243 4703 ante
2285 4648 2554 4702 lleiusium
2599 4646 2758 4701 fuerit
2792 4647 3162 4713 transpositus.
3197 4644 3359 4712 Major

1801 4749 1849 4801 in
1873 4762 1932 4800 re
1958 4745 2196 4799 tenuiore
2226 4741 2323 4794 fuit
2344 4740 2506 4806 gloria
2534 4740 2700 4793 Latini
2726 4738 2937 4792 Latioii.
2968 4738 3023 4791 In
3047 4736 3359 4806 prmlatioue

1801 4837 1919 4891 libri
1950 4851 1965 4888 ι
1998 4834 2280 4887 adversum
2328 4829 2727 4899 Symmachum,
2750 4844 2889 4883 vers.
2916 4828 3005 4892 74,
3039 4843 3224 4882 omnes
3249 4828 3363 4882 edi-

1801 4926 2008 4987 derant,
2039 4923 2164 4993 Spes
2193 4923 2383 4975 insueta
2409 4920 2560 4982 subit,
2592 4936 2788 4989 serpere
2815 4920 3050 4985 ﬂexibus,
3085 4917 3150 4970 Et
3173 4918 3369 4972 vibrare

1800 5030 1960 5083 sagax
1979 5014 2164 5084 eloquii
2193 5023 2362 5081 caput.
2394 5011 2651 5076 Latinius,
2678 5012 3039 5079 trajectionem
3064 5008 3363 5062 litterarum

1805 5106 2075 5165 odoratus,
2106 5120 2219 5171 seps
2265 5103 2512 5165 restituit,
2544 5102 2914 5169 plaudentibus
2944 5110 2996 5153 et
3022 5098 3365 5165 sequentibus

1804 5196 2070 5249 omnibus.
2099 5195 2487 5247 Chamillardus
2516 5195 2652 5246 hanc
2673 5193 3057 5247 resdtu‘tionem
3084 5186 3365 5242 Sirmomlo

1803 5287 2042 5350 ascribit,
2095 5286 2340 5341 Heinsius
2386 5286 2462 5337 a't
2515 5283 2587 5336 ita
2624 5281 2983 5349 castigandum
3020 5278 3129 5348 jam
3165 5277 3366 5346 pridem

1879 5463 1957 5532 (τι)
1989 5462 2157 5531 Exod.
2198 5475 2310 5532 xui,
2340 5460 2402 5532 2|
2434 5470 2481 5511 et
2506 5458 2611 5532 2‘2:
2648 5456 3086 5532 Doniinus‘autem
3115 5458 3375 5532 precede-

1809 5527 1893 5586 bat‘
1916 5527 1997 5584 eos
2015 5528 2092 5581 adi
2108 5528 2461 5580 ostendendam
2484 5528 2616 5579 viam
2633 5543 2721 5593 per
2742 5527 2873 5578 diem
2898 5528 2947 5578 in
2971 5528 3206 5579 columna
3224 5528 3369 5579 nubis

1808 5614 1855 5657 et
1890 5616 1977 5669 per
2006 5609 2195 5650 noctem
2231 5600 2281 5647 in
2318 5596 2553 5669 columna
2593 5597 2755 5669 ignis,
2792 5605 2847 5669 ut
2881 5596 2988 5669 dua:
3013 5606 3141 5649 esset
3178 5597 3377 5669 itineris

1811 5665 2022 5735 utroque
2070 5678 2307 5730 (corpore.
2346 5665 2623 5732 Nunquam
2667 5666 2823 5731 defuit
2858 5667 3092 5717 columna
3118 5665 3264 5717 nubis
3287 5682 3371 5731 per

1817 5742 2079 5804 dicin,,ncc
2100 5737 2333 5790 columna
2361 5736 2490 5805 ignis
2512 5751 2601 5807 per
2629 5750 2841 5801 noctem,
2871 5749 3043 5788 coram
3072 5736 3289 5803 papula.
