3998 6182
200 355 303 411 ηε

1576 340 2097 396 PROLECOMLNX

3346 342 3453 395 7'25

199 474 377 529 ﬁrmat
427 468 775 525 Prudentium
822 467 839 520 i
894 465 1123 535 primum
1156 463 1381 533 Spiritus
1412 459 1772 528 corripuisse;
1806 468 1851 526 Α
1884 460 1992 528 peri
2027 473 2143 525 quae
2180 458 2354 528 aliqua
2377 456 2723 525 responsione
2753 456 2909 527 digna
2940 457 3235 511 videantur.
3259 455 3452 509 Verum

200 562 291 617 sed
333 560 499 614 voluit
542 559 721 614 dicere
765 555 1073 619 Sedulium,
1118 562 1173 607 ut
1224 561 1394 620 puto:
1436 565 1557 605 nam
1601 551 1674 612 is,
1719 558 1778 602 ut

200 653 425 720 gloriam
478 658 679 705 sanctae
721 657 775 703 et
821 645 1110 701 individua!
1152 642 1427 698 Trinitatis
1470 642 1613 695 clara
1644 654 1775 695 voce

197 745 542 805 decantaret,
597 740 833 809 neglexit
875 737 1111 807 regulam
1155 734 1515 805 grammatica:
1551 730 1781 799 disposi-

200 833 400 888 tionis:
432 830 611 887 Gloria
642 847 826 902 magna
856 828 1005 882 Patri
1030 842 1247 895 semper,
1284 826 1371 879 tibi
1399 824 1582 894 gloria,
1612 822 1777 888 Nate,

198 925 328 977 Cum
354 936 530 977 sancto
562 922 759 993 Spiritu
790 920 956 992 gloria
987 935 1171 988 magna
1201 916 1378 979 Patri,
1418 916 1558 984 quod
1591 916 1781 969 obser-

198 1018 351 1071 Va'il
377 1016 441 1072 V.
474 1016 611 1069 Beda
660 1015 752 1068 lib.
783 1014 850 1067 de
878 1014 1007 1067 Arte
1035 1010 1275 1064 metrica.
1327 1008 1384 1063 Si
1429 1008 1778 1061 Prudentium

195 1108 547 1163 Casaubonus
572 1120 699 1160 vere
729 1103 1001 1171 respexit,
1053 1101 1279 1155 fortasse
1321 1100 1525 1153 notavit
1550 1114 1693 1153 vers.
1722 1098 1778 1163 8,

199 1200 386 1269 hymn.
416 1197 480 1253 10
509 1195 689 1257 Cath.,
729 1194 955 1264 Spiritus
995 1190 1186 1254 simul,
1230 1198 1277 1243 et
1305 1205 1425 1243 caro
1451 1190 1623 1242 serrit.
1672 1187 1779 1242 Sed

197 1288 344 1341 hunc
374 1301 582 1341 versum
614 1284 768 1338 aliter
794 1282 1072 1350 legendum
1104 1292 1223 1333 esse
1263 1285 1474 1333 constat
1521 1293 1585 1332 ex
1634 1291 1780 1331 com-

196 1377 485 1433 mentatio.
540 1373 860 1429 Prudentius
904 1369 1198 1439 saepissime
1242 1383 1303 1421 ea
1331 1382 1464 1421 voce
1496 1368 1683 1431 utitur,
1726 1374 1781 1420 et

196 1483 415 1538 semper
456 1468 473 1519 i
522 1467 750 1532 primum
779 1462 1047 1531 producit.
1098 1459 1388 1513 Ricciolius
1420 1468 1557 1527 part.
1586 1458 1617 1512 8
1650 1458 1779 1511 Pro-

196 1561 346 1625 sod.,
376 1574 497 1627 cap.
525 1556 582 1621 2,
611 1570 734 1623 app.
767 1556 821 1621 5,
870 1554 975 1619 ait,
1025 1551 1372 1606 Prudentium
1406 1551 1722 1618 produxisse
1750 1566 1781 1602 a

198 1653 251 1707 in
279 1652 596 1716 rriminaque
623 1648 855 1700 delusum
880 1647 942 1697 ab
968 1652 1201 1697 accentu.
1234 1641 1339 1696 Sed
1371 1640 1537 1709 magis
1563 1641 1781 1694 delusus

194 1752 279 1797 est
309 1738 627 1795 Ricciolius:
650 1751 918 1806 nunquam
941 1736 1081 1789 enim
1104 1752 1134 1787 a
1157 1734 1209 1789 in
1231 1736 1443 1788 crimina
1466 1734 1781 1788 Prudentius

1883 551 2023 618 quod
2055 564 2151 603 suo
2180 549 2297 603 loco
2329 548 2748 618 prtetermissum
2778 556 2890 611 est,
2938 547 3113 600 alieno
3140 546 3322 600 dicere
3348 562 3453 599 non

1883 639 2118 708 pigebit:
2163 638 2207 692 si
2252 646 2431 693 tamen
2470 637 2675 692 alienus
2706 638 2789 690 hic
2818 637 2965 691 locus
2994 646 3074 690 est
3113 637 3453 706 iudicandus,

1881 744 1988 798 quo
2015 729 2202 783 eadem
2234 742 2397 797 opera
2425 735 2477 781 et
2509 727 2738 798 hymnos
2764 736 3036 781 correctos
3068 726 3320 782 Breviarii
3349 728 3458 783 llo-

1882 820 2065 888 mani,
2118 829 2171 875 et
2216 829 2455 875 nostrum
2504 818 2847 873 Prudentium
2893 818 3013 873 licet
3052 820 3343 874 vindicare.
3399 822 3454 873 lu

1884 912 2082 982 hymno
2112 913 2192 968 Ad
2227 927 2477 982 vesperas
2507 912 2709 966 sabbati
2738 914 2788 966 in
2822 912 2990 979 Albis,
3019 913 3100 965 Ad
3131 914 3298 984 regias
3322 914 3456 984 Agri

1881 1003 2059 1073 dapes,
2090 1002 2460 1070 reprehendit,
2490 1011 2549 1057 ut
2578 1004 2683 1057 dixi
2704 1045 2719 1066 ,
2753 1003 3070 1058 Sinceritatis
3100 1021 3300 1074 azyma,
3332 1020 3455 1059 cor-

1882 1104 2033 1161 repto
2062 1114 2092 1166 y
2130 1096 2183 1150 in
2216 1113 2423 1165 azyma,
2472 1100 2714 1165 quamvis
2762 1097 3081 1151 Prudentius
3132 1099 3455 1167 corripuerit

1883 1189 2077 1254 Apoth.
2109 1203 2251 1242 vers.
2282 1188 2386 1243 555
2412 1205 2427 1240 :
2481 1189 2733 1241 Lascivire
2763 1187 2959 1251 (horis,
3004 1189 3307 1258 similaginis
3337 1206 3457 1259 azy-

1883 1295 1997 1331 mon
2024 1294 2151 1332 esse.
2206 1278 2487 1331 liict-io'ius
2521 1278 2572 1331 in
2609 1279 2785 1333 iudice
2811 1279 2845 1331 2
2885 1280 3209 1349 syllabarum
3240 1290 3457 1334 contro-

1884 1385 2158 1423 versarum
2191 1378 2435 1423 numerat
2468 1371 2603 1423 hanc
2628 1370 2815 1438 ipsam,
2855 1382 2907 1425 et
2952 1371 3198 1425 concedit
3237 1371 3453 1440 produci

1882 1476 1910 1514 a
1939 1460 2203 1514 Nicandro
2252 1463 2301 1513 in
2351 1460 2837 1527 Alexipltartnacis,
2884 1460 2978 1515 sed
3030 1461 3209 1524 addit,
3260 1476 3355 1514 nos
3404 1463 3453 1514 iu

1885 1550 2280 1617 pronuntiando
2326 1551 2474 1619 sequi
2523 1566 2680 1617 posse
2721 1566 2786 1605 ex
2829 1552 3215 1607 consuetudine
3238 1552 3345 1619 jam
3380 1555 3456 1605 iu-

1889 1654 2036 1697 vecta
2068 1653 2346 1697 accentum
2378 1643 2645 1703 Crzecum,
2678 1644 2764 1711 qui
2807 1653 2888 1697 est
2932 1644 2984 1697 in
3015 1645 3455 1711 antcpt-nultima.

1884 1734 2018 1799 Quid
2048 1735 2092 1789 si
2120 1735 2307 1788 saltem
2329 1745 2518 1802 quarto
2542 1735 2792 1787 Ecclesia:
2823 1736 3019 1789 sarculo
3046 1751 3105 1789 ea
3131 1739 3458 1791 consuetudo

196 1830 472 1901 produxit.
498 1829 732 1897 Longum
752 1825 965 1896 quidem
985 1823 1225 1879 fecitain
1244 1824 1557 1887 ridendaque
1572 1823 1718 1892 Sym.
1738 1838 1777 1892 t,
1814 1824 1854 1882 Β
1880 1828 1988 1894 jam
2019 1824 2355 1879 obtinuerat?
2388 1826 2475 1880 Sic
2503 1829 2644 1878 enim
2675 1826 2832 1878 habet
2862 1825 3110 1880 Paulinus
3143 1826 3192 1880 in
3223 1828 3458 1881 carmine

199 1936 352 1977 \ers.
373 1920 496 1984 561,
529 1917 757 1987 Mimica,
782 1915 1095 1985 ridendaque
1122 1915 1250 1981 suis,
1282 1912 1377 1968 sed
1405 1913 1473 1968 ob
1497 1928 1780 1978 cessuram,

198 2022 255 2063 ut
277 2025 409 2065 mox
431 2008 733 2079 explicabo,
754 2009 838 2062 vel
866 2006 1042 2076 potius
1063 2004 1133 2059 ob
1152 2000 1449 2060 dictionem
1480 2002 1781 2060 cnciiticam

194 2118 319 2174 que.

270 2192 403 2250 205.
443 2192 692 2249 Barthius
718 2192 811 2248 lib.
844 2206 896 2246 st
925 2189 1177 2255 Advers.,
1218 2203 1338 2258 cap.
1362 2187 1461 2255 20,
1501 2187 1781 2250 observat,

195 2287 545 2357 Agobardum
575 2284 628 2338 in
656 2283 877 2354 pbaleco
906 2291 1026 2351 post
1047 2283 1249 2336 obitum
1272 2279 1449 2335 Caroli
1473 2290 1528 2336 et
1552 2280 1781 2336 Lcdradi

195 2379 412 2449 propitii
458 2390 640 2432 vocem
690 2375 858 2445 prima
907 2374 1161 2443 producta
1210 2374 1491 2442 posuisse,
1539 2379 1780 2427 secutum

194 2471 552 2526 Prudentium
598 2471 649 2523 in
699 2467 951 2523 Passione
995 2465 1236 2535 Agnetis.
1307 2465 1382 2520 Ita
1430 2474 1576 2519 certe
1624 2463 1785 2519 habet

194 2560 527 2616 Prudentius
555 2573 695 2613 vers.
721 2557 861 2614 15οε
894 2556 1163 2628 Purgabor
1193 2557 1293 2610 oris
1325 2556 1682 2626 propitiabilis.
1718 2556 1785 2611 Et

194 2652 250 2709 in
274 2652 511 2718 Eulalia,
533 2664 674 2706 vers.
693 2651 828 2705 215:
853 2649 1089 2704 Carmine
1116 2649 1392 2717 prapitiata
1423 2651 1575 2719 fovet.
1608 2648 1785 2704 Potuit

194 2754 386 2800 nmen
414 2741 727 2813 Agebardus
753 2741 1013 2795 rationem
1040 2740 1215 2811 sequi,
1246 2754 1367 2794 cum
1398 2741 1449 2795 in
1476 2740 1783 2808 huiusmodi

192 2836 445 2899 vocibus,
488 2834 576 2889 ubi
620 2834 798 2903 plures
825 2846 984 2901 quam
1028 2830 1149 2886 dua:
1178 2831 1368 2885 breves
1422 2839 1779 2898 concurrunt,

192 2926 380 2996 aliqua
409 2938 474 2980 ex
507 2924 588 2978 his
618 2922 833 2991 produci
864 2921 1069 2986 valeat,
1120 2930 1177 2975 ut
1222 2929 1613 2990 pentametrum
1635 2961 1649 2986 ,
1693 2930 1784 2975 aut

193 3017 573 3074 hexametrum
600 3014 947 3085 ingrediatur.
996 3011 1073 3066 lta
1101 3011 1296 3066 accidit
1326 3012 1377 3065 in
1408 3012 1587 3082 rrligio
1606 3053 1620 3076 ,
1655 3010 1783 3065 reli-

188 3112 356 3180 «μίαν,
385 3106 564 3173 Italia,
601 3104 908 3171 Priamides,
939 3102 1243 3167 catholicus,
1284 3112 1588 3173 pupugerat.
1642 3100 1783 3156 Prm-

1883 1914 1948 1969 ad
1975 1914 2281 1986 Cytlterium
2321 1915 2387 1969 de
2430 1914 2705 1982 naufragio
2746 1916 3082 1970 Martiniani:
3128 1915 3191 1969 In
3235 1920 3457 1971 veritat's

1882 2008 2108 2076 azymis;
2142 2016 2195 2062 et
2223 2006 2392 2061 Natali
2426 2008 2495 2061 8:
2544 2006 2671 2060 Inde
2711 2010 2846 2077 fuga:
2875 2023 3116 2060 memores
3144 2008 3296 2061 etiam
3328 2025 3457 2061 nunc

1882 2118 2063 2171 azyma
2090 2110 2318 2157 sumunt.
2354 2102 2519 2156 Reme
2541 2116 2669 2169 ergo
2689 2101 2980 2155 Casituirus
3006 2101 3090 2155 Sat
3108 2100 3309 2155 bievius
3334 2103 3389 2154 S.
3416 2102 3454 2164 l,

1882 2194 1971 2261 qui
2001 2192 2146 2247 solus
2183 2206 2304 2247 eum
2336 2190 2591 2262 hymnum
2630 2190 2889 2257 correxit,
2936 2191 3142 2245 censuit
3192 2205 3297 2243 non
3342 2206 3451 2243 mu-

1885 2283 2100 2338 tandum
2126 2297 2335 2338 versum
2369 2282 2691 2337 Sinceritatt's
2712 2298 2911 2351 azyma.
2940 2280 3070 2334 Nam
3099 2280 3453 2338 Sarbievium.

1885 2387 2092 2445 poetam
2133 2375 2353 2445 lyricum
2386 2374 2911 2445 praestantissimum,
2959 2371 3123 2428 fuisse
3164 2388 3195 2427 e
3234 2388 3455 2427 numero

1882 2482 2068 2523 eorum
2091 2467 2181 2536 qui
2207 2464 2571 2537 emendationi
2602 2464 2919 2536 hymnorum
2947 2464 3097 2533 jussu
3120 2463 3318 2518 Urbani
3346 2462 3455 2517 Vill

1883 2573 2100 2628 operam
2131 2566 2408 2621 navarunt,
2435 2554 2578 2626 quod
2607 2564 2731 2609 tunc
2759 2569 2845 2609 me
2873 2552 3101 2623 fugerat,
3135 2567 3273 2606 nunc
3302 2553 3457 2621 plane

1882 2651 2091 2705 affirmo
2119 2650 2339 2705 edoctus
2382 2650 2449 2703 ab
2491 2650 2918 2705 eminentissimo
2962 2650 3231 2703 cardinale
3256 2648 3460 2704 Joanne

1882 2744 2074 2799 Carolo
2105 2744 2353 2809 Boschio,
2383 2746 2494 2813 qui,
2527 2752 2585 2799 ut
2611 2753 2693 2800 est
2717 2760 2837 2802 cum
2869 2745 3089 2799 aliarum
3110 2783 3124 2808 ,
3161 2744 3317 2814 179
3340 2753 3457 2795 tum

1888 2836 2150 2906 praecipue
2179 2837 2658 2892 ecclesiasticarum
2699 2854 2878 2893 rerum
2916 2838 3216 2907 cognitione
3247 2839 3459 2907 egregie

1884 2925 2197 2994 instructus,
2216 2926 2267 2981 id
2290 2942 2374 2982 me
2399 2926 2794 2996 perhumaniter
2809 2927 3102 2992 admonuit;
3122 2928 3465 2995 ostenditque

1884 3015 2173 3071 editionem
2198 3014 2548 3071 Parisiensem
2574 3016 2985 3086 pulcherrimam
3006 3030 3226 3085 operum
3251 3016 3460 3071 Sarbie-

1885 3106 1985 3171 vii,
2016 3106 2067 3160 in
2098 3106 2249 3175 cujus
2276 3106 2585 3177 praefatione
2619 3106 2734 3161 haec
2768 3107 3000 3161 narratio
3030 3106 3098 3162 de
3127 3107 3461 3162 correctione

191 3210 347 3255 tcrea
378 3214 477 3253 cur
503 3213 607 3251 non
637 3198 740 3251 erit
768 3197 982 3266 longum
1020 3210 1051 3248 ο
1088 3194 1140 3248 in
1171 3194 1420 3263 propitius
1456 3193 1529 3253 (al
1556 3194 1575 3246 l
1626 3196 1783 3265 178
1811 3181 1856 3245 C
1891 3197 2185 3253 Urbaniana
2214 3198 2536 3253 continetur.

189 3289 507 3345 Ludovicus
530 3286 777 3341 Cavallus
804 3287 856 3339 in
886 3284 1350 3339 observationibus
1389 3285 1456 3338 ad
1492 3299 1657 3338 novos
1692 3286 1785 3355 hy-

194 3393 381 3444 mnos,
408 3393 530 3447 qum
558 3392 687 3432 mss.
734 3385 944 3432 exstant
991 3375 1043 3429 in
1086 3375 1407 3429 bibliotheca
1438 3375 1647 3445 collegii
1676 3375 1782 3429 Ro-

191 3471 370 3536 mani,
401 3467 794 3523 correctoribus
821 3467 921 3522 sub
950 3466 1165 3523 Urbano
1188 3466 1302 3520 Vlll
1328 3466 1513 3535 objicit
1548 3468 1687 3535 quod
1729 3468 1781 3523 in

189 3576 385 3630 azyma
412 3573 535 3613 cum
565 3558 854 3613 Prudentia
882 3576 914 3628 y
940 3558 1319 3627 corripuerint,
1369 3558 1639 3613 observat.
1670 3561 1737 3615 59
1762 3576 1778 3626 ;

188 3652 330 3708 item
362 3652 502 3722 quod
554 3654 753 3722 pariter
801 3669 831 3704 a
878 3652 933 3706 in
976 3650 1228 3706 Iudaicus
1257 3666 1376 3707 cum
1424 3653 1614 3707 eodem
1644 3654 1778 3709 Pru-

187 3744 385 3800 dentio
415 3744 624 3814 longam
658 3743 914 3807 fecerint,
946 3743 1157 3796 observ.
1188 3742 1286 3807 40;
1316 3742 1457 3813 quod
1497 3745 1516 3796 i
1543 3745 1594 3798 in
1640 3760 1777 3800 sem-

187 3840 469 3906 piternus,
496 3836 663 3891 secuti
691 3836 937 3891 eumdem
964 3836 1344 3898 Prudentium,
1389 3836 1779 3901 breviaverint,

186 3930 416 3984 observ.
444 3930 505 3984 41
536 3944 551 3995 ;
578 3936 634 3983 et
660 3928 801 3999 quod
830 3928 1119 3982 Paraclitus
1157 3943 1277 3983 cum
1302 3930 1322 3983 ἱ
1348 3929 1497 3985 brevi
1539 3931 1778 3996 ejusdem

186 4018 475 4075 Prudentii
507 4021 824 4074 auctoritate
850 4020 1190 4089 protulerint,
1220 4021 1435 4076 observ.
1460 4021 1529 4076 ΛΞ
1551 4022 1647 4092 (b).

260 4110 400 4165 206.
442 4110 657 4165 Memini
691 4125 778 4165 me
806 4111 907 4164 hoc
949 4109 1153 4165 Cavalli
1193 4111 1505 4179 opusculum
1547 4112 1614 4165 ab
1654 4112 1774 4167 aliis

187 4200 473 4255 laudatum
519 4199 752 4270 allegare
798 4200 1013 4255 dissert.
1047 4200 1114 4256 de
1144 4199 1336 4270 iiymn.
1367 4201 1587 4265 eccles.,
1622 4217 1773 4257 num.

189 4290 329 4354 159.
372 4289 509 4355 160,
554 4306 619 4345 ac
663 4305 850 4345 rursus
892 4292 946 4346 in
998 4292 1181 4363 hymn.
1214 4293 1463 4361 lliSpan.,
1498 4309 1619 4363 pag.
1650 4294 1775 4350 267.

185 4380 374 4435 Aliam
403 4380 635 4435 hominis
662 4380 801 4436 docti
834 4382 997 4438 fuisse
1036 4393 1269 4439 mentem
1310 4384 1779 4451 existimaveram,

185 4473 331 4526 alias
362 4474 623 4537 rationes,
651 4473 842 4542 quibus
869 4477 1257 4529 correctionem
1290 4474 1650 4529 Urbauianam
1682 4476 1783 4529 im-

186 4576 483 4635 pugnaret.
534 4565 725 4622 Postea
755 4566 805 4621 in
835 4566 1027 4625 librum
1058 4583 1160 4623 ms.
1191 4568 1379 4635 incidi,
1410 4577 1465 4623 et
1495 4582 1660 4639 pauca
1691 4584 1774 4623 rc-

1954 3290 2081 3345 207.
2124 3290 2199 3345 De
2226 3306 2356 3345 voce
2387 3288 2675 3344 Paraclitus
2704 3290 2891 3346 eadem
2933 3291 3208 3360 responsio
3234 3307 3297 3345 ex
3325 3306 3459 3345 cun-

1885 3381 2165 3436 suetudine
2194 3392 2247 3437 et
2277 3391 2500 3436 accentu
2531 3382 2720 3437 Graeco
2769 3384 2984 3452 petitur.
3030 3383 3095 3437 Et
3123 3398 3243 3437 cum
3274 3383 3459 3437 Caval-

1886 3473 1966 3527 lus
1993 3472 2239 3537 fateatur,
2278 3473 2462 3526 Patres
2488 3472 2541 3526 in
2576 3473 2679 3527 line
2708 3473 2920 3527 iambici
2954 3473 3198 3542 posuisse
3227 3471 3460 3526 Paracli-

1888 3574 1987 3631 tus,
2020 3574 2076 3619 ut
2103 3564 2160 3620 S.
2189 3565 2380 3627 Hilaru,
2414 3563 2543 3619 Cum
2576 3564 2801 3630 Spiritus
2835 3564 3127 3619 Paraclitus
3162 3564 3370 3634 Eﬂ'ulsit
3410 3567 3460 3619 in

1884 3657 2182 3726 discipulos,
2217 3657 2393 3723 inepte
2420 3657 2696 3711 contendit
2744 3668 2854 3711 tum
2886 3657 2954 3711 ab
2993 3657 3129 3725 ipsis
3166 3657 3457 3712 adhibitum

1885 3750 2197 3819 spondzeum
2233 3768 2328 3822 pro
2358 3752 2533 3805 iambo
2576 3770 2590 3805 :
2644 3767 2762 3806 nam
2796 3753 2969 3821 potius
3016 3752 3067 3805 in
3096 3752 3217 3806 aliis
3247 3752 3458 3806 sedibus

1884 3849 2067 3894 contra
2100 3851 2326 3895 metrum
2361 3842 2653 3909 peceabtnt
2678 3856 2833 3909 quam
2866 3841 2916 3895 in
2947 3839 3051 3895 fine
3083 3841 3322 3908 iambici,
3367 3843 3453 3894 ubi

1884 3945 2101 4000 semper
2140 3932 2369 3986 iambum
2414 3932 2737 3985 adhibebant
2764 3932 2859 4002 (c).
2909 3931 3253 3987 Correctores
3295 3932 3455 3985 etiam

1886 4023 2220 4076 retinuerunt
2268 4020 2409 4091 quod
2473 4022 2792 4076 Prudentius
2849 4022 3139 4089 scripserat
3193 4023 3305 4075 Cat.
3349 4023 3455 4085 l2,

1881 4127 2025 4166 vers.
2050 4111 2121 4165 42
2146 4129 2158 4164 :
2192 4111 2476 4179 Papulique
2503 4128 2593 4164 rea:
2620 4110 2850 4177 Iudaici,
2882 4113 2932 4165 iu
2960 4114 3193 4180 vesperis
3215 4113 3455 4165 Transti-

1885 4202 2200 4273 gnratiouis.
2230 4204 2426 4258 Contra
2454 4202 2583 4257 nihil
2606 4205 2806 4273 profert
2825 4202 3091 4265 Cavallus.
3118 4205 3216 4258 nisi
3239 4204 3453 4258 dubium

1887 4296 2188 4366 exemplum
2214 4297 2509 4359 Juvenalis,
2551 4296 2702 4350 satir.
2736 4296 2824 4358 14.
2848 4312 2988 4350 vers.
3019 4296 3111 4351 101
3138 4314 3152 4351 :
3186 4294 3459 4351 Iudaicum

1887 4388 2187 4452 addiscunt,
2217 4402 2276 4439 ac
2299 4396 2525 4451 servant,
2568 4394 2612 4440 et
2642 4395 2867 4439 metuunt
2888 4390 3000 4458 jus.
3044 4387 3304 4442 Similiter
3334 4402 3461 4441 usus

1889 4487 1973 4532 est
2004 4478 2323 4533 Prudentius
2352 4477 2548 4546 Apoth.
2580 4492 2721 4531 vers.
2756 4478 2897 4531 552:
2942 4477 3074 4531 Sunt
3118 4478 3207 4546 qui
3243 4477 3461 4530 Iudaico

1890 4578 2159 4639 cognatum
2181 4570 2365 4639 dogma
2393 4568 2578 4637 furori,
2603 4576 2657 4623 et
2678 4582 2819 4621 vers.
2841 4568 2937 4623 521
2962 4584 2975 4620 :
3001 4566 3124 4623 Ila'c
3147 4568 3191 4621 si
3216 4566 3462 4619 Judaicos

268 4725 353 4798 (ι)
380 4726 707 4791 Becmanus,
756 4726 825 4781 de
862 4728 1063 4796 Origin.
1096 4728 1225 4797 ling.
1255 4727 1397 4792 Lat.,
1429 4726 1627 4782 fatetur
1652 4744 1773 4798 pra-
1810 4730 1864 4790 D
1890 4743 2153 4795 spernere,
2193 4743 2346 4797 quant
2386 4728 2479 4780 hoc
2519 4729 2718 4798 insigne
2745 4727 2970 4794 Spiritus
3013 4722 3463 4798 sancti__rpitlteton

189 4796 356 4864 pitius
384 4810 505 4850 esse
536 4810 563 4847 a
598 4812 749 4862 porro
768 4837 783 4861 ,
827 4808 917 4851 aut
946 4813 1154 4867 prorsus
1182 4796 1300 4867 pius
1331 4813 1397 4851 ex
1426 4796 1780 4866 quorumdam

188 4877 445 4920 veterum
477 4872 769 4938 sententia,
812 4871 1055 4936 quamvis
1086 4866 1198 4933 ipse
1228 4866 1506 4937 prmferat,
1553 4883 1581 4921 a
1625 4884 1787 4938 prope

189 4951 324 4990 eum
360 4936 733 4991 terminatione
772 4939 1039 4991 communi
1079 4938 1221 5001 itins,
1268 4946 1325 4991 ut
1366 4938 1594 5004 ﬁctitius,
1626 4936 1785 4991 'com-

188 5005 480 5058 mentitius.
532 5005 587 5060 Si
623 5007 843 5072 primam
874 5020 1111 5061 veterum
1143 5008 1450 5075 Opinionem
1482 5017 1784 5070 teneamus,

190 5086 349 5143 patet
378 5091 443 5129 ex
478 5076 683 5143 origine
710 5093 738 5129 ο
767 5091 887 5131 esse
918 5077 1339 5144 producendum.
1383 5078 1519 5131 Ante
1550 5077 1791 5131 l'ruden-

192 5146 334 5198 tium
368 5146 693 5216 produxerat
732 5163 943 5215 quoque
971 5149 1274 5213 Juveucns,
1324 5147 1416 5200 lib.
1444 5163 1490 5210 ι,
1538 5148 1589 5201 in
1640 5151 1787 5216 prin-

190 5217 381 5286 cipio:
416 5215 578 5286 Nam
623 5232 700 5269 me
747 5219 997 5286 propitius
1043 5232 1211 5271 rerum
1254 5227 1397 5285 pater
1431 5218 1611 5270 unicus
1645 5215 1785 5270 alto.

192 5285 493 5339 Bicciolins
524 5287 660 5339 haue
689 5285 1039 5355 quantitatem
1073 5290 1297 5355 prinuuu
1330 5286 1555 5351 iudicat,
1591 5287 1785 5341 deinde

186 5357 361 5435 aliam
395 5370 461 5408 ex
487 5356 713 5423 Seneca,
739 5367 791 5412 et
814 5356 1030 5422 Plauto;
1077 5357 1172 5412 sed
1204 5357 1377 5411 Plauti
1401 5371 1585 5411 versus
1611 5357 1784 5412 ambi-

230 5442 286 5477 ut
321 5435 464 5477 sunt.

230 5442 286 5477 ιιι
321 5440 464 5477 sunt.

185 5440 354 5566 g_(b_)
384 5495 492 5548 Hoc
518 5496 638 5550 loco
668 5510 770 5566 non
802 5510 1017 5565 possum
1049 5496 1175 5561 qttin
1200 5496 1362 5566 verba
1393 5494 1791 5551 observationis

190 5564 632 5619 £2‘describam:
669 5564 734 5618 Et
758 5564 896 5630 licet,
928 5567 1117 5634 inquit,
1147 5566 1251 5620 SS.
1281 5565 1485 5629 Patres,
1508 5578 1553 5619 et
1580 5569 1786 5635 hymno-

186 5636 389 5704 graphi
418 5637 612 5703 antiqui
639 5636 737 5688 hoc
770 5653 951 5689 nomen
981 5637 1031 5687 in
1062 5638 1167 5689 suis
1198 5636 1403 5705 hymnis
1448 5640 1711 5706 posuerint
1740 5639 1792 5689 in

187 5706 311 5774 ﬁne
339 5706 541 5758 iambici
570 5707 771 5758 dimetri
788 5746 802 5769 ,
850 5723 949 5759 non
979 5714 1149 5758 tamen
1178 5708 1409 5774 sequitur
1440 5716 1493 5759 ut
1531 5710 1791 5773 corripue-

188 5777 336 5839 sint,
370 5778 453 5830 se:l
485 5776 779 5845 spondtum
808 5777 1094 5830 maluerunt
1122 5792 1335 5842 ponere,
1380 5786 1426 5831 et
1450 5776 1602 5847 legem
1648 5778 1792 5829 mrtri

1889 4794 2077 4852 natura
2111 4794 2418 4865 productam
2443 4794 2697 4867 corripere
2723 4805 2769 4850 et
2800 4808 3141 4859 corrumpere.
3186 4794 3344 4847 erttl‘
3371 4810 3465 4847 cur

1891 4868 2237 4922 Prudentium
2284 4883 2316 4922 e
2366 4883 2588 4922 numero
2634 4868 2859 4921 aliorum
2903 4868 3113 4919 Patrum
3146 4876 3198 4918 et
3226 4875 3463 4918 veterum

1891 4938 2416 5008 Itymuograpltorntn
2445 4938 2723 4992 exemerit.
2752 4953 2847 4989 cur
2873 4938 3042 5008 etiam
3064 4935 3248 4989 eadem
3281 4934 3466 4987 defen-

1890 5007 2041 5061 sivne
2071 5026 2170 5077 qua
2206 5009 2338 5059 alios
2378 5024 2498 5060 eum
2530 5024 2634 5061 non
2665 5018 2891 5067 tueatur,
2926 5007 3231 5077 acdetnutu
3258 5018 3353 5056 cur
3380 5020 3467 5054 so-

1893 5078 1996 5131 Iam
2028 5076 2324 5133 recentium
2354 5079 2723 5132 auctoritatem
2757 5076 3047 5131 l’rudeutio
3073 5076 3295 5141 aliisque
3325 5083 3465 5125 vetc-

1893 5149 2040 5220 ribus
2068 5158 2317 5220 opponat.
2447 5218 2455 5220 _
2542 5217 2566 5220 _
2614 5217 2623 5220 Α
2663 5217 2672 5220 _
3222 5210 3237 5220 _
3366 5209 3376 5220 ,
3450 5210 3463 5219 ,

1965 5219 2036 5288 (c)
2084 5210 2152 5271 ln'
2182 5220 2378 5287 hymno
2427 5218 2493 5271 de
2537 5217 2735 5286 Spiritu
2764 5225 2969 5275 sancto,
2997 5227 3165 5288 quem
3186 5210 3377 5288 _descri
3419 5210 3461 5261 si

1896 5279 2045 5343 nunt.
2070 5290 2158 5354 75,
2190 5279 2242 5342 εἰ
2270 5289 2471 5342 Paulini
2511 5279 2693 5359 Nolani
2735 5302 2855 5359 esse
2893 5279 3156 5359 coniicio,”
3177 5279 3464 5359 Par-afluat;

1892 5359 1911 5411 i
1940 5359 2085 5413 brevi
2119 5348 2400 5426 profertur.
2441 5358 2689 5426 Sidonius
2721 5355 2921 5426 pariter
2952 5349 3289 5426 Ilera_clitus__i
3320 5348 3462 5426 brevi

1874 5418 2151 5495 protulit;
2192 5427 2454 5493 Quidquid
2485 5418 2827 5495 Pythagoras.
2860 5422 3198 5495 Democritus,
3229 5418 3463 5495 Heracli-

1899 5487 2099 5565 lnsque,
2131 5487 2286 5565 quem
2321 5487 2418 5565 liae
2444 5495 2508 5547 de
2536 5487 2695 5565 causa
2729 5494 3039 5565 Hermolaus
3080 5499 3329 5565 arcusat,
3373 5487 3464 5565 de-

1895 5558 2067 5621 fendit
2098 5558 2224 5618 vero
2253 5564 2571 5617 Ptoletnteus
2613 5562 2952 5630 llispaniolus
2992 5562 3044 5615 in
3076 5558 3369 5630 Cttltlllnl'ln
3400 5558 3465 5630 do

1896 5635 2123 5691 licentiis
2149 5642 2423 5703 poetarum
2450 5644 2578 5684 l0ltl.
2602 5632 2663 5686 IV
2688 5627 2909 5702 operum
2933 5632 3179 5701 Baptista:
3199 5627 3464 5681 Mantuani

1895 5708 2010 5776 ejus
2047 5708 2244 5773 fratris,
2276 5721 2392 5775 pag.
2428 5704 2548 5757 167.
