3998 6182
542 320 643 374 ἿΞἹ

1948 315 2397 374 PRUDENTiUS.

3694 336 3792 392 τρε

538 436 611 488 sic
642 433 895 487 intellecta
918 433 1185 505 rigassent.
1235 430 1341 485 Sed
1382 430 1435 484 in
1477 430 1558 485 his
1598 429 1845 484 omnibus
1876 430 2116 484 versibus
2146 432 2193 487 A
2226 446 2406 497 voces,
2433 440 2488 486 ut
2521 447 2624 488 non
2656 434 2771 489 sine
2803 435 3039 505 periculo
3071 438 3214 494 false
3243 439 3506 499 doctrina:
3533 446 3791 504 immutari

540 524 690 578 locus
719 532 801 578 est
828 523 1080 592 spondam
1109 536 1203 591 per
1226 520 1519 591 synarresin
1544 519 1725 587 Judai,
1750 520 1801 573 in
1833 521 2004 588 primo
2030 519 2118 573 illo

542 629 679 683 opus
708 622 790 668 est
822 612 997 667 iambo
1026 612 1078 665 in
1108 610 1234 665 sedc
1263 620 1502 665 extrema
1522 651 1536 675 ,
1569 609 1856 680 Populique
1887 610 1995 663 Rea:
2020 608 2117 661 Ju-

541 707 705 770 daici,
754 703 831 759 uti
877 706 1037 760 etiam
1084 704 1300 775 dactylo
1347 704 1400 758 in
1430 718 1587 759 versu
1631 702 1827 758 Alcimi
1867 703 2006 756 Aviti
2052 701 2120 755 de

542 797 758 864 Origine
804 795 1031 860 mundi,
1084 795 1303 860 Quando
1352 793 1648 847 induratum
1692 794 1855 861 plebes
1897 789 2118 844 Iudaica

544 905 748 942 nomen.
800 887 871 942 Ut
915 888 965 940 in
997 887 1329 952 semitriternus
1368 887 1386 939 i
1416 886 1630 955 longum
1669 895 1959 947 asseratur,
2007 883 2118 937 sola

546 979 765 1047 Josephi
792 978 1046 1047 Scaligeri
1082 979 1370 1032 auctoritas
1399 977 1591 1031 idonea
1621 977 1837 1029 minime
1865 984 1944 1028 est
1966 1013 1981 1038 ,
2030 987 2120 1026 ne-

545 1087 650 1140 quc
688 1075 830 1125 en‘m
861 1080 1061 1124 certum
1090 1079 1173 1129 est
1220 1068 1448 1124 derivari
1494 1083 1524 1122 a
1564 1082 1760 1135 seraper
1789 1075 1842 1119 et
1882 1076 2119 1125 azternus,

549 1181 743 1234 neque,
771 1165 815 1218 si
845 1163 896 1217 id
925 1173 1127 1218 certum
1160 1162 1256 1227 sit,
1298 1161 1532 1216 derivata
1563 1174 1776 1227 semper
1807 1159 1976 1226 legem
2009 1155 2119 1223 pri-

544 1254 850 1308 mitivorum
893 1264 1212 1321 sequuntur,
1258 1250 1553 1319 prmsertim
1584 1248 1705 1317 quia
1747 1262 1792 1300 te
1832 1247 1967 1299 sicut
2008 1245 2061 1297 in
2104 1246 2120 1296 i

546 1355 797 1403 mutatur.
848 1345 918 1396 ita
963 1343 1017 1395 in
1061 1344 1079 1395 i
1119 1343 1280 1396 breve
1320 1340 1560 1395 converti
1606 1339 1821 1406 poterit.
1874 1336 2122 1391 Paulinus

548 1436 745 1501 pariter
776 1436 791 1487 i
820 1433 1077 1501 corripuit
1108 1434 1160 1486 in
1189 1432 1427 1487 carmine
1455 1431 1518 1483 ad
1549 1428 1857 1500 Cytherium
1890 1427 1956 1481 de
1981 1426 2122 1479 Nau-

547 1528 714 1596 t'rag’o
743 1525 1040 1579 Martiniani
1072 1539 1237 1592 prcpe
1268 1525 1464 1576 linem:
1511 1522 1578 1575 Ut
1620 1523 1938 1590 sempiterna:
1979 1520 2122 1573 clara

546 1618 658 1669 vita:
685 1615 870 1685 gloria.
901 1614 1156 1668 Eamdem
1184 1613 1526 1679 quantitatem
1554 1610 1797 1665 defendit
1823 1610 2040 1663 Huctitts
2070 1611 2119 1664 in

547 1706 880 1773 Origenianis
922 1715 1106 1759 contra
1146 1703 1403 1771 Scaligeri
1442 1702 1769 1771 Opinionem.
1820 1701 1944 1755 llaec
1986 1700 2119 1754 l’ru-

2222 538 2250 576 a
2281 522 2470 591 quovis
2498 525 2799 592 potuerint,
2843 526 3084 596 adeoque
3113 539 3167 584 et
3196 546 3225 584 a
3258 532 3412 600 plebe
3442 534 3646 591 fuerint
3689 541 3792 591 usi-

2224 625 2365 681 tatm,
2398 618 2449 672 in
2474 619 2887 685 antepenultima
2915 619 3208 677 breviasse.
3244 623 3298 678 ln
3325 625 3408 680 bis
3428 635 3608 681 tamen
3634 644 3795 684 exem-

2220 710 2323 775 plis
2368 723 2473 761 non
2520 724 2621 761 una
2663 709 2956 778 eademque
2996 711 3203 766 videtur
3241 714 3404 769 fuisse
3446 721 3791 774 consuetudo.

2221 799 2351 853 Nam
2384 800 2701 854 Prudentius
2728 800 2783 853 iu
2815 802 3025 855 ecclesia
3062 810 3117 856 et
3157 807 3452 873 mysterium
3492 812 3793 875 antepenul-

2225 890 2404 942 timam
2444 889 2721 959 producit.
2775 889 2834 945 S.
2866 888 3115 945 Paulinus
3162 907 3306 960 sa‘pc
3351 895 3513 949 etiam
3559 897 3794 951 eamdem

2223 981 2480 1050 syllabam
2511 982 2719 1049 longam
2750 980 2895 1035 fecit.
2949 981 3023 1035 Ex
3068 982 3166 1036 hac
3206 986 3383 1052 regula
3421 986 3684 1043 sustineri
3714 1003 3797 1058 po-

2225 1081 2399 1133 terunt
2432 1070 2481 1122 in
2514 1070 2800 1125 Prudentio
2831 1070 3155 1140 Allaphylus,
3196 1072 3409 1139 Arrius,
3446 1092 3677 1140 eremus,
3717 1080 3798 1132 lte-

2226 1160 2374 1225 resis,
2399 1157 2621 1222 idolum,
2645 1160 2865 1224 dwmon,
2891 1159 2914 1212 1
2924 1176 3035 1213 esus
3063 1160 3194 1215 eliso
3222 1162 3262 1227 i,
3280 1173 3371 1217 aut
3393 1180 3453 1229 e;
3484 1164 3797 1231 Paraclitus,

2224 1251 2476 1317 Azymon,
2512 1248 2777 1313 Iudaicus,
2813 1260 2867 1304 et
2906 1251 3023 1303 alia:
3052 1253 3253 1308 similes
3282 1269 3463 1320 voces,
3495 1272 3795 1328 quanquam

2226 1338 2352 1392 nihil
2408 1340 2650 1406 prohibet
2706 1340 2989 1408 quominus
3031 1341 3215 1396 eadem
3269 1343 3535 1400 vocabula
3576 1346 3801 1404 diversis

2224 1430 2516 1483 rationibus
2545 1444 2608 1483 ac
2632 1432 2830 1498 regulis
2859 1430 3230 1501 defendamur,
3274 1446 3332 1491 ut
3368 1450 3437 1491 ex
3481 1439 3683 1508 regulis
3720 1454 3795 1496 εε-

2224 1522 2506 1592 quentibus
2533 1522 2815 1576 constabit.

2293 1613 2470 1667 Altera
2500 1623 2578 1667 est
2603 1614 2800 1682 regula.
2843 1611 2907 1667 In
2948 1614 3203 1668 vocabulis
3240 1632 3267 1668 e
3301 1615 3485 1671 Grazco
3521 1618 3789 1681 derivatis.

2225 1716 2431 1757 accentu
2491 1719 2521 1756 α
2563 1706 2847 1773 quantitate
2902 1704 3310 1759 discordantibus
3338 1748 3355 1771 ,
3407 1718 3593 1763 veteres
3649 1723 3800 1774 recte

548 1798 727 1851 dentio
748 1811 868 1849 cum
892 1795 1283 1850 correctoribus
1305 1791 1627 1848 Urbanianis
1657 1792 1981 1845 communia.
2010 1791 2116 1845 Cac-
2153 1782 2201 1840 B
2228 1797 2502 1851 cm-iuiani
2544 1798 2771 1865 neglecta
2838 1798 3120 1866 quantitate
3169 1809 3427 1852 αεεεηεκη,
3481 1802 3648 1854 ,καί
3689 1812 3800 1855 nm,

548 1896 661 1940 tera
690 1887 1057 1953 praetermitto,
1086 1885 1205 1953 quia
1237 1894 1292 1938 et
1322 1885 1517 1939 leviora
1543 1891 1687 1949 sunt,
1718 1891 1773 1936 et
1798 1882 1863 1936 ad
1892 1897 1987 1936 nos
2018 1898 2122 1935 non

548 1978 847 2044 pertinent,
880 1977 962 2032 vel
992 1978 1034 2032 si
1067 1977 1132 2030 ad
1166 1992 1266 2030 nos
1290 1975 1526 2046 quidem,
1557 1990 1665 2030 non
1695 1982 1871 2030 tamen
1915 1974 1981 2029 ad
2023 1974 2126 2030 hoc

551 2078 780 2139 tempus,
808 2084 981 2138 neque
1007 2068 1073 2122 ad
1101 2069 1239 2122 hunc
1268 2069 1461 2123 locum.

1110 2182 1336 2238 CAPUT
1375 2181 1563 2236 XXIV.

554 2276 711 2347 Leges
740 2294 774 2329 ιι
804 2276 1101 2358 Prudentia
1127 2276 1338 2343 aliisque
1379 2274 1602 2358 antiquis
1644 2272 1802 2342 poetis
1826 2272 2128 2327 Christianis

1084 2354 1135 2399 in
1179 2359 1336 2398 metro
1364 2354 1593 2398 servatm.

630 2437 787 2506 130
823 2436 949 2490 208.
979 2436 1041 2489 Et
1065 2445 1123 2488 nt
1143 2435 1198 2487 in
1224 2434 1513 2491 Prndentio
1532 2431 1867 2488 defendendo
1887 2446 2125 2501 pergam,

554 2538 825 2596 totamque
852 2527 1215 2580 defensionem
1244 2524 1308 2577 ad
1334 2533 1478 2577 certa
1507 2523 1677 2591 capita
1706 2537 1969 2587 revocem,
1999 2538 2128 2575 non-

557 2618 731 2670 nullas
772 2616 980 2686 regulas
1024 2629 1285 2684 exponam
1323 2614 1514 2683 quibus
1556 2613 1875 2684 syllabarum
1913 2614 2129 2683 quanti-

558 2717 636 2761 tas
668 2708 736 2759 ab
759 2721 825 2760 eo
866 2706 1100 2760 adhibita
1135 2704 1429 2759 vindicetur
1455 2702 1552 2774 (a).
1588 2704 1754 2757 Potuit
1781 2719 1858 2757 Sl'l‘
1888 2720 2125 2759 necum:

559 2799 807 2864 Qumdam
833 2807 947 2853 sunt
975 2814 1118 2851 voces
1141 2798 1194 2849 in
1229 2794 1460 2851 Ecclesia
1495 2793 1725 2846 Romana
1747 2795 1808 2846 ab
1844 2794 1969 2861 ipsis
2010 2794 2129 2845 reli-

552 2890 717 2961 gionis
746 2898 932 2942 nostra:
952 2888 1110 2940 initiis
1132 2887 1331 2940 usitata:
1353 2885 1601 2955 peculiari
1626 2885 1846 2951 quodam
1866 2884 2130 2936 intervallo

555 2979 838 3045 brevitatis,
890 2988 978 3032 aut
1022 2977 1388 3050 longitudinis,
1433 2976 1533 3029 sire
1577 2990 1639 3028 ca:
1673 2972 1887 3043 Grarco,
1928 2975 2030 3027 sive
2069 2989 2132 3027 ea:

558 3071 813 3126 Il‘ebraico
840 3070 1081 3129 idiomate
1102 3083 1377 3135 conversae,
1395 3083 1522 3137 quas
1546 3067 1637 3120 viri
1656 3067 1793 3120 docti
1806 3070 1929 3135 jure
1949 3065 2127 3118 eadem

553 3166 830 3233 quantitate
857 3164 1200 3235 proferebant,
1233 3178 1337 3216 non
1366 3134 1434 3214 ad
1465 3161 1732 3230 originem,
1769 3134 1857 3211 sed
1895 3158 1962 3211 ad
2001 3175 2123 3211 con~
2154 3134 2199 3195 ί)

554 3256 868 3311 suctu-linem
893 3256 1226 3321 attendentes,
1259 3252 1446 3321 populo
1477 3268 1625 3305 usum
1652 3251 2005 3313 concedentes,
2033 3249 2129 3302 sibi

554 3350 815 3402 scientiam
860 3357 1194 3402 reservantes.
1248 3345 1589 3414 Ludewigius
1620 3343 1862 3397 Voesium
1907 3343 2000 3397 lib.
2049 3358 2124 3408 tv,

552 3450 694 3509 part.
722 3442 759 3495 2
797 3440 969 3495 In5tit.
1000 3448 1227 3502 orator.,
1267 3452 1390 3506 cap.
1418 3439 1472 3502 1,
1505 3436 1531 3506 §
1558 3439 1617 3501 5,
1640 3446 1874 3499 secutus,
1902 3434 1968 3488 de
1998 3434 2129 3487 Pru-

555 3533 739 3586 dentio
771 3534 840 3585 ita
870 3532 939 3584 ait
972 3547 987 3583 :
1019 3530 1266 3583 Caeterum
1292 3544 1433 3581 voces
1474 3528 1527 3581 in
1558 3527 1796 3580 diviniori
1826 3537 1951 3579 coetu
1978 3524 2127 3579 Citri-

556 3625 840 3676 stianorum
898 3622 1049 3692 181
1091 3621 1354 3684 inventas,
1406 3618 1542 3688 quod
1582 3619 1824 3688 receperit
1870 3626 2039 3672 noster
2080 3627 2129 3672 et

556 3712 863 3773 adhibuerit,
886 3709 1097 3781 culpare
1119 3708 1242 3762 velle
1264 3710 1538 3762 absurdum
1560 3716 1655 3762 est.
1691 3707 1834 3763 idem
1857 3709 2125 3779 observat,

558 3814 743 3871 poetas
767 3802 1097 3856 Christianos
1124 3801 1283 3855 verba
1314 3801 1552 3865 ecclesia,
1585 3801 1907 3870 mysterium,
1938 3802 2126 3871 psalte-

557 3895 719 3959 rium,
771 3902 825 3949 et
870 3893 1001 3946 alias
1051 3894 1101 3946 in
1154 3890 1390 3946 Ecclesia
1435 3891 1672 3945 Romana
1714 3901 1956 3960 receptas
1996 3892 2131 3949 adeo

630 4102 705 4171 (a)
734 4101 813 4156 Ex
846 4100 1016 4171 tribus
1058 4096 1321 4171 indicibus
1358 4095 1682 4171 syllabarum
1718 4110 1851 4163 quas
1880 4093 2124 4171 licentius

558 4166 716 4228 solito
739 4172 931 4226 dicitur
962 4169 1276 4224 Prudentius
1301 4167 1615 4233 produxisse
1651 4176 1741 4219 ant
1777 4166 2123 4233 corripuisse,

559 4261 586 4296 a
616 4240 999 4305 Chamillardo,
1028 4240 1258 4294 Cellario
1288 4247 1341 4291 et
1367 4237 1550 4290 Teolio
1580 4236 1858 4299 confectis,
1887 4236 2127 4305 qumdam

559 4313 813 4367 vocabula
854 4325 1156 4376 excerpam.
1210 4310 1260 4361 in
1310 4308 1503 4375 quibus
1553 4306 1603 4359 hi
1654 4315 1897 4359 auctores
1944 4314 2130 4358 contra

560 4396 870 4437 communes
918 4388 974 4434 et

561 4456 754 4507 dentur
775 4446 1042 4518 judicare}
1089 4446 1479 4504 Chamillardus
1500 4455 1562 4518 et
1585 4446 1804 4518 Teolius
1836 4453 2067 4518 notant,
2098 4460 2128 4498 a

561 4514 852 4578 Prudentia
891 4521 1113 4588 primam
1145 4519 1364 4588 produci
1407 4518 1459 4569 in
1492 4514 1648 4588 Duita
1704 4516 1754 4568 in
1788 4514 2002 4588 praefat.
2029 4515 2131 4588 lla-

562 4602 718 4647 mart.
748 4585 1022 4646 versfb'l:
1069 4585 1259 4653 Docet,
1303 4585 1484 4639 Duitas
1520 4586 1809 4653 discrepare
1851 4603 1881 4636 a
1925 4585 2125 4653 spiritu.

568 4663 727 4716 Vides
768 4676 975 4716 versum
1021 4665 1322 4719 senarium,
1366 4657 1455 4710 ubi
1501 4658 1803 4709 necessario
1844 4654 2131 4721 corripitur

563 4734 738 4797 prima
762 4732 814 4784 in
840 4731 1042 4783 Duitas.
1072 4730 1330 4784 Cellarius
1357 4727 1641 4779 secundam
1672 4726 1729 4797 in
1746 4727 1915 4793 magia
1945 4740 1976 4797 ξι
2002 4725 2131 4777 Pru-

565 4796 749 4854 dentio
779 4800 993 4866 produci
1022 4796 1392 4853 animadvertit
1419 4812 1556 4866 vers.
1586 4798 1655 4851 89
1683 4796 1774 4849 lib.
1807 4812 1821 4849 t
1857 4797 1906 4848 in
1938 4796 2085 4862 Sym.
2113 4810 2127 4847 :

566 4865 787 4923 Necnon
808 4868 1083 4922 Thessaliae
1108 4870 1426 4921 doctissimus
1460 4865 1545 4918 ille
1584 4866 1785 4933 magiae.
1836 4865 1949 4917 Non
1977 4866 2130 4917 video

565 4949 742 4993 autem
783 4954 878 4993 cur
917 4938 1109 4991 debeat
1150 4938 1384 5004 corripi;
1436 4951 1556 4988 nam
1596 4934 1783 4989 Griece
1812 4944 1893 4988 est
1922 4940 2127 5004 μαγείας.

565 5024 743 5077 neque
786 5009 941 5061 aliam
992 5009 1334 5077 quantitatem
1373 5005 1532 5077 vulgo
1561 5005 1797 5077 indicant
1844 5005 2131 5077 scriptores

568 5072 848 5147 prosodiae.
902 5072 1043 5132 ldeut
1072 5075 1333 5130 Cellarius
1378 5076 1429 5147 in
1477 5090 1631 5147 suum
1660 5074 1887 5147 i_ndi_cem
1917 5072 2133 5139 conjicit

566 5143 716 5203 homo
748 5149 912 5213 prima
944 5148 1196 5215 producta
1216 5185 1229 5209 ,
1278 5160 1341 5199 ex
1377 5145 1573 5215 hymno
1595 5144 1640 5215 5,
1662 5143 1959 5215 Peristeph.
1988 5157 2131 5196 vers.

564 5222 688 5274 157.
736 5219 811 5272 Ita
840 5214 978 5271 enim
1012 5217 1100 5270 ille
1129 5217 1256 5283 legit
1283 5233 1294 5267 :
1334 5215 1420 5268 Est
1463 5214 1592 5266 alter
1622 5214 1774 5265 homo
1804 5214 2128 5266 intrinsecus.

563 5290 671 5345 Sed
702 5304 821 5343 cum
856 5289 1001 5340 solus
1030 5286 1193 5340 Aldus
1225 5290 1293 5338 ita
1336 5286 1475 5338 hunc
1502 5299 1712 5336 versum
1744 5284 1996 5347 ediderit,
2031 5298 2134 5335 ca:-

564 5362 660 5413 teri
690 5358 817 5413 editi
845 5368 1077 5423 et-mss.,
1112 5354 1200 5408 Est
1228 5357 1376 5417 alter,
1401 5365 1471 5406 est
1497 5354 1829 5414 intrinsecus:
1861 5353 2134 5407 Fabricius

563 5446 714 5494 vero,
754 5429 916 5480 Homo
947 5430 1075 5481 alter
1101 5437 1171 5480 est
1201 5428 1525 5489 intrinsecus,
1571 5426 1747 5490 inepte
1778 5426 1917 5476 illam
1949 5423 2133 5476 lectio-

563 5516 687 5554 nem
718 5499 979 5567 praetulit,
1024 5498 1161 5551 nulla
1198 5496 1443 5567 adhibita
1466 5494 1692 5549 ratione.
1744 5494 2010 5567 Praeterea
2041 5506 2135 5567 cur

562 5570 616 5624 in
649 5563 875 5623 iambico
901 5569 1127 5621 ditnetro
1164 5566 1396 5620 secundo
1436 5566 1552 5619 loco
1589 5580 1694 5617 non
1728 5564 2013 5632 recipiatur
2045 5563 2136 5614 tri-

561 5639 835 5709 brachys?
884 5639 974 5693 Sic
1011 5638 1256 5709 lloratius
1283 5636 1319 5689 2
1362 5635 1545 5709 epod,
1586 5634 1772 5709 llidere
1810 5641 2136 5709 properantes

566 5703 790 5764 (tantum.
840 5709 894 5762 ln
928 5707 1195 5763 Prutlentti
1226 5720 1383 5760 versu
1431 5706 1552 5768 illo,
1598 5704 1684 5759 Est
1718 5705 1847 5761 alter
1880 5707 2027 5755 homo
2057 5703 2133 5752 iu-

2226 1888 2281 1941 in
2329 1886 2759 1959 antepenultima,
2809 1888 2945 1956 quod
2989 1889 3061 1941 ita
3093 1897 3202 1941 tum
3247 1890 3660 1960 pronuntiarent.
3720 1893 3797 1945 Di-

2222 1993 2435 2033 versam
2493 1979 2621 2032 olim
2688 1978 2851 2033 fuisse
2916 1980 3177 2034 rationem
3236 1979 3668 2049 pronuntiandi,
3717 1997 3799 2035 va-

2228 2068 2439 2138 riasque
2476 2069 2755 2123 doctorum
2801 2067 3083 2136 opiniones
3132 2085 3195 2122 ex
3245 2069 3574 2136 Quintiliano
3617 2071 3712 2125 lib.
3762 2087 3795 2135 t,

2228 2175 2348 2230 cap.
2380 2160 2435 2227 5,
2469 2160 2766 2217 discimus:
2803 2161 2869 2216 Ut
2896 2163 3115 2227 Atreus,
3155 2179 3302 2230 quem
3347 2162 3492 2217 nobis
3529 2164 3799 2218 viventibus

2228 2252 2509 2307 doctissimi
2554 2267 2697 2306 senes
2724 2262 2876 2306 acuta
2919 2254 3081 2319 prima
3129 2254 3295 2307 dicere
3328 2254 3581 2320 solebant,
3632 2266 3686 2307 ut
3727 2270 3798 2309 ne-

2229 2346 2445 2395 cessario
2466 2345 2685 2395 secunda
2714 2345 2885 2412 gravis
2922 2352 3068 2397 esset.
3096 2343 3171 2397 Ac
3209 2358 3394 2398 revera
3440 2344 3663 2399 Plautus
3700 2359 3799 2399 non

2229 2432 2401 2488 solum
2427 2434 2692 2503 dactylum
2718 2435 2840 2489 facit
2869 2434 3231 2499 Phaedromus,
3248 2436 3397 2503 cujus
3418 2451 3451 2487 ο
3473 2444 3559 2489 est
3578 2452 3610 2487 ο
3632 2450 3798 2504 maga,

2230 2526 2322 2581 sed
2373 2525 2533 2581 etiam
2576 2528 2921 2594 penultimam
2957 2528 3179 2597 corripit
3223 2529 3274 2580 in
3326 2526 3639 2599 Philippus,
3682 2529 3796 2598 quia

2231 2617 2514 2685 utrobique
2540 2618 2727 2672 Graece
2755 2617 3031 2683 scribitur,
3064 2628 3117 2673 et
3148 2619 3525 2687 pronuntiatur
3552 2634 3676 2675 cum
3714 2634 3798 2674 ac-

2231 2717 2391 2761 centu
2434 2707 2487 2761 in
2524 2707 2963 2776 antepenultima.
2993 2707 3083 2763 Sic
3113 2722 3176 2762 ex
3201 2724 3296 2762 usu
3319 2708 3539 2763 brevem
3573 2710 3797 2777 penultio

2232 2814 2373 2852 mam
2398 2798 2711 2865 proferimus
2733 2798 2783 2852 in
2799 2798 3102 2869 antiphona,
3125 2800 3370 2868 quamvis
3396 2816 3425 2853 θ
3449 2799 3666 2868 longum
3693 2802 3795 2865 sit;

2230 2901 2281 2943 et
2312 2889 2507 2952 ltalice,
2539 2887 2777 2953 Otranto,
2810 2888 3055 2954 Tarento,
3084 2889 3366 2959 llispanice
3384 2904 3517 2945 vero
3538 2888 3803 2943 Fromesta

2231 2982 2480 3045 dicimus,
2513 2988 2738 3034 accentu
2771 2978 2823 3032 in
2855 2981 3270 3049 antepenultima
3298 2982 3577 3035 collocato.
3606 2980 3677 3033 Ex
3702 2980 3796 3033 hac

2236 3071 2415 3140 regula
2466 3070 2649 3139 plures
2705 3068 3061 3125 defenduntur
3110 3071 3329 3140 syllaba
3385 3072 3438 3125 in
3492 3069 3795 3129 Prudentia.

2234 3178 2450 3225 eremus,
2479 3162 2758 3231 phrenesis,
2790 3162 3005 3226 idolum,
3038 3163 3225 3229 poesis,
3270 3162 3533 3225 mathesis,
3573 3160 3792 3215 secundi

2239 3262 2481 3321 correpta
2510 3262 2736 3316 ;coutra
2769 3253 3019 3321 produxit
3058 3254 3076 3306 i
3118 3254 3169 3306 in
3214 3253 3415 3319 sophia,
3460 3254 3585 3321 quia
3621 3253 3801 3308 erca

2232 3345 2460 3408 acuitur,
2490 3354 2545 3396 ut
2566 3358 2705 3397 nunc
2725 3344 2911 3398 eadem
2935 3344 3156 3408 ratione,
3181 3353 3235 3399 et
3253 3345 3322 3398 ob
3342 3343 3791 3404 consuetudinem,

2236 3435 2383 3487 multi
2412 3432 2690 3501 proferunt
2718 3434 2926 3503 longam
2952 3434 3238 3489 secundam
3269 3434 3322 3487 in
3367 3435 3620 3498 Andreas,
3662 3431 3791 3487 Muto

2235 3526 2390 3593 thias,
2424 3526 2559 3579 idea.

2303 3617 2428 3673 939.
2453 3619 2686 3674 Tertiam
2718 3620 2955 3690 regulam
2985 3629 3179 3672 statuo.
3207 3617 3376 3671 Multa
3401 3629 3520 3672 sunt
3542 3632 3652 3686 qua!
3672 3615 3791 3668 Pra-

2237 3714 2396 3768 dentii
2436 3713 2753 3781 aliorumque
2795 3710 3069 3780 et'qualium
3101 3709 3401 3761 auctoritate
3450 3707 3657 3777 defendi
3688 3720 3795 3772 pos-

2240 3814 2377 3869 sunt,
2411 3813 2516 3857 tum
2548 3804 2768 3856 maxime
2792 3817 2905 3854 cum
2927 3800 3274 3869 antiquiorum
3302 3798 3540 3867 exempla
3574 3797 3647 3851 vel
3677 3811 3793 3865 prir-

2240 3906 2384 3967 cepta
2407 3894 2664 3948 contraria
2710 3909 2812 3946 non
2859 3892 3081 3946 obstant.
3130 3892 3285 3962 Sa'pe
3326 3890 3648 3946 Prudentius
3683 3906 3709 3943 e
3743 3886 3789 3941 in

2233 4094 2478 4149 trinsecus
2509 4093 2684 4147 hiatus
2712 4103 2856 4149 esset
2897 4091 3294 4153 admittendus.
3335 4089 3425 4156 qui
3462 4103 3638 4159 neque
3671 4087 3784 4141 Pru-

2233 4166 2436 4228 dentio,
2471 4178 2641 4229 neque
2670 4163 2788 4217 aliis
2819 4163 3064 4218 insolitus
3089 4170 3191 4215 est.
3239 4160 3455 4215 Teolius
3483 4175 3516 4213 e
3545 4174 3638 4212 sua
3664 4170 3781 4229 penu

2234 4237 2405 4289 solum
2437 4228 2603 4295 addit,
2632 4235 2822 4287 excitus
2849 4232 3080 4286 secunda
3114 4231 3283 4296 brevi,
3312 4231 3513 4299 hymno
3533 4230 3568 4281 3
3590 4228 3783 4299 Perist“

2234 4321 2375 4359 vers.
2398 4304 2465 4359 96
2489 4322 2501 4356 :
2536 4294 2742 4356 Talibus
2772 4306 2962 4357 excitus
2992 4304 3042 4354 in
3067 4303 3246 4371 furias,
3270 4294 3323 4353 et
3342 4294 3631 4371 noverimus

1019 4365 1354 4457 pervulgatas
1394 4377 1775 4457 tegulas_artis
1806 4376 2025 4457 poeticae
2054 4376 2131 4427 vi-
2159 4398 2208 4457 ι)
2238 4376 2489 4457 producat
2520 4376 2569 4427 iu
2605 4374 2758 4453 prter.
2792 4373 3012 4457 Psyclt...
3043 4365 3186 4451 vers.
3217 4371 3290 4457 58‘
3309 4387 3322 4423 :
3358 4368 3599 4457 Possint,

2235 4434 2522 4498 noverimus
2550 4434 2783 4511 mystica.
2828 4434 2896 4497 Αἰ
2938 4444 3006 4496 de
3034 4442 3227 4495 excitus
3260 4440 3452 4494 docent
3483 4434 3779 4511 grammatici

2236 4530 2393 4583 pos-e
2423 4529 2541 4568 esse
2569 4506 2653 4566 vc!
2683 4514 2749 4567 ab
2777 4513 2942 4577 excio,
2987 4521 3042 4566 et
3078 4521 3339 4583 tum‘esse
3368 4508 3658 4583 secundum
3692 4506 3778 4583 lon-

2234 4576 2352 4653 gam
2376 4604 2389 4651 ;
2415 4585 2495 4638 vel
2526 4584 2594 4636 ab
2621 4584 2811 4646 eacieo,
2843 4594 2895 4636 et
2916 4594 3023 4634 tum
3055 4594 3174 4635 esse
3198 4579 3413 4653 brevem
3425 4597 3458 4653 _:
3486 4579 3611 4633 hinc
3629 4576 3776 4653 εεᾴω.

2235 4646 2443 4708 Excitas.
2487 4655 2557 4707 lta
2586 4654 2746 4707 etiam
2776 4653 2996 4721 percitus
3026 4661 3080 4705 et
3109 4651 3383 4721 concituss
3425 4648 3504 4702 De
3529 4646 3778 4721 noverint”

2236 4727 2443 4779 inm-ent
2480 4726 2650 4777 adhuc
2690 4714 2965 4777 memoriae
2989 4720 3239 4775 versiculi
3270 4719 3420 4773 Artis
3448 4714 3777 4787 grammatica:

2234 4797 2319 4852 Jo.
2348 4794 2597 4849 Ludovici
2627 4794 2691 4847 de
2720 4793 2768 4846 la
2782 4792 2949 4846 Corda
2978 4790 3079 4846 sub
3106 4789 3469 4845 Nebrissensis
3498 4790 3725 4843 nomine:

2422 4949 2477 4995 lii
2515 4948 2805 5008 coniunctivi
2844 4946 3028 5005 poterit
3049 4947 3239 4992 variare
3264 4944 3448 5008 poesis,

2418 5010 2590 5059 Orator
2607 5007 2784 5071 patrne
2806 5008 3000 5057 ductum
3024 5019 3090 5055 ne
3110 5007 3352 5067 spreverit
3372 5017 3540 5054 usum.

2238 5140 2313 5191 Ae
2344 5150 2528 5190 revera
2554 5133 2790 5203 plerique
2812 5131 3033 5203 HiSpani
3057 5131 3107 5203 in
3136 5129 3379 5183 oratione
3408 5129 3577 5182 soluts
3597 5140 3653 5203 tu
3674 5120 3775 5177 sub-

2233 5207 2459 5276 jnnctivi
2484 5195 2802 5276 producunt.
2830 5195 3080 5276 Nonnulli
3104 5210 3314 5276 veteres
3336 5195 3654 5276 grammatici
3672 5208 3775 5276 con:

2239 5268 2507 5338 sentiunt,
2555 5273 2899 5342 penultitnam
2930 5270 3248 5342 subjttnctivi
3284 5268 3448 5342 ntodi_
3471 5270 3522 5321 in
3559 5278 3697 5342 atatis
3728 5270 3774 5315 et

2239 5362 2376 5401 ams
2406 5332 2525 5399 esse
2556 5332 2762 5412 longam
2790 5361 2802 5394 :
2842 5332 3082 5412 Vossiuin
3113 5340 3274 5412 etiam
3317 5348 3372 5393 et
3397 5332 3772 5412 Emmanuclent

2239 5419 2465 5471 Alvarcz
2499 5416 2549 5468 in
2579 5400 2696 5467 eam
2725 5412 3043 5465 sententiam
3074 5410 3330 5462 inclinare
3360 5408 3549 5462 alicabi
3580 5403 3684 5472 legi.
3723 5400 3772 5472 lli

2243 5469 2450 5551 putant,
2484 5486 2798 5538 necessitate
2831 5482 3045 5534 metrica
3080 5469 3643 5551 corripigpeuultimani
3668 5469 3774 5550 sub-

2236 5548 2457 5625 jnnctivi
2489 5555 2628 5609 modi
2663 5553 2723 5625 in_
2748 5566 2900 5625 ulnus
2929 5561 2986 5625 et
3011 5564 3169 5625 ams.
3224 5549 3301 5601 Ad
3337 5548 3773 5625 Prudentitnn'vin:

2240 5606 2785 5679 itii-landumabundat
2817 5622 2930 5674 hmo
2957 5620 3229 5679 defensio;
3274 5633 3446 5685 neque
3475 5612 3692 5683 exempla
3719 5606 3774 5661 ad

2245 5698 2455 5765 regu‘as
2484 5692 2869 5753 conﬁrmandos
2900 5700 3023 5745 sunt
3053 5690 3377 5748 necessaria.
