3998 6182
255 309 356 365 729

1639 304 2160 369 PROLECOMENA.

2728 251 2831 265 ερον.

3397 317 3507 373 730

250 422 534 477 imbecillus
557 424 835 496 corripuit.
866 423 973 480 Cur
1005 423 1413 493 reprehenditur
1451 440 1479 479 a
1512 426 1699 482 V'ossio
1728 426 1823 480 lib.
1852 422 1903 481 Α
1930 425 2128 493 corripi
2165 422 2399 492 potuisse
2433 442 2465 479 u
2494 425 2718 494 primum
2767 427 2823 481 in
2872 426 3114 496 lugubre;
3156 426 3303 496 quod
3340 428 3499 483 etiam

249 534 283 571 ιι
312 517 581 582 Gratum,
614 532 735 585 cap.
767 518 856 585 Π,
882 515 1246 574 Chamillardo
1267 519 1494 589 aliisque
1514 522 1539 579 ?
1558 520 1686 575 Nam
1717 521 1817 574 im-

244 607 485 661 becillunt
530 608 788 663 formatur
825 623 855 662 a
902 610 1081 661 baculo
1126 625 1220 663 seu
1256 611 1473 675 bacillo,
1521 612 1671 680 quasi
1702 611 1819 664 sine

245 699 456 753 baculo.
492 699 702 764 Dicunt,
737 700 1011 753 Horatium
1044 711 1093 753 et
1131 701 1431 755 Lucretium
1479 702 1531 754 in
1562 701 1816 755 hexame-

244 788 340 842 tris
368 789 711 856 produxisse.
747 794 813 843 At
835 792 885 843 in
911 790 1233 843 hexametris
1256 791 1573 845 necessitate
1598 792 1815 845 metrica

241 878 427 931 debuit
459 879 703 945 produci.
750 880 1280 947 Itaque‘Becmanus,
1324 881 1390 935 de
1428 881 1631 949 Origin.
1686 881 1813 950 ling.

243 970 381 1031 Lat.,
413 970 581 1023 verbo
608 968 853 1035 Baculus,
884 971 1061 1035 potius
1101 978 1320 1025 accusat
1357 971 1653 1035 lloratium,
1675 973 1815 1039 quod

242 1060 547 1125 posthabita
585 1061 795 1128 origine
838 1060 1172 1126 produxerit,
1206 1062 1306 1113 nisi
1330 1076 1537 1113 excuses
1568 1077 1655 1128 per
1682 1062 1815 1130 [igne

238 1167 371 1216 ram,
402 1151 567 1219 qualis
598 1151 651 1203 in
697 1150 967 1218 relliquias,
1018 1151 1427 1219 exemplumque
1484 1152 1639 1221 182
1683 1150 1818 1204 Pru-

236 1246 403 1301 dentii
435 1254 488 1299 et
518 1246 558 1300 1.
589 1246 650 1299 C.
685 1243 962 1314 Scaligeri,
992 1247 1079 1312 qui
1111 1246 1505 1314 corripuerunt,
1546 1242 1810 1311 producit.

236 1339 292 1391 ln
324 1336 604 1390 involucris
631 1353 662 1387 u
692 1335 949 1402 corripuit
980 1335 1320 1388 Prudentius.
1374 1334 1485 1388 Cur
1520 1333 1810 1401 reprelien-

236 1429 378 1481 ditur
404 1427 427 1479 ?
460 1427 627 1481 Aiunt
673 1439 795 1480 esse
831 1426 897 1478 ab
927 1426 1237 1491 involutum,
1266 1436 1319 1478 et
1346 1424 1687 1478 Prudentium
1719 1424 1816 1476 de-

236 1527 451 1586 reptum
477 1557 493 1581 ,
543 1518 692 1587 quasi
733 1517 999 1586 putaverit
1044 1530 1162 1571 esse
1200 1530 1229 1569 a
1282 1517 1521 1569 volucris.
1579 1514 1723 1582 Quid
1766 1514 1810 1567 si

234 1607 515 1661 derivetur
545 1606 613 1659 ab
657 1606 857 1658 involvo
891 1645 906 1669 ,
955 1614 1013 1657 ut
1062 1604 1308 1658 nonnulli
1345 1603 1705 1673 suspicnntur,
1757 1610 1813 1656 et

233 1700 447 1752 dicatur
477 1695 800 1750 involucrum
834 1695 983 1764 quasi
1011 1695 1377 1759 involvucrum,
1406 1694 1602 1750 extrito
1623 1710 1650 1746 v
1678 1709 1811 1748 con-

232 1796 464 1841 sonante
505 1785 623 1858 (a)?
664 1786 734 1840 At
779 1785 1097 1839 involucrum
1125 1784 1324 1840 dictum
1368 1787 1435 1839 ab

232 1879 538 1931 involvendo
551 1890 667 1931 com
676 1874 860 1944 probat
887 1876 968 1929 Iso
991 1877 1043 1929 in
1066 1875 1263 1944 glossis
1282 1876 1346 1929 ad
1370 1890 1511 1930 vers.
1531 1875 1600 1929 56
1628 1875 1810 1945 hymni

231 1970 267 2023 5
293 1967 479 2032 Catli.,
514 1965 597 2021 Ne
634 1974 864 2019 sanctum
893 1965 1166 2019 involucris
1200 1966 1448 2034 pollueret
1476 1968 1664 2019 locum.
1697 1964 1813 2019 Cal-

234 2057 513 2110 ceamentis
533 2073 566 2110 a
588 2056 851 2110 volvendo.
879 2055 1002 2109 llaec
1020 2055 1169 2123 origo
1188 2055 1403 2126 quidem
1426 2057 1553 2110 mihi
1578 2071 1682 2111 non
1708 2057 1813 2125 pla-

236 2158 322 2202 cct
354 2165 368 2200 :
413 2148 510 2203 sed
550 2145 880 2204 consuetudo
916 2155 1158 2201 veterum
1188 2155 1333 2203 certa
1355 2157 1459 2213 est,
1493 2154 1552 2201 ut
1574 2148 1813 2216 corripe-

235 2246 356 2293 reut
382 2241 547 2292 etiam
576 2240 928 2302 simulacrum,
966 2239 1247 2307 lavacrum,
1274 2238 1416 2308 quod
1447 2253 1513 2293 ex
1550 2238 1813 2305 PrOSpero

233 2334 555 2402 Aquitanico
592 2332 823 2402 aliisque
851 2333 1039 2387 incerti
1072 2333 1308 2387 auctoris
1334 2332 1579 2386 versibus
1622 2329 1811 2383 Fabri-

234 2424 352 2477 cius
379 2423 635 2478 observat
666 2425 717 2476 in
748 2424 855 2477 ind.
886 2432 1029 2493 poet.
1063 2423 1263 2477 Christ.
1293 2422 1374 2477 Cl.
1402 2422 1619 2477 Teolius
1650 2431 1810 2476 testa-

236 2525 342 2581 tur,
372 2516 515 2584 apud
550 2516 610 2569 S.
642 2515 960 2585 Prusperum
991 2530 1156 2573 carm.
1186 2515 1254 2570 de
1284 2514 1505 2584 ingratis
1532 2527 1814 2568 occurrere

235 2608 517 2661 involucris
542 2592 833 2678 penultima
860 2620 1105 2675 correpta
1138 2624 1153 2662 :
1195 2606 1346 2662 locus
1385 2605 1513 2660 mihi
1553 2604 1811 2674 qurerenti

238 2712 347 2750 non
369 2698 627 2751 occurrit.
656 2697 715 2749 In
739 2706 875 2750 vett.
903 2698 1059 2751 codd.
1094 2697 1303 2764 reperio
1332 2697 1588 2764 scriptum
1620 2696 1815 2747 involu-

236 2794 343 2859 σία,
375 2790 529 2859 quasi
559 2790 627 2842 ab
671 2791 1038 2844 involuculum.
1076 2789 1322 2843 Notatum
1352 2789 1419 2842 ab
1451 2788 1571 2842 aliis
1597 2803 1698 2839 nou
1730 2787 1810 2839 itt-

235 2882 423 2947 veuio,
457 2879 801 2934 Prudentium
832 2880 1156 2947 corripuisse
1184 2896 1217 2931 u
1258 2880 1489 2945 primum
1528 2879 1579 2930 in
1612 2876 1814 2945 lugubri

234 2988 385 3027 vers.
408 2975 476 3028 79
508 2972 691 3041 hymni
711 2970 777 3025 9:
808 2969 903 3025 Sol
928 2972 1134 3042 refugit,
1157 2980 1203 3023 et
1229 2968 1429 3038 lugubri
1448 2968 1687 3022 sordidus
1712 2967 1817 3035 [cr-

235 3065 442 3129 rngine.
494 3062 694 3116 Contra
747 3061 1219 3130 suntoptimorum
1254 3070 1527 3129 poetarum
1550 3059 1813 3126 exempla,

1924 514 2185 582 corripuit
2220 518 2280 569 ὃ.
2317 514 2579 571 Damasus
2606 518 2660 572 in
2688 519 2929 573 versibus
2956 516 3029 571 de'
3054 518 3112 573 S.
3144 520 3349 587 Agnete
3378 533 3392 570 :

1986 647 2129 715 Fama
2146 648 2303 699 refert
2320 657 2511 715 sanctos
2526 651 2705 701 dudum
2742 650 2938 703 ﬂevisse
2962 662 3192 715 parentes

1982 709 2174 770 Agnen,
2202 725 2310 759 cum
2334 713 2570 774 lugubres
2594 722 2762 763 cantus
2784 717 2900 763 tuba
2923 709 3289 778 concrepuisset
3314 714 3405 777 (lt).

1924 830 2039 885 lluc
2071 830 2183 886 fere
2213 834 2455 887 revocari
2490 843 2713 902 possunt
2746 835 2798 889 in
2825 835 3118 891 Prudentio
3145 834 3359 906 prapola
3388 835 3498 904 pri-

1920 940 2002 977 ma
2036 925 2290 992 producta
2322 925 2462 995 (qua:
2508 940 2610 981 vox
2657 928 2811 982 abest
2847 928 2916 981 ab
2955 928 3217 983 indicibus
3254 927 3496 983 Cbamil-

1920 1015 2073 1073 lardi,
2103 1025 2150 1068 et
2177 1015 2435 1085 Ccllarii),
2462 1017 2690 1084 berillus,
2720 1019 3134 1083 calceamentum,
3155 1019 3257 1082 cui,
3282 1017 3496 1088 pugilla-

1918 1108 2009 1165 ris,
2044 1108 2237 1172 frustra
2260 1125 2292 1159 a
2319 1109 2486 1174 brevi,
2512 1110 2707 1178 dispar,
2737 1127 2920 1181 ganeo,
2962 1112 3153 1180 impar,
3208 1109 3492 1181 Pyreneus,

1918 1197 2199 1262 delibutus,
2246 1201 2630 1271 smaragdinus,
2672 1204 2948 1265 charisma,
2995 1202 3283 1269 redimitus,
3326 1217 3491 1271 quan-

1917 1304 2075 1356 quam
2108 1289 2159 1343 in
2183 1290 2450 1344 redimitus
2477 1306 2596 1345 cum
2625 1294 2818 1361 szrpius
2847 1294 2865 1346 i
2896 1295 3121 1361 primum
3150 1292 3488 1361 corripuerit,

1917 1378 2081 1432 semei
2111 1387 2313 1433 tantum
2346 1381 2499 1449 183
2526 1381 2855 1449 produxerit,
2890 1383 2941 1436 in
2974 1382 3132 1436 codd.
3162 1396 3257 1450 pro
3282 1396 3490 1433 corona-

1919 1478 2001 1520 tus
2031 1468 2308 1537 irrepsisse
2349 1472 2617 1523 redimitus
2641 1514 2655 1538 ,
2703 1471 2841 1525 haud
2893 1472 3023 1525 levis
3048 1482 3127 1525 est
3156 1471 3489 1539 conjectura.

1924 1558 1977 1610 lu
2012 1558 2220 1612 berillus
2264 1576 2291 1613 e
2339 1559 2599 1626 corripuit
2641 1563 2804 1616 etiam
2831 1561 3123 1615 Venantius
3167 1560 3491 1615 Fortunatus

1917 1649 2008 1703 lib.
2043 1665 2101 1704 ιιι
2125 1648 2342 1707 νὶιωδ.
2377 1653 2588 1706 Martini
2624 1670 2637 1704 :

1472 1785 1670 1839 ίηυοιυο
1701 1784 1812 1838 sive
1843 1782 1889 1843 Β
1974 1761 2093 1821 Quae
2115 1761 2238 1824 palla
2264 1775 2323 1813 ex
2344 1763 2563 1813 humeris
2585 1765 2739 1812 mixto
2763 1764 3087 1827 Chrysoprase
3105 1760 3293 1814 berillis

1919 1862 1991 1916 ita
2023 1863 2159 1931 lego.
2186 1864 2287 1917 Alii
2313 1864 2485 1931 male,
2535 1865 2693 1919 mixto
2731 1864 3109 1934 Chrysopraso,
3162 1863 3250 1920 vel
3295 1861 3516 1932 Chryso-

1928 1956 2295 2025 prasoberillis.

1985 2047 2110 2102 2H).
2163 2046 2362 2111 Quarta
2409 2055 2492 2101 est
2544 2046 2751 2116 regula.
2818 2044 2885 2101 In
2937 2044 3226 2099 nominibus
3269 2043 3489 2114 propriis

1915 2154 2101 2209 magna
2131 2137 2226 2207 fuit
2252 2146 2473 2192 veterunt
2502 2148 2766 2208 poetarum
2788 2136 3015 2203 licentia,
3064 2138 3171 2190 sive
3214 2136 3335 2203 quia
3363 2149 3491 2201 quo-

1924 2230 2161 2282 rumdam
2188 2237 2296 2282 erat
2322 2229 2517 2297 Opinio,
2560 2244 2853 2283 communes
2899 2244 3071 2282 eorum
3112 2244 3220 2283 esse
3265 2226 3514 2297 syllabas;

1913 2322 2016 2374 sive
2044 2320 2262 2373 aliorum
2287 2320 2557 2389 exemplo:
2592 2320 2751 2372 multo
2788 2335 2905 2372 vero
2925 2318 3086 2387 magis
3116 2318 3170 2371 in
3208 2316 3492 2370 nominibus

1913 2426 2028 2478 qua:
2054 2427 2085 2463 a
2114 2410 2344 2482 gentibus
2370 2411 2557 2463 exteris
2613 2419 2659 2463 et
2716 2409 2944 2462 barbaris
2988 2408 3322 2479 accipiebant.
3381 2407 3491 2460 lluc

1918 2503 2185 2567 pertinent
2208 2501 2532 2572 Allophylns,
2558 2500 2916 2567 Lactedemon,
2939 2499 3491 2571 Pyreneus,Cyaneus,

1917 2596 2187 2662 Sardinia,
2245 2596 2595 2665 Asclepiades,
2639 2593 2969 2656 Hadrianus,
2999 2592 3202 2657 Arrius,
3238 2589 3492 2653 Marcion,

1917 2687 2248 2750 Marcionita,
2277 2685 2442 2747 Iesus,
2475 2696 2528 2741 et
2554 2685 2657 2739 alia
2692 2685 2913 2739 llebrma
2940 2725 2955 2751 ,
2989 2696 3290 2753 quanquam
3316 2695 3379 2734 ex
3413 2678 3494 2731 bis

1915 2781 2066 2847 p’ura
2113 2787 2334 2846 possunt
2372 2778 2478 2829 alia
2511 2787 2556 2830 et
2584 2777 2783 2829 meliori
2822 2775 3024 2828 ratione
3044 2772 3274 2836 defendi,
3302 2782 3357 2824 ut
3387 2768 3493 2823 Ila-

1917 2871 2162 2933 drianus,
2195 2869 2528 2934 Marcionita,
2566 2867 2705 2922 Iesus
2742 2882 2834 2936 per
2863 2866 3174 2936 syntcresin.
3208 2863 3333 2918 Scio
3360 2875 3494 2915 non-

1918 2978 1988 3015 ιιιι
2016 2962 2096 3014 los
2126 2972 2311 3028 poetas
2334 2960 2546 3013 veniam
2585 2958 2814 3027 praefari,
2866 2972 2986 3013 cum
3015 2958 3230 3010 nomina
3276 2955 3491 3022 propria

1923 3052 2172 3116 efferunt,
2205 3061 2388 3104 contra
2419 3067 2578 3120 quam
2613 3052 2864 3105 usitatum
2889 3048 3211 3119 syllabarum
3240 3045 3495 3101 interval.

234 3168 288 3211 et
322 3156 373 3208 in
406 3154 565 3225 lugeo
594 3171 628 3206 u
660 3162 743 3206 est
781 3153 1018 3221 longum.
1058 3150 1409 3207 Nihilominus
1436 3164 1557 3204 cum
1587 3148 1818 3219 sylfaba-
1847 3136 1892 3197 C
1929 3145 2033 3199 lum
2057 3144 2276 3210 exigere
2297 3143 2539 3196 videatur
2568 3143 2664 3211 (ε).

234 3262 361 3302 sum
385 3244 741 3315 quarumdam
767 3243 915 3297 varia
936 3243 1110 3303 fuerit,
1132 3251 1186 3297 et
1205 3240 1504 3296 communis
1528 3240 1814 3309 quantitas,

233 3346 291 3390 et
313 3350 459 3406 saepe
481 3334 720 3389 derivata
751 3331 1019 3387 declinent
1046 3345 1075 3384 a
1104 3345 1198 3384 sua
1224 3330 1452 3399 origine,
1498 3345 1603 3383 non
1634 3328 1814 3383 statim

234 3427 447 3481 erroris
475 3424 779 3494 arguendos
799 3433 880 3478 est
913 3422 1247 3487 Prudentius,
1273 3421 1366 3476 sed
1396 3420 1476 3477 vel
1497 3420 1612 3489 ejus
1634 3435 1819 3477 exeni-

234 3520 330 3590 plo
352 3517 567 3573 defendi
601 3515 812 3585 poterit,
861 3514 1042 3568 saltem
1085 3529 1144 3568 eo
1174 3524 1397 3584 tempore
1438 3529 1537 3583 quo
1584 3515 1811 3586 scripsit,

314 3740 394 3807 tu)
428 3738 717 3794 Ricciolius
752 3737 806 3793 in
840 3735 1070 3807 Syllabis
1115 3732 1477 3807 controversis
1516 3734 1585 3807 ita
1622 3732 1810 3807 defen-

240 3811 329 3863 dit
372 3802 716 3865 Prudentiqu
756 3827 769 3862 :
819 3802 920 3871 Qui
957 3815 1135 3872 putant
1176 3806 1386 3873 formari
1428 3804 1489 3856 ab
1525 3802 1809 3857 involutunt

231 3890 533 3934 succensent
582 3879 864 3934 Prudentia
905 3878 1232 3939 penultimant
1276 3874 1599 3942 corripienti;
1641 3876 1731 3927 sed
1765 3875 1810 3925 si

232 3952 621 4021 quamprimum
661 3949 873 4021 formari
902 3956 1061 4021 potest
1087 3946 1165 4021 _ab
1213 3945 1433 4005 involvo,
1483 3952 1537 3995 ut
1578 3960 1610 3996 a
1650 3944 1809 4021 mola,

232 4016 545 4085 ἐποίσει-απτ,
573 4029 620 4071 et
651 4016 681 4071 ὰ
709 4016 910 4085 pollue,
934 4016 1244 4085 pollubrum,
1277 4032 1377 4067 non
1402 4024 1476 4066 est
1500 4029 1697 4085 necesse
1721 4016 1811 4066 de-

231 4091 397 4144 rivari
428 4092 491 4143 ab
520 4082 823 4143 involutum.
860 4082 1035 4151 Neque
1061 4095 1163 4139 tam
1190 4100 1453 4153 perperam
1487 4083 1549 4135 de
1575 4082 1808 4135 Prudeno

233 4163 307 4213 tio
333 4160 752 4225 existimaverim,
800 4171 853 4211 ut
903 4168 1071 4225 putem
1094 4156 1431 4225 similitudine
1458 4155 1717 4225 deceptum
1751 4153 1814 4204 ab

232 4231 515 4299 adjective,
542 4224 834 4291 involucris,
867 4224 1004 4299 quod
1031 4225 1281 4299 signiﬁcat
1310 4224 1559 4299 tardum:
1592 4224 1692 4275 imo
1720 4240 1813 4299 po-

230 4294 337 4354 tius
369 4294 625 4369 hincejus
650 4294 937 4369 opinionem
966 4296 1291 4369 ﬁrmaverim,
1314 4295 1360 4369 si
1390 4294 1697 4369 involrtcrent
1728 4294 1813 4369 di.-

229 4382 373 4423 ctum
402 4365 628 4438 suspicer
650 4365 707 4421 eo
732 4370 865 4436 quod
896 4367 1203 4438 involucrem
1234 4366 1436 4427 reddat,
1470 4378 1618 4421 quem
1652 4365 1814 4415 iitt'ol-

228 4443 378 4493 rerit.
414 4437 521 4492 Sed
541 4440 648 4491 lucc
672 4454 808 4491 mera
832 4437 1050 4504 suspicio
1080 4447 1208 4489 esto.

304 4512 387 4579 (b)
418 4512 474 4562 In
507 4509 656 4579 palus
684 4523 805 4561 esse
834 4524 867 4559 ιι
907 4502 1122 4574 longum
1154 4505 1312 4579 etiam
1341 4502 1809 4579 grammaticorum

228 4572 480 4635 veterum
507 4572 707 4646 regulae
739 4579 975 4637 tradunt,
1002 4572 1144 4628 nunc
1170 4576 1289 4640 quia
1315 4575 1522 4646 scimus
1560 4572 1688 4627 illud
1715 4589 1813 4641 po-

226 4652 398 4704 situm
428 4644 591 4704 breve
613 4651 681 4704 ab
707 4648 920 4701 Horatio
952 4650 1003 4698 in
1027 4649 1155 4700 Arte
1187 4644 1414 4713 poetica,

322 4762 484 4823 Regis
507 4747 628 4823 Opus
649 4759 890 4811 sterilisve
916 4760 996 4807 diu
1024 4759 1175 4827 palus,
1204 4763 1416 4820 aptaque
1441 4759 1608 4818 remis,

228 4882 529 4921 commune
554 4878 676 4919 esse
708 4862 975 4931 prosodiae
1008 4870 1253 4915 auctores
1284 4862 1500 4916 docent.
1534 4864 1641 4917 Fac
1692 4877 1814 4927 prr-

224 4940 363 4992 isse
409 4937 555 4989 illum
580 4932 780 4988 Horatii
818 4931 1431 4987 versunizdamnaretur
1461 4934 1811 5000 Prudentius,

224 5011 422 5074 cjusve
454 5010 707 5073 a'quales,
764 5005 851 5069 qui
894 5018 955 5054 ea
1000 5002 1202 5074 syllaba
1241 5004 1386 5056 brevi
1427 5004 1508 5056 usi
1559 5004 1808 5069 fuissent,

224 5073 484 5146 quamvis
530 5076 873 5129 lloratianum
924 5087 1137 5125 versum
1186 5073 1285 5146 ipsi
1338 5075 1619 5146 vidissent.
1671 5076 1811 5137 Quot

223 5142 475 5201 carmina
523 5145 860 5211 antiquorum
913 5152 1186 5209 poetarum
1236 5144 1425 5213 legerit
1470 5142 1814 5209 Prudentius,

224 5234 356 5287 qua:
390 5216 545 5287 nobis
577 5213 999 5287 tempusinvidit
1025 5213 1037 5265 l

302 5287 383 5358 (c)
417 5284 723 5358 Ut_0vidius
754 5285 846 5338 lib.
880 5299 931 5358 tv
957 5283 1023 5334 de
1054 5282 1242 5347 Ponto,
1276 5282 1444 5352 elegia
1476 5283 1563 5347 12,
1588 5286 1674 5350 qui
1699 5283 1808 5335 Tu-

221 5355 464 5409 ticanum
493 5355 546 5408 in
578 5369 793 5408 versum
815 5355 997 5408 venire
1020 5367 1176 5421 posse
1207 5362 1387 5423 negat,
1411 5363 1463 5407 ct
1488 5364 1662 5408 tanien
1694 5370 1813 5409 cum

223 5429 428 5483 ludens
457 5426 537 5479 bis
570 5425 773 5479 inducit
808 5441 823 5477 :

286 5538 359 5588 lit
380 5536 576 5599 pudeat,
593 5538 633 5585 si
657 5542 707 5586 te
723 5548 821 5599 qua
844 5534 1022 5596 syllaba
1060 5544 1197 5596 parte
1217 5540 1451 5597 moratur,

359 5597 553 5647 Arctius
576 5597 841 5658 appellem.
879 5600 1269 5658 Tuticanumque
1293 5610 1480 5646 vocent.

292 5659 404 5709 Ner.
429 5668 568 5717 riotus
591 5662 637 5706 in
667 5673 858 5707 versum
876 5660 1098 5708 Tuticani
1122 5672 1256 5709 more
1284 5660 1474 5719 venire,

364 5720 472 5770 Fiat
497 5726 548 5769 ut
574 5733 600 5770 e
627 5719 763 5784 longa
786 5720 966 5777 syllaba
994 5722 1145 5783 prima
1166 5721 1347 5772 brevis.

1838 4432 1890 4491 D

1995 3232 2120 3287 2H.
2149 3232 2263 3287 Non
2295 3232 2480 3286 dubito
2509 3232 2635 3301 quin
2669 3242 2837 3299 roetm
2885 3230 3199 3299 plerumque
3248 3225 3492 3290 luseriut,

1922 3324 2046 3377 dum
2099 3323 2471 3377 difﬁcultatem
2524 3323 2754 3378 nominis
2802 3322 3002 3392 proprii
3042 3318 3411 3386 enuntiabant,
3438 3324 3499 3372 ut

1922 3412 2170 3468 Horatius
2188 3413 2351 3467 satira
2384 3412 2417 3467 5
2445 3431 2457 3465 :

1981 3523 2194 3574 Mansuri
2219 3523 2469 3587 oppidulo.
2492 3523 2622 3584 quod
2649 3536 2795 3574 versu
2816 3524 2985 3574 dicere
3008 3536 3104 3572 non
3124 3529 3220 3584 est,

1981 3735 2078 3784 Aut
2100 3742 2152 3785 ut
2174 3736 2404 3797 ducatur,
2429 3748 2539 3797 quae
2560 3747 2687 3786 nunc
2709 3736 2981 3796 correptius
3004 3737 3128 3797 exit,

2030 3796 2100 3863 Et
2118 3798 2184 3846 sit
2204 3796 2431 3863 porrecta
2450 3796 2596 3863 longa
2612 3800 2829 3848 secunda
2852 3809 2998 3845 mora.

1977 3856 2179 3919 llisetzo
2196 3856 2237 3906 Si
2262 3861 2388 3907 vitiis
2411 3856 2563 3906 ausim
2588 3871 2901 3919 corrumpere
2927 3869 3125 3917 nomen,

2046 3917 2225 3966 itidear
2249 3927 2301 3967 et
2318 3921 2493 3968 merito
2512 3928 2683 3980 pectus
2707 3917 2891 3968 habere
2916 3931 3095 3979 neger.

1920 4022 1985 4076 Et
2014 4021 2267 4077 Martialis
2295 4024 2345 4076 in
2378 4023 2595 4078 nomine
2622 4023 2850 4078 Earinus
2877 4038 2890 4074 :

2164 4132 2351 4181 Nomen
2379 4132 2562 4188 nobile,
2588 4132 2750 4188 molle,
2776 4133 3034 4181 delicatum

2164 4194 2319 4242 Versu
2345 4196 2510 4242 dicere
2537 4206 2631 4242 non
2658 4194 2762 4242 rudi
2794 4192 3031 4241 volebam.

2164 4256 2263 4303 Sed
2290 4264 2337 4304 tu
2362 4255 2542 4315 syllaba
2566 4262 2819 4303 contumax
2845 4265 3120 4317 repugnas;

2167 4317 2348 4366 Dicunt
2366 4330 2501 4377 unm
2520 4325 2678 4365 tamen
2705 4324 2883 4376 poeta),

2162 4378 2261 4426 Sed
2296 4376 2471 4434 GraeCi,
2492 4379 2667 4438 quibus
2691 4384 2767 4427 est
2792 4376 2908 4426 nihil
2934 4382 3179 4436 negatum,

2170 4439 2231 4488 Et
2250 4452 2371 4499 quos
2389 4447 2488 4501 ἅμς,
2507 4446 2591 4501 sm
2614 4440 2760 4488 decet
2780 4451 2972 4501 sonare.

2163 4500 2314 4549 Nobis
2338 4499 2429 4549 nou
2455 4499 2571 4548 licet
2591 4513 2701 4548 esse
2727 4508 2821 4547 tam
2845 4499 3060 4559 disertis,

2165 4562 2255 4621 Qui
2275 4575 2436 4609 musas
2456 4560 2655 4611 colimus
2678 4563 2970 4610 severiores.

1922 4685 2166 4738 Barthius
2217 4684 2310 4737 lib.
2350 4700 2473 4748 vni,
2519 4698 2637 4752 cap.
2679 4683 2779 4743 18,
2834 4681 3103 4737 levitatem
3148 4680 3405 4748 poeticam
3437 4684 3494 4742 in

1923 4756 1966 4809 Μ
1988 4756 2161 4808 ortiale
2190 4754 2592 4819 animadvertit,
2616 4752 2707 4821 qui
2734 4754 2826 4806 lib.
2858 4769 2872 4805 ι
2906 4753 3162 4822 epigratn.
3182 4752 3313 4822 7101.
3337 4753 3493 4822 (mihi

1924 4826 2069 4892 i05),
2104 4825 2185 4876 cui
2210 4840 2303 4890 per
2333 4825 2463 4877 duas
2492 4824 2681 4877 breves
2703 4821 3019 4889 pretulit,ct
3041 4821 3282 4892 eamdem
3309 4839 3494 4879 vorem

1923 4895 2345 4970 monosyllabum
2378 4896 2577 4962 posuit,
2607 4909 2728 4970 cum
2763 4894 2813 4970 i_u
2836 4893 3052 4970 _Gra-_cis
3079 4891 3352 4970 alibidpe;
3374 4893 3496 4970 ἄρας

1922 4963 2303 5033 reprehendat,
2336 4979 2504 5033 seque
2527 4980 2646 5017 cum
2682 4964 2880 5016 Latinis
2902 4963 3014 5018 suis
3049 4963 3348 5019 severiores
3374 4963 3493 5018 niu-

1922 5050 2009 5089 sas
2038 5037 2215 5088 colere
2248 5044 2505 5087 autumet.
2553 5033 2659 5088 Sed
2689 5034 2841 5087 valde
2878 5033 3062 5101 (ἰξενειι-
3086 5044 3169 5086 est
3217 5034 3496 5101 utrobique

1922 5109 2057 5159 ratio
2088 5123 2099 5156 :
2133 5106 2275 5159 aliud
2312 5105 2454 5157 enim
2486 5114 2566 5158 est
2601 5120 2630 5157 e
2670 5104 2874 5157 duabus
2905 5103 3174 5156 vocalibus
3204 5103 3494 5172 synmresin

1921 5176 2162 5238 efficere,
2185 5184 2276 5229 aut
2299 5174 2683 5241 diphthongum
2709 5175 2818 5226 sive
2840 5172 3160 5226 ordinariam
3186 5175 3296 5223 sive
3316 5182 3496 5224 extra-

1921 5246 2249 5299 ordinarium
2278 5245 2569 5299 dissolvere
2586 5261 2598 5305 ;
2614 5244 2754 5295 aliud
2775 5243 2999 5296 eamdem
3021 5244 3225 5293 omnino
3248 5242 3495 5310 syllabam

1924 5316 2082 5367 modo
2110 5317 2402 5381 corripere,
2430 5315 2588 5367 modo
2611 5314 2924 5379 producere.
2954 5313 3073 5365 Alio
3094 5309 3338 5379 exemplo
3366 5309 3496 5381 illar-

1925 5386 2066 5438 tialis
2084 5377 2270 5451 posset
2290 5386 2487 5437 rcvinci
2520 5400 2533 5436 :
2563 5377 2680 5433 nam
2708 5381 2878 5433 Latini
2914 5397 3106 5451 nomen
3138 5377 3336 5451 Mariis,
3356 5377 3495 5451 (ira-

1925 5448 2095 5516 divns,
2122 5456 2294 5506 solent
2317 5468 2347 5503 a
2366 5454 2478 5504 sive
2509 5451 2673 5511 brevi,
2699 5454 2809 5501 sive
2840 5452 2988 5518 longa
3020 5450 3230 5508 efferre.
3257 5450 3327 5501 uti
3349 5448 3495 5515 plura

1922 5526 2018 5577 alia
2051 5523 2294 5590 propria:
2320 5531 2465 5574 recte
2497 5520 2652 5588 igitur
2672 5519 2987 5587 procederet
3017 5520 3104 5574 hic
3132 5533 3347 5573 versus:

1982 5657 2178 5767 gemam
2205 5663 2400 5718 possunt
2425 5654 2705 5716 Gradivum,
2733 5655 2835 5705 sive
2861 5653 3124 5705 Gradivum

2029 5732 2179 5767 lCCTC.

2029 5732 2179 5773 ιςρΓρ,
