3998 6182
448 295 541 350 731

1856 278 2313 336 PllUDENTlUS.

3607 294 3696 330 tu:

452 405 589 472 nuod
617 445 634 468 ,
666 405 710 459 si
737 405 998 470 libuisset,
1025 403 1108 458 vel
1140 399 1377 466 licentia,
1413 397 1496 452 vel
1548 396 1870 452 necessitate
1916 409 2028 447 me-
2058 397 2106 452 Α
2138 392 2414 447 intervallo
2455 392 2734 446 brevitatis
2779 392 2860 446 vel
2915 390 3264 459 longitudinis
3324 389 3536 444 llebrari
3582 404 3703 442 suas

460 499 589 552 trica
622 497 942 552 intrusisset.
973 495 1239 551 Ausonius
1269 493 1425 561 epist.
1447 489 1517 544 20
1544 491 1609 542 ad
1646 487 1927 541 Paulinum
1951 485 2030 540 sic

456 587 647 653 incipit
680 603 692 636 :

510 673 712 724 Paulino
737 674 975 721 Ausonius
997 684 1010 719 :
1056 678 1265 720 metrum
1287 671 1359 716 sic
1377 668 1547 724 suasit,
1572 672 1626 714 ut
1651 677 1791 715 esses

571 733 643 783 Tu
670 737 814 794 prior,
836 743 885 782 et
910 747 1084 781 nomen
1110 732 1480 794 praegrederere
1507 741 1689 776 meum.

452 837 519 889 At
549 844 756 903 poterat
786 845 1010 888 metrum
1055 835 1368 892 consistere,
1399 831 1643 899 quamvis
1699 827 1843 895 prior
1887 835 2031 881 esset

458 924 727 991 Paulinus,
762 924 805 976 si
836 925 939 977 alio
968 925 1124 978 modo
1146 939 1329 977 versus
1367 915 1686 974 l'ormaretui'
1712 919 1811 988 (a).
1842 918 2035 970 Noster

457 1029 672 1082 quoque
704 1014 1024 1068 Prudentius
1057 1012 1254 1080 pariter
1283 1021 1511 1064 metrum
1551 1006 1706 1078 184
1743 1020 2034 1074 repugnare

459 1106 618 1168 dixit,
652 1121 721 1158 ne
745 1105 1139 1160 Saturninorum
1169 1119 1362 1158 nomen
1391 1100 1662 1169 Sapphico
1689 1097 1925 1151 carmine
1955 1096 2006 1148 in
2025 1125 2038 1136 -

457 1197 785 1260 eluderetur,
835 1211 978 1250 vers.
1024 1195 1149 1259 161,
1200 1194 1398 1264 hymno
1447 1192 1477 1245 ι
1521 1189 1756 1245 Perist.:
1802 1188 2036 1252 Quatuor

459 1290 690 1356 posthinc
722 1298 951 1354 superest
983 1289 1204 1341 virorum
1231 1285 1430 1337 Nomen
1453 1281 1654 1343 extolli,
1679 1289 1919 1333 renuente
1937 1295 2037 1330 me-

465 1391 565 1446 tro,
598 1380 738 1444 Quos
768 1379 1075 1432 Saturninos
1101 1386 1343 1430 memorat
1399 1384 1604 1427 vocatos
1645 1371 1828 1423 I’risca
1875 1380 2038 1423 vetns-

464 1483 540 1520 tas
565 1470 662 1540 (b).
724 1471 834 1523 lloc
881 1472 1050 1536 ipsum
1085 1477 1264 1521 tamen
1294 1467 1362 1518 ob
1401 1465 1632 1532 aliquam
1667 1462 2036 1514 dilticnltatem

463 1558 530 1611 ab
557 1573 621 1611 eo
652 1557 849 1610 dictum
882 1556 1141 1625 intelligo,
1177 1570 1282 1607 non
1329 1553 1467 1622 quod
1516 1567 1700 1606 versus
1741 1549 2040 1619 Sappliicus

465 1653 566 1704 boc
601 1651 760 1704 modo
792 1651 1054 1718 compingi
1090 1664 1194 1701 non
1225 1655 1402 1715 posset
1435 1659 1449 1699 :
1481 1643 1613 1699 Inde
1643 1644 1914 1698 Saturnini
1952 1642 2040 1693 ob-

2136 499 2292 539 voces
2322 483 2801 553 pronuntiaverint,
2835 492 2924 537 aut
2963 499 3026 538 ex
3076 483 3490 537 Massoretarum
3540 483 3704 535 disci-

2135 575 2272 642 plina
2302 575 2515 628 tradunt
2537 590 2656 630 esse
2679 590 2818 630 nunc
2839 575 3277 643 pronuntiandas,
3306 576 3340 629 ii
3369 575 3497 628 milii
3526 575 3708 629 viden-

2137 675 2221 720 tur
2244 667 2419 720 oleum
2470 677 2523 720 et
2569 681 2785 733 operam
2835 665 3082 734 perdere,
3117 680 3183 719 ne
3213 665 3387 719 dicam
3413 664 3706 731 jndaizare.

2135 757 2234 821 Qui
2261 756 2304 809 si
2328 755 2454 809 mibi
2480 756 2842 824 persuaserint
2864 756 3114 824 denique,
3145 757 3449 824 opinionem
3474 756 3543 808 R.
3564 756 3712 824 Moy-

2135 847 2209 899 sis
2239 845 2413 914 potius
2443 861 2604 914 quam
2646 846 2707 900 Β.
2761 845 3064 900 Salomonis
3103 846 3386 900 tenendam
3431 860 3593 910 esse;
3623 862 3714 896 vo-

2136 951 2250 991 cem
2277 937 2504 1005 aliquam
2542 937 2702 991 sCribi
2736 952 2830 1005 per
2865 936 3038 1004 chatef
3064 935 3266 1004 patach,
3292 935 3503 990 scilicet
3532 953 3564 987 a
3595 937 3715 988 bre-

2137 1028 2448 1088 vissimum;
2477 1037 2569 1080 aut
2597 1041 2690 1093 per
2713 1027 2916 1094 patacli,
2948 1025 3087 1094 quod
3114 1035 3196 1078 est
3215 1041 3247 1077 α
3274 1025 3465 1089 breve;
3501 1033 3595 1078 aut
3626 1040 3716 1090 per

2137 1116 2346 1176 kamets,
2374 1131 2564 1183 nempe
2590 1133 2621 1168 a
2651 1119 2898 1183 longum;
2931 1116 3188 1183 originem
3222 1117 3389 1184 magis
3431 1115 3716 1168 Ilehrmatn

2136 1221 2297 1274 quant
2340 1207 2620 1260 Arabicam
2676 1215 2768 1259 aut
2805 1207 3074 1274 Syriacam
3117 1204 3499 1258 attendendam
3548 1219 3719 1259 esse:

2139 1312 2282 1360 cum,
2314 1297 2555 1364 inquam,
2583 1296 2634 1350 id
2662 1297 3012 1357 obtinuerint,
3057 1306 3164 1349 tum
3211 1297 3347 1349 bona
3375 1310 3564 1350 eorum
3589 1311 3724 1364 pace

2141 1390 2500 1457 respondebo,
2549 1389 2709 1444 malle
2755 1405 2841 1443 me
2896 1389 3044 1456 sequi
3093 1389 3428 1453 Tertulliani,
3470 1387 3718 1449 Juvenri,

2144 1479 2438 1544 Prudentii,
2463 1479 2668 1534 Paulini
2704 1481 2858 1548 185
2880 1479 3213 1544 aliorumque
3239 1487 3478 1532 veterum
3505 1477 3722 1532 Patrum

2143 1573 2486 1634 sententiam,
2518 1572 2606 1641 qui
2645 1572 2727 1625 sui
2773 1572 2954 1625 δευουιί
3003 1581 3057 1624 et
3112 1571 3302 1638 lingua:
3353 1585 3561 1624 morem
3618 1585 3723 1622 non

2144 1663 2478 1730 ignorantes,
2507 1671 2598 1714 aut
2627 1662 3066 1715 consuetudinem
3104 1661 3447 1714 Hebraeorum
3479 1662 3723 1714 scierunt

467 1751 589 1794 eunt
618 1742 778 1795 securi
812 1741 1046 1805 Quatuor
1072 1756 1196 1801 una,
1221 1745 1314 1790 aut
1341 1735 1450 1788 alio
1477 1734 1662 1788 simili.
1696 1733 2039 1788 Prudentium
2073 1754 2118 1813 Β
2147 1763 2201 1807 ει
2231 1763 2700 1822 comcmpsemm’
2742 1761 2836 1806 aut
2887 1768 2953 1805 ne
3000 1763 3254 1806 curarum
3298 1753 3514 1821 quidem
3564 1753 3726 1811 scire.

467 1831 700 1884 imitatus
732 1842 814 1884 est
841 1829 1097 1886 Sidonius
1127 1827 1220 1880 lib.
1254 1843 1328 1891 IS,
1360 1826 1516 1892 epist.
1543 1824 1644 1878 16:

709 1939 824 1986 Post
847 1937 1153 1986 Saturninum
1174 1935 1281 1983 volo
1305 1936 1487 1996 plectra
1510 1941 1793 1993 cantent...,

716 2000 939 2058 Singulos
960 2011 1079 2058 quos
1103 2011 1226 2044 nunc.
1251 2000 1324 2056 pia
1352 1997 1662 2051 tumcupatim

712 2062 814 2107 Non
845 2061 1003 2107 valent
1032 2072 1174 2107 versu
1201 2059 1434 2106 cohibere
1455 2058 1622 2116 verba,

713 2123 844 2180 Quos
866 2129 1027 2170 tamen
1052 2119 1240 2168 chordae
1268 2125 1522 2176 nequeunt
1541 2129 1738 2178 sonare,

473 2227 492 2251 .
960 2181 1110 2230 Corda
1134 2181 1393 2230 sonabunt.

468 2285 624 2341 Plora
657 2285 898 2352 exempla
927 2285 1124 2338 similia
1145 2284 1298 2337 all'ert
1320 2282 1664 2348 Sirmondns,
1690 2297 1810 2352 pag.
1847 2282 1966 2346 103,
1991 2282 2044 2336 iu

471 2379 612 2431 notis
651 2379 716 2431 ad
753 2376 1050 2431 Sidonium.
1099 2378 1154 2430 ln
1193 2376 1435 2439 Sedulio,
1480 2378 1737 2440 Aratore,
1785 2375 2047 2429 Venantio

477 2467 792 2533 Fortunato,
825 2467 1117 2521 Prudentio
1137 2466 1346 2535 reperio
1375 2465 1629 2532 scriptum
1655 2479 1802 2519 more
1831 2465 2043 2531 Latino,

473 2559 676 2622 Arrius,
722 2562 952 2612 secunda
981 2568 1246 2626 correpta.
1275 2558 1382 2611 Cur
1408 2557 1458 2610 id
1486 2556 1606 2611 dam
1619 2557 1774 2612 nem?
1821 2555 1928 2611 Cnr
1955 2572 2047 2625 po-

475 2654 578 2704 tius
607 2665 944 2704 communem
975 2652 1042 2704 ita
1075 2649 1324 2719 loquendi
1356 2649 1795 2704 consuetudinem
1828 2664 1932 2702 non
1974 2649 2050 2701 la-

473 2740 628 2795 tear?
657 2739 945 2794 Christiani
974 2753 1144 2806 poene
1173 2739 1362 2808 majori
1394 2739 1605 2793 licentia
1633 2754 1789 2809 quam
1819 2747 2046 2804 veteres,

477 2834 690 2885 nomina
739 2832 950 2900 propria
999 2831 1217 2901 syllabis
1260 2830 1632 2884 communibus
1681 2843 1780 2899 pro
1829 2829 2050 2884 arbitrio

475 2921 910 2991 pronuntiabant,
947 2921 979 2975 ii
1010 2935 1138 2976 vero
1177 2922 1407 2974 maxime
1436 2921 1524 2990 qui
1559 2921 1727 2976 terrea
1765 2929 1924 2975 :etate
1954 2921 2038 2976 vel

480 3022 598 3082 post
624 3027 742 3067 eam
767 3012 1091 3068 scribebant.
1143 3013 1465 3068 Fortunatus
1492 3013 1586 3066 lib.
1614 3028 1732 3077 Vill,
1764 3028 1933 3068 carm.
1965 3015 1998 3068 4
2032 3029 2046 3066 :

537 3125 638 3173 llas
665 3128 793 3176 inter
816 3127 1021 3174 comites
1044 3127 1300 3187 conjuncta
1321 3125 1514 3175 Cesaris
1541 3125 1713 3188 fulget.

477 3229 593 3294 Quo
640 3243 798 3281 versu
847 3229 1017 3282 relato
1047 3230 1120 3282 ait
1166 3229 1414 3284 Barthius
1471 3230 1564 3284 lib.
1622 3244 1741 3285 vat
1801 3230 2048 3293 Advers.,

477 3334 596 3384 t-ap.
627 3320 660 3372 3
688 3338 699 3372 :
733 3319 1016 3372 Nominum
1038 3322 1362 3389 propriorum
1395 3337 1520 3374 cura
1546 3322 1794 3390 exigenda
1836 3340 1940 3375 non
1981 3330 2054 3375 est

477 3425 508 3460 η
537 3410 674 3474 poesi
722 3409 876 3478 hujus
925 3410 1165 3462 auctoris.
1226 3409 1410 3478 Itaque
1451 3410 1789 3474 concludam,
1824 3411 2054 3479 optimos

479 3511 714 3566 quosque
739 3505 924 3564 poetas
948 3506 1091 3551 certa
1130 3497 1357 3564 quadam
1387 3499 1598 3552 licentia
1640 3514 1764 3553 usos
1804 3499 1970 3554 fuisse
1999 3500 2051 3553 in

481 3587 754 3640 variandis
796 3587 1017 3656 syllabis
1069 3587 1339 3641 nominum
1391 3589 1750 3657 propriorum,
1798 3589 1891 3644 sed
1933 3605 2052 3644 cum

483 3677 845 3732 moderatione
875 3689 928 3732 et
955 3679 1296 3746 verecundia,
1340 3679 1482 3750 quod
1521 3681 1712 3735 attinet
1747 3681 1812 3734 ad
1843 3684 2052 3736 nomina

483 3770 667 3826 Latina
700 3781 751 3824 et
779 3770 961 3823 Grmca
996 3788 1008 3823 :
1053 3785 1174 3823 nam
1202 3773 1292 3838 qui
1320 3772 1624 3840 diligentius
1661 3783 1908 3842 quarrunt
1949 3791 2054 3844 quo

555 3939 631 4009 (a)
662 3938 929 4008 Collignnt
981 3939 1102 3992 hinc
1140 3940 1403 4009 nonnulli,
1449 3956 1651 3996 morem
1698 3951 1824 3997 tunc
1864 3943 2049 4010 fuisse,

485 4018 546 4063 ut
578 4025 771 4063 nomen
804 4011 1014 4080 eiusad
1058 4025 1212 4077 quem
1263 4010 1382 4064 data
1428 4021 1570 4064 esset
1611 4013 1858 4078 epistola,
1911 4025 2058 4080 post-

488 4091 798 4147 poneretur.
831 4079 934 4133 Sed
976 4096 1070 4146 ego
1103 4081 1155 4134 in
1186 4081 1425 4147 ejusdem
1455 4081 1660 4134 Paulini
1692 4079 1931 4148 epistolis
1960 4099 2060 4137 sm-

489 4151 608 4217 pius
637 4161 816 4202 contra
851 4150 963 4203 lleri
993 4151 1166 4212 video,
1197 4155 1412 4205 Sevrno
1445 4161 1635 4206 FRATRI
1669 4153 1948 4206 ΡΑιλιικυς.

562 4220 637 4283 (b)
663 4220 744 4290 lsi
774 4221 996 4290 putavit,
1029 4222 1241 4273 nomina
1273 4221 1681 4274 Saturninurum
1738 4225 1951 4290 propria
1986 4235 2060 4275 ta-

488 4290 600 4341 ceri
630 4305 642 4340 :
673 4289 808 4360 Nam
836 4289 1052 4360 barbara
1085 4293 1291 4342 nomina
1314 4301 1486 4344 erant.
1520 4290 1648 4344 Ideo
1689 4293 1741 4343 in
1791 4289 1947 4345 metro
1981 4310 2066 4360 po-

2076 3107 2123 3170 C

2146 1860 2371 1914 quorum
2424 1845 2622 1898 imitari
2674 1845 2815 1898 malo
2861 1843 3244 1913 negligentiam
3297 1857 3458 1912 quam
3493 1844 3724 1897 istorum

2145 1937 2425 1990 obscuram
2446 1935 2795 2002 diligentiam.

2216 2031 2341 2084 219..
2368 2029 2559 2094 Quinta
2579 2029 2780 2098 regula.
2813 2029 3016 2081 Errom
3045 2043 3149 2080 non
3170 2036 3284 2080 sunt
3308 2028 3562 2096 arguendi
3594 2025 3730 2079 Pru-

2147 2122 2346 2174 dentius
2367 2121 2552 2188 aliique
2576 2121 2771 2190 antiqui
2801 2132 2960 2188 poeta:
2984 2120 3328 2185 ecclesiastici,
3355 2121 3494 2184 quod
3525 2120 3735 2172 licentia

2147 2216 2342 2281 poetica
2385 2215 2662 2278 interdum,
2707 2221 2755 2266 et
2804 2213 2984 2282 ﬁguris
3039 2212 3300 2280 synwresi,
3349 2211 3507 2274 crasi,
3552 2211 3736 2265 aliisve

2149 2306 2442 2378 hujusmodi
2471 2315 2702 2358 utantur.
2739 2303 2862 2358 Hzec
2889 2317 3009 2356 cum
3036 2301 3311 2368 explorata
3353 2300 3423 2355 sit
3457 2301 3671 2369 regula,
3706 2316 3737 2354 e

2146 2402 2388 2467 catalogo
2415 2412 2654 2452 errorum
2681 2396 3022 2449 metricornm
3053 2393 3319 2447 Prudentii
3340 2392 3583 2446 delendae
3609 2404 3736 2446 sunt

2148 2494 2231 2546 lue
2257 2505 2418 2546 voces
2449 2508 2462 2544 :
2495 2491 2597 2555 cui,
2633 2487 3062 2559 monosyllabum
3096 2487 3289 2549 breve;
3314 2502 3496 2554 ganeo,
3526 2484 3688 2552 cujus
3708 2502 3737 2535 a

2147 2594 2325 2658 potest
2353 2601 2473 2640 esse
2503 2586 2716 2652 longum
2740 2583 2996 2654 synzeresi
3028 2582 3162 2636 facta
3193 2582 3245 2636 in
3277 2581 3480 2634 duabus
3507 2581 3738 2650 syllabis

2148 2675 2784 2748 postremis;rdelibutus,
2834 2672 2921 2728 ubi
2969 2673 2988 2725 i
3035 2673 3350 2726 necessitate
3400 2669 3628 2724 metrica
3685 2670 3739 2723 ﬁt

2151 2747 2364 2841 longum
2392 2771 2474 2837 (ut
2487 2747 2654 2824 etiam
2683 2765 2928 2821 concedit
2966 2763 3256 2818 Ricciolius
3295 2761 3363 2815 de
3390 2761 3615 2829 Regalis
3648 2775 3742 2828 ge-

2150 2866 2416 2921 neralibus
2447 2861 2713 2930 prosodia:
2743 2867 2878 2928 part.
2901 2858 2956 2920 2,
2988 2871 3102 2924 reg.
3132 2854 3224 2922 9);
3250 2852 3551 2922 margarita,
3591 2850 3740 2903 Iesus

2150 2959 2284 3014 eliso
2323 2972 2370 3022 e,
2423 2952 2745 3014 Hadrianus,
2800 2946 3130 3008 Marcionita,
3180 2945 3230 2997 ia
3279 2951 3335 2996 et
3378 2943 3428 2994 io
3472 2942 3741 3010 synaeresi

2155 3050 2310 3110 facta,
2353 3059 2473 3098 nam
2501 3043 2518 3096 i
2554 3041 2606 3096 in
2637 3039 2871 3093 Marcion
2901 3045 2980 3090 est
3025 3037 3259 3103 longum.
3294 3033 3476 3086 Exstat
3497 3031 3642 3100 apud
3673 3032 3742 3085 cl.

2156 3137 2562 3196 Giovenazzium
2593 3131 2959 3200 Christopltori
2992 3129 3156 3183 Wasii
3190 3127 3461 3192 Seuarius,
3511 3127 3632 3181 sive
3678 3128 3745 3179 do

2155 3234 2357 3302 legibus
2383 3239 2437 3284 et
2464 3227 2675 3282 licentia
2700 3235 2937 3280 veterum
2963 3232 3263 3293 poetarum,
3289 3223 3479 3276 Otonii
3511 3237 3542 3275 e
3562 3221 3741 3277 Thea-

2155 3331 2237 3376 tro
2275 3315 2856 3378 Sclieldonian01687,
2909 3315 3040 3368 liber
3088 3314 3138 3366 in
3190 3313 3384 3367 nostris
3431 3314 3746 3381 regionibus

2155 3426 2328 3478 rarus,
2356 3410 2442 3464 ubi
2473 3415 2658 3462 auctor
2683 3404 3069 3474 aliquantulum
3093 3403 3336 3467 obscure,
3369 3402 3462 3456 sed
3495 3402 3660 3456 docte
3680 3404 3744 3456 de

2159 3501 2340 3569 ﬁguris
2371 3506 2667 3568 poetarum,
2705 3495 2868 3557 hiatu,
2907 3493 3090 3557 ectasi,
3133 3493 3340 3546 dimresi
3370 3493 3596 3561 aliisque
3638 3494 3746 3546 dis-

2161 3593 2313 3654 serit,
2344 3606 2405 3644 ac
2433 3589 2594 3642 multa
2619 3587 2770 3641 at'l‘ert
2800 3602 2917 3656 quae
2946 3585 3233 3640 Prndentio
3261 3586 3612 3650 conveniunt,
3646 3586 3744 3639 nisi

2161 3680 2304 3750 quod
2337 3680 2380 3733 is
2421 3693 2526 3732 non
2565 3685 2710 3731 tanta
2739 3675 2954 3729 licentia
2982 3673 3175 3727 abusus
3203 3681 3287 3728 est
3325 3683 3575 3740 quantam
3610 3675 3746 3726 anti.

2162 3775 2252 3845 qui
2301 3779 2494 3841 poetm,
2545 3768 2840 3838 praesertim
2891 3767 3101 3830 comici,
3147 3765 3249 3819 sibi
3289 3764 3614 3833 arrogabant
3649 3764 3745 3833 (ε).

2159 3954 2305 3997 terea
2329 3941 2413 3994 cui
2431 3940 2624 4008 smpius
2645 3940 2875 3994 occurrit
2901 3939 2964 3992 iis
2987 3938 3117 3991 locis
3137 3939 3192 3992 in
3214 3939 3403 4007 quibus
3427 3949 3477 3994 et
3505 3941 3675 3996 breve
3699 3952 3749 3997 et

2162 4015 2378 4080 longum
2402 4026 2522 4066 esse
2551 4011 2740 4078 possit,
2794 4011 2919 4078 quin
2964 4010 3318 4080 intelligamus
3354 4027 3456 4077 quo
3479 4011 3747 4064 deterrui-

2170 4078 2294 4136 nato
2327 4081 2605 4135 intervallo
2629 4091 2814 4133 auctor
2834 4079 2990 4133 fuerit
3021 4094 3168 4132 usus.
3193 4078 3246 4131 In
3270 4082 3507 4132 carmine
3529 4082 3584 4134 S.
3612 4083 3749 4132 Pau-

2169 4153 2262 4206 lini
2295 4151 2360 4204 ad
2393 4150 2699 4221 Cytherinm
2723 4149 2951 4221 libenter
2972 4149 3221 4215 legerem,
3251 4147 3457 4221 Centum
3473 4153 3559 4202 cui
3577 4151 3749 4204 Cellas

2170 4238 2351 4275 nomen
2383 4217 2472 4284 est,
2503 4231 2559 4273 ut
2588 4234 2774 4272 versus
2798 4219 3052 4271 iambicus
3078 4217 3310 4271 set-unda
3331 4220 3456 4272 sede
3484 4221 3749 4287 reciperet

2174 4293 2432 4350 iambum.
2480 4290 2561 4342 cui
2611 4289 2977 4359 monosyllabo
3014 4288 3181 4359 brevi.
3231 4288 3378 4359 Nunc
3409 4290 3619 4356 legitur,
3656 4289 3749 4343 Cui

490 4375 606 4411 nere
634 4358 884 4442 nequibat.
921 4359 1061 4440 Idem
1091 4375 1302 4442 quo-que
1351 4360 1682 4442 Nebrissensi
1725 4362 1894 4415 visum
1921 4379 1942 4442 ε.
1973 4357 2063 4416 Ite-
2102 4384 2150 4442 Ι)
2175 4360 2546 4442 Centumcellas
2575 4375 2754 4442 ’ωηιξη
2782 4357 2875 4426 an,
2909 4367 3084 4420 antea,
3131 4357 3230 4439 .Cui
3253 4358 3616 4442 Centaurea-Iis
3666 4376 3751 4411 no.

493 4437 677 4480 nitente
695 4441 873 4498 metro,
903 4430 1024 4497 quia
1051 4430 1263 4498 syllaba:
1293 4431 1525 4495 quwdam
1554 4430 1764 4483 illorum
1805 4433 2067 4484 nominum

491 4497 841 4569 repugnabant
873 4500 969 4568 legi
1000 4497 1234 4552 carminis
1260 4499 1527 4568 Suppltici.
1551 4501 1954 4555 Nebrissensem
1985 4517 2068 4555 se-

497 4577 652 4621 cutus
677 4577 758 4622 est
785 4569 1097 4622 Ambrosius
1131 4569 1376 4623 lllora'es.
1409 4584 1541 4636 quos
1566 4571 1755 4624 Riscus
1788 4571 1950 4636 probe
1985 4588 2069 4625 re-

495 4637 626 4690 fellit
656 4655 670 4690 :
696 4641 890 4693 etenim
922 4639 1090 4706 ipsum
1132 4655 1326 4692 nomen
1357 4639 1755 4694 Saturninorum
1782 4649 1953 4696 metro
1983 4641 2070 4694 in-

494 4707 633 4760 cludi
667 4723 772 4760 non
803 4723 958 4772 posse
988 4711 1060 4761 ait
1089 4707 1427 4762 Prudentius.

579 4775 650 4845 (ε)
691 4777 1052 4845 llispaniolus,
1095 4779 1183 4831 lib.
1225 4780 1291 4831 de
1334 4778 1587 4833 Licentiis
1610 4789 1846 4834 veterum
1893 4790 2072 4846 poeta-

501 4862 651 4910 rum,
682 4846 747 4898 de
778 4847 1031 4914 synaeresi
1062 4848 1136 4900 ait
1169 4865 1181 4899 :
1218 4847 1329 4900 Tali
1353 4848 1556 4900 licent'a
1587 4860 1799 4901 utuntur
1828 4849 2072 4912 etGra’ci,

497 4925 544 4967 et
574 4925 778 4987 vocatur
797 4917 933 4974 apud
963 4933 1043 4987 eos
1065 4922 1527 4985 synecpltonesis...
1563 4921 1637 4970 vel
1664 4921 1791 4971 duas
1819 4921 1999 4987 lonqns
2022 4922 2075 4971 in

499 5001 654 5038 unam
681 4986 906 5056 longam,
950 4985 1022 5038 t'el
1059 4989 1247 5038 brevem
1293 4997 1337 5038 ct
1370 4987 1574 5054 longam
1599 4989 1649 5040 in
1685 5005 1838 5039 unam
1871 4985 2074 5056 longam

496 5063 724 5118 vertunt;
746 5055 822 5108 vel
839 5057 968 5107 duas
993 5058 1158 5108 breves
1174 5057 1225 5106 in
1256 5073 1408 5107 unam
1433 5058 1644 5118 brevem,
1666 5058 1741 5110 vel
1763 5060 1892 5111 duas
1910 5055 2076 5110 breves

497 5125 549 5177 in
575 5141 729 5177 unam
757 5125 982 5194 longam.
1016 5126 1106 5180 Sic
1135 5127 1250 5177 duze
1279 5126 1469 5178 breves
1499 5128 1548 5179 in
1580 5129 1660 5180 cui
1692 5129 1741 5180 in
1767 5145 1922 5181 unam
1951 5129 2076 5183 bre-

501 5209 620 5246 vem
649 5197 778 5248 verti
815 5207 1067 5260 possunt;
1104 5197 1277 5248 brevis
1305 5205 1358 5248 et
1391 5196 1544 5264 longa
1580 5201 1628 5248 in
1662 5197 1808 5250 Iesus
1838 5199 1890 5250 in
1916 5214 2073 5249 unam

499 5264 734 5332 longam.
768 5265 820 5318 In
857 5264 1125 5322 Lucretio.
1161 5266 1253 5318 lib.
1287 5281 1360 5328 vt,
1407 5283 1522 5334 pag.
1553 5269 1680 5328 9.18,
1719 5266 1960 5320 Gil'anius
2002 5269 2076 5321 le-

495 5335 590 5405 git,
614 5334 785 5405 Jauua
817 5351 878 5386 ne
908 5337 1072 5403 potius
1097 5337 1173 5389 Itis
1201 5339 1303 5388 orci
1335 5338 1624 5405 regionibus
1647 5355 1770 5399 esse,
1819 5349 1876 5391 ut
1906 5340 2079 5404 potius

495 5404 564 5477 sit
594 5404 965 5477 dissyllabnm,
995 5417 1046 5460 et
1079 5407 1250 5460 brevis
1274 5404 1479 5459 ultima.
1515 5409 1666 5477 Apud
1700 5409 1935 5462 comicos
1963 5423 2082 5474 pas-

496 5475 593 5545 sim
625 5475 814 5528 similia
846 5486 1133 5530 occurrunt
1161 5493 1274 5538 sua,
1301 5487 1407 5540 tua,
1433 5475 1576 5543 mea,
1595 5479 1742 5545 quasi
1772 5495 1850 5543 sa,
1881 5493 1947 5539 ta,
1974 5495 2077 5530 nm.

498 5543 592 5597 llis
615 5547 748 5598 ailile
775 5546 928 5597 bobus
955 5556 1004 5598 et
1027 5547 1200 5606 subus,
1231 5562 1296 5599 ex
1329 5547 1531 5599 bovilms
1555 5543 1828 5601 e’t'suibns.
1865 5548 2078 5601 Nullum

497 5615 711 5683 quidem
744 5616 1046 5679 exeutpluut
1085 5617 1295 5668 invenio
1324 5618 1407 5668 ubi
1447 5621 1528 5669 cui
1560 5619 1984 5683 monosyllabum
2015 5619 2082 5669 sit

498 5679 697 5747 breve;
731 5684 824 5737 sed
864 5685 1040 5753 ligone
1074 5685 1238 5753 huius
1267 5687 1476 5755 generis
1510 5702 1646 5740 rarae
1676 5679 1820 5752 sunt,
1853 5697 1904 5742 et
1945 5702 2081 5756 prac-

2179 4449 2288 4484 mcn
2317 4439 2428 4491 est;
2455 4430 2653 4482 Fronto
2685 4428 2906 4481 Dnea‘us
2937 4429 3164 4480 correxit
3214 4443 3448 4481 errorem
3476 4430 3748 4482 inductum

2179 4515 2207 4553 a
2242 4499 2726 4570 typographistqui
2772 4499 3104 4570 usumillius
3141 4497 3236 4570 a-vi
3272 4500 3607 4570 ignorabant.
3654 4516 3749 4552 no-

2178 4567 2318 4623 mina
2354 4569 2563 4622 urbium
2611 4567 3001 4621 indeclinabilia
3033 4568 3342 4620 enuntiandi
3371 4584 3749 4638 nonnunquam

2178 4655 2272 4707 per
2319 4648 2595 4705 quartum,
2648 4653 3025 4705 nonnunquam
3059 4653 3151 4705 per
3180 4647 3387 4692 sextum
3419 4653 3624 4700 casum,
3657 4639 3752 4690 Co-

2180 4711 2316 4762 lonia
2348 4707 2520 4774 Veios,
2565 4707 2766 4760 Fundis
2803 4708 3068 4775 Oppidum.
3107 4707 3210 4761 Sed
3248 4708 3378 4760 nihil
3422 4709 3588 4761 ausim
3625 4708 3752 4761 deli-

2179 4781 2293 4831 nire
2321 4797 2332 4830 :
2369 4794 2489 4830 nam
2513 4779 2645 4840 scio,
2666 4777 2943 4830 Paulinum
2976 4792 3351 4844 nonnunquam
3377 4778 3497 4831 loco
3519 4779 3750 4831 secundo

2181 4847 2389 4902 iambiei
2420 4848 2965 4914 dimetrispondreum
3009 4847 3320 4908 admisisse;
3371 4847 3512 4914 quod
3557 4848 3636 4900 bis
3677 4847 3750 4898 fe-

2178 4921 2316 4972 cisse
2343 4918 2638 4971 Ausouinm
2669 4927 2820 4970 notat
2845 4918 3018 4971 Julius
3044 4918 3223 4970 Czcsar
3251 4917 3487 4985 Scaliger
3518 4917 3750 4974 Poetices

2182 4989 2272 5040 lib.
2298 5005 2371 5051 vr,
2394 5003 2454 5041 ac
2487 4997 2671 5040 notare
2693 4997 2902 5053 poterat
2932 4987 3095 5039 multo
3129 4989 3326 5054 saepius
3351 4988 3398 5040 id
3429 4988 3496 5039 ab
3518 4991 3750 5039 Ausonio

2190 5059 2406 5110 factum.
2433 5057 2581 5122 Quod
2612 5058 2662 5110 in
2697 5055 2839 5110 Iesus
2869 5073 2934 5110 ex
2965 5073 3063 5108 una
3099 5058 3265 5116 brevi,
3318 5067 3371 5109 et
3403 5057 3566 5110 altera
3597 5057 3749 5124 longa

2179 5129 2464 5196 synaeresis
2491 5127 2599 5187 liat,
2631 5142 2734 5179 non
2765 5131 2931 5192 magis
2962 5136 3043 5180 est
3081 5128 3572 5194 reprehendendum
3596 5143 3751 5192 quam

2181 5199 2319 5266 quod
2353 5213 2414 5249 ex
2448 5199 2581 5268 ejicit
2613 5199 2886 5268 Lucreth
2914 5197 3096 5250 fecerit
3127 5198 3261 5258 eicit,
3291 5208 3342 5268 et
3379 5212 3443 5249 ex
3473 5198 3668 5249 oriundi
3702 5199 3751 5247 in

2181 5269 2370 5320 semine
2399 5267 2603 5320 oriundi
2631 5267 2938 5332 spondseun:
2965 5284 3026 5319 ex
3057 5269 3220 5319 tribus
3255 5267 3484 5326 ultimis,
3514 5283 3571 5319 ex
3603 5269 3750 5332 τείνει

2187 5337 2432 5404 Virgilius
2465 5339 2613 5390 reice.
2667 5337 2719 5389 In
2752 5341 3006 5404 syna'resi
3045 5335 3188 5388 Iesus
3230 5338 3584 5400 pronuntiatio
3610 5345 3752 5388 vete-

2184 5424 2298 5460 rum
2330 5407 2495 5476 magis
2525 5409 2724 5476 iquam
2756 5424 2782 5459 e
2816 5408 3024 5460 videtur
3054 5407 3384 5474 expressisse
3411 5423 3423 5458 :
3451 5422 3566 5459 nam
3582 5406 3752 5457 adhuc

2185 5477 2324 5543 apud
2371 5475 2649 5531 nonnullas
2675 5477 2905 5531 Orientis
2937 5478 3176 5530 natimies
3208 5475 3296 5529 Isa
3334 5492 3430 5544 pro
3455 5475 3592 5529 Iesus
3632 5489 3751 5538 pro-

2187 5547 2376 5600 fertur.
2405 5546 2531 5599 Ysus
2559 5563 2654 5615 pro
2680 5546 2824 5600 Iesus
2854 5547 2902 5599 in
2932 5549 3157 5615 quodam
3195 5546 3410 5615 hymno,
3445 5562 3593 5616 quem
3621 5561 3744 5616 nou-

2187 5619 2312 5668 dum
2362 5613 2571 5670 editum
2605 5628 2749 5686 puto.
2803 5617 2928 5669 olim
2952 5613 3266 5670 ianebatur
3297 5635 3309 5670 :
3350 5613 3520 5670 exstat
3550 5617 3628 5666 hic
3653 5613 3748 5679 hy-

2189 5703 2338 5740 ιιιιιιις
2379 5687 2428 5741 in
2471 5686 2657 5743 codice
2695 5703 2929 5758 pergam.
2971 5703 3111 5742 nunc
3154 5687 3404 5742 Ecclesia:
3455 5686 3750 5748 V'elitcrux,
