3998 6182
262 334 364 389 733

1653 321 2178 381 PROLEGOMENA.

3409 323 3510 376 731

331 441 488 512 186
535 440 662 496 215.
717 439 876 497 Sexta
919 442 1120 512 regula.
1164 442 1337 500 Ροειω
1374 460 1431 500 ιιι
1465 454 1509 499 ει
1542 458 1590 496 iv
1629 440 1822 504 surculi,
1857 446 1903 497 Α
1934 438 2016 492 vis
2047 435 2267 502 vocalis,
2296 431 2388 485 ubi
2413 435 2713 504 litcmsura,
2748 437 3250 507 consonantialiqua
3272 438 3511 507 ejusdem

256 537 540 604 praesertim
566 535 863 600 Christiani,
896 537 1210 604 frequentius
1237 555 1389 607 quant
1414 547 1622 601 veteres,
1670 533 1830 603 sylla-

255 628 342 679 bas
360 625 529 679 breves
559 625 906 692 producebant
947 628 1143 680 ratione
1174 642 1402 681 casune.
1452 626 1505 679 Id
1545 624 1693 679 multi
1723 637 1829 676 non

253 723 615 785 advertentes,
649 721 884 773 carmina
912 719 1272 775 ecclesiastica
1300 719 1568 788 corrigere
1602 718 1738 780 ausi,
1767 729 1827 769 ea

254 823 628 883 corruperunt.
659 812 1080 879 ChristOphorus
1117 813 1393 874 Cellarius,
1435 809 1676 878 quamvis
1721 820 1828 860 non

255 903 494 957 indoctus
519 902 920 972 grammaticus,
944 901 995 954 in
1021 902 1162 955 curis
1189 900 1572 968 posterioribus
1600 897 1668 952 de
1695 895 1826 949 har-

253 992 504 1047 barismis
534 1006 747 1046 versum
769 990 989 1046 .luvcnci
1017 1006 1080 1045 ex
1113 992 1354 1060 prologo,

561 1101 844 1150 Sanetiﬁcus
867 1102 988 1151 adsit
1019 1102 1136 1151 mihi
1172 1103 1390 1150 caminis
1415 1108 1583 1150 auctor

558 1163 783 1224 δνπηυῇ

249 1265 316 1318 ita
339 1263 526 1330 refert,
555 1273 612 1317 ut
632 1265 812 1327 addat,
845 1263 964 1318 Nisi
994 1269 1124 1334 forte
1147 1265 1285 1334 quod
1305 1266 1389 1318 lea:
1410 1265 1553 1317 metri
1581 1265 1823 1330 postulat,

251 1353 520 1424 legendum
546 1363 618 1406 est
653 1355 1055 1408 SANCTIPICANS.
1085 1355 1418 1423 lneptissima
1447 1367 1529 1408 est
1559 1355 1670 1408 hzee
1699 1370 1826 1408 con-

246 1441 472 1510 jectura.
524 1441 666 1495 Idem
698 1442 957 1497 Cellarius
994 1451 1175 1506 notat,
1214 1444 1540 1512 frequentius
1585 1443 1821 1497 Pruden-

249 1546 380 1590 tnm
405 1552 563 1604 quani
593 1537 744 1598 alios,
780 1537 992 1592 brevem
1026 1538 1078 1590 in
1121 1536 1226 1591 fine
1273 1537 1568 1604 producere
1610 1547 1827 1605 propter

251 1625 528 1694 sequentis
574 1627 772 1679 vocalis
809 1626 1072 1693 geminam
1116 1637 1530 1691 conSonantem,
1574 1626 1724 1694 quasi
1774 1625 1824 1678 id

251 1715 678 1783 reprehensione
723 1717 896 1784 aliqua
946 1715 1160 1783 dignum
1207 1725 1368 1770 esset.
1438 1716 1631 1770 Verum
1690 1715 1822 1768 I‘ru-

1931 528 2180 583 dictionis
2235 542 2342 582 non
2402 528 2717 582 terminetur
2759 544 2771 578 :
2817 542 2936 580 nam
2981 528 3032 581 in
3065 527 3165 592 his,
3203 527 3508 598 pectoribus,

1930 621 2108 686 oratis,
2144 619 2404 684 Eurialus,
2429 627 2601 690 caput,
2635 626 2776 684 tuus,
2811 619 3086 683 obruimur,
3128 628 3180 671 et
3223 617 3510 684 similibus,

1931 711 2076 765 nulla
2107 719 2192 768 est
2217 709 2356 765 ratio
2376 709 2672 765 dubitandi.
2702 711 2766 765 Et
2789 711 3012 765 Servius
3047 711 3260 780 quidem
3299 727 3508 768 versum

1931 803 2032 858 164
2063 805 2154 857 lib.
2180 819 2233 858 ιιι
2265 803 2481 858 Εηθίά.
2509 820 2523 857 :

1988 894 2124 943 Dona
2146 893 2326 944 dehinc
2348 907 2468 943 auro
2500 895 2683 956 gravia,
2708 900 2944 956 sectoque
2968 893 3230 955 elephanto

1929 999 2296 1065 reprehendit,
2320 1001 2444 1067 quia
2489 1015 2679 1054 οιιΑνιΑ
2728 1000 2996 1066 ﬁnalitatis
3025 1002 3220 1054 ratione
3257 1001 3502 1070 produci-

1928 1097 2031 1150 tur,
2055 1087 2142 1139 sed
2170 1091 2290 1141 satis
2315 1104 2532 1158 aspere:
2562 1106 2680 1141 nam
2712 1091 2761 1141 in
2793 1090 2986 1142 nullan:
3014 1090 3195 1143 desinit
3220 1106 3507 1142 consonan-

1927 1184 2044 1229 tem.
2078 1176 2193 1230 Alia
2223 1178 2383 1231 etiam
2415 1179 2657 1246 exempla
2684 1179 2903 1246 proferri
2940 1181 3112 1233 solent
3141 1194 3205 1234 ex
3235 1180 3500 1248 Lucretio,

1927 1267 2138 1329 Ovidio,
2185 1268 2378 1331 Statio,
2429 1269 2685 1334 Virgilio,
2737 1283 2855 1337 qum
2888 1270 3167 1337 explorata
3216 1286 3318 1323 nou
3359 1285 3500 1336 csse,

1929 1371 2101 1425 neque
2137 1371 2255 1410 rem
2303 1357 2591 1423 coniicere,
2645 1360 2854 1412 ostendi
2902 1359 2953 1412 in
2997 1375 3220 1414 censura
3256 1362 3498 1430 hytuuor.

1926 1448 2129 1501 Sintnl.
2179 1457 2299 1516 post
2337 1448 2603 1518 l-Iymnod.
2644 1449 2898 1514 Ilisran.,
2945 1466 3060 1518 pag.
3101 1452 3226 1506 ΗΟ.
3270 1453 3508 1521 Scaliger

1927 1547 2113 1592 contra
2143 1538 2401 1607 quosdam
2429 1540 2809 1607 grammaticos
2843 1540 3090 1610 (fortasse
3122 1542 3496 1609 intelligitSer-

1926 1629 2094 1697 vium)
2126 1630 2200 1682 ait
2224 1628 2314 1681 lib.
2336 1644 2394 1694 tt,
2419 1643 2538 1696 cap.
2570 1630 2634 1682 17
2652 1629 2850 1682 Poetic.
2875 1647 2886 1680 :
2921 1628 3096 1682 Omnis
3126 1647 3320 1682 ca'sura
3349 1632 3497 1698 indif-

1929 1722 2093 1788 ferens
2122 1731 2193 1772 est
2210 1736 2227 1781 ;
2258 1735 2418 1790 neque
2447 1729 2579 1772 caret
2606 1719 2804 1771 ratione
2826 1734 2844 1771 :
2873 1719 3070 1771 sistitur
3090 1721 3223 1770 enim
3263 1721 3313 1770 in
3345 1737 3402 1770 ea
3428 1721 3496 1769 di-

249 1809 462 1861 dcntius
495 1823 600 1861 non
631 1807 800 1859 solum
833 1817 974 1859 recte
1017 1806 1067 1859 id
1096 1805 1272 1859 facere
1317 1805 1509 1873 potuit,
1545 1805 1636 1858 sed
1665 1805 1823 1858 etiam
1857 1793 1904 1853 Β
1930 1808 2140 1861 nteusio.
2193 1806 2260 1859 Et
2298 1811 2351 1859 in
2403 1807 2766 1860 saltationibus
2794 1807 2862 1858 ad
2891 1823 3108 1860 arsuras
3155 1818 3338 1860 terrain
3379 1809 3509 1874 pi-de

245 1900 454 1965 debuit,
502 1901 545 1957 si
598 1900 826 1968 plurium
857 1898 1133 1951 doctorum
1181 1897 1454 1950 hominum
1500 1896 1815 1950 sententiam

243 1993 381 2046 tueri
414 1992 637 2046 velimus
669 1992 767 2060 (α).
807 1991 1077 2045 Dillicilior
1107 2001 1186 2044 est
1225 1992 1616 2056 controversia,
1663 1991 1816 2060 187

241 2086 382 2140 sitne
407 2085 605 2156 syllaba
635 2082 933 2138 communis
963 2082 1168 2136 ratione
1187 2081 1349 2136 solius
1370 2095 1608 2144 cursura},
1631 2096 1819 2150 quam-

241 2281 369 2335 olim
398 2283 707 2348 Ilisuntinai,
766 2293 983 2339 exaran
1034 2285 1173 2338 circa
1209 2297 1404 2337 annum
1453 2284 1608 2347 l030,
1650 2293 1703 2337 ut
1738 2299 1802 2336 ex

241 2354 523 2420 praemisso
547 2355 785 2422 catalogo
808 2355 1178 2422 episcoporum
1212 2354 1462 2408 Ecclesia:
1481 2355 1807 2408 Bisonticeu-

239 2423 317 2475 sis
345 2422 543 2490 liquido
570 2425 864 2490 colligitur;
897 2439 1000 2488 quo
1032 2433 1086 2477 ut
1115 2434 1309 2486 uterer,
1333 2432 1606 2483 accentum
1633 2423 1805 2478 refero

237 2492 312 2546 cl.
337 2493 548 2558 praesuli
575 2493 848 2561 Stephano
866 2494 1072 2561 llorgia,
1107 2494 1156 2546 iu
1191 2491 1488 2559 huiusmodi
1518 2494 1683 2546 sacris
1705 2508 1802 2545 auo

239 2561 570 2630 tiquitatihns
598 2565 833 2632 apprime
858 2573 1086 2624 versato,
1133 2564 1222 2631 qui
1263 2579 1382 2617 eum
1415 2563 1649 2616 codicem
1691 2578 1804 2616 me-

239 2647 361 2702 rum
414 2632 810 2697 perhumaniter
842 2633 1024 2702 Avoluit
1066 2633 1547 2695 communicatum,
1591 2648 1659 2686 ex
1695 2647 1802 2702 quo

235 2699 504 2771 integrum
536 2705 790 2773 hymnum
821 2699 996 2757 dabo:
1030 2718 1183 2757 FERIA
1216 2717 1272 2757 Ill
1297 2717 1582 2756 PASCIIATIS
1610 2719 1621 2754 :

298 2811 436 2860 Alma
461 2813 634 2862 chorus
657 2812 846 2861 Domini
872 2824 999 2860 nunc
1021 2820 1220 2872 pangat,
1239 2813 1428 2859 nomina
1453 2812 1627 2859 summi

298 2873 521 2934 Messias,
546 2873 743 2934 Sothcr,
771 2872 1105 2931 Emmanuhel,
1131 2873 1360 2928 Sabaoth.
1402 2872 1598 2934 Adonay

297 2931 384 2982 Est
409 2931 702 2995 unigenitus,
732 2931 809 2981 'tia
837 2936 928 2982 \ita
954 2947 1122 2981 manus
1143 2947 1173 2982 ο
1194 2935 1412 2994 ιιοιιςιοη,

295 2995 610 3056 Principium,
638 2996 1002 3056 primogenitus.
1044 2997 1297 3055 sapientia,
1324 2995 1474 3042 virtus

295 3056 456 3118 Alpha
477 3066 619 3116 caput
643 3057 843 3118 finisque
869 3056 1010 3118 simul
1036 3057 1272 3118 vocitatur
1289 3061 1348 3118 et
1371 3061 1447 3104 est
1470 3069 1502 3105 ο

292 3117 427 3167 Fons
450 3124 503 3167 et
519 3120 655 3180 origo
673 3116 784 3180 boni
811 3117 1092 3174 Paraclitus,
1117 3124 1168 3166 et
1191 3116 1443 3180 Mediator,

293 3180 467 3239 Agnus
489 3177 790 3227 ovis'vitulus
811 3192 1015 3236 serpens
1040 3181 1168 3239 aries
1189 3178 1266 3226 leo
1287 3179 1482 3226 vermis.

295 3241 366 3288 Os
390 3241 588 3288 verbum
606 3241 833 3298 Splendor
851 3239 944 3299 sol,
969 3239 1118 3300 gloria
1143 3238 1222 3300 lux
1253 3245 1303 3287 et
1329 3239 1505 3300 imago.

295 3301 446 3350 Panis
469 3302 556 3349 llos
581 3305 692 3350 ritis
710 3314 844 3348 mons
861 3298 1004 3361 janua
1030 3309 1165 3361 petra
1194 3298 1410 3359 lapisqtte

293 3363 519 3424 Angelus
540 3371 812 3424 etsponsus
836 3359 1094 3422 pastorque
1120 3359 1616 3424 prephetasaeerdos.

292 3421 562 3472 Athanatos
583 3421 946 3482 Kyrios'l'heos,
973 3431 1146 3482 panton
1165 3430 1330 3470 craton
1359 3421 1482 3470 l'sus

289 3484 541 3535 Salviticet
574 3497 660 3532 nos
693 3487 755 3532 sit
776 3485 854 3531 cui
877 3483 1003 3532 secta
1031 3495 1118 3544 per
1142 3485 1299 3531 omnia
1321 3483 1464 3530 doxa.

231 3590 284 3643 In
315 3587 590 3643 codicibus
622 3585 1008 3652 antiquissTmis
1053 3586 1242 3652 legitur
1282 3585 1417 3652 apud
1461 3585 1802 3640 Prudentium

231 3660 374 3720 IIIV,
408 3669 459 3710 et
487 3657 604 3712 Ill.\l
634 3671 730 3724 pro
761 3655 877 3708 Iesu
911 3667 962 3709 et
987 3654 1174 3708 Iesum.
1205 3655 1438 3709 Vidimus
1467 3671 1622 3720 supra
1655 3670 1801 3709 num.

231 3732 359 3790 I95,
386 3729 519 3781 duas
546 3728 741 3795 primas
772 3727 972 3781 litteras
999 3726 1228 3779 nominis
1257 3725 1374 3779 Iesu
1405 3749 1442 3786 ι,
1482 3736 1534 3778 et
1574 3749 1606 3785 η
1649 3725 1802 3778 habi-

231 3812 315 3852 tas
346 3800 516 3852 fuisse
543 3813 568 3849 a
603 3796 915 3850 Christianis
954 3810 1048 3861 pro
1084 3809 1313 3859 summa,
1350 3810 1443 3850 seu
1485 3795 1803 3863 compendio

230 3869 470 3923 nominis
495 3866 634 3920 Iesu.
656 3868 711 3920 ln
741 3865 1172 3933 inscriptionibus
1193 3865 1420 3933 aliisque
1447 3867 1802 3919 monumentis

229 3939 469 4007 antiquis
498 3937 692 4007 strpius
718 3937 786 3988 ita
837 3935 938 4007 hoc
981 3946 1259 4007 augustum
1309 3949 1502 3988 nomen
1550 3935 1803 4007 scribitur

230 4004 380 4072 IIIS,
406 4017 462 4060 nt
483 4006 644 4059 videri
683 4014 854 4071 potest
881 4005 932 4057 in
963 4005 1330 4058 dissertatione
1351 4020 1614 4073 anonyma
1638 4004 1800 4058 Com-

229 4078 562 4130 mendatoris
592 4076 805 4128 Victorii
838 4076 901 4127 de
927 4076 1020 4126 hoc
1058 4085 1380 4127 sacrosancto
1410 4077 1630 4128 nomine.
1676 4075 1802 4128 Mihi

229 4149 364 4199 satis
393 4146 681 4199 Verisimile
709 4145 930 4208 videtur,
963 4144 1294 4198 Christianos
1334 4159 1436 4196 non
1462 4145 1633 4197 solum
1659 4159 1804 4197 com-

231 4216 436 4284 pendio
465 4230 655 4268 nomen
697 4215 809 4268 Iesu
844 4215 1142 4280 scripsisse,
1191 4214 1283 4268 sed
1329 4215 1488 4284 etiam
1537 4213 1800 4267 interdum

231 4283 632 4353 pronuntiasse,
664 4299 783 4337 cum
817 4285 941 4337 illud
974 4299 1114 4352 smpe
1144 4284 1195 4336 in
1226 4299 1319 4336 ore
1346 4283 1622 4338 haberent.
1650 4285 1799 4352 Apud

230 4357 509 4410 Iloinanos
537 4354 728 4406 similia
755 4363 965 4407 exstant
991 4356 1253 4418 exempla,
1302 4354 1352 4406 in
1388 4353 1590 4420 Ilercle,
1630 4354 1803 4407 Μεσα-

229 4438 366 4487 stor,
403 4425 646 4490 Aedepol.
687 4425 1002 4477 Prudentius
1034 4424 1192 4491 igitur
1235 4422 1455 4478 fortasse
1483 4434 1696 4477 secutus
1723 4434 1805 4476 est

231 4497 513 4564 vulgarem
550 4494 692 4564 hunc
728 4508 926 4564 morem
965 4492 1358 4564 pronuntiandi,
1393 4503 1446 4546 et
1492 4495 1799 4560 spondeum

231 4560 364 4619 fecit
394 4562 525 4625 lem,
553 4562 666 4623 Ieu,
691 4578 784 4628 pro
813 4561 1002 4619 Iesum.
1034 4560 1176 4616 Iesu.
1205 4564 1256 4615 In
1290 4564 1506 4626 picturis
1531 4564 1804 4618 Strabonis

231 4633 522 4688 \Valuft'idi
549 4633 702 4685 editis
729 4635 780 4685 in
802 4633 1021 4686 Mannali
1065 4632 1260 4686 biblico
1293 4631 1620 4686 Franmlurti
1664 4633 1803 4688 1610

229 4706 486 4759 versibus
530 4703 877 4765 hexametris,
926 4703 1118 4770 quibus
1159 4701 1362 4754 Novum
1402 4702 1800 4758 Testamentum

1928 1902 2194 1971 feriebant.
2251 1903 2458 1955 liationi
2508 1901 2791 1971 adiungam
2833 1904 3203 1956 auctoritatem
3236 1903 3501 1959 Prudentii

1926 1991 2258 2060 aliorumque
2279 1993 2583 2060 aequalium,
2615 1994 2657 2047 si
2682 1994 2908 2061 alicujus
2932 2009 2990 2048 ca
3021 1996 3088 2047 sit
3111 1995 3358 2063 ponderis
3387 1997 3500 2064 (ε-ιιι*

1925 2091 2100 2135 autem
2125 2096 2228 2136 non
2259 2081 2402 2152 sit?)
2450 2098 2518 2138 ex
2555 2099 2653 2153 qua
2697 2084 2884 2139 saltem
2927 2084 3176 2149 eftleitur,
3227 2095 3496 2154 poetatttttt

1911 2283 2169 2339 Sedulius
2201 2284 2294 2340 lib.
2324 2298 2418 2339 tv:

1970 2378 2191 2428 Christus
2215 2378 2354 2427 adest
2383 2380 2543 2441 panis,
2563 2386 2759 2428 sanctus
2775 2391 2971 2442 quoque
2997 2379 3207 2442 Spiritus
3232 2379 3377 2438 ignis,

1910 2481 2234 2545 Victorinus,

2092 2571 2238 2620 Lunae
2274 2582 2469 2633 quoque
2503 2569 2795 2632 Splendidus
2816 2571 2943 2620 axis.

1917 2669 2232 2725 Guilielmus
2263 2672 2407 2726 Brito
2438 2672 2658 2740 passim.
2689 2670 2833 2725 Idem
2864 2671 3135 2736 Barthius,
3164 2671 3260 2726 lib.
3293 2687 3491 2729 nun.

1922 2755 2042 2807 cap.
2080 2741 2166 2804 15,
2199 2757 2262 2795 ex
2295 2742 2512 2808 antiquo
2541 2741 2949 2796 inemhranaeeo
2971 2743 3156 2795 codice
3183 2741 3494 2806 prOStxli;.cu

1915 2810 1966 2863 id
1999 2813 2200 2879 profert
2230 2827 2244 2864 :
2299 2810 2502 2864 Vacalis
2522 2820 2639 2863 ante
2663 2828 2690 2864 z
2721 2813 3057 2878 prlecedentis
3083 2812 3319 2866 dictionis
3350 2813 3488 2866 inve-

1914 2881 2055 2933 nitur
2083 2881 2261 2947 brevis,
2291 2890 2345 2934 ut
2370 2881 2510 2948 apud
2540 2881 2841 2934 Iuvenalem
2862 2895 2885 2933 .'

1972 2992 2030 3042 Si
2052 2991 2136 3043 tibi
2158 2990 2373 3055 zelotypo
2396 2998 2668 3042 rescrcutur
2689 2990 2869 3041 scrinia
2898 2987 3079 3041 moecho
3108 3004 3126 3042 :

1917 3094 2136 3162 perinde
2165 3095 2314 3162 quasi
2346 3093 2397 3147 id
2428 3094 2495 3146 sit
2517 3104 2701 3147 contra
2729 3094 2959 3162 aliquam
2988 3094 3245 3162 regulam,
3299 3094 3419 3163 quia
3462 3113 3486 3150 ι

1918 3165 2021 3217 \im
2046 3164 2270 3232 duplicis
2298 3165 2645 3218 consonantis
2682 3163 2905 3217 obtinet.
2953 3163 3009 3218 Si
3049 3175 3259 3217 veteres
3293 3180 3486 3216 consu-

1915 3235 2015 3296 las,
2044 3235 2349 3288 Priscianus
2398 3234 2469 3287 ita
2522 3248 2739 3298 prorsus
2771 3234 2980 3286 videtur
3016 3237 3248 3288 sensisse
3287 3234 3378 3286 lib.
3412 3250 3485 3286 n:

1917 3303 1982 3356 Et
2011 3305 2290 3370 sciendum,
2336 3303 2473 3372 quod
2515 3319 2613 3355 non
2649 3304 2818 3356 solum
2844 3313 2962 3355 ante
2994 3304 3010 3356 ι
3042 3303 3118 3357 vel
3141 3320 3190 3367 r,
3219 3304 3306 3358 sed
3331 3305 3487 3356 etiam

1831 3392 1877 3454 ρ
1913 3385 2030 3426 ante
2056 3390 2129 3437 m,
2180 3383 2234 3425 ut
2256 3389 2414 3454 supra
2441 3374 2744 3454 docuimusp
2777 3383 2821 3426 et
2849 3391 2878 3426 n
2905 3375 3083 3442 posita:
3111 3376 3484 3444 niutw'faciuut

1907 3460 2192 3497 communes
2221 3444 2512 3512 syllabas...
2543 3442 2693 3496 Ovid.
2727 3445 2780 3495 in
2807 3460 2833 3496 ι
2862 3459 2876 3496 :

1975 3552 2306 3616 Piscosamque
2332 3553 2539 3615 Gnidon,
2563 3553 2906 3616 gravidamque
2930 3553 3217 3603 Amathunta
3241 3552 3458 3603 metallis.

1906 3656 2052 3710 Illud
2091 3673 2284 3725 quoque
2323 3673 2423 3709 non
2459 3669 2530 3710 est
2573 3656 3081 3726 pi'wtermittendum,
3133 3657 3267 3726 quod
3321 3657 3485 3708 tribus

1906 3728 2296 3781 consonantibus
2338 3727 2656 3792 sequentibus
2697 3736 2858 3795 potest
2910 3727 3020 3793 ﬁeri
3056 3727 3332 3778 communis
3379 3727 3486 3794 syl-

1906 3799 2044 3862 laba,
2077 3799 2286 3866 quando
2314 3799 2365 3849 in
2395 3798 2648 3863 principio
2670 3797 2881 3866 syllabae
2906 3797 3158 3859 sequentis
3187 3805 3297 3862 post
3335 3812 3485 3847 voca-

1907 3866 2005 3918 lem
2032 3865 2317 3936 correptam
2347 3881 2394 3930 s,
2422 3877 2466 3918 et
2491 3876 2649 3925 muta,
2689 3876 2735 3917 et
2779 3876 2913 3936 post,
2935 3881 3042 3916 eam
3073 3865 3267 3932 liquida
3301 3882 3482 3931 sequa-

1906 3949 1988 3988 tur
2010 3952 2028 3989 :
2056 3935 2242 4003 quippe
2272 3952 2386 3986 cum
2409 3951 2435 3987 s
2459 3937 2512 3987 in.
2535 3944 2692 3988 metro
2719 3935 2949 3987 subtrahi
2968 3951 3102 3988 more
3129 3935 3477 4000 soleatvetcri,

1905 4014 1960 4058 ut
1985 4005 2034 4057 II
2044 4015 2173 4058 orat.
2206 4007 2258 4057 in
2285 4004 2551 4064 Sermone,

1966 4093 2239 4156 Linquimus
2257 4092 2412 4143 insani
2436 4091 2647 4144 ridentes
2670 4093 2872 4154 pra'mia
2892 4093 3078 4145 scribas.

1911 4199 2227 4260 Becmanus,
2285 4195 2352 4248 de
2392 4193 2594 4262 Origin.
2651 4195 2841 4263 lingua:
2884 4194 3081 4257 Latiu.,
3125 4193 3242 4247 sub.
3283 4195 3359 4248 lit.
3394 4210 3480 4258 ετ,

1904 4268 2252 4335 quaestionem
2283 4267 2415 4319 hanc
2444 4270 2627 4335 agitat,
2661 4281 2727 4318 an
2758 4281 2830 4327 sc,
2862 4279 2946 4335 sp.
2973 4274 3038 4331 st,
3070 4266 3282 4317 vocales
3307 4265 3486 4332 proxi-

1907 4334 1991 4391 me
2016 4337 2389 4391 antecedentes
2419 4334 2728 4402 producant.
2761 4334 2991 4388 Difﬁcile
3033 4335 3246 4400 quidem
3281 4347 3358 4387 est
3389 4351 3476 4387 re-

1902 4407 2069 4475 jieere
2094 4408 2267 4459 omnia
2296 4405 2538 4469 exempla
2565 4421 2628 4475 ex
2674 4405 2938 4468 Lucretio,
2970 4403 3209 4472 Virgilio,
3246 4405 3478 4469 Proper-

1908 4474 2002 4539 tio,
2031 4476 2241 4532 Ovidio.
2271 4475 2487 4528 Lucano
2535 4474 2756 4542 aliisque
2812 4475 3027 4540 optimis
3077 4475 3249 4540 poetis
3296 4475 3479 4536 allata,

1905 4548 2097 4614 quibus
2153 4546 2328 4598 brevis
2382 4544 2698 4610 relinquitur
2749 4543 2972 4609 vocalis,
3021 4545 3269 4611 quamvis
3319 4543 3480 4597 dictio

1906 4631 2139 4683 sequens
2168 4614 2250 4667 his
2275 4616 2464 4668 litteris
2489 4615 2766 4667 inchoetur
2789 4630 2870 4680 sp,
2895 4629 2968 4678 sc,
2993 4623 3060 4674 st,
3088 4624 3144 4665 nt
3166 4616 3216 4666 in
3241 4614 3479 4683 Virgilio,

1910 4682 2092 4738 Ponite
2120 4700 2267 4751 spes;
2298 4686 2347 4736 in
2379 4684 2592 4747 Ovidio,
2626 4683 2820 4737 Occidit
2847 4684 2935 4737 ille
2957 4683 3125 4738 Scinis
3146 4701 3161 4748 ;
3180 4683 3233 4737 in
3252 4682 3480 4747 Catullo,

228 4754 480 4829 hicn—tier—
501 4754 817 4830 enarratur,
834 4754 1118 4840 statim;
1149 4772 1309 4826 etiam
1357 4754 1430 4823 tu
1451 4754 1807 4826 unum

1925 4754 2065 4807 unda
2089 4754 2394 4840 Scamandri
2423 4771 2436 4808 ε
2468 4754 2618 4840 Quod
2645 4754 2786 4807 enim
2817 4756 2894 4808 ait
2941 4754 3271 4840 Becmantis,‘
3300 4764 3485 4835 notum

230 4844 386 4908 Iesu,
414 4852 468 4896 et
493 4842 743 4895 scribitur
771 4842 879 4894 1110
911 4849 966 4895 et
1007 4841 1142 4894 lllV.
1203 4841 1258 4894 lu
1302 4841 1488 4895 codice
1525 4844 1812 4896 Veterrimo

229 4913 486 4967 Puteano
525 4911 790 4964 Prudentii
834 4919 1056 4964 testatur
1097 4911 1343 4963 Heinsius
1390 4911 1486 4978 legi
1539 4912 1720 4965 Hisum
1757 4920 1814 4966 et

227 4983 383 5036 Ilisu
414 4995 508 5048 pro
536 4979 707 5033 Iesum
736 4991 789 5034 et
818 4979 971 5044 Iesu;
1002 4980 1053 5034 in
1085 4980 1430 5050 Egmondano
1453 4980 1685 5036 Hiesum.
1718 4981 1811 5036 Ju-

231 5067 445 5107 vencus
474 5050 671 5119 aliique
702 5060 869 5116 poene
891 5061 1098 5103 veteres
1125 5049 1408 5120 Christiani
1442 5065 1652 5120 semper
1683 5053 1814 5106 scri-

227 5123 370 5176 lmnt
399 5120 592 5180 Iesum,
623 5131 672 5173 et
703 5121 719 5172 i
751 5120 1061 5187 corripiunt,
1090 5135 1117 5172 e
1143 5119 1459 5187 producunt.

308 5193 397 5261 (a)
436 5192 704 5254 Barthius,
738 5190 828 5242 lib.
865 5205 1094 5261 tx,_tap.
1128 5194 1181 5254 υ,
1219 5191 1471 5257 Advers.,
1507 5190 1686 5255 tradit,
1717 5191 1824 5261 lle-5

228 5259 433 5322 ricum,
481 5263 555 5312 uti
606 5261 888 5327 plerosque
930 5259 1286 5325 Christianos,
1343 5274 1450 5312 non
1502 5261 1811 5323 observare,

224 5329 385 5395 quod
411 5329 479 5382 de
507 5327 697 5383 litteris
726 5331 962 5382 scise-mt
988 5330 1280 5383 doctissimi
1310 5330 1430 5395 viri,
1463 5340 1506 5382 st
1527 5339 1581 5384 et
1607 5347 1666 5395 sp
1695 5346 1816 5397 pro-

224 5399 755 5520 ducmngiegreddere
813 5398 1071 5467 syllabam
1132 5399 1542 5467 praecedentem.
1599 5401 1818 5455 l-lericus

225 5483 388 5520 vers.
548 5485 562 5520 :

225 5483 388 5522 vers.
418 5483 522 5520 2'2}!
548 5485 562 5521 ε

295 5559 470 5618 Seque
491 5562 660 5620 stupet
680 5569 940 5619 superesse
967 5556 1077 5604 sibi.

227 5641 382 5696 Vers
403 5640 544 5697 209:

739 5729 917 5780 Lucem
939 5729 1035 5791 jam
1059 5729 1232 5781 lumina
1261 5732 1442 5793 spirant

1912 4839 2031 4878 esse
2060 4825 2195 4893 quod
2222 4835 2408 4877 veteres
2447 4825 2508 4876 de
2537 4838 2770 4877 euocans
2807 4840 2906 4876 non
2943 4824 3071 4877 adeo
3106 4823 3310 4878 solliciti
3348 4841 3483 4889 stupe

1917 4895 2126 4964 fuerint,
2159 4895 2208 4946 id
2247 4894 2564 4948 conlir'nare
2606 4902 2823 4964 potest,
2857 4895 2994 4956 quod
3040 4895 3148 4946 dixi
3184 4910 3332 4949 num.
3357 4897 3485 4959 ‘2l0,

1915 4974 1968 5015 at
1999 4965 2049 5017 in
2083 4980 2141 5018 re
2165 4965 2413 5032 praesenti
2447 4965 2620 5017 locum
2674 4980 2779 5017 non
2815 4963 2993 5018 habet.
3043 4980 3162 5017 cum
3203 4977 3388 5032 agatur
3421 4967 3485 5016 de

1915 5033 2104 5097 vocali,
2134 5049 2254 5098 qnze
2282 5050 2476 5087 nomen
2507 5036 2777 5101 prOpritlm
2807 5034 3092 5101 praecedit;
3136 5045 3189 5086 et
3247 5037 3486 5101 quantivis

1918 5104 2106 5172 lingas,
2142 5105 2314 5157 locum
2346 5105 2564 5166 habere,
2597 5105 2822 5169 plurima
2858 5115 2978 5156 sunt
3005 5105 3056 5156 in
3089 5103 3208 5156 aliis
3243 5104 3484 5154 tllcliottl-

1917 5174 2015 5226 bus
2040 5175 2308 5240 exempla.
2345 5174 2527 5242 Itaque
2557 5174 2826 5236 existimo,
2873 5175 3033 5226 licere
3084 5173 3247 5224 vocali
3277 5173 3346 5224 ita
3372 5188 3484 5223 coro

1920 5253 2068 5310 repta
2104 5259 2315 5297 versum
2348 5254 2684 5306 construere,
2714 5243 3089 5309 congruentius
3125 5249 3300 5292 tamen
3345 5255 3484 5301 ese,

1923 5313 1967 5365 si
1997 5313 2337 5380 producatur.
2387 5314 2460 5366 Ex
2505 5329 2608 5380 quo
2656 5312 2801 5364 vides
2850 5313 3068 5380 iuepzias
3117 5310 3482 5380 quorumdam,

1923 5379 2012 5448 qui
2039 5398 2224 5436 versus
2253 5379 2534 5435 nonnullas
2561 5381 2832 5434 Prudentii
2865 5379 3152 5433 emendare
3175 5380 3256 5432 vel
3285 5392 3346 5432 ca
3375 5379 3483 5430 θυι-ι

1924 5451 2128 5504 ratione
2157 5451 2270 5504 ausi
2315 5460 2458 5514 sunt,
2493 5450 2632 5517 quod
2666 5450 2902 5502 vocalem
2941 5449 3156 5502 lncvem
3199 5449 3486 5517 protraxis-

1924 5530 2026 5584 set,
2051 5535 2170 5573 cum
2194 5520 2312 5572 dum
2335 5528 2689 5571 consonantes
2716 5519 2860 5572 vocis
2890 5519 3257 5586 subsequentis
3284 5518 3492 5581 longam

1926 5590 2037 5657 fieri
2067 5589 2370 5640 suaderent.
2408 5587 2498 5640 Sic
2529 5587 2692 5640 Aldus
2720 5588 2912 5657 aliique
2935 5590 3172 5655 legerunt
3215 5604 3279 5641 ex
3315 5588 3497 5654 aliquo

1922 5656 2039 5708 cod.
2071 5657 2430 5729 Amf._cess_isse
2473 5675 2499 5708 e
2523 5659 2792 5729 stomacho
2831 5656 2940 5729 pro
2965 5660 3168 5712 cessisse
3211 5658 3493 5724 stomacho,

1925 5741 2042 5780 \‘Ct‘s
2065 5725 2164 5783 904
2192 5725 2428 5798 l‘sychou
2456 5727 2640 5780 achim.
