3998 6182
510 322 580 378 ἶ5
1886 306 2341 368 PKUDENTIUS.
2365 325 2370 328 '

3603 298 3688 357 7'56

477 430 900 486 Christianorum
931 443 1051 485 eam
1093 427 1260 483 fuisse
1287 424 1756 491 consuetudinem,
1789 432 1848 479 ut
1870 425 2066 492 smpius
2094 431 2142 485 A
2173 427 2371 480 Chorea
2398 439 2425 476 a
2455 422 2691 490 Tibullo,
2719 429 2773 475 et
2797 422 2964 490 platea
2985 435 3014 474 a
3040 419 3246 474 Catullo
3276 434 3302 472 e
3337 417 3473 472 brevi
3496 417 3691 473 ell'erun-

483 539 644 588 qnam
694 521 1026 591 antiqu:ores
1075 533 1335 574 cresuratn
1393 517 1787 572 inditl'ercntcm
1843 515 2068 570 adhibe-

544 622 618 668 nt.

544 630 618 668 nt.

481 630 678 756 rei”.
722 701 923 764 Regula
950 698 1196 766 septima.
1249 696 1412 751 Primi
1450 697 1774 750 ecclesiastici
1819 705 1981 764 poeta:
2007 698 2068 750 ob

486 794 714 859 aliquam
746 792 1019 844 dialectunt
1051 791 1209 860 138
1237 788 1487 853 Grtccam,
1516 789 1595 844 vel
1615 797 1822 858 propter
1841 789 1921 840 sui
1947 798 2072 841 tent-

485 884 623 950 poris
668 881 1085 934 consuetudinem
1119 883 1172 933 in
1221 879 1483 934 nonnullis
1508 880 1765 933 vocabulis
1791 877 1986 933 ercis
2006 902 2068 943 ω,

485 996 516 1032 η
541 984 602 1037 et
645 996 699 1026 αι
734 972 787 1025 in
827 973 1027 1025 vocales
1053 972 1224 1025 breves
1265 972 1643 1036 convertebant,
1672 987 1772 1024 non
1801 971 1908 1024 sine
1938 971 2067 1024 anti-

486 1079 705 1132 quarunt
743 1061 995 1131 exemplo.
1048 1062 1102 1115 ln
1153 1062 1442 1116 Prudentio
1491 1061 1607 1116 haec
1653 1064 1848 1131 passim
1891 1077 2077 1130 repre-

492 1155 821 1220 hcnduntur,
867 1155 1110 1224 aenigma,
1159 1152 1411 1217 Berillus,
1471 1152 1794 1218 Chalcedon,
1847 1154 2072 1218 diemon,

487 1245 762 1314 energima,
802 1261 1018 1309 eremus,
1066 1245 1273 1309 heresis,
1313 1243 1531 1312 idolum,
1562 1244 1922 1313 Lacedtemon,
1969 1260 2078 1296 ma-

493 1337 671 1401 thesis,
696 1337 977 1407 phrenesis,
1006 1339 1193 1407 poesis,
1231 1336 1513 1406 Pyreneus,
1548 1336 1880 1402 romphealt's,
1927 1336 2078 1404 sphe-

489 1443 589 1493 ra;
629 1428 752 1497 quia
791 1428 1035 1497 syllabas
1082 1427 1298 1482 Grzncas
1337 1435 1524 1480 natura
1569 1426 1754 1496 longas
1795 1426 2074 1496 corripuit.

493 1521 666 1574 Eccur
694 1530 871 1574 autem
895 1520 1247 1588 antiquiores,
1281 1520 1372 1589 qui
1405 1519 1563 1576 simili
1585 1519 1795 1574 licentia
1821 1520 1901 1574 usi
1930 1529 2078 1584 sunt,

492 1613 905 1682 exemplumque
926 1611 1209 1678 dederunt,
1233 1611 1348 1666 sine
1363 1613 1468 1665 ulla
1489 1613 1907 1681 reprehensione
1928 1612 2079 1668 abire

499 1705 928 1772 permittuntur?
971 1703 1224 1770 Quantam
1267 1705 1512 1774 colligam
1559 1705 1752 1772 partim
1795 1706 1863 1758 ab
1894 1704 2081 1774 Hispa-

499 1797 643 1850 niolo
676 1797 926 1864 aliisque,
975 1798 1164 1866 partim
1196 1812 1225 1850 a
1265 1813 1352 1851 me
1392 1798 1694 1851 observata.
1740 1797 1920 1851 Ionius
1951 1813 2075 1852 con-
2112 1794 2158 1853 Β

495 1887 750 1942 scribitur
793 1904 889 1958 per
938 1905 1016 1952 ως
1073 1897 1252 1944 tamen
1287 1889 1557 1958 Virgilius,
1603 1889 1752 1943 lanio
1790 1890 1843 1944 in
1873 1907 2080 1960 magno,

497 1978 587 2032 alii
644 1978 895 2034 similiter
949 1979 1262 2048 corripiunt.
1326 1978 1690 2034 Orichalchunt
1732 1980 1890 2037 habet
1929 1981 2086 2052 dipit-

498 2071 754 2139 thengum
780 2073 846 2125 ei.
880 2070 1128 2126 Horatius
1154 2073 1204 2126 in
1241 2073 1356 2126 Art.
1392 2082 1536 2141 poet.
1566 2073 1773 2128 breviat
1795 2075 1836 2140 i,

557 2181 695 2230 Ttbia
720 2193 815 2231 non
838 2188 892 2230 ut
913 2194 1040 2232 nunc
1061 2182 1337 2233 orichalcho
1356 2182 1536 2246 juncta,
1563 2186 1812 2247 tubaeque.

501 2285 576 2341 lta
607 2286 859 2356 Virgilius
883 2296 939 2342 et
966 2287 1078 2342 alii.
1108 2287 1379 2344 Sithonius
1407 2304 1503 2359 per
1527 2315 1587 2357 ω,
1613 2291 1848 2362 itemque
1868 2293 2088 2346 (emonia

500 2394 530 2432 a
564 2379 784 2446 Virgilio
812 2379 1039 2449 aliisque
1067 2381 1454 2449 corripiuntur.
1517 2382 1677 2437 Orion
1706 2385 1867 2438 etiam
1902 2400 1996 2452 per
2022 2411 2082 2452 ω,

500 2468 718 2523 Servius
753 2484 880 2523 vero
909 2484 1004 2538 per
1044 2492 1104 2524 ου
1145 2472 1306 2525 scribi
1331 2472 1460 2526 olim
1499 2474 1679 2541 tradit,
1719 2483 1773 2530 et
1821 2487 2017 2531 extrue
2056 2500 2085 2531 υ

503 2578 722 2618 manere
747 2586 774 2618 ο
805 2564 1034 2619 micron.
1061 2564 1283 2620 Ovidius
1311 2565 1404 2621 lib.
1438 2582 1490 2621 iv
1513 2566 1722 2622 Fastor.
1752 2585 1768 2622 :

565 2675 723 2740 Hunc,
748 2675 941 2740 Hvreus
962 2678 1073 2737 quia
1097 2679 1169 2726 sic
1190 2680 1406 2740 genitus,
1432 2687 1573 2728 vocat
1590 2678 1786 2739 Oriona,

633 2738 849 2787 Perdidit
869 2740 1119 2800 antiquum
1145 2738 1307 2789 littera
1334 2743 1485 2802 prima
1505 2754 1695 2791 sonum.

505 2843 725 2911 O'mega
754 2843 805 2899 in
833 2843 1079 2916 Origenes
1116 2844 1184 2924 ab
1223 2845 1444 2900 lloratio
1480 2845 1791 2916 corripitur.
1843 2846 2091 2918 Virgilius

509 2935 562 2990 in
597 2934 728 2998 Ciri,

567 3027 820 3090 Sordilnts,
848 3033 901 3078 et
922 3029 1076 3078 scoria
1098 3029 1282 3091 pariter
1305 3030 1565 3080 tabescere
1590 3030 1689 3082 tali.

2179 529 2285 585 tur,
2307 517 2552 586 quamvis
2580 516 2652 570 sit
2681 514 3043 585 diphthongus
3070 533 3132 568 ιι.
3159 511 3323 565 ϐηοοί
3353 509 3570 564 scribunt
3594 513 3695 578 ptis-

2174 626 2322 670 sana,
2351 625 2446 677 per
2477 608 2608 661 duas
2632 623 2703 670 ss,
2729 616 2782 659 et
2809 606 3107 675 grabbatum
3134 601 3335 654 duabus
3372 600 3448 652 bb.
3489 599 3699 653 lloratius

2172 701 2305 754 dixit
2345 701 2548 769 ptisana
2591 698 2736 752 brevi
2764 697 2803 760 i,
2843 705 2898 748 et
2925 694 3180 762 Virgilius
3219 691 3469 761 grabatum
3506 690 3701 758 optimo

2176 788 2325 844 brevi
2353 790 2404 843 in
2436 789 2656 842 Moreto.
2695 787 2760 854 Q.
2796 785 2984 840 Sercni
3011 793 3094 838 est
3123 783 3209 837 hic
3237 796 3451 836 versus:

2237 901 2297 950 Et
2321 901 2436 950 vitio
2460 900 2634 961 capitis
2652 898 2913 960 phrenesis
2935 895 3116 944 furiosa
3139 900 3378 943 movetur.

2177 1003 2432 1058 linenda-2
2460 1005 2511 1056 in
2557 1000 2790 1055 secunda
2834 1000 3004 1055 vocali
3043 999 3198 1053 habet
3232 1020 3295 1059 si,
3337 1005 3388 1051 et
3415 997 3708 1066 corripitura

2177 1095 2396 1163 Virgilio
2425 1093 2521 1164 (a).
2548 1093 2708 1146 Multa
2737 1098 2921 1144 errant
2961 1089 3200 1144 nonnulli
3247 1086 3573 1153 recentiores,
3609 1104 3706 1141 cum

2182 1186 2339 1256 189
2367 1194 2606 1238 veterum
2633 1183 2830 1250 scripta
2865 1183 2918 1235 in
2957 1179 3219 1250 judicium
3263 1187 3467 1234 vocant.
3511 1177 3707 1233 ditatem

2177 1276 2370 1344 linguze
2397 1273 2596 1327 Latina:
2622 1272 2824 1327 sarculo
2855 1273 3144 1337 Augustam
3176 1267 3572 1324 concludendam
3614 1281 3710 1323 esse

2181 1377 2387 1438 putant,
2431 1367 2516 1420 vel
2557 1367 2628 1419 ita
2673 1373 2819 1419 certe
2859 1363 3100 1433 iudicant
3129 1361 3281 1431 quasi
3313 1362 3480 1415 minus
3507 1359 3709 1414 Latinum

2181 1469 2325 1516 esset
2355 1457 2608 1527 quidquid
2655 1457 2723 1511 ab
2750 1456 2932 1522 aliquo
2973 1455 3090 1523 ejus
3138 1453 3318 1509 saeculi
3353 1452 3593 1521 scriptore
3626 1466 3710 1508 non

2185 1551 2489 1620 reperiatur
2518 1549 2800 1616 scriptum.
2835 1547 2912 1600 De
2947 1546 3255 1609 Prudentio,
3296 1543 3522 1608 Paulino,
3569 1544 3714 1599 Auso-

2185 1647 2296 1713 nio,
2348 1657 2402 1701 et
2446 1645 2740 1715 :eqnalibus
2775 1657 2987 1707 eorum,
3034 1639 3254 1710 perinde
3285 1639 3556 1709 loquuntur
3588 1653 3641 1693 ac
3661 1638 3712 1694 de

2186 1739 2352 1793 nostri
2383 1738 2638 1804 temporis
2670 1733 2996 1800 hominibus,
3023 1733 3112 1801 qui
3143 1732 3377 1801 linguam
3397 1730 3714 1797 Latinamjam

2187 1839 2449 1883 mortuam
2482 1827 2692 1887 labore.
2717 1832 2777 1880 et
2802 1824 3085 1892 industria,
3133 1831 3186 1878 et
3221 1837 3289 1878 ex
3334 1821 3476 1876 libris
3513 1821 3626 1876 solis
3645 1821 3716 1875 ad-

2186 1921 2415 1975 discunt.
2443 1917 2627 1987 Itaque
2651 1915 2798 1970 viros
2821 1916 2939 1969 illos
2962 1913 3319 1979 clarissimos,
3363 1913 3449 1983 qui
3483 1912 3531 1967 in
3559 1911 3658 1966 fore
3678 1921 3720 1966 et

2187 2013 2305 2066 luce
2327 2009 2538 2079 publica
2569 2007 2846 2062 hominum
2869 2005 3064 2061 versati
3086 2015 3236 2072 sunt,
3267 2005 3320 2057 in
3345 2001 3721 2073 pronuntiatione

2188 2111 2243 2157 et
2269 2117 2367 2155 usu
2385 2099 2734 2170 quarumdam
2758 2111 2949 2150 vocum
2969 2095 3507 2164 t‘requentissimarum
3527 2107 3721 2156 errasse,

2187 2193 2440 2262 deceptos
2465 2200 2554 2244 aut
2596 2190 2812 2244 delusus
2857 2187 3024 2241 fuisse
3057 2197 3261 2241 temere
3306 2185 3520 2254 iactant.
3572 2184 3727 2253 Inique

2189 2286 2372 2355 pnesiu
2413 2289 2469 2338 et
2505 2281 2846 2336 Latinitatem
2881 2278 3161 2334 Prudentii
3205 2288 3258 2332 et
3303 2277 3546 2331 similium
3581 2275 3638 2329 sd
3658 2289 3725 2329 re-

2189 2375 2340 2445 gulas
2369 2389 2461 2427 seu
2489 2372 2943 2427 consuetudinem
2974 2369 3155 2424 saeculi
3185 2369 3359 2432 aurei,
3389 2366 3521 2437 quod
3546 2377 3723 2431 vocant,

2192 2467 2410 2536 exigere
2437 2466 2644 2533 volunt,
2682 2479 2802 2518 cum
2832 2462 3042 2518 interea
3086 2475 3192 2514 non
3236 2460 3413 2514 soium
3441 2458 3724 2521 Terentium,

2193 2574 2351 2626 quem
2388 2557 2599 2626 plurimi
2630 2557 2817 2610 Cicero
2859 2552 3106 2618 faciebat,
3158 2553 3252 2606 sed
3297 2551 3452 2606 etiam
3495 2551 3722 2615 Plautum,

2196 2649 2424 2702 Ennium
2453 2657 2505 2701 et
2529 2647 2664 2700 alios
2691 2655 2952 2710 tueantur,
2979 2643 3226 2714 quamvis
3261 2658 3324 2698 ea
3353 2658 3468 2713 quae
3491 2640 3729 2696 Terentius

2195 2750 2250 2795 ct
2277 2741 2459 2795 ca'teri
2492 2741 2542 2793 iit
2567 2737 2818 2808 prosodia
2850 2737 2964 2792 ausi
2987 2745 3132 2802 sunt,
3161 2736 3375 2805 longius
3400 2737 3464 2790 ab
3485 2744 3625 2790 aetate
3643 2736 3726 2788 Au-

2194 2832 2330 2899 gusti
2360 2829 2613 2884 recedant
2643 2843 2798 2895 quam
2832 2827 3102 2882 Prutlenlii
3133 2827 3392 2880 carmina.
3421 2825 3639 2894 Denique
3659 2825 3728 2877 vix

2199 2921 2394 2990 poterit
2431 2919 2634 2988 syllaba
2665 2919 2841 2988 aliqua
2890 2919 2942 2972 in
2974 2918 3268 2972 Prudentia
3299 2917 3613 2987 deprehendi
3638 2930 3732 2986 qua:

2199 3028 2294 3082 per
2324 3012 2539 3081 ﬁguram
2590 3011 2822 3080 aliquam
2865 3011 3126 3075 poeticam
3159 3026 3265 3064 non
3297 3011 3470 3065 valeat
3495 3009 3732 3064 excusari:

509 3133 692 3188 Scoria
720 3134 907 3190 Graece
931 3135 1090 3189 habet
1111 3160 1171 3189 ω.
1206 3135 1260 3190 In
1288 3136 1448 3202 hepar
1470 3159 1500 3197 η
1530 3137 1705 3192 Latini
1735 3138 1996 3206 breviant,
2031 3150 2082 3195 et
2111 3152 2156 3214 ο
2409 3101 3737 3214 ωξίιξξδῖξῗδίηξξξἘξξξοθῖῗξίὶ

509 3224 754 3278 similiter
778 3223 1019 3279 Catullus
1042 3235 1095 3279 et
1125 3223 1340 3280 Persius
1371 3226 1422 3280 in
1458 3227 1666 3293 crepido
1691 3250 1740 3286 η.
1767 3226 1822 3281 In
1849 3240 2008 3284 mater
2033 3240 2086 3284 et

511 3322 658 3380 pater
681 3337 712 3373 η
741 3316 938 3402 corripi
969 3315 1307 3372 notissimum
1332 3326 1414 3372 est
1439 3335 1452 3371 :
1487 3318 1538 3372 in
1563 3335 1649 3373 aer
1672 3320 1936 3376 interdum
1966 3337 2087 3392 pro-

513 3404 759 3470 trahitur,
785 3405 879 3460 sed
900 3406 1221 3462 Claudianus
1249 3408 1531 3474 breviavit,

577 3513 787 3564 Lucidus
804 3514 1072 3565 umbrifero
1095 3517 1375 3566 miscebitur
1400 3529 1486 3566 aer
1508 3519 1722 3570 Averno.

522 3617 765 3672 Valerius
793 3619 1016 3675 Flaccus
1049 3619 1103 3673 in
1133 3635 1224 3674 Vt:
1294 3669 1301 3676 .

515 3729 766 3794 lEquaque
790 3742 883 3780 nec
919 3731 1049 3782 ferro
1073 3731 1244 3796 levior,
1273 3743 1366 3782 nec
1401 3732 1631 3796 romphea
1657 3735 1806 3798 tigno.

518 3995 881 4068 Apollinarem
905 3995 1182 4050 Sidonium
1215 4009 1578 4068 accusaverat,
1623 4001 1766 4068 quod
1793 3995 2097 4068 primam'in

517 4067 836 4139 I_’honascus.
899 4068 1248 4139 penultimam
1276 4138 1282 4139 γ
1310 4068 1361 4121 in
1401 4067 1714 4136 Paraclitus,
1771 4067 1992 4138 primam
2047 4075 2097 4126 in

519 4137 859 4207 Ctesiphonte,
891 4137 1237 4207 penultimatn
1270 4138 1322 4192 in
1351 4139 1598 4192 diastema
1627 4137 2007 4207 corripuisset;
2046 4152 2101 4196 ct

519 4209 588 4261 ita
613 4206 885 4278 concludit
922 4225 933 4258 :
1094 4211 1228 4260 enim
1261 4211 1459 4277 antiqui
1501 4205 1824 4278 reperiuntur
1850 4213 2100 4267 breviasse

521 4301 552 4336 η
581 4287 625 4330 et
653 4301 715 4352 ῳ,
749 4287 795 4329 et
824 4277 1218 4352 diphthongum,
1251 4292 1303 4331 ut
1334 4291 1476 4349 puta,
1501 4277 1565 4352 in
1595 4280 1812 4352 Virgilio
1841 4293 1886 4335 et
1918 4281 2098 4335 Persio

522 4350 718 4415 magnis
743 4349 1052 4409 auctoribus,
1077 4365 1170 4399 cur
1189 4349 1284 4400 hoc
1301 4351 1562 4403 neotericis
1584 4349 1907 4418 imputatur?
1931 4352 2102 4406 Julius

523 4420 702 4489 (Σειξςίιιο
723 4418 957 4483 Scaliger
978 4417 1070 4471 lib.
1097 4434 1184 4489 vit.
1214 4434 1330 4488 pag.
1359 4421 1544 4489 l,cap.
1573 4422 1624 4486 6,
1651 4417 1817 4483 notat.
1839 4424 1970 4476 enim
1985 4439 2104 4476 esse

523 4505 588 4540 ex
621 4487 912 4560 Griecqriv,
956 4492 1055 4560 ᾑνί.
1095 4487 1556 4558 Νείιιωίτρριιψίαε
1598 4492 1752 4560 longa
1791 4495 1977 4546 vocalis
2010 4496 2105 4547 :id

527 4558 663 4624 quod
689 4557 740 4609 in
770 4558 912 4610 libris
940 4559 1207 4626 Originum
1239 4560 1502 4613 docuimus
1525 4578 1544 4616 :
1572 4557 1705 4614 εἰσιιὶ
1729 4580 1887 4628 neque
1915 4566 1968 4616 in
2000 4581 2106 4625 rre-

531 4629 675 4704 pida,
717 4633 949 4704 apeiria,“
974 4632 1213 4704 nequeant
1252 4633 1394 4704 venio
1435 4632 1610 4704 βαίνω.
1643 4632 1841 4704 .leseph
1871 4635 2106 4700 Scaliger

530 4697 1085 4771 Animadujntlrecca
1121 4698 1390 4753 Euscbiaui
1414 4697 1672 4763 Chronici,
1707 4697 1823 4771 pag.
1861 4706 1982 4768 102,
2015 4697 2106 4757 ad-

532 4768 708 4837 vcrtit,
739 4767 864 4818 olim
891 4768 1065 4822 Ionirc
1087 4793 1125 4821 ω
1147 4771 1303 4822 etiam
1331 4789 1420 4831 rer
1443 4795 1466 4826 ο
1488 4767 1860 4837 ερτὶβευιῐι,ἰ⁴]ς
1887 4775 2107 4828 Platone

532 4837 585 4888 in
601 4835 818 4903 Cratylo
835 4847 1064 4902 constat,
1082 4849 1289 4892 veteres
1311 4842 1525 4895 (meros
1549 4835 1650 4894 non
1668 4842 1915 4898 habuisse
1933 4869 1993 4906 ω,
2014 4845 2106 4897 sed

530 4929 555 4959 ο
577 4914 800 4968 tantum,
829 4922 998 4974 neque
1028 4930 1078 4964 η.
1108 4908 1199 4961 sed
1224 4931 1265 4962 ε.
1297 4910 1497 4964 Nomen
1523 4926 1696 4964 autem
1723 4915 1922 4966 var-alis
1946 4937 1971 4969 ο
1996 4923 2112 4967 erat

533 4998 612 5036 ου,
646 4976 785 5051 quod
819 4977 1044 5051 negandi
1072 4979 1176 5029 vim
1208 4981 1386 5047 habet,
1410 4997 1472 5035 ex
1501 4998 1605 5049 quo
1631 4982 1942 5051 intelligitur
1977 4985 2107 5038 illud

535 5047 778 5111 Ausonii,
817 5056 870 5099 et
895 5047 1115 5100 alierum
1142 5063 1156 5098 :

570 3922 1212 4013 ,ta‘ltllispantiplusgpag.
1246 3926 1723 4013 l67‘Hermolaum
1751 3929 1978 4013 _reiutat,
2012 3932 2099 4013 qui

692 5202 793 5266 lina
815 5201 902 5251 fuit
922 5209 1103 5252 tantum
1124 5217 1215 5264 qua
1234 5206 1534 5265 POSPOIldt‘J'e
1560 5205 1795 5266 Lacones,

689 5263 892 5325 Littera,
921 5273 972 5314 et
996 5269 1114 5314 irato
1139 5263 1245 5327 regi
1269 5263 1495 5328 placuere
1521 5277 1775 5327 negantes.

538 5388 946 5462 Rescripserunt
999 5391 1141 5462 enim
1173 5407 1276 5446 non
1323 5415 1404 5457 ου,
1449 5409 1567 5462 quin
1590 5404 1713 5447 sunt
1748 5394 1868 5462 duce
1898 5395 2111 5462 litterir,

537 5462 631 5534 sed
665 5456 740 5524 o;‘
769 5461 908 5534 quod
932 5475 960 5512 a
986 5459 1194 5534 Graecis
1211 5456 1500 5534 vocabatur
1529 5486 1586 5519 ου
1607 5506 1621 5529 ,
1673 5456 1833 5534 quod‘
1868 5475 1950 5519 est
1994 5456 2113 5520 non.

546 5530 810 5603 Murcum,
837 5531 1136 5603 Var._l.ect.
1165 5533 1255 5587 lib.
1309 5550 1454 5600 mu,
1498 5551 1616 5603 cap.
1650 5530 1702 5599 l,
1737 5535 1883 5590 addit
1925 5537 2117 5592 rectis-

541 5602 674 5652 sime
715 5601 904 5677 dici_in
947 5600 1288 5677 Apocalypsi,
1325 5604 1445 5677 _Ego
1485 5600 1594 5677 sum
1633 5605 1789 5674 alpha
1820 5618 1868 5660 et
1899 5624 1945 5670 o,
1988 5609 2112 5677 quin

543 5683 761 5743 noeessc
787 5671 859 5743 sit
889 5671 1075 5743 Latine
1102 5671 1440 5743 loquentibus
1469 5675 1648 5728 dicere
1671 5671 1700 5727 ό
1725 5692 1896 5743 maga.
1922 5671 2110 5732 Ac'rc-

547 5753 675 5791 vera
701 5740 755 5800 in
787 5740 1094 5809 Prudentia,
1127 5742 1367 5811 Paulino,
1397 5754 1450 5799 et
1479 5746 1594 5798 aliis
1625 5740 1877 5814 alpha,"ct
1907 5772 1946 5802 ω
1969 5749 2105 5802 scri-

2192 3196 2415 3258 cretius,
2468 3193 2731 3258 Catullus,
2792 3193 3058 3263 Virgilius,
3112 3193 3394 3260 Horatius,
3448 3191 3651 3249 Ovidius
3693 3198 3738 3245 et

2197 3285 2450 3355 aequales,
2475 3300 2608 3354 quas
2640 3283 2882 3338 nonnulli
2914 3298 3127 3339 errores
3168 3291 3222 3339 et
3260 3284 3390 3338 vitia
3425 3297 3540 3339 esse
3565 3288 3736 3352 putant.

2781 3399 3004 3454 CAPUT
3044 3398 3211 3453 XXV.

2201 3472 2512 3527 Prudentius
2549 3471 2610 3523 ab
2636 3472 2753 3524 aliis
2781 3480 3069 3531 corruptus,
3103 3469 3166 3522 ab
3194 3470 3314 3523 aliis
3355 3469 3485 3521 male
3510 3472 3743 3527 correctus,

2343 3543 2405 3596 ab
2432 3544 2548 3597 aliis
2575 3543 2834 3612 defensus.
2865 3537 3157 3612 Peculieres
3183 3537 3630 3593 animadversiones

2749 3610 2812 3663 de
2837 3611 2947 3680 ejus
2973 3611 3233 3681 prosodia.

2281 3729 2438 3800 190
2473 3726 2602 3782 215.
2642 3724 2701 3781 Si
2721 3738 2781 3780 ea
2809 3723 3047 3793 excipias
3081 3737 3200 3793 qua:
3230 3719 3547 3777 Prudentius
3572 3716 3742 3773 ratione

2209 3931 2371 3994 bitur,
2402 3937 2456 3985 et
2484 3929 2530 3984 si
2562 3928 2751 3984 Latine
2786 3943 2974 3983 versus
3002 3927 3362 3996 undecunque
3390 3931 3529 3999 esset
3553 3934 3744 3999 exaran-

2208 4003 2329 4074 dus,
2357 4001 2681 4074 scriberetur
2693 3999 2845 4074 alpha
2876 4009 2929 4054 et
2957 4015 3008 4063 ο,
3043 4014 3163 4074 nam
3193 4013 3222 4051 ο
3253 4014 3400 4066 mega
3429 3996 3560 4049 ratio
3581 3996 3740 4074 carmi-

2208 4071 2292 4130 nis
2318 4064 2429 4125 non
2457 4071 2678 4139 patitur.
2738 4064 2842 4122 Sed
2878 4069 3168 4122 notandum
3203 4077 3287 4120 est
3326 4064 3525 4139 tamen,
3563 4064 3740 4116 diverso

2209 4140 2367 4194 modo
2399 4155 2427 4192 a
2459 4135 2726 4194 veteribus
2766 4139 2928 4193 fuisse
2952 4140 3374 4210 pronuntiatum
3403 4153 3434 4188 ο
3461 4135 3743 4210 ᾕςςγθηειρ

2210 4211 2445 4276 longum.
2474 4211 2820 4264 Casaubonus
2848 4209 2898 4262 in
2931 4203 3278 4273 Trebellium,
3310 4222 3431 4275 pag.
3456 4203 3684 4276 ili-sit,
3703 4203 3742 4251 in

2205 4273 2436 4349 antiquis
2464 4281 2649 4333 multis
2691 4280 2914 4348 reperiri
2956 4281 3247 4345 sepulcrum
3271 4273 3403 4349 cum
3431 4273 3742 4349 diphthqngtt,

2209 4364 2266 4404 tit
2311 4341 2361 4404 in
2406 4351 2678 4418 epitaphio
2721 4341 2935 4403 A'urenli
2975 4341 3131 4403 unius
3154 4363 3186 4404 c
3223 4348 3293 4402 ’50
3323 4341 3582 4418 tyrannis,
3611 4341 3744 4418 Qqua!

2206 4411 2460 4489 smpulcro
2507 4411 2666 4472 victor
2696 4429 2806 4489 post
2847 4422 3008 4490 multa
3048 4419 3272 4490 tyranni,
3314 4411 3388 4490 uti
3428 4424 3605 4471 contra
3639 4411 3744 4490 lim-

2210 4478 2422 4543 tll'llllllS
2447 4507 2473 4542 e
2503 4491 2552 4543 in
2586 4478 2778 4556 sphera
2807 4478 3090 4556 corripuit:
3127 4478 3444 4549 Salinasius,
3496 4499 3606 4554 pag.
3647 4478 3742 4556 ίὲξῗν

2210 4562 2336 4626 169,
2375 4561 2505 4622 215,
2552 4549 2664 4613 ηοὶ.
2701 4561 2751 4613 in
2795 4549 2980 4626 script.
3014 4559 3205 4613 histor.
3253 4549 3512 4626 August.,
3562 4549 3662 4607 fuse
3695 4549 3746 4600 de

2214 4631 2418 4702 sphera,
2446 4631 2781 4702 ctenigmate
2806 4630 3038 4702 disserit,
3077 4638 3130 4682 et
3165 4628 3426 4702 promittit
3462 4629 3744 4702 commeats-

2211 4702 2348 4755 rium
2375 4701 2441 4753 de
2468 4695 2926 4753 vitiis'rccentium
2954 4695 3248 4766 poetarum.
3274 4695 3536 4758 OStendit,
3557 4695 3746 4766 scripto-

2214 4787 2299 4825 res
2329 4773 2444 4834 eius
2489 4771 2742 4836 temporis
2782 4770 3062 4838 scripsisse
3097 4772 3298 4836 sphera,
3320 4777 3406 4838 Aut
3435 4765 3670 4838 mat-hera,
3706 4765 3748 4836 et

2215 4858 2414 4894 macero
2443 4856 2468 4892 e
2501 4833 2666 4903 brevi,
2712 4849 2765 4892 ct
2804 4833 2941 4906 apud
2976 4833 3595 4906 AusoniumCitherone
3631 4833 3745 4906 brevi

2217 4927 2314 4979 pro
2343 4910 2598 4962 Cithwron
2619 4927 2636 4972 ;
2655 4899 2795 4978 apud
2815 4899 3186 4963 lilaximianum
3212 4909 3303 4963 lib.
3326 4908 3499 4979 Εἰθςά
3522 4904 3602 4979 ille
3621 4899 3748 4979 pede:

2217 4966 2374 5050 gogus
2401 4981 2508 5032 adit
2543 4966 2639 5048 pro
2663 4966 3005 5049 plrdagogus;
3032 4995 3204 5048 neque
3230 4966 3450 5050 Latinos:
3473 4975 3653 5032 solum,
3677 4966 3747 5050 set!

2222 5035 2439 5104 limaces
2476 5035 2689 5117 quoque
2720 5050 2786 5102 ita
2812 5035 3095 5111 sciipsisse
3120 5035 3172 5102 let
3205 5046 3607 5117 pronuntiasse:
3636 5035 3748 5117 qltﬂfl

2221 5138 2285 5173 ex
2316 5107 2764 5185 :-.ntiqu'ist;'r:ecis
2787 5107 3219 5186 inscriptionibus:
3249 5117 3456 5186 prohat.
3500 5107 3664 5186 Notat,
3685 5107 3751 5159 ul-

2227 5192 2405 5244 timam
2430 5181 2630 5258 corripi
2657 5206 2684 5242 a
2714 5181 3003 5243 Prudentio
3025 5199 3078 5243 et
3104 5181 3338 5243 Ausonio
3373 5187 3426 5240 itt
3459 5189 3626 5254 fames.
3649 5181 3748 5255 ίκθξο

2225 5263 2484 5329 maiestas,
2514 5261 2750 5313 colluces.
2782 5260 2886 5313 Sed
2919 5261 3182 5314 Ausonius
3215 5260 3441 5329 fortasse
3479 5269 3578 5308 non
3611 5261 3749 5329 certi:

2227 5323 2337 5396 pnit
2367 5348 2398 5383 a
2428 5323 2718 5384 secundum
2744 5332 2792 5384 in
2821 5332 3082 5400 majestas,
3127 5329 3219 5383 sed
3259 5327 3513 5400 spendteo
3544 5335 3666 5400 usus.
3686 5323 3750 5400 efl

2225 5385 2320 5468 pro
2354 5401 2551 5463 iambo,
2587 5411 2643 5454 ut
2669 5415 2812 5468 saepe
2841 5385 2995 5464 alias,
3042 5385 3158 5454 loco
3200 5385 3451 5468 secundo
3475 5387 3667 5448 iambici
3689 5385 3751 5436 di-

2225 5466 2398 5544 metri.
2430 5466 2796 5544 Fames,__lues.
2839 5469 3076 5544 (ollares,
3103 5487 3135 5544 _e
3173 5469 3331 5544 breve
3352 5466 3750 5544 iubentes-if.

2227 5542 2323 5594 teli
2355 5533 2741 5595 consuetudine
2770 5533 3071 5603 scribendi,
3089 5540 3261 5609 famis,
3292 5538 3413 5609 luis,
3445 5533 3644 5609 collatis
3670 5536 3752 5609 iter:

2225 5613 2309 5663 lia:
2337 5610 2848 5681 coniugationis,_nt
2873 5610 3008 5681 ride,
3047 5602 3127 5674 is;
3170 5609 3349 5681 strido,
3395 5607 3660 5681 inierat).

2224 5682 2384 5747 [πίθον
2416 5673 2478 5741 is.
2501 5673 2564 5733 et
2585 5680 2709 5743 alia,
2741 5679 2809 5733 de
2848 5680 3038 5747 quibus
3078 5679 3293 5734 uberius
3334 5677 3446 5744 agit
3491 5673 3751 5747 Priscianus

2221 5738 2324 5805 ltbf
2349 5738 2397 5803 κ’.
2448 5738 2576 5820 Qua:
2599 5738 2777 5805 omnia
2813 5738 3086 5820 prictaruiu
3118 5753 3244 5806 vitia
3274 5738 3510 5804 dici'nou
3536 5738 3720 5795 debent.
