3998 6182
242 316 325 374 737
1552 302 1777 357 PROLE

1885 298 2074 352 llENA.

3357 289 3458 343 758

242 442 318 486 aut
340 428 541 482 aliorum
569 422 811 491 exemplo
840 422 986 485 fecit,
1016 420 1300 475 admodum
1334 433 1496 487 pauca
1532 418 1767 471 invenies
1802 422 1845 476 Α
1876 414 1967 466 dos
2016 411 2234 464 maxime
2259 410 2497 463 idoneum
2536 409 2835 476 scriptorem
2874 417 3075 461 exstare
3105 407 3155 459 in
3188 408 3278 460 hoc
3309 424 3458 461 tensn

241 534 339 591 quat
365 524 556 587 peccata
595 514 749 567 metri
803 512 975 581 possis
1018 510 1328 580 appellare:
1380 508 1432 562 in
1460 522 1565 576 quo
1594 507 1770 561 socios

241 611 315 665 ille
355 608 551 661 haberet
596 602 1067 673 praestantissimos
1099 610 1280 668 poetas
1316 599 1613 663 Horatium,
1644 597 1773 651 Vir-

146 695 161 712 ‘
242 699 417 769 gilium,
441 695 588 761 alios,
616 694 683 748 de
699 694 893 761 quibus
914 703 1089 747 tamen
1115 692 1309 759 smpius
1336 690 1601 743 afﬁrmare
1626 688 1771 751 licet,

239 789 356 860 quod
379 790 439 842 de
464 783 675 841 comicis
704 784 1058 838 Terentianus
1083 782 1295 835 Maurus
1320 797 1335 836 :
1379 782 1444 833 In
1474 790 1631 831 metra
1661 794 1778 847 pec-

240 891 334 933 cant
354 887 468 941 artc,
490 890 584 930 non
608 876 827 929 inscitia.
859 875 1094 943 Scaliger
1117 873 1206 926 lib.
1238 888 1271 924 it
1293 872 1515 949 Ρουιῑο.2
1542 884 1660 936 cap.
1684 869 1774 932 51,

238 975 293 1026 de
312 972 435 1024 vitiis
455 969 502 1023 in
523 967 814 1037 quantitate
840 965 1095 1034 loquens:
1124 962 1205 1016 Ea:
1230 961 1473 1025 Homero,
1496 961 1588 1022 ait,
1615 958 1777 1011 multa

239 1074 380 1132 petere
404 1077 542 1130 queas
572 1075 590 1113 :
622 1060 716 1129 {uit
744 1059 879 1112 enim
924 1056 1401 1127 negligentissimus.
1437 1053 1778 1108 Aristarchus

238 1168 288 1208 ea
315 1150 549 1205 modestia
574 1149 786 1202 Homeri
816 1162 1027 1201 errores
1054 1145 1273 1207 notavit,
1307 1154 1362 1197 ut
1392 1159 1657 1211 nunquam
1698 1142 1777 1196 di-

239 1250 361 1296 ceret
383 1284 395 1303 ,
433 1239 712 1293 Homerum
744 1250 988 1299 errasse,
1038 1235 1131 1289 sed
1164 1234 1417 1304 quidquid
1451 1250 1557 1287 non
1590 1233 1781 1301 proba-

239 1333 330 1393 bat,
364 1329 558 1383 llomeri
596 1340 716 1381 esse
736 1327 1052 1395 denegabat.
1095 1326 1301 1391 Cicer.,
1362 1324 1519 1392 epist.
1566 1325 1652 1387 ll,
1684 1323 1775 1376 lib.

237 1434 283 1475 ttt
321 1438 331 1472 :
362 1420 420 1473 Ut
446 1418 570 1471 enim
611 1418 932 1471 Aristarchus
970 1416 1185 1469 Homeri
1218 1432 1419 1469 versum
1448 1424 1596 1484 negat
1634 1430 1779 1483 quem

239 1524 320 1563 non
339 1508 502 1580 probat
544 1524 562 1561 :
590 1509 663 1561 sic
704 1517 757 1559 tu
785 1507 935 1576 (libet
970 1508 1104 1559 enim
1142 1506 1265 1558 milii
1297 1505 1498 1575 jocari)
1542 1505 1675 1572 quod
1701 1504 1781 1556 di-

238 1609 399 1654 sertum
443 1615 535 1653 non
586 1608 717 1664 erat,
748 1614 811 1650 ne
840 1596 1039 1666 putaris
1065 1612 1254 1650 meum.
1306 1595 1382 1649 De
1412 1593 1600 1649 eodem
1628 1592 1778 1648 Aris-

239 1691 394 1745 tarcho
418 1688 643 1758 uitellige
690 1688 984 1742 Ausonium
1032 1686 1193 1755 epist.
1226 1686 1292 1741 18
1332 1700 1347 1741 :
1384 1686 1586 1753 Quique
1634 1696 1781 1736 notas

1878 502 2127 565 arbitror;
2156 500 2242 553 sed
2263 499 2348 567 qui
2393 500 2456 551 sit
2487 498 2760 552 etiamnum
2814 498 3046 564 plurimis
3090 497 3304 550 maculis
3344 513 3461 548 con-

1878 597 2046 659 fossus
2067 599 2217 657 atque
2241 592 2526 658 confectus,
2558 604 2657 640 non
2680 587 2785 639 alia
2808 589 3005 656 majore
3026 587 3088 640 de
3111 603 3283 649 causa,
3308 602 3462 654 quam

1878 681 2011 745 quod
2054 680 2273 733 maxime
2307 678 2542 733 omnibus
2564 686 2769 746 accepta
2810 678 3034 743 scripsit,
3070 686 3115 729 et
3154 676 3245 729 tuli
3281 691 3461 746 genere

1877 772 2101 836 dicendi,
2130 772 2268 839 quali
2296 771 2379 824 uia:
2404 772 2572 838 optari
2597 778 2793 836 poterat
2816 766 2909 840 (c).
2945 769 3058 822 Non
3086 768 3258 822 solum
3283 777 3457 820 autem

1878 863 2035 916 codd.
2068 877 2223 928 mss.,
2255 862 2349 916 sed
2382 863 2541 915 etiam
2571 861 2896 915 editionibus
2929 860 3201 913 Prudentii
3234 859 3458 926 plurima

1879 952 2002 1005 vitia
2037 952 2340 1020 imputanda
2363 966 2485 1005 esse
2511 950 2810 1004 Gronovius
2838 950 3036 1018 aliique
3057 949 3283 1012 docent;
3315 947 3455 1016 quod

1878 1058 1907 1096 a
1938 1043 2090 1098 nobis
2113 1042 2337 1111 singulis
2365 1043 2494 1096 locis
2513 1041 2872 1106 adnotabitur,
2896 1056 3015 1094 cum
3042 1038 3325 1093 varietates
3354 1039 3461 1093 lec-

1881 1133 2088 1186 tionum
2118 1133 2500 1201 expendemus.
2534 1132 2722 1199 Aliqua
2751 1132 2909 1185 etiam
2941 1132 3183 1185 conlusio
3209 1129 3336 1183 oriri
3368 1145 3460 1199 po-

1881 1223 1983 1276 tuit
2018 1239 2082 1277 ex
2112 1222 2311 1291 duplici
2364 1222 2595 1277 editione
2644 1222 2940 1275 carminum
2986 1220 3283 1285 Prndentii,
3331 1220 3457 1274 dum

1880 1314 2055 1368 adhuc
2097 1314 2142 1369 is
2173 1314 2392 1377 viveret,
2421 1314 2561 1383 quod
2593 1314 2891 1381 susiiicatur
2914 1313 3180 1367 ileinsius.
3207 1314 3457 1382 Exempla

1882 1410 2061 1456 vetera
2109 1418 2221 1456 non
2258 1402 2451 1457 desunt
2484 1417 2548 1457 ex
2589 1403 2779 1471 quibus
2826 1402 2992 1471 liquet
3037 1403 3326 1471 scriptores
3365 1417 3457 1455 sua

1881 1506 2051 1561 Opera
2073 1492 2435 1547 emendatiora
2481 1494 2670 1547 iterum
2722 1493 2988 1561 vulgasse.
3020 1494 3145 1546 Mihi
3189 1495 3461 1561 probabile

1881 1594 1964 1638 est
2006 1584 2348 1639 Prudentium
2398 1599 2523 1639 suos
2563 1584 2793 1655 hymnos
2822 1596 2874 1637 et
2913 1584 3168 1653 opuscula
3215 1599 3454 1638 seorsum

1885 1690 1945 1729 ac
1985 1675 2210 1730 diversis
2256 1676 2585 1743 temporibus
2632 1676 2999 1743 composuisse
3044 1685 3097 1729 et
3145 1674 3461 1743 publicasse,

237 1783 398 1851 spuriis
438 1781 657 1835 versibus
696 1781 954 1851 apposuit.
987 1780 1170 1833 Obiter
1195 1780 1457 1847 corrigam
1487 1777 1651 1831 alium
1700 1776 1777 1829 lo-

1885 1782 2004 1834 qute
2034 1767 2247 1821 tandem
2276 1781 2418 1820 anno
2444 1766 2616 1819 artatis
2641 1766 2707 1820 57
2730 1769 2781 1819 in
2804 1781 2965 1819 unum
2988 1780 3183 1833 corpus
3206 1772 3385 1819 coacta
3412 1765 3463 1817 in

237 1885 338 1923 cum
363 1869 588 1934 Ausonii,
621 1884 650 1920 a
676 1869 952 1935 Scaligero
993 1866 1099 1920 filio
1127 1867 1179 1920 in
1210 1866 1450 1920 Lection.
1484 1865 1775 1919 Ausonian.

237 1973 324 2013 non
344 1960 784 2025 animadversum,
814 1960 866 2013 in
898 1958 1101 2027 prastat.
1132 1957 1199 2011 ad
1232 1956 1434 2011 Ludum
1458 1966 1663 2026 septem
1695 1970 1781 2009 sa—

271 2062 444 2104 lentum
468 2067 481 2103 2

271 2065 444 2104 lentum
468 2067 481 2103 :

238 2065 269 2119 Ρ
288 2139 472 2187 Iasonio
491 2137 688 2200 qualem
712 2137 893 2186 cultum
914 2139 1139 2200 quaesivit
1161 2137 1376 2200 Homero

343 2199 869 2260 Censor’Aristarchus,
889 2199 1155 2260 nurumque
1178 2199 1429 2249 Zenodoti.

282 2260 405 2323 Pone
422 2261 582 2309 obelos
607 2262 775 2323 igitur,
802 2262 1074 2321 spuriornm
1098 2263 1329 2323 stigmata
1357 2268 1535 2321 vatum,

334 2322 524 2381 l'almas,
547 2335 648 2371 non
667 2322 831 2383 culpas
855 2335 969 2371 esse
993 2322 1181 2383 putabo
1200 2334 1357 2371 meas.

233 2422 354 2494 Lege
389 2440 502 2479 meo
527 2425 788 2494 periculo,
818 2425 1111 2495 spuriorum
1148 2426 1387 2496 stigmata
1414 2441 1668 2489 rersuum,
1701 2424 1784 2481 vel

232 2530 403 2570 versum
441 2516 535 2588 (a).
563 2518 731 2587 igitur
756 2518 895 2583 quod
938 2518 1279 2573 Aristarchus
1322 2518 1377 2572 in
1422 2518 1638 2572 Homeri
1668 2533 1787 2572 car-

236 2608 441 2663 minibus
468 2610 609 2675 fecit,
648 2609 786 2663 idem
818 2609 1007 2677 potiori
1046 2608 1169 2676 jure
1196 2608 1247 2661 in
1294 2607 1579 2661 Prudentiu
1608 2606 1785 2662 lacero

234 2697 414 2764 liceret,
443 2709 496 2754 ut
523 2700 730 2769 spurios
758 2712 877 2754 esse
907 2715 1076 2752 versus
1104 2698 1423 2760 diceremus,
1446 2712 1581 2767 quos
1609 2698 1786 2766 aliqua

230 2789 341 2842 vitio
371 2791 582 2843 inlectos
614 2798 887 2843 constaret
916 2788 1014 2858 (b).
1258 2840 1269 2845 -

289 2883 427 2953 191
462 2881 586 2937 256.
633 2880 856 2950 Egregia
901 2890 1025 2934 sunt
1051 2895 1167 2949 quae
1196 2880 1348 2933 aﬂ‘ert
1391 2879 1638 2936 Barthius
1691 2880 1783 2934 lib.

235 2986 325 3034 ut,
350 2988 461 3041 cap.
489 2974 579 3037 25,
612 2974 728 3041 qui,
760 2987 878 3025 cum
922 2972 1241 3026 ostendisset
1285 2982 1431 3026 recte
1463 2973 1567 3027 dici
1606 2990 1695 3026 aer
1734 2981 1787 3029 et

231 3063 369 3116 aliter
404 3076 588 3117 neutro
629 3078 848 3132 genere,
872 3061 1045 3126 Talia,
1070 3063 1256 3132 inquit,
1305 3064 1456 3131 plura
1493 3073 1611 3116 sunt
1649 3064 1787 3134 apud

1884 1855 2149 1924 publicam
2183 1854 2354 1909 lucem
2386 1855 2665 1919 emiserit,
2699 1868 2763 1909 ac
2793 1854 3045 1908 nonnulla
3077 1853 3460 1908 emendaverit.

1952 1948 2076 2000 217.
2122 1947 2434 2015 Exemplum
2481 1960 2610 1999 vero
2645 1955 2886 2000 errorum
2930 1946 3018 2013 qui
3050 1961 3077 1996 τι
3121 1945 3464 2013 typograpliis

1883 2049 2006 2091 sunt
2037 2038 2257 2101 inducti,
2290 2052 2482 2106 ponam
2523 2038 2575 2091 in
2604 2036 2818 2102 idolum,
2849 2036 2991 2105 quod
3040 2036 3184 2089 brevi
3216 2051 3245 2087 o
3274 2050 3304 2089 a
3336 2035 3463 2089 Prn-

1885 2128 2069 2183 dentio
2092 2144 2306 2198 semper
2334 2128 2617 2183 inducitur.
2651 2129 2817 2183 Aldus
2838 2130 3018 2184 senior
3038 2129 3191 2185 codd.
3228 2143 3356 2183 mss.
3380 2145 3463 2185 et-

1884 2235 2059 2275 rurem
2093 2230 2304 2289 putans,
2355 2235 2501 2290 saepe
2541 2220 2826 2275 emendare
2856 2220 3039 2285 voluit,
3096 2229 3152 2274 ut
3178 2220 3462 2290 Psychoru.

1887 2326 2029 2365 vers.
2045 2312 2147 2366 579
2166 2328 2178 2364 :
2197 2312 2431 2381 Quosque
2455 2314 2587 2366 viros
2613 2329 2711 2365 non
2735 2313 2812 2364 ira
2832 2315 3070 2381 fremens,
3086 2311 3320 2379 idolaque
3336 2312 3465 2375 bello

1886 2417 1982 2471 pro
2015 2403 2250 2471 Quosque
2276 2404 2408 2456 viros
2430 2420 2531 2456 non
2552 2405 2628 2457 ira
2650 2407 2887 2473 fremens,
2918 2420 3015 2455 non
3045 2404 3183 2457 idola
3213 2404 3362 2457 bello.
3400 2404 3465 2458 Et

1884 2491 2052 2547 Aldus
2076 2493 2288 2562 quidem
2315 2495 2551 2562 regulam
2576 2504 2787 2548 secutus
2815 2501 2919 2556 est,
2946 2507 3013 2547 ne
3034 2508 3117 2562 [ue
3148 2493 3197 2546 in
3230 2508 3464 2548 errorem

1886 2585 2101 2649 incidit;
2128 2601 2233 2640 non
2258 2586 2329 2640 ita
2350 2586 2664 2639 Muratorius
2686 2584 2737 2639 in
2762 2584 2819 2639 S.
2845 2583 3086 2650 Paulino,
3112 2587 3200 2653 qui
3224 2586 3465 2639 eamdem

1887 2675 2152 2745 syllabam
2179 2678 2448 2746 corrigere
2476 2690 2668 2740 ausus,
2715 2677 2879 2729 multo
2910 2674 3079 2743 majus
3121 2675 3235 2742 ipse
3278 2689 3466 2743 prcca-

1888 2777 1999 2822 tum
2023 2769 2311 2833 commisit,
2341 2782 2461 2822 nam
2483 2769 2501 2820 i
2525 2770 2576 2821 in
2604 2768 2793 2820 idolum
2815 2775 2998 2821 contra
3025 2780 3211 2819 omnes
3238 2768 3465 2835 regulas,

1887 2875 2008 2915 cum
2038 2860 2107 2916 sit
2129 2860 2347 2927 εἴδωλον,
2377 2870 2430 2915 et
2448 2860 2566 2914 sine
2588 2860 2693 2912 ullo
2715 2858 2962 2927 exemplo
2982 2858 3261 2926 corripuit,
3290 2873 3466 2926 poeni.

1888 2950 2073 3005 ultimo
2103 2951 2159 3005 in
2186 2951 2428 3005 ethnicus
2457 2965 2599 3006 vers.
2643 2950 2769 3014 203,
2800 2949 2908 3003 Ntc
2936 2965 2989 3003 se
3016 2966 3245 3020 paganus
3276 2950 3466 3025 laudet,

1888 3040 1932 3093 si
1960 3044 2080 3093 vitat
2108 3041 2267 3094 idola.
2297 3038 2587 3109 Subjicitur
2614 3047 2738 3092 nota
2770 3038 3039 3092 Mnratorii
3067 3056 3081 3091 :
3112 3037 3176 3091 In
3208 3056 3303 3092 ms.
3336 3040 3466 3108 lcgc-

231 3153 517 3209 Christianos
561 3129 720 3220 vates,
753 3170 865 3223 qtae
911 3172 1001 3207 nos
1029 3129 1317 3223 ignorantia
1349 3129 1692 3224 antiquitatis,
1720 3158 1778 3209 ob
1805 3137 1850 3197 Ο
1884 3132 2049 3224 δαίων
2144 3133 2229 3200 φά
2271 3132 2411 3224 ίίξοία
2457 3132 2603 3224 υίιαζο
2638 3129 2937 3224 ξηιωιάωίὶ.
2984 3130 3099 3224 Non
3149 3131 3465 3224 emendasti,

223 3245 413 3298 amissos
440 3256 508 3299 tot
536 3247 802 3316 egregios,
850 3246 951 3298 imo
982 3249 1085 3313 fere
1123 3262 1224 3298 uno
1264 3255 1311 3299 et
1344 3246 1503 3299 altero
1543 3247 1780 3316 demptis,

224 3350 419 3391 summos
451 3337 701 3391 Romana:
744 3337 1040 3407 eloquentite
1079 3338 1365 3392 canditores
1395 3354 1495 3391 non
1531 3339 1784 3393 intellecta

224 3426 514 3483 damnamus.
548 3428 821 3496 Praecipue
840 3431 979 3496 apud
998 3430 1325 3499 coryphteum
1350 3446 1523 3482 eorum
1546 3429 1784 3484 Pruden-

223 3518 353 3587 tium,
380 3538 525 3590 quem
550 3538 647 3591 ego
676 3522 744 3575 ad
784 3521 1029 3590 plurimos
1068 3537 1232 3574 mores
1260 3523 1488 3592 ritusque
1514 3524 1781 3592 explican-

283 3768 353 3841 (ι)
376 3767 430 3824 In
450 3779 746 3841 comment.
782 3770 857 3841 ad
886 3769 1140 3841 hymnum
1176 3768 1233 3823 S.
1265 3769 1488 3841 Eulalia:
1534 3783 1769 3824 errorem

220 3837 437 3903 ejusdem
467 3839 731 3910 Scaligeri
773 3837 1109 3910 redarguam,
1152 3840 1241 3908 qui
1284 3840 1334 3894 in
1366 3842 1769 3907 epigrammate,

220 3923 313 3979 quo
347 3909 630 3964 Ausonius
664 3909 1275 3979 Ilispalini’celebravit,
1321 3919 1505 3963 contra
1540 3920 1771 3965 veterem

222 3978 482 4048 lectionem
508 3978 791 4048 amplexus
816 3991 897 4034 est
918 3979 1224 4043 Emeritam,
1255 3996 1373 4031 cum
1396 3982 1531 4033 ratio
1555 3980 1773 4034 suadeat

222 4046 474 4120 Hispalim,
509 4046 617 4120 non
655 4049 950 4116 Emeritam,
982 4052 1081 4117 legi
1112 4050 1329 4120 debere.

283 4118 350 4187 (b)
378 4118 573 4173 Barthii
608 4121 773 4172 verba
812 4120 903 4173 lib.
932 4137 1040 4183 ut,
1084 4135 1204 4187 cap.
1233 4119 1267 4173 6
1304 4119 1467 4183 Adv.,
1500 4134 1606 4173 non
1640 4134 1773 4185 prte-

218 4190 526 4259 termittam:
568 4189 774 4243 Veteres
805 4188 1077 4243 Christiani
1121 4191 1405 4259 scriptores,
1454 4190 1588 4256 quod
1632 4191 1782 4243 hodie

216 4258 377 4324 vulgus
404 4269 578 4312 contra
609 4275 802 4326 magna
833 4259 1218 4329 pra'sumptione
1253 4260 1486 4325 ingenita:
1534 4260 1780 4329 doctrina:

217 4329 347 4386 solet,
384 4330 588 4383 minime
628 4330 970 4397 aspernabant
994 4328 1071 4384 illi
1116 4331 1417 4383 adscititiam
1467 4346 1493 4382 e
1522 4328 1663 4381 libris
1692 4348 1780 4383 sa-

215 4397 419 4462 pientum
436 4400 798 4465 eruditionem,
829 4403 915 4464 qui
940 4412 1080 4454 extra
1108 4401 1332 4453 ecclesia:
1354 4400 1634 4466 penetralia
1662 4402 1779 4468 qui-

216 4468 315 4517 dmt
342 4481 502 4531 erant,
527 4488 646 4522 cum
673 4486 729 4522 ea
752 4480 918 4523 tamen
962 4488 1059 4522 non
1082 4486 1199 4522 raro
1236 4470 1560 4522 mirissimum
1592 4473 1642 4522 in
1671 4487 1778 4522 mo-

216 4534 321 4588 dum
349 4542 746 4592 consentiebant.
779 4540 841 4591 Ei
872 4542 943 4592 rei
965 4542 1356 4592 animadverere
1382 4540 1615 4593 debuisse
1633 4552 1775 4609 puto,

214 4614 306 4677 tum
328 4609 456 4662 alios
482 4611 673 4662 talium
694 4609 1068 4673 explanatores,
1117 4619 1224 4661 tum
1260 4610 1337 4661 vel
1377 4612 1651 4677 prazcipue,
1691 4616 1777 4675 qui

220 4672 692 4747 Prudentiumbono
722 4672 921 4744 publico
947 4680 1207 4732 illustrare
1242 4672 1457 4747 professi
1504 4672 1639 4731 sunt.
1685 4672 1774 4733 Est

212 4745 331 4817 enim
360 4748 409 4799 in
438 4764 496 4801 eo
526 4758 682 4817 poeta
730 4750 990 4800 recondita
1032 4749 1263 4811 eruditio,
1318 4745 1467 4800 raras
1514 4749 1566 4801 in
1616 4749 1775 4801 verbis

212 4813 361 4887 lepor,
383 4821 436 4869 in
465 4813 650 4887 pltrast'
675 4818 921 4870 Latinitas
952 4835 1049 4870 non
1077 4820 1299 4887 impura,
1333 4820 1430 4869 nisi
1467 4835 1565 4886 qua
1601 4820 1707 4869 imit
1727 4841 1772 4869 t-

214 4883 334 4957 tione
353 4883 514 4957 sacra:
554 4888 775 4957 loquela:
817 4889 966 4956 fregit
996 4883 1165 4940 volens
1213 4883 1554 4955 regulam,’et
1598 4905 1697 4956 qua
1742 4906 1773 4940 a

210 4952 425 5009 barbarie
446 4952 823 5010 monachorum
843 4952 1223 5010 “scribentium
1248 4952 1390 5011 secus
1418 4973 1569 5021 quam
1610 4952 1771 5010 'volnit

211 5037 302 5074 non
324 5042 443 5079 raro
464 5029 692 5079 scribere
715 5037 917 5080 coactus
936 5037 1028 5078 est.
1064 5028 1383 5080 Manendum
1418 5038 1616 5089 tamen,
1642 5045 1768 5080 mo-

212 5096 382 5165 nachis
402 5098 607 5165 gratias
630 5112 751 5151 esse
775 5096 1064 5159 habendas,
1100 5097 1239 5163 quod
1273 5098 1424 5150 nubis
1456 5112 1559 5149 non
1593 5101 1765 5151 solum

210 5162 571 5229 Prudentium,
606 5167 703 5219 sed
743 5166 876 5219 alios
909 5162 1125 5219 veteres
1164 5168 1455 5233 scriptores
1482 5182 1771 5220 conserva-

212 5245 343 5296 rnut,
387 5252 566 5304 neque
612 5247 721 5289 tam
770 5236 1083 5303 culpandum
1142 5251 1326 5290 eorum
1377 5238 1767 5304 ignorantiam,

207 5315 351 5368 qnam
391 5315 703 5375 temporum
736 5305 983 5374 iniuriam
1016 5316 1069 5359 et
1098 5306 1489 5361 difficultatem.

270 5376 337 5440 (ε)
376 5376 631 5429 Barthius
663 5376 847 5429 iterum
882 5376 980 5427 hoc
1036 5378 1150 5429 loco
1204 5376 1473 5430 invidiam-
1504 5378 1777 5431 monachis

207 5440 365 5510 aliqua
413 5460 482 5499 es
527 5459 688 5515 parte
730 5445 960 5499 conﬂare
996 5450 1137 5509 vult;
1175 5448 1265 5499 sed
1296 5461 1397 5499 non
1430 5448 1777 5502 omittendum

202 5522 280 5583 est
305 5515 539 5583 elogium
574 5516 874 5580 Prndentii,
907 5515 1046 5583 quod
1074 5516 1293 5583 subiicit
1324 5535 1335 5569 :
1371 5516 1505 5570 Hinc
1529 5520 1781 5571 claustra-

203 5582 323 5634 libus
374 5582 496 5638 ciris
538 5586 853 5652 futuiliarior
907 5582 1064 5638 multa
1102 5586 1308 5639 vulnera
1350 5603 1440 5653 pro
1480 5589 1779 5641 eruditionis

204 5656 417 5724 mercede
437 5656 638 5707 retulit.
679 5654 991 5724 Eloquentim
1020 5659 1145 5709 tanti
1168 5658 1259 5709 viri
1297 5658 1436 5709 tes'is
1479 5660 1543 5709 sit
1576 5659 1650 5711 vel
1679 5676 1779 5711 una

202 5720 468 5779 Coronatio
503 5724 753 5790 Romani,
774 5720 890 5792 quia
900 5739 1235 5793 pratterqitam
1252 5729 1385 5791 quod
1406 5729 1580 5789 paucis
1603 5731 1775 5784 uteris.

1895 3222 2049 3292 192
2071 3222 2343 3290 Maratori,
2370 3221 2675 3290 corrupisti.
2703 3223 2845 3277 idem
2875 3223 3125 3278 Paulinus
3151 3223 3204 3276 in
3230 3222 3466 3291 Epithal.
3550 3242 3553 3245 ·

1891 3312 1947 3366 in
1978 3311 2247 3367 lulianum
2275 3331 2286 3365 :

1948 3423 2105 3482 Absit,
2130 3428 2186 3473 ut
2210 3422 2365 3473 idolici
2388 3424 2609 3473 videatur
2627 3422 2721 3473 tilia
2742 3423 2929 3486 templi.

1887 3525 2225 3582 Manifestum
2274 3537 2377 3593 est,
2412 3541 2442 3580 a
2488 3526 2710 3581 Paulino
2759 3542 2787 3580 ο
2814 3526 2868 3580 in
2913 3526 3087 3580 idolici
3116 3525 3313 3594 corripi
3365 3524 3466 3593 (tt).

1880 3772 2046 3840 iisque
2075 3788 2179 3825 non
2212 3780 2315 3825 tam
2345 3772 2567 3824 auctoris
2593 3786 2745 3839 quam
2774 3771 3166 3839 exscriptorum,
3192 3773 3467 3826 ctimnnnnt

1882 3843 2150 3909 inquinata
2188 3852 2282 3906 est,
2326 3842 2628 3909 ca'teroquiu
2663 3856 2939 3909 provocare
2976 3842 3138 3907 possit
3186 3844 3465 3896 iamborum

1884 3928 2055 3963 omnes
2076 3915 2189 3982 jam
2213 3912 2330 3982 inde
2353 3912 2416 3962 ab
2456 3909 2666 3982 Horatio
2690 3916 2883 3982 poetas.
2907 3909 3118 3982 Bursns
3140 3911 3380 3965 Barthius
3410 3914 3461 3968 in

1882 3978 2240 4046 exscriptores
2279 3980 2547 4033 Prudentii
2596 3978 2862 4031 invehitur
2905 3978 2994 4031 lib.
3050 3996 3156 4039 LIV.
3208 3995 3324 4045 cap.
3371 3985 3457 4049 t8,

1886 4050 1974 4104 nbi
2016 4051 2066 4102 in
2108 4051 2257 4102 titulo
2296 4050 2389 4111 ait,
2433 4050 2827 4102 distinctionem
2869 4053 3100 4113 capitum
3142 4050 3461 4118 Psychomn-

1883 4121 2018 4173 chie
2049 4134 2168 4173 esse
2190 4120 2558 4182 monachicam,
2604 4128 2657 4175 et
2684 4128 2864 4183 postea
2910 4118 2959 4170 id
3001 4119 3229 4186 explicat
3263 4136 3276 4171 :
3330 4120 3462 4174 Mitti

1884 4201 2051 4242 autem
2078 4191 2310 4241 universa
2347 4189 2509 4240 omnis
2537 4188 2627 4239 illa
2665 4190 2885 4253 capitum
2919 4190 3176 4240 distinctio
3204 4197 3251 4241 et
3276 4189 3462 4242 inscri-

1885 4262 1989 4327 ptio
2018 4275 2116 4311 non
2143 4275 2249 4311 esse
2276 4260 2501 4311 auctoris
2526 4259 2738 4317 videtur,
2778 4259 2865 4310 sed
2894 4257 3317 4310 scholasticorum
3348 4277 3459 4313 ma-

1886 4332 2181 4397 gistrorum,
2211 4330 2391 4398 quibus
2415 4344 2598 4394 magno
2627 4344 2719 4379 suo
2748 4331 2884 4380 malo
2916 4336 3020 4380 tant
3051 4329 3322 4393 familiaris
3360 4334 3459 4396 fuit

1884 4401 2104 4467 optimus
2118 4398 2523 4452 Christianorum
2544 4409 2805 4450 arctorum
2826 4399 2995 4467 quoad
3016 4400 3205 4460 poesim
3235 4400 3457 4463 quidem.

1955 4471 2032 4536 (ιι)
2070 4470 2312 4522 Barthius
2346 4469 2436 4519 lib.
2470 4483 2648 4530 xxxiv,
2679 4482 2795 4532 cap.
2825 4467 2895 4520 4:
2934 4465 3105 4531 ldola,
3137 4468 3327 4536 inquit,
3367 4472 3461 4522 da-

1884 4542 2015 4608 ctylo
2061 4549 2298 4608 usurpat
2324 4537 2638 4590 Prudentius
2683 4547 2854 4589 noster
2890 4554 2909 4594 :
2945 4540 2995 4588 in
3038 4555 3138 4605 quo
3179 4540 3246 4590 ad
3302 4555 3459 4591 unum

1884 4607 2053 4662 omnes
2080 4612 2245 4662 cmteri
2265 4607 2542 4661 Christiani
2570 4615 2727 4673 poetw
2745 4624 2860 4659 eum
2883 4609 3012 4660 velut
3035 4619 3291 4661 auctorem
3312 4626 3459 4662 suum

1884 4681 2095 4732 insecuti
2125 4679 2463 4731 inveniuntur.
2502 4676 2803 4729 Tertullian.
2836 4678 2923 4731 lib.
2955 4692 3008 4729 tit
3042 4678 3093 4730 in
3122 4677 3457 4744 Marciouem,

1883 4766 2028 4813 quem
2076 4760 2242 4801 tamen
2286 4748 2373 4800 ille
2410 4748 2578 4816 potius
2616 4747 2841 4808 sequitur
2876 4765 2896 4801 ξ
2936 4745 3087 4800 ldola
3125 4765 3253 4801 vana
3291 4751 3452 4815 sequi.

1884 4819 2129 4872 Sedulius
2172 4820 2261 4870 lib.
2305 4833 2395 4873 tv:
2429 4816 2583 4869 ldola
2620 4816 2817 4869 dilexit.
2870 4817 3058 4871 Arator
3091 4820 3180 4872 lib.
3210 4835 3224 4872 ι
3254 4838 3267 4871 :
3309 4817 3459 4874 Idola

1880 4905 2129 4957 qtttrrens.
2165 4887 2471 4940 Prudentius
2495 4897 2659 4938 tamen
2688 4890 2857 4939 studio
2888 4890 3004 4956 fecit
3038 4903 3056 4940 :
3087 4906 3206 4941 nam
3229 4892 3347 4942 alibi
3368 4907 3459 4944 suo

1881 4960 2062 5014 ordine
2086 4960 2261 5011 eadem
2307 4973 2425 5010 voce
2459 4973 2580 5009 usus
2618 4957 2891 5019 invenitur,
2944 4968 2999 5010 ut
3036 4960 3161 5011 albi
3202 4973 3457 5013 natamus.

1884 5028 2107 5081 Fallitur
2135 5028 2397 5088 Barthius,
2429 5027 2569 5095 quod
2611 5026 2953 5081 Prudentium
2992 5030 3223 5082 credidit
3262 5031 3455 5083 alicubi

1883 5100 2197 5163 produxisse
2221 5115 2250 5150 ο
2279 5100 2329 5150 in
2354 5098 2571 5149 idolum.
2622 5097 2818 5150 Locum
2852 5100 3047 5151 indicat
3080 5100 3171 5149 lib.
3207 5115 3293 5156 ex.
3337 5113 3454 5164 cap.

1883 5169 1911 5220 7
1939 5186 1951 5219 :
1986 5167 2130 5220 Idem
2156 5169 2529 5221 eruditissimus
2558 5178 2704 5235 poeta
2736 5185 2847 5219 cum
2894 5171 2945 5219 in
2990 5169 3215 5235 syllabas
3250 5167 3457 5235 (ira-cas

1882 5240 2137 5309 impingit,
2170 5254 2271 5291 non
2300 5254 2488 5301 errore,
2514 5234 2603 5309 sed
2624 5238 2827 5304 judicio
2856 5237 3000 5309 facit,
3020 5234 3164 5309 uelut
3202 5252 3286 5309 eas
3319 5234 3460 5309 Lati-

1884 5306 1961 5360 nis
1991 5306 2183 5379 leQibus
2212 5310 2517 5377 astringens.
2554 5306 2748 5379 [unum
2780 5308 2973 5371 quoties
3014 5307 3177 5379 medio
3206 5306 3336 5379 breui
3362 5321 3457 5370 po-

1885 5373 2213 5434 suit?VSciuit
2246 5373 2413 5431 tamen
2450 5375 2830 5444 producendam
2868 5392 2992 5428 esse.
3038 5376 3184 5443 Sym.
3216 5390 3249 5430 ι.
3284 5373 3459 5444 Ctt'rtt-

1888 5449 2086 5513 (easque
2114 5450 2331 5505 animas.
2371 5458 2420 5498 et
2450 5442 2596 5513 nigra
2625 5444 2763 5495 idola
2794 5444 2985 5496 volare.
3021 5442 3312 5499 Versuse~t
3332 5442 3458 5508 ιω,

1886 5532 2005 5571 νει-,ι
2043 5520 2218 5579 lectio,
2270 5516 2620 5574 Ca’ruleasque
2646 5514 2883 5584 animas,
2940 5525 3089 5584 atque
3128 5513 3268 5566 idola
3288 5515 3460 5584 _u"gra

1883 5590 2071 5639 uolare.
2108 5586 2253 5638 Adde
2290 5584 2406 5636 aliis
2435 5583 2751 5637 Venantinm
2788 5582 3131 5636 Fortunatum
3176 5584 3241 5635 de
3276 5582 3460 5635 Cvrta-

1886 5658 2026 5708 tuine
2060 5657 2284 5721 piorum,
2330 5654 2423 5723 qui
2467 5654 2537 5707 ait
2570 5669 2581 5704 :
2616 5650 2770 5706 Idola
2804 5654 2922 5707 dum
2966 5664 3165 5722 cuperet
3206 5653 3462 5707 Martinus

1880 5737 2122 5780 sternere.
