4068 6190
524 297 626 347 729

1937 286 2057 341 Pili
2076 287 2385 343 DENTIUS.

3681 289 3786 347 πο

522 403 738 475 Joscphi
771 400 1063 457 Blancltinii
1090 398 1462 465 eruditionem,
1496 394 1721 450 multum
1752 393 1819 449 ab
1845 394 1964 448 aliis
1988 394 2093 448 lau-
2127 399 2173 455 Λ
2203 396 2325 456 ηερε.
2360 412 2555 462 semper
2604 412 2688 451 eos
2720 412 2818 451 non
2870 395 3089 466 sy'tttbas
3121 394 3347 460 Grtrcas,
3396 398 3481 450 sed
3524 406 3787 450 accentum

522 500 720 561 datam,
742 509 842 564 ego
862 507 1073 564 quoque
1095 489 1253 545 valde
1274 487 1593 543 commendo
1618 503 1632 541 :
1658 486 1914 556 peculiari
1937 484 2099 539 etiam

523 591 727 646 ratione
749 585 978 642 hominis
999 582 1329 653 diligentiam
1358 579 1674 649 amplector,
1700 576 1842 647 quod
1866 575 2100 630 ofﬁcium

523 691 760 735 nostrum
813 676 1161 733 lsidorianum
1193 671 1559 728 illustraverit.
1607 669 1714 726 Sed
1766 669 1988 735 nollem,
2019 667 2103 722 vir

522 773 710 825 dot-tus
734 811 750 833 ,
784 782 812 820 a
844 767 1093 821 facultate
1139 764 1377 834 poetica,
1424 762 1504 817 vel
1544 762 1612 817 ab
1639 761 1754 830 ejus
1798 759 2105 829 cognitione

522 860 845 928 imparatus,
891 857 957 911 ad
988 856 1217 927 hymnos
1247 852 1521 909 Prudentii
1570 853 1622 906 in
1653 851 1843 906 Cilicio
1871 850 2106 904 Mozara-

523 954 642 1007 bico
668 948 1057 1012 emendandos,
1085 945 1418 1001 accessisset.
1451 942 1812 998 Animadverti
1839 957 1986 995 num.
2012 940 2103 1006 74,

518 1056 679 1112 quam
707 1040 993 1093 abnormes
1020 1049 1206 1091 versus
1235 1034 1526 1089 Prudentia
1558 1032 1818 1102 attingere
1846 1030 2101 1095 voluerit,

524 1148 667 1185 nttnc
706 1129 948 1196 quaedam
979 1128 1236 1195 attingam
1283 1141 1401 1195 qua:
1440 1123 1732 1180 emendare
1768 1122 1990 1191 cupiens
2029 1121 2107 1174 vi-

522 1224 699 1287 tiavit,
730 1236 797 1275 ne
826 1219 1113 1289 aliquando
1144 1217 1195 1270 in
1229 1215 1502 1270 Prudentii
1532 1214 1768 1268 carmina
1798 1212 1922 1266 novi
1950 1226 2106 1266 erro-

521 1330 609 1369 res
639 1315 895 1382 irrepant.
926 1312 980 1366 lu
1011 1312 1066 1363 S.
1092 1308 1298 1363 Eulalia
1320 1323 1462 1362 vers.
1486 1306 1574 1368 64,
1597 1305 1751 1359 Mane
1771 1306 1988 1375 superba
2013 1306 2107 1357 tri-

522 1406 730 1459 bunalia
760 1406 887 1469 adit,
922 1403 1120 1456 nullam
1151 1400 1544 1455 correctioaent
1574 1396 1792 1451 adhibet
1817 1435 1834 1462 ,
1857 1410 1981 1451 cum
2005 1394 2106 1463 legi

520 1497 736 1561 debeat,
763 1493 917 1547 Mane
940 1495 1155 1562 superba
1186 1491 1406 1543 tribunal
1430 1491 1557 1542 adit.
1589 1488 1743 1543 Vers.
1769 1487 1899 1554 209,
1947 1486 2108 1541 Texta

524 1589 683 1658 feram
712 1584 836 1655 pede
863 1583 1096 1647 datilico,
1142 1581 1392 1635 emendat
1434 1580 1658 1649 dttctylo,
1704 1578 1787 1633 vel
1832 1578 2104 1647 dactylico.

526 1677 830 1749 Legendunt
880 1675 1150 1745 dactylico,
1184 1689 1303 1728 nam
1347 1673 1488 1726 aliud
1520 1681 1691 1725 metro
1721 1679 2000 1739 repugnat.
2049 1669 2107 1722 ln

2204 485 2440 541 Gracum
2463 504 2569 541 esse
2592 497 2787 542 secutos
2818 488 2912 557 (ο).

2272 581 2397 635 218.
2435 581 2686 637 Αιιιιωτοι
2718 580 2803 637 his
2836 577 3084 637 Barthius
3113 579 3209 634 lin.
3242 594 3406 643 mn,
3435 593 3556 648 cap.
3590 578 3679 637 14.
3713 576 3781 633 In

2208 672 2491 727 Prudentia
2520 686 2636 729 cum
2666 670 2818 725 larvis
2845 671 3129 733 luctantur,
3159 671 3245 739 qui
3276 670 3648 732 eruditissimo,
3679 668 3784 724 sle»

2203 765 2528 833 gantissimo,
2554 774 2605 818 et
2641 762 2794 831 longe
2828 760 3265 817 Cltristianissitno
3301 769 3465 828 poeta:
3490 760 3787 827 obstrepunt

2202 872 2265 908 ea
2313 855 2376 908 de
2418 870 2609 918 causa,
2653 852 2790 923 quod
2829 851 3148 920 syllabarum
3187 849 3423 904 modulos
3452 850 3788 918 negligentis“

2202 946 2373 1000 habet.
2404 947 2469 1001 At
2497 947 2582 1000 ille
2623 945 2719 998 hoc
2751 945 2920 1000 studio
2957 944 3095 1014 agit,
3136 959 3226 997 nec
3254 944 3382 999 adeo
3415 958 3475 995 ea
3517 942 3583 994 de
3626 957 3788 998 causa

2205 1036 2548 1109 grammaticis
2572 1052 2800 1107 pugnare
2823 1034 2929 1102 uult
2950 1075 2966 1100 ,
2992 1050 3108 1088 cum
3148 1035 3309 1088 sciens
3340 1033 3630 1089 soltzcisse'.
3675 1031 3790 1087 Nec

2205 1139 2373 1182 tamen
2400 1128 2642 1198 exemplis
2668 1136 2718 1183 et
2742 1125 2939 1180 ratione
2974 1134 3167 1180 carent.
3211 1123 3420 1178 Frioola
3460 1133 3696 1191 utraque,
3736 1134 3789 1179 et

2210 1229 2423 1285 utraque
2440 1218 2589 1272 nihil.
2620 1218 2770 1272 Idem
2792 1217 2982 1288 capital
3006 1217 3213 1271 admisit
3244 1217 3520 1281 Ausonius,
3546 1217 3694 1281 epist.
3730 1217 3786 1270 1.

2213 1311 2280 1365 Et
2304 1312 2542 1380 festinato
2563 1318 2789 1377 temmre
2810 1320 3027 1378 utraque
3040 1309 3207 1372 daret,
3227 1318 3272 1360 et
3286 1307 3430 1362 alibi.
3454 1305 3521 1360 Et
3538 1308 3789 1376 quidquid

2208 1404 2349 1472 apud
2397 1402 2792 1456 eruditissimum
2838 1401 2973 1455 hunc
3000 1412 3198 1470 poetam
3229 1400 3573 1470 (Ausonium)
3612 1401 3787 1465 legas,

2201 1494 2358 1563 jubeo
2402 1508 2512 1545 meo
2546 1492 2775 1559 periculo
2816 1508 3019 1545 censeas
3044 1492 3185 1559 apud
3214 1490 3502 1556 Lucilium,
3534 1490 3747 1543 Ennium
3766 1528 3787 1553 ,

2209 1593 2299 1637 aut
2330 1584 2454 1637 tales
2484 1583 2668 1653 legere.
2711 1584 2866 1636 l‘lura
2894 1582 3086 1663 deinde
3121 1583 3175 1637 in
3216 1583 3457 1637 Ausonio
3487 1592 3630 1637 notat
3667 1597 3788 1650 quae

2213 1691 2281 1731 ne
2328 1675 2385 1730 iu
2422 1675 2714 1731 Prudentia
2751 1675 2966 1745 quidem
3000 1674 3359 1745 reperiuntur.
3399 1675 3690 1729 Becmanos
3715 1675 3789 1728 de

526 1770 723 1840 hymno
750 1766 1133 1836 Jejunantium,
1161 1779 1301 1817 vers.
1332 1765 1362 1816 7
1388 1781 1402 1816 :
1436 1764 1553 1827 Quo
1582 1762 1715 1831 ﬁbra
1730 1763 1902 1816 cordis
1929 1762 2105 1831 expia-

2209 1768 2412 1839 Otigin.
2436 1768 2450 1822 1
2474 1784 2626 1837 nguze
2658 1768 2859 1822 Latiare
2887 1767 3054 1822 verbo
3092 1767 3271 1832 Video,
3298 1768 3438 1836 quod
3470 1766 3789 1821 Prudentius

524 1873 608 1915 tur
628 1860 815 1915 vividi:
843 1858 1082 1927 corrigit,
1114 1856 1384 1926 expiamur
1409 1856 1585 1919 lividi;
1610 1856 1747 1909 male
1772 1870 1789 1906 ι
1820 1868 1942 1908 nam
1974 1855 2105 1923 ﬁbra

522 1962 607 2006 cst
648 1956 699 2004 in
747 1951 1093 2014 nominativo,
1141 1964 1173 2001 a
1221 1958 1491 2017 correpto.
1524 1947 1675 2000 Vcrs.
1719 1946 1811 2010 2i,
1859 1946 2106 2017 Liberque

525 2045 673 2111 ﬂatu,
699 2043 878 2096 nescio
899 2056 994 2094 cur
1016 2039 1239 2094 mutavit
1258 2039 1309 2093 in
1333 2040 1472 2094 libet.
1501 2038 1656 2093 Vere.
1684 2037 1773 2104 98,
1804 2038 2106 2107 Veteresque

525 2151 688 2205 nugas
717 2134 1020 2188 condomare
1060 2150 1119 2187 ac
1145 2134 1403 2205 frangere,
1434 2140 1618 2187 contra
1648 2146 1864 2187 sensium
1895 2141 1951 2186 et
1996 2146 2103 2184 me-

526 2239 664 2283 trum
693 2230 864 2297 posuit
887 2227 1176 2281 condonare
1197 2236 1243 2280 et
1272 2228 1508 2296 frangere
1529 2241 1547 2278 :
1578 2224 1805 2279 fortasse
1832 2239 1896 2280 ex
1920 2238 2106 2279 errore

527 2321 907 2393 typographico
932 2319 1183 2374 editionis
1204 2319 1445 2383 Giselini,
1468 2333 1624 2388 quem
1650 2318 1694 2372 is
1717 2318 1770 2371 in
1797 2317 1990 2371 erratis
2008 2332 2107 2369 no-

528 2420 750 2467 taverat.
783 2410 902 2464 Pari
927 2425 1113 2465 errore
1142 2424 1238 2480 pro
1262 2425 1385 2463 vera
1408 2409 1639 2463 lect.one
1676 2423 1816 2464 vers.
1853 2409 1974 2474 154,
2000 2408 2108 2461 lm-

528 2503 724 2569 pendit,
753 2502 938 2571 inquit,
966 2516 1052 2555 mit
1073 2501 1257 2553 summi
1271 2500 1470 2571 judicis
1489 2500 1785 2565 substituit,
1816 2498 2104 2568 Impendet,

527 2595 695 2664 inquit
735 2608 823 2647 [TA
850 2632 865 2657 ,
892 2606 1056 2647 sensu
1087 2600 1142 2646 et
1186 2599 1357 2646 metro
1404 2600 1749 2661 repugnante.
1798 2590 1954 2647 Vers.
1984 2590 2106 2653 161,

528 2686 726 2742 Nullus
775 2687 1001 2749 vivendi,
1034 2684 1407 2754 corrigendum
1456 2682 1582 2755 fuit,
1634 2682 1830 2738 Nullus
1881 2682 2105 2737 bibendi.

527 2777 891 2842 Blanchinius,
910 2777 1011 2831 nisi
1034 2775 1232 2831 erravit
1254 2774 1641 2845 typographus,
1659 2774 1893 2844 scripsit,
1914 2771 2108 2828 Nullus

527 2869 764 2924 habendi.
816 2868 970 2924 Plura
1002 2876 1262 2937 prmtereo
1298 2882 1418 2936 quae
1462 2867 1603 2922 male
1646 2865 1924 2932 correxit,
1955 2864 2107 2935 plura

526 2977 668 3031 qum,
699 2976 819 3015 cum
843 2962 1082 3027 deberet,
1112 2972 1218 3013 non
1243 2958 1567 3014 emendavit.
1599 2959 1653 3013 lu
1678 2958 1920 3027 quasdam
1942 2958 2102 3011 etiam

531 3061 743 3122 peccata
774 3051 930 3120 hujus
958 3051 1171 3121 generis
1220 3049 1407 3106 incidit
1448 3048 1781 3117 Gallaudius,
1832 3048 1916 3103 vir
1944 3059 2109 3103 cccle-

2209 1859 2441 1914 mcdiam
2491 1874 2703 1927 semptr
2746 1860 2798 1912 in
2838 1858 3034 1912 idolum
3084 1858 3448 1926 corripuerit,
3505 1857 3636 1910 alios
3687 1871 3791 1922 per

2206 1951 2469 2023 systolen.
2496 1950 2635 2004 alios
2664 1950 2820 2004 aliter
2845 1964 3105 2004 excusare
3129 1950 3221 2010 ait.
3246 1949 3584 2019 Tryphonem
3611 1962 3792 2017 gram-

2209 2043 2461 2096 maticum
2491 2055 2586 2112 per
2621 2041 2814 2096 ἔν“ειαν
2842 2057 2959 2109 qua:
2990 2041 3059 2095 sit
3085 2044 3379 2113 στοιχείου,
3419 2040 3450 2101 ἦ
3482 2050 3791 2110 ascitum,

2210 2137 2510 2201 ἰλὰττωσις,
2541 2149 2735 2205 nempe
2772 2132 2960 2190 ἄδολον
2999 2148 3096 2205 pro
3126 2133 3346 2189 εἴδωλον.
3370 2132 3701 2201 Lttticwigitts
3735 2135 3792 2183 in

2215 2228 2330 2282 Vita
2359 2228 2630 2283 Prudentii
2668 2228 2864 2285 acriter
2901 2243 3023 2285 cum
3068 2227 3312 2285 defendit
3348 2234 3530 2284 contra
3562 2241 3655 2281 eos
3694 2224 3793 2293 qui

2208 2321 2494 2377 barbarum
2540 2321 2691 2375 illum
2740 2327 2972 2385 vocant,
3021 2320 3162 2386 quod
3205 2321 3360 2374 metri
3401 2334 3562 2374 causa
3597 2319 3731 2370 dixe:
3752 2317 3795 2371 it

2215 2412 2373 2483 194
2393 2413 2562 2483 fontis,
2587 2414 2707 2472 luis.
2730 2412 2901 2481 pubis,
2920 2410 3163 2473 Joannis,
3188 2427 3285 2478 pro
3314 2415 3500 2480 fartres,
3523 2407 3656 2472 lues,
3678 2419 3795 2461 etc.

2206 2503 2311 2556 Cur
2337 2504 2575 2572 legimus,
2623 2502 2823 2571 inquit,
2862 2500 3006 2568 apud
3043 2498 3289 2554 Plautum
3327 2510 3374 2554 et
3412 2498 3683 2569 Virgilmnt
3711 2498 3797 2551 (aa

2205 2609 2302 2663 pro
2331 2594 2440 2658 leo,
2470 2592 2671 2662 hospita
2702 2607 2795 2661 pro
2823 2590 3004 2662 hospes
3022 2630 3038 2655 ,
3085 2591 3231 2645 vallis
3273 2606 3365 2659 pro
3389 2588 3577 2649 ualles.
3603 2588 3717 2657 felix
3740 2598 3797 2643 et

2209 2684 2377 2752 rulpis
2400 2700 2492 2752 pro
2511 2683 2633 2753 feles
2649 2693 2693 2735 et
2712 2681 2887 2753 uulpes
2900 2682 2928 2735 .9
2944 2680 3260 2736 Prudentius
3281 2695 3398 2734 usus
3418 2692 3491 2732 est
3509 2681 3795 2747 intercap-

2210 2783 2292 2827 tus
2316 2790 2407 2843 pro
2435 2774 2770 2840 interceptus,
2814 2772 3140 2843 interefectus
3182 2786 3274 2840 pro
3308 2771 3603 2840 interfectus
3631 2768 3786 2837 (vide

2210 2879 2360 2918 num.
2384 2864 2553 2933 seq.),
2584 2880 2685 2933 qua
2711 2864 2918 2919 licentia
2967 2880 3089 2919 usus
3121 2879 3322 2934 quoque
3355 2874 3429 2918 est
3467 2862 3792 2934 Virgilius...

2211 2954 2426 3027 Figura?
2455 2956 2587 3011 nihil
2624 2955 2769 3010 aliud
2797 2965 2958 3022 sunt,
3006 2956 3108 3010 nisi
3132 2954 3336 3026 palliati
3372 2969 3588 3009 errores.
3639 2953 3693 3010 Si
3723 2967 3793 3006 ea

2210 3048 2386 3101 omnia
2417 3062 2538 3113 quae
2562 3046 2851 3113 llomerus,
2875 3062 2993 3115 qua:
3020 3046 3296 3116 Virgilius,
3315 3061 3434 3115 quae
3459 3045 3551 3099 alii
3580 3054 3794 3099 veteres

527 3141 719 3212 roquin
760 3141 1133 3209 doctissimus,
1164 3139 1220 3195 in
1256 3140 1494 3196 editione
1530 3140 1805 3196 Prudentii
1856 3138 1951 3211 (a).
1988 3139 2111 3194 Non
2137 3124 2182 3186 C
2212 3139 2331 3195 ausi
2358 3147 2521 3208 sunt,
2562 3150 2720 3208 poeta
2762 3138 2954 3208 aliquis
3003 3137 3186 3206 junior
3210 3136 3471 3203 dixisset,
3520 3150 3693 3203 neque
3721 3135 3794 3189 de

526 3233 606 3287 Itis
633 3231 859 3295 auxiliis,
907 3247 1010 3285 non
1053 3230 1405 3300 defensoribus
1455 3230 1609 3302 193
1634 3232 1748 3284 istis
1790 3230 2109 3285 Prudentius

525 3331 656 3392 eget.
705 3321 1064 3375 Patrocinium
1091 3322 1206 3387 ejus
1234 3323 1474 3390 suscepit
1499 3322 1737 3391 Scaliger
1766 3321 1817 3375 in
1864 3320 2106 3376 Lectiou.

527 3418 734 3467 Auson.
763 3427 878 3481 pag.
907 3411 1012 3465 207
1041 3412 1172 3465 edit.
1214 3411 1371 3467 1588.
1408 3412 1671 3466 Habebunt
1713 3422 1759 3466 et
1788 3412 1935 3467 aliud
1957 3430 2111 3485 pecu-

526 3503 653 3555 liare
701 3510 859 3569 poetae
891 3500 1098 3563 Latini,
1127 3504 1405 3570 prwsertim
1452 3512 1602 3555 (etate
1630 3503 1873 3566 Ausonii,
1900 3512 1957 3557 ut
2006 3520 2109 3557 non

524 3593 686 3646 solum
718 3590 923 3645 Grtecas
948 3591 1311 3645 declinationes
1326 3594 1377 3644 in
1398 3592 1587 3646 Graecis
1611 3594 1938 3664 negligerent,
1973 3604 2018 3649 et
2040 3597 2108 3649 ad

524 3686 752 3756 regulam
768 3684 1067 3737 Latinorum
1081 3684 1323 3753 referrent
1338 3700 1356 3737 :
1370 3684 1457 3736 sed
1476 3692 1521 3737 et
1533 3687 1862 3753 quantitatem
1877 3685 1947 3738 ita
1964 3702 2107 3741 ever-

524 3787 701 3838 terent,
723 3788 776 3829 ut
798 3787 1005 3828 accentu
1024 3775 1169 3828 illam
1191 3777 1501 3829 metireutur.
1530 3775 1619 3832 Sic
1639 3794 1755 3848 pag.
1774 3777 1874 3832 104
1896 3780 2107 3849 corripit

521 3883 554 3922 c
582 3868 634 3919 in
669 3865 872 3932 Thales,
899 3875 950 3918 ttt
980 3864 1228 3919 Sidonius
1257 3866 1310 3919 in
1339 3865 1583 3937 Lyristes,
1613 3866 1784 3921 Alcwo
1807 3869 1976 3937 potiar
2004 3868 2107 3938 Ly-

522 3962 669 4010 ristes
691 3958 820 4025 ipso,
850 3956 997 4026 quasi
1024 3972 1122 4007 non
1159 3955 1342 4011 Thales
1372 3965 1417 4008 et
1449 3956 1705 4026 Lyristes,
1740 3960 1828 4011 sed
1855 3957 2034 4012 Thalis
2059 3968 2107 4012 et

522 4049 721 4101 Liristis
732 4049 974 4101 dicerent.
992 4046 1081 4102 Sic
1109 4048 1329 4110 Quintus
1342 4048 1514 4102 Cicero
1532 4066 1550 4103 :
1564 4049 1812 4104 Cona’itur
1826 4050 2019 4105 Oceani
2037 4054 2109 4105 ri-

522 4158 588 4211 pa
611 4157 723 4193 cunt
747 4137 1053 4192 luceBootis.
1088 4139 1275 4202 Latini,
1302 4148 1353 4191 ut
1378 4151 1518 4193 notat
1546 4142 1752 4196 Seruius
1771 4143 1825 4195 in
1852 4142 2023 4199 libello
2044 4147 2108 4199 de

520 4232 844 4297 Accentibus,
867 4233 1096 4285 eumdem
1118 4246 1378 4287 accentum
1398 4250 1546 4303 quem
1571 4235 1732 4290 (ἐτωεὶ
1754 4236 1958 4300 habent,
1983 4238 2107 4304 elic-

520 4332 642 4376 runt
672 4324 725 4375 in
775 4321 966 4376 Grtrcis
997 4324 1305 4377 nominibus.
1342 4324 1502 4377 IDOLA
1532 4341 1725 4395 semper
1769 4337 1843 4381 est
1873 4329 2109 4399 dactylus

520 4413 658 4485 apud
684 4412 1037 4468 Prudentium.
1058 4413 1303 4468 Sidonius
1321 4416 1648 4482 penultimam
1667 4418 1901 4485 producit
1916 4421 1968 4474 in
1992 4421 2105 4475 Eu-

2210 3232 2458 3302 exempio
2506 3238 2819 3296 constaret,
2861 3229 3312 3298 reprehensiones
3361 3228 3637 3283 hominum
3699 3227 3793 3279 vix

2210 3325 2479 3379 sustinere
2510 3333 2719 3394 posset.
2746 3323 2986 3379 Clericus
3016 3323 3069 3375 in
3101 3322 3216 3376 Vita
3243 3320 3512 3376 Prudentii
3540 3320 3793 3387 ignorau-

2212 3413 2337 3469 tiam
2375 3430 2526 3469 suam
2556 3414 2835 3469 manifeste
2858 3411 3128 3476 ostendit,
3160 3426 3391 3480 arguens
3429 3425 3495 3464 ex
3531 3406 3793 3477 catalngis

2210 3507 2538 3577 syllabarum
2574 3504 2771 3574 quibus
2810 3518 3063 3574 peccasse
3085 3502 3286 3558 dicitur
3330 3500 3688 3562 Prudentius,
3732 3507 3793 3552 et

2209 3615 2399 3654 vocum
2435 3614 2620 3669 parum
2670 3598 2976 3651 Latinarum
3026 3611 3143 3663 qua:
3189 3595 3241 3649 in
3280 3595 3468 3649 eodem
3509 3602 3785 3656 notantur,

2209 3690 2374 3744 multa
2418 3703 2540 3743 eum
2594 3689 2646 3741 in
2701 3694 2872 3741 metro
2918 3695 2972 3740 et
3024 3684 3311 3739 Latinitate
3357 3696 3589 3739 errasse.
3653 3681 3787 3736 Nam

2205 3780 2409 3836 similes
2428 3778 2653 3847 catalogi
2672 3779 2926 3832 adversus
2942 3777 3201 3846 optimum
3223 3788 3489 3845 quemque
3509 3784 3788 3827 auctorem

2206 3879 2433 3942 possunt
2451 3869 2665 3939 conﬁci,
2690 3870 2819 3924 etin
2840 3870 3193 3939 plurimorum
3215 3866 3540 3922 editionibus
3556 3864 3789 3920 confecti

2207 3972 2373 4030 sunt,
2424 3971 2481 4015 ut
2504 3963 2667 4017 verba
2696 3961 2959 4027 obsoleta,
2988 3962 3285 4028 antiquata,
3318 3968 3373 4013 et
3408 3958 3627 4012 carioris
3661 3972 3792 4011 usus

2207 4055 2611 4124 dignoscantur,
2637 4053 2765 4121 quin
2791 4067 2977 4107 eorum
3008 4062 3290 4119 propterea
3326 4053 3479 4102 fama:
3501 4048 3788 4116 quidquam

2209 4144 2539 4200 detrahatur.
2573 4143 2921 4198 Prudentium
2953 4143 3247 4197 studiosum
3272 4139 3435 4195 fuisse
3454 4138 3789 4209 antiquitatis

2211 4251 2316 4290 non
2344 4250 2501 4304 nego.
2530 4234 2636 4290 Sed
2666 4241 2813 4289 recte
2843 4233 3035 4289 Cicero
3060 4234 3151 4287 lih.
3199 4247 3255 4287 ut
3291 4234 3358 4287 de
3383 4232 3628 4294 Oratore,
3666 4244 3784 4298 pag.

2212 4328 2352 4384 ηδε
2389 4327 2641 4381 Inusitata
2669 4337 2786 4381 sunt
2816 4328 2985 4396 prisca
3028 4328 3133 4396 fere
3157 4341 3217 4377 ac
3239 4333 3433 4377 vetusta
3454 4363 3471 4391 ,
3514 4332 3563 4377 et
3589 4323 3653 4375 ab
3694 4338 3787 4374 tua

2212 4421 2499 4493 quotidiani
2528 4420 2775 4473 sermonis
2789 4420 2901 4486 jam
2931 4419 3019 4471 diu
3042 4418 3347 4482 intermissa,
3373 4432 3487 4484 qua:
3524 4425 3642 4469 sunt
3670 4431 3781 4484 ρορο

516 4508 731 4576 r'pitles,
755 4524 854 4559 non
875 4510 1227 4577 quantitatem,
1250 4508 1339 4561 sed
1360 4520 1615 4563 accentum
1641 4521 1863 4567 secutus.
1882 4512 2103 4568 Orches-
2130 4481 2185 4541 Β
2210 4481 2377 4565 larum
2410 4510 2625 4564 licentia
2652 4509 2887 4562 liberiora
2931 4523 3083 4577 quant
3113 4518 3329 4570 ﬂOSlt‘tB,’
3355 4506 3445 4561 sed
3473 4516 3641 4558 tamen
3672 4518 3782 4557 raro

518 4606 652 4649 tram
675 4599 835 4666 quatit
856 4599 986 4651 alter
1013 4596 1299 4669 Euripidis,
1331 4600 1602 4652 secundant
1630 4602 1865 4669 producit
1888 4605 1942 4656 in
1970 4604 2109 4657 Mar-

518 4703 703 4756 syas...
732 4697 908 4741 contra
936 4689 1143 4756 corripit
1165 4689 1437 4742 secundam
1462 4690 1517 4742 in
1547 4691 1771 4746 Arato...
1791 4692 2109 4762 Deniqucin-

516 4781 654 4849 spice
675 4790 835 4835 totum
854 4780 1145 4848 Sidonium,
1164 4791 1324 4835 totum
1346 4780 1703 4849 Prudentium,
1717 4795 1763 4839 et
1788 4787 1952 4852 alios;
1974 4788 2106 4844 iuue-

594 4935 667 4999 la)
713 4935 955 4989 Proiecto
998 4950 1171 5004 neque
1210 4934 1487 5002 pulchrum
1538 4945 1639 5007 est,
1671 4937 1832 5007 tricas
1876 4942 2100 5007 poeticas

519 5006 650 5059 artis
678 5006 895 5067 callere,
928 5020 1100 5073 neque
1131 5015 1288 5071 turpe
1309 5008 1577 5069 ignorare.
1609 5006 1717 5060 Sed
1746 5006 2099 5064 contemnen-

519 5077 644 5128 dum
678 5093 781 5130 non
813 5084 897 5149 est
920 5075 1119 5149 lloratii
1144 5074 1400 5129 monitum
1428 5077 1481 5129 in
1523 5090 1583 5131 re
1604 5077 1768 5132 simili
1800 5087 1894 5133 aut
1925 5081 2100 5149 proxi-

521 5160 629 5205 tna,
656 5148 811 5213 epist.
842 5148 893 5212 1,
926 5146 1021 5199 lib.
1044 5160 1081 5198 ιι
1109 5162 1122 5198 :

578 5223 761 5291 [tarem
785 5237 945 5291 agere
962 5228 1164 5291 Ignarus
1182 5224 1318 5291 navis
1342 5225 1481 5291 timet
1502 5239 1513 5273 :
1534 5224 1825 5291 abrotonum
1850 5241 1986 5291 πιςνο

578 5284 683 5353 [fon
708 5284 881 5353 audet,
902 5284 1096 5353 nisiniti
1119 5286 1302 5342 didicit,
1331 5285 1491 5353 dare}.
1508 5286 1635 5353 quod
1658 5284 1961 5353 medicortitn
1986 5297 2093 5353 est,

580 5348 873 5396 Promittuut
894 5346 1086 5406 medici,
1108 5353 1312 5396 tractant
1335 5346 1689 5396 fabrilia’fabri.

575 5411 847 5459 Scribimus
869 5410 1063 5464 indocti.
1088 5410 1314 5470 doctique
1340 5417 1560 5469 poemata
1588 5413 1781 5471 passlm.

514 5469 667 5535 Quod
699 5472 891 5540 repetit
920 5472 971 5524 in
989 5471 1117 5526 Arte
1146 5469 1351 5539 poetica
1377 5487 1391 5524 :

580 5546 771 5595 Ludere
793 5544 875 5603 qui
902 5542 1077 5607 nescit,
1096 5541 1457 5607 campestribus
1474 5542 1687 5607 ahstiuet
1708 5547 1870 5607 armis,

579 5602 903 5669 indoctusque
926 5602 1051 5664 pilas,
1078 5603 1283 5669 discive,
1308 5604 1525 5652 trochive
1549 5606 1778 5669 quiescit,

580 5667 652 5713 No
677 5671 844 5725 spiss'c
866 5666 1013 5713 risum
1038 5664 1207 5711 tollant
1231 5666 1426 5725 impune
1450 5677 1657 5713 θοι-01η).

581 5728 674 5778 Qui
697 5740 784 5773 nes
816 5728 867 5783 it,
898 5738 1066 5777 tersus
1089 5732 1250 5771 tamen
1274 5724 1421 5772 audet
1444 5726 1647 5783 tingere.

2205 4604 2353 4657 habet
2379 4604 2533 4655 etiam
2565 4603 2618 4655 in
2638 4602 2869 4655 oratione
2893 4601 3143 4672 poeticum
3167 4601 3377 4668 aliquod
3398 4600 3605 4653 uerbum
3621 4600 3780 4666 digni-

2210 4705 2381 4748 tatem.
2427 4693 2589 4747 Multo
2620 4708 2748 4747 vero
2795 4692 2964 4762 magis
3006 4692 3058 4745 id
3105 4691 3311 4745 licuerit
3342 4691 3666 4757 Prudentio,
3698 4688 3778 4757 qui

2210 4787 2484 4843 hominum
2507 4783 2587 4837 sui
2612 4783 2866 4853 tempmis
2888 4782 3320 4837 doctissimorum
3344 4783 3649 4851 exemplum
3674 4782 3780 4835 inti-

2287 4936 2363 5008 (b)
2408 4935 2541 4993 Aliis
2578 4935 2843 5008 exemplis
2880 4936 3125 4991 eamdem
3168 4953 3281 4991 rem
3326 4939 3499 5005 porgit
3550 4939 3777 5004 δαημς

2208 5007 2550 5063 conﬁrmare.
2582 5007 2671 5061 Sic
2694 5008 2948 5060 Ausonius
2978 5009 3030 5058 in
3062 5008 3314 5075 trigorios,
3350 5017 3646 5076 tetragonos
3674 5026 3780 5061 car-

2205 5078 2327 5159 ripit
2355 5076 2704 5161 penultimam.
2736 5077 2864 5161 Qgis
2890 5076 3305 5161 audebit.dice.‘-e,
3328 5080 3614 5161 Ausonium
3635 5081 3781 5161 igna-

2206 5145 2401 5201 ratione
2442 5147 2725 5199 litterarum
2762 5145 3059 5200 Gra'carum
3095 5148 3189 5200 hoc
3228 5149 3582 5203 commisisse?
3627 5145 3782 5202 Nemo

2205 5233 2358 5273 sanus
2380 5216 2622 5286 quidem,
2648 5226 2705 5269 ut
2732 5226 2871 5285 puto.
2907 5216 3013 5272 Sed
3050 5218 3127 5269 Itis
3148 5218 3452 5283 temporibus
3477 5220 3690 5273 stultum
3715 5221 3782 5270 ei-

2206 5284 2418 5340 debatur
2446 5304 2546 5340 non
2586 5284 2656 5339 ibi
2683 5287 2959 5355 producere
2977 5287 3224 5356 syllabam
3252 5289 3336 5340 ubi
3364 5300 3605 5342 accentus
3633 5300 3774 5348 esset,

2198 5358 2321 5426 quia
2349 5356 2434 5409 hic
2485 5366 2558 5411 est
2578 5373 2695 5428 imos
2730 5358 2917 5428 lingua:
2946 5356 3160 5428 Latinis.
3202 5359 3341 5412 Adeo
3380 5370 3435 5411 ut
3471 5358 3695 5412 Plautus
3729 5360 3773 5409 in

2196 5427 2294 5481 ltoc
2317 5436 2517 5481 secutus
2540 5427 2605 5481 sit
2633 5426 2880 5491 iudicium
2900 5426 3108 5494 vulgi...
3137 5428 3322 5483 Contra
3375 5438 3526 5482 celate
3582 5429 3769 5487 Plauti,

2198 5504 2253 5550 ut
2298 5499 2351 5550 in
2394 5498 2672 5565 quantitate
2695 5496 3043 5567 syllabarum,
3073 5500 3146 5552 sic
3172 5508 3217 5551 et
3257 5500 3311 5551 in
3355 5498 3769 5553 declinationibus

2198 5567 2506 5621 Latinismos
2556 5567 2907 5621 admittebant.
2965 5567 3211 5623 Dicebant
3264 5570 3398 5621 enim
3456 5568 3724 5623 Nestorem
3748 5606 3765 5631 ,

2198 5636 2492 5705 Hectorem,
2514 5638 2765 5707 quomodo
2793 5650 3068 5705 rectorem,
3092 5655 3396 5705 mensorem,
3420 5649 3469 5694 et
3499 5640 3703 5694 similia.
