4068 6190
294 291 395 346 7i!

1680 278 2209 335 PROLEGUJIENA.

3473 283 3575 340 74?.

293 412 528 461 labatur.
558 406 669 458 llae
711 405 917 458 ratione
944 404 1192 457 sustineri
1226 409 1449 473 possunt
1488 402 1682 470 (aliter,
1728 402 1836 456 lues
1861 443 1876 468 ,
1909 404 1954 462 Α
1986 398 2212 467 primam
2245 395 2616 467 protraheret;
2668 395 2745 451 sic
2773 396 2827 449 in
2858 397 3015 466 aquai
3047 396 3159 452 fieri
3186 396 3341 452 solet.
3382 396 3447 452 Et
3475 411 3576 453 no-

294 499 516 550 colluces
546 496 698 550 brevi
731 495 939 557 ultima,
970 494 1036 547 de
1063 494 1255 562 quibus
1277 494 1532 549 adversus
1552 492 1879 548 Salmasiuui

294 590 406 642 dixi
435 602 580 641 num.
610 586 738 641 2H.
773 585 1015 640 Liberior
1044 585 1142 639 fuit
1177 584 1413 648 Plautus,
1457 584 1578 654 qui,
1611 594 1668 639 ut
1694 583 1888 637 obser-

297 691 394 732 vat
434 681 671 733 Muretus
709 676 837 731 Var.
882 676 1035 731 Lact.
1072 676 1166 730 lib.
1199 691 1323 741 ιιι,
1366 690 1484 743 cap.
1533 676 1620 737 ll,
1671 674 1886 728 ultimas

295 770 539 840 syllabas
582 769 867 823 verborum
928 765 1228 834 imperandi
1276 764 1527 834 corripit,
1563 780 1683 818 cum
1726 765 1886 826 libet,

296 861 511 915 etiamsi
565 860 721 929 primi
760 858 1052 914 secundive
1077 859 1282 913 ordinis
1309 858 1436 921 siut,
1469 866 1526 910 ut
1554 873 1705 923 ama,
1735 858 1879 924 vide,

295 963 437 1009 tace.
479 968 617 1005 care.
672 949 1092 1019 Cltristophorus
1149 947 1366 1004 Wasius
1409 962 1529 1017 cap.
1567 948 1634 1001 l5
1680 947 1888 1003 Senarii

295 1042 480 1095 multis
520 1040 782 1110 exemplis
838 1042 1031 1109 prohat
1063 1081 1079 1106 ,
1126 1038 1339 1093 finalem
1391 1039 1651 1109 syllabam
1697 1038 1889 1108 priscis

296 1131 413 1185 fere
436 1131 665 1185 breviari
689 1132 740 1184 in
765 1130 1092 1198 imperativis
1115 1129 1323 1198 primae,
1345 1128 1596 1183 secundae
1617 1138 1888 1198 etquartte

296 1222 713 1291 coniugationis.
758 1222 1051 1284 Ausonius,
1083 1221 1466 1289 grammaticus
1495 1227 1550 1273 et
1590 1218 1772 1272 rhetor
1798 1233 1889 1270 ee-

297 1315 643 1378 leberrituus,
678 1329 782 1367 non
818 1312 1084 1366 dubitavit
1113 1310 1450 1365 solmcismum
1482 1311 1628 1365 brevi
1651 1310 1887 1365 secunda

295 1408 511 1469 dicere,
538 1404 700 1459 etiam
732 1419 853 1458 cum
885 1403 1140 1457 adversus
1168 1404 1437 1457 Auxilium
1468 1402 1885 1472 grammaticum

303 1500 564 1553 scriberet
587 1539 603 1561 ,
648 1498 800 1564 cujus
825 1511 978 1551 ceras
1006 1495 1338 1559 miniatulas,
1362 1496 1445 1549 vel
1477 1495 1652 1565 potius
1692 1495 1887 1549 ferulas

308 1592 574 1660 potuisset
600 1588 843 1644 revereri
876 1606 888 1642 :

366 1690 614 1739 Auxilium
638 1696 692 1739 te
715 1701 894 1749 nempe
919 1700 1075 1742 vocas,
1100 1688 1275 1737 inscite
1299 1677 1551 1748 magister,

367 1752 437 1801 Da
464 1764 648 1801 rectum
668 1764 848 1809 casum,
870 1751 966 1812 jam
992 1750 1279 1803 solecismus
1298 1750 1423 1811 eris,

295 1858 421 1909 sive
450 1853 790 1909 scribendum
817 1853 917 1918 sit,
950 1853 1254 1917 solicismus,
1284 1861 1343 1906 ut
1374 1867 1440 1907 ex
1470 1851 1797 1921 diphthongo
1840 1874 1887 1909 οι

1989 498 2099 541 tum
2119 497 2225 551 est,
2252 497 2464 542 veteres
2484 501 2581 555 pro
2605 486 2689 539 cui
2710 486 2992 555 scripsisse
3014 486 3161 552 quoi.
3191 486 3371 556 Neque
3391 502 3578 542 assen-

1992 578 2094 632 tior
2126 576 2207 632 his
2230 578 2321 647 qui
2360 579 2572 646 quoties
2597 576 2830 629 occurrit
2857 576 2927 643 ﬁo
2954 586 3041 628 aut
3065 577 3159 643 ﬁat
3194 577 3363 642 prima
3402 577 3573 640 brevi.

1990 683 2176 722 versus
2196 667 2469 721 Prudentii
2498 666 2861 721 emendandos
2882 676 3124 722 censent.
3148 666 3401 734 Quamvis
3429 668 3575 723 enim

1989 774 2095 811 non
2122 758 2407 813 infeliciter
2435 759 2485 812 id
2519 758 2785 812 interdum
2818 757 2953 811 efﬁci
2989 758 3176 826 possit,
3212 774 3387 828 neque
3414 761 3578 818 toties

1991 848 2311 904 Prudentius
2344 850 2670 919 corripuerit
2690 848 2905 919 quoties
2930 850 3135 919 putavit
3156 849 3575 920 Chamillardus,

1990 948 2167 993 tamen
2182 954 2391 1009 tequum
2408 955 2512 994 non
2524 950 2606 994 est
2620 955 2918 1010 repugnare
2932 941 3250 996 veterrimis.
3266 942 3428 998 codd.
3443 960 3573 999 mss.

1988 1028 2466 1085 consentientibus.
2510 1030 2693 1084 Dicam
2746 1029 2905 1100 igitur
2936 1030 3281 1087 Prudentium
3332 1047 3571 1089 secutum

1989 1117 2251 1186 originem
2297 1118 2536 1174 Grtecam
2586 1135 2615 1172 a
2662 1122 2793 1192 φύω,
2843 1135 2910 1175 ex
2953 1135 3059 1188 quo
3093 1121 3227 1191 fuat,
3256 1130 3311 1177 et
3355 1124 3443 1193 lio.
3479 1123 3570 1179 Usi

1988 1204 2239 1283 similiter
2282 1218 2411 1263 sunt
2452 1213 2647 1265 Arator
2673 1221 2728 1264 et
2756 1210 3134 1265 Tertullianus.
3166 1213 3242 1266 De
3268 1230 3302 1266 a
3348 1214 3399 1267 in
3433 1226 3573 1267 ratus

1988 1305 2144 1356 aliter
2163 1301 2366 1369 judico.
2391 1299 2713 1354 Prudentius
2737 1315 2881 1367 sti-pe
2910 1302 3167 1371 corripuit
3194 1303 3342 1372 Sym.
3370 1304 3394 1355 1
3427 1319 3568 1358 vers.

1988 1394 2135 1450 295;
2175 1392 2299 1445 Esse
2328 1392 2591 1467 rati,etc.
2621 1391 2778 1444 Cath.
2811 1392 2863 1458 9,
2898 1408 3035 1445 vrrs.
3070 1393 3141 1448 52
3175 1412 3186 1445 :
3244 1394 3435 1448 blando
3460 1435 3474 1459 ,
3516 1405 3573 1448 ut

1990 1485 2281 1547 abluantur,
2309 1483 2513 1550 inquit:
2536 1482 2594 1551 ﬁt
2615 1490 2803 1547 ratum,
2834 1484 2970 1549 quod
2988 1485 3242 1553 jusserat,
3283 1488 3394 1542 e15
3428 1490 3570 1541 vers.

1991 1576 2058 1630 99
2094 1593 2105 1627 :
2143 1574 2308 1645 thue
2336 1576 2466 1641 (oret
2514 1584 2631 1627 rata
2662 1576 2914 1629 materies.
2944 1576 3117 1637 Poris,
3165 1579 3229 1644 5,
3259 1594 3401 1634 vers.
3454 1582 3520 1634 15
3553 1597 3569 1632 :

1993 1667 2323 1736 Supplicium
2354 1666 2455 1720 sibi
2483 1668 2630 1720 dulce
2658 1676 2796 1720 rata.
2830 1668 2947 1722 Non
2974 1684 3103 1739 ergo
3134 1678 3334 1726 temere
3380 1671 3572 1727 Giseli-

1916 1768 1962 1827 Β
1993 1773 2093 1813 nus
2142 1757 2313 1811 Perii.
2350 1758 2438 1820 lt),
2482 1772 2624 1813 vers.
2676 1758 2802 1826 9ll,
2854 1761 3195 1825 emendavit,
3244 1760 3380 1833 Ergo
3430 1779 3574 1815 mus

1988 1847 2275 1918 Pra’fectus
2300 1848 2559 1919 elinguem
2598 1849 2761 1901 virum
2803 1864 2899 1917 pro
2940 1849 3220 1921 Prwfectus
3269 1869 3387 1923 ergo
3431 1862 3576 1906 ratus

296 1947 474 2015 prima
501 1945 700 2000 vocalit
733 1945 950 2007 tollatur
977 1960 989 1996 :
1019 1960 1140 1998 nam
1168 1944 1309 1998 inter
1337 1943 1635 2016 diphthong
1649 1963 1733 1999 nm
1763 1968 1811 2000 οι
1834 1954 1889 1999 et
1986 1939 2239 2010 elinguem
2262 1940 2450 2004 virum.
2477 1939 2729 2009 quidquid
2774 1954 2959 1997 contra
2997 1946 3229 1998 senserit
3261 1944 3478 1999 Vossius
3507 1946 3574 1999 tle

295 2043 432 2096 ἰῶτα
480 2040 622 2093 nulla
660 2048 753 2093 aut
796 2039 987 2107 exigua
1023 2046 1142 2093 erat
1187 2036 1488 2092 differentia
1544 2038 1599 2092 iu
1654 2055 1889 2107 pronuno

297 2131 511 2185 tiando.

374 2222 501 2276 sta.
532 2219 784 2288 Ejusdem
816 2219 1034 2274 Ausonii
1062 2227 1147 2273 est
1174 2218 1325 2289 idyll.
1359 2219 1420 2273 ιι
1452 2236 1467 2272 ε

365 2311 461 2369 Qui
486 2312 642 2373 blpes,
670 2316 720 2360 et
742 2310 1022 2372 quadrupes
1045 2308 1193 2371 foret,
1218 2315 1272 2359 et
1296 2311 1449 2372 tripes
1467 2312 1626 2359 omnia
1649 2311 1798 2371 solus,

1988 2032 2118 2085 Arte
2140 2031 2486 2099 grammatica
2541 2030 2636 2085 lib.
2670 2047 2705 2085 tt
2729 2070 2745 2097 ,
2788 2046 2908 2101 cap.
2937 2034 3028 2087 29..
3052 2036 3205 2097 Quod
3250 2036 3571 2090 Prudentius

1986 2122 2151 2177 breve
2178 2122 2407 2191 primum
2438 2138 2465 2175 e
2490 2122 2546 2176 in
2587 2139 2772 2177 enervo
2796 2124 3000 2186 fecerit.
3028 2125 3319 2181 Salmasius
3340 2130 3572 2199 explicat

1990 2213 2047 2267 in
2069 2213 2212 2267 notis
2233 2211 2299 2266 ad
2326 2211 2528 2267 Elium
2557 2211 2932 2283 Spartianum,
2959 2230 3080 2285 pag.
3107 2218 3169 2271 Gl
3202 2217 3297 2287 (ιι).

2067 2304 2226 2376 196
2246 2303 2374 2358 220.
2404 2304 2523 2359 Alia
2556 2305 2759 2361 leviora
2794 2309 3183 2374 praetermitto,
3211 2326 3331 2380 quae
3358 2325 3423 2365 ex
3450 2327 3569 2381 pro-

296 2421 355 2459 es
374 2404 523 2458 brevi
546 2406 598 2457 in
622 2404 761 2470 bipes
780 2412 834 2458 et
857 2404 1013 2471 tripes
1030 2444 1043 2467 ,
1063 2404 1135 2457 uti
1153 2402 1281 2456 alibi
1306 2402 1358 2456 in
1370 2404 1659 2473 quadrupes
1677 2407 1734 2461 S.
1759 2405 1893 2459 Pau-
1990 2396 2159 2451 sodiae
2183 2396 2492 2450 auctoribus
2532 2395 2740 2451 facilius
2767 2398 2870 2466 peti
2896 2407 3148 2469 possunt,
3170 2402 3468 2468 praesertim
3496 2403 3566 2456 de

300 2495 449 2551 linus
476 2505 738 2550 consonat
766 2494 885 2549 Nat.
918 2494 1007 2557 12,
1034 2511 1175 2549 vers.
1199 2496 1305 2549 383
1341 2511 1356 2549 :

368 2596 595 2646 Constitit
618 2596 786 2658 ignoto
810 2606 897 2655 pro
918 2593 1086 2642 limine
1106 2594 1387 2658 quadrupes
1413 2596 1609 2659 hospes.

305 2687 519 2743 Rursus
538 2686 808 2741 Ausonius
831 2685 1090 2754 epigram.
1116 2685 1151 2739 9
1181 2703 1194 2739 :

367 2786 572 2835 Suasisti
598 2784 764 2833 Venus
787 2795 905 2846 ecce
926 2782 1050 2846 duas
1071 2784 1272 2846 dyseros
1288 2794 1339 2834 ιιι
1362 2798 1599 2846 amarem,

369 2848 485 2897 Odit
505 2856 711 2908 utraque
733 2859 743 2892 :
762 2844 887 2894 aliud
908 2844 969 2894 da
995 2844 1136 2894 modo
1157 2846 1431 2897 consilium.

309 2950 472 3021 195
501 2950 559 3001 Et
590 2947 656 3002 ad
682 2946 891 3002 Patrem
924 2963 939 3001 :

372 3040 437 3089 Et
461 3041 695 3102 placuisse
717 3052 831 3089 reor
854 3038 1067 3099 geminis
1089 3040 1332 3097 aetatibus,
1358 3047 1412 3089 nt
1434 3053 1492 3091 se

372 3102 481 3151 Non
506 3103 733 3151 festinato
756 3104 979 3163 tempore
1004 3108 1210 3162 utraque
1232 3102 1390 3151 daret.

306 3207 465 3276 Quod
509 3206 748 3275 Scaliger
777 3213 998 3261 excusat
1027 3203 1237 3259 ratione
1284 3214 1539 3260 accentus
1590 3208 1690 3278 (a).
1729 3207 1895 3278 Major

307 3311 400 3357 est
425 3300 739 3365 difficultas,
771 3315 872 3368 qua
908 3298 1117 3354 ratione
1146 3296 1470 3352 Prudentius
1505 3300 1730 3368 primatu
1766 3318 1890 3372 pro-

310 3392 527 3448 duxerit
550 3394 599 3445 in
623 3392 803 3461 cuique
824 3390 1101 3461 trisyllabo
1135 3407 1150 3447 :
1180 3404 1285 3445 non
1323 3391 1465 3445 enim
1490 3392 1656 3459 probo
1683 3404 1775 3449 aut
1803 3410 1897 3450 eos

312 3485 409 3554 qui
451 3485 739 3540 emendant
790 3482 1064 3537 Prudentii
1095 3482 1245 3551 loca,
1294 3499 1418 3536 suus
1456 3494 1528 3536 est
1574 3501 1683 3540 mos
1720 3489 1900 3557 cuique

314 3580 481 3647 genti,
497 3594 587 3632 sua
610 3579 791 3645 cuique
814 3576 993 3629 dextra
1017 3584 1113 3642 est,
1138 3590 1233 3628 sua
1254 3576 1434 3643 cuique
1450 3578 1612 3647 jura;
1638 3588 1729 3632 aut
1754 3580 1901 3633 Gil'a-

318 3673 469 3724 nium
495 3709 511 3735 ,
559 3668 650 3736 qui
680 3668 782 3730 ait,
816 3664 1165 3719 Prudentium
1208 3665 1289 3719 his
1311 3665 1444 3720 locis
1482 3683 1508 3719 e
1542 3668 1897 3737 produxisse,

316 3761 473 3829 quasi
503 3759 811 3828 spondmum
838 3757 1026 3828 quinto
1069 3758 1187 3811 loco
1216 3771 1314 3825 pro
1343 3757 1556 3827 dactylo
1601 3759 1897 3816 intruserit.

317 3854 428 3910 Sed
458 3853 745 3909 Prudentio
771 3851 927 3907 libuit
951 3851 1022 3905 ita
1052 3849 1441 3920 diphthongum
1480 3849 1810 3921 dissolvere,
1843 3868 1897 3909 ιιι

394 4051 473 4120 (α)
497 4050 747 4103 Ausonius
777 4049 1216 4120 sequiturgmorem
1249 4062 1454 4120 suorum
1477 4054 1761 4120 temporum
1785 4088 1818 4120 _,_
1851 4059 1905 4102 ut

316 4115 514 4178 scilicet
544 4122 607 4173 ibi
639 4121 886 4190 producat
915 4116 1185 4190 syllabam,
1216 4118 1299 4190 ubi
1327 4115 1568 4190 prosodiu
1595 4126 1724 4170 erat.
1770 4118 1905 4170 Nam

318 4198 373 4249 in
403 4193 577 4246 eadem
603 4186 797 4259 syllaba
828 4199 899 4242 est
930 4191 981 4240 in
1005 4187 1216 4259 nomine
1238 4187 1475 4259 femineo,
1512 4186 1565 4237 in
1586 4202 1689 4255 qua
1719 4200 1827 4240 erat
1852 4192 1905 4242 in

321 4264 610 4319 masculino
631 4257 916 4320 VUTEIIQUE.
965 4258 1107 4311 Idem
1142 4257 1266 4310 fecit
1297 4258 1349 4309 in
1379 4257 1558 4310 eadem
1600 4259 1902 4316 Ausonius.

322 4334 582 4403 Epicedo
606 4334 657 4384 in
683 4332 923 4403 Patrem,
964 4327 1186 4391 Victum,
1221 4328 1479 4403 habiturn,
1509 4340 1675 4403 mores
1708 4343 1905 4403 semper

320 4396 503 4461 eadem
550 4403 747 4453 habuit.
778 4401 927 4463 Quod
961 4413 1082 4453 cum
1131 4406 1369 4451 notasset
1401 4396 1682 4462 Barthius,
1726 4396 1823 4452 lib.
1849 4414 1900 4466 v,

1985 2488 2296 2543 nominibus
2319 2487 2594 2543 Hebraicis
2616 2503 2679 2543 ex
2722 2489 2981 2545 Rlcciolio
3019 2491 3073 2545 in
3106 2492 3279 2549 iudice
3315 2493 3332 2544 f
3363 2502 3419 2548 et
3445 2492 3482 2546 2
3509 2493 3577 2549 de

1992 2579 2212 2650 syllabis
2242 2581 2638 2650 controversis,
2671 2580 2827 2652 cujus
2844 2594 3023 2638 tamen
3045 2586 3353 2640 auctoritati
3385 2595 3439 2641 te
3469 2602 3578 2643 non

1995 2687 2214 2740 semper
2239 2670 2519 2728 adhaerere
2539 2672 2723 2727 velim.
2772 2672 2850 2728 Ex
2883 2672 2965 2727 his
2989 2688 3108 2743 quae
3130 2674 3283 2731 docui
3316 2674 3440 2729 licet
3466 2677 3577 2730 col-

2002 2763 2190 2832 ligere,
2216 2778 2320 2818 non
2334 2764 2507 2817 solum
2534 2764 2616 2818 sui
2645 2764 2828 2819 saeculi
2858 2764 3271 2834 consuetudine,
3296 2766 3393 2821 sed
3415 2767 3576 2821 etiam

1999 2858 2211 2910 ratione
2237 2865 2295 2914 et
2319 2856 2661 2924 antiquorum
2689 2854 2937 2923 exemplo
2967 2855 3021 2910 in
3052 2856 3270 2926 syllabis
3301 2856 3428 2924 ipsis
3457 2874 3577 2926 qua:

1999 2947 2290 3001 rarissimae
2319 2960 2443 3000 esse
2473 2946 2742 3010 videntur,
2772 2945 2841 2999 ab
2868 2945 3173 3003 hominibus
3195 2948 3327 3002 artis
3355 2950 3581 3018 poetica:

2000 3037 2188 3107 petitis
2232 3037 2494 3092 vindicari
2546 3037 2907 3092 Prudentium.
2943 3036 3166 3092 Constat
3214 3038 3413 3103 etiam,
3451 3054 3581 3106 quin

1917 3132 1967 3193 (ι
1998 3128 2213 3195 regulas
2241 3126 2392 3196 seuui
2422 3126 2675 3193 debeant,
2704 3128 2792 3197 qui
2826 3138 3105 3196 poetarum
3147 3127 3581 3184 Christianorum

2000 3234 2056 3273 tn
2089 3228 2179 3272 aut
2208 3233 2260 3272 tv
2285 3218 2467 3272 saeculi
2509 3219 2744 3273 carmina
2774 3220 2990 3273 student
3027 3233 3057 3272 a
3090 3218 3297 3275 mendis
3324 3234 3582 3289 purgare,

1997 3318 2091 3363 aut
2116 3309 2185 3363 de
2226 3308 2406 3378 aliquo
2439 3323 2627 3363 eorum
2661 3320 2903 3375 poemate
2929 3309 3192 3377 judicare.
3246 3310 3302 3365 In
3345 3310 3574 3367 Collect.

1998 3409 2112 3457 vet.
2135 3398 2331 3469 Script.
2350 3400 2612 3455 Edmuudi
2638 3401 2893 3465 Martene,
2914 3401 3147 3465 Parisiis,
3168 3403 3323 3468 I735,
3346 3413 3473 3457 tom.
3492 3404 3585 3471 IX,

2001 3492 2108 3546 col.
2136 3490 2204 3546 15
2233 3498 2287 3545 et
2312 3505 2497 3561 seqq.,
2516 3500 2689 3546 exstat
2718 3491 2852 3545 liber
2882 3491 2931 3543 in
2964 3491 3221 3556 Genesis,
3246 3493 3339 3561 qui
3364 3491 3585 3547 iuvenci

2009 3583 2310 3653 presbyteri
2336 3597 2459 3637 esse
2478 3581 2677 3636 dicitur
2697 3584 2752 3636 in
2782 3582 2969 3637 codice
2999 3581 3140 3638 unde
3174 3591 3446 3640 extractus
3482 3595 3582 3642 est.

2007 3678 2247 3742 Quatuor
2273 3675 2446 3744 prima
2477 3673 2651 3744 capita
2680 3673 2882 3729 dudum
2916 3675 3059 3729 edita
3087 3691 3207 3730 cum
3259 3675 3588 3731 Tertulliani.

2007 3778 2063 3823 et
2096 3770 2398 3840 Cypriano,
2449 3776 2641 3823 ctntera
2686 3767 2753 3821 ad
2799 3768 2868 3824 50
2909 3768 3362 3835 producuntnrex
3404 3769 3590 3824 codice

2003 3860 2321 3916 Corbeiensi
2368 3867 2503 3915 ante
2574 3873 2747 3914 annos
2794 3868 3092 3929 nongentos
3147 3867 3387 3914 exarata.
3445 3862 3589 3929 Opus

2080 4048 2160 4119 (ὁ)
2215 4048 2341 4103 Non
2389 4050 2523 4103 enim
2578 4049 2734 4103 aliter
2782 4058 2903 4102 tunc
2950 4054 3187 4121 temporis
3231 4053 3513 4107 scribebant
3561 4067 3583 4103 :

2012 4136 2224 4175 mortuis
2252 4130 2533 4193 et_t:vonun
2572 4136 2664 4193 pro
2689 4134 2924 4193 cunnus,
2954 4121 3166 4191 ideoque
3220 4123 3433 4188 priurum
3481 4130 3592 4193 e'us

2012 4193 2149 4244 vocis
2176 4190 2425 4260 syllabam
2453 4192 2690 4262 temporis
2718 4190 2858 4262 illius
2891 4200 3052 4255 poeta:
3083 4190 3365 4261 correptam
3408 4190 3587 4262 e/fe'rc-

2012 4262 2151 4325 bunt,
2166 4277 2277 4329 qua:
2299 4263 2453 4332 longa
2477 4260 2762 4325 mansisset,
2787 4261 2830 4311 si
2852 4260 3307 4332 pergescriberetur
3322 4280 3339 4315 :
3357 4260 3590 4317 dicebant

2011 4334 2165 4403 igitur
2200 4330 2408 4403 lucustis
2448 4340 2501 4383 ut
2532 4345 2733 4403 tumis,
2759 4341 2807 4383 et
2845 4330 3055 4403 similia.
3098 4332 3247 4396 Quod
3291 4337 3428 4402 apud
3455 4333 3591 4387 Pru-

2015 4399 2245 4455 dentium
2267 4400 2339 4453 bis
2368 4411 2458 4454 aut
2489 4411 2563 4452 ter
2601 4401 2820 4472 positum
2847 4399 3076 4465 (fallitur
3104 4399 3419 4472 Salmasius)
3450 4404 3593 4459 haud

322 4493 447 4542 cap.
480 4474 535 4527 Η
570 4489 582 4525 :
619 4469 682 4523 Et
711 4470 962 4542 videatur,
998 4470 1190 4542 inquit,
1218 4469 1412 4542 sitculo
1434 4466 1706 4542 indulsisse
1740 4472 1906 4542 Auso-
1940 4478 1986 4537 D
2013 4473 2210 4541 pridem
2255 4487 2318 4524 ea:
2357 4471 2707 4542 vetustissimis
2752 4472 2894 4542 libris
2932 4472 3277 4525 Observabam.
3319 4466 3424 4527 Sed
3460 4492 3593 4528 nunc

322 4539 467 4607 nius,
494 4559 585 4613 ego
614 4556 729 4594 vero
756 4541 976 4610 alicujus
1010 4540 1181 4613 ueteris
1199 4539 1509 4613 auctoritati
1531 4539 1700 4603 potius
1734 4540 1907 4591 existi-

321 4632 433 4678 sno,
469 4608 599 4681 stipe
625 4608 899 4681 expertus,
944 4625 1060 4662 eum
1102 4608 1228 4681 nihil
1263 4609 1367 4681 fere
1395 4609 1504 4681 sine
1541 4624 1599 4661 ea
1628 4624 1905 4681 usurpare.

324 4678 607 4740 Piuilentii
638 4678 1058 4748 reprehensores
1082 4719 1096 4744 ,
1130 4678 1520 4731 Chauiillardus
1551 4678 1904 4743 ctCellarius,

324 4759 380 4810 in
413 4755 657 4821 catalogo
684 4747 789 4805 non
815 4751 1139 4821 invexerunt
1171 4752 1306 4821 hanc
1330 4763 1513 4801 vocem
1546 4747 1844 4821 exhymno
1869 4750 1899 4821 Δι

327 4825 552 4887 Perist,
582 4818 721 4875 ms.
754 4822 787 4874 3
819 4836 833 4873 :
867 4819 1143 4890 Sanguinis
1163 4819 1305 4890 notis
1334 4822 1509 4890 eadem
1540 4819 1729 4887 scripta
1758 4818 1904 4871 terris

324 4897 567 4960 tradidit,
594 4892 682 4945 ubi
707 4907 740 4943 a
772 4890 825 4944 in
850 4888 1022 4960 eadem
1049 4898 1133 4942 est
1160 4889 1371 4955 longum
1396 4888 1601 4943 ratione
1629 4899 1905 4943 arcemus.

323 4958 587 5022 Servins't
612 4961 827 5017 IEneid.
858 4977 871 5013 :
898 4958 1339 5013 Pronuntiatiouis
1368 4974 1524 5014 causa
1555 4967 1732 5012 contra
1756 4975 1905 5012 usum

327 5037 596 5099 Latinum,
630 5032 839 5102 syllabis
864 5031 1074 5092 ultimis,
1102 5029 1284 5096 quibus
1312 5030 1577 5097 particula:
1606 5028 1904 5097 adiungun-

327 5120 435 5171 tur,
470 5101 701 5157 accentus
732 5101 988 5162 tribuitur,
1023 5110 1103 5171 ut,
1139 5114 1409 5171 musaque,
1443 5114 1662 5163 ιιιιλιιι,
1694 5113 1905 5171 curque.

328 5169 479 5232 Idem
511 5174 673 5228 refert
699 5172 991 5225 Martianus
1011 5170 1262 5236 Capella,
1294 5170 1385 5222 lib.
1414 5184 1501 5234 ιιι,
1531 5185 1649 5238 cap.
1680 5170 1749 5223 de
1782 5169 1910 5222 Fas-

330 5250 489 5316 ligo.
536 5245 618 5298 Ex
661 5257 766 5316 quo
802 5242 998 5308 liquet,
1038 5253 1315 5316 accentum
1362 5243 1590 5316 positum
1642 5240 1692 5292 in
1729 5238 1908 5316 _media

330 5309 537 5386 syllaba
569 5314 715 5386 vocis
744 5319 962 5386 utraque
979 5318 1033 5363 et
1056 5312 1307 5386 eadem_in
1335 5309 1663 5386 nominativo
1687 5309 1906 5386 plurali.

332 5379 414 5443 Ue
467 5383 737 5439 veteribus
774 5380 999 5435 comicis
1038 5389 1187 5433 notat
1227 5379 1462 5449 Scaliger
1504 5390 1650 5448 pater
1687 5379 1779 5433 lib.
1827 5392 1907 5439 vt,

331 5474 455 5526 cap.
488 5457 557 5521 5,
585 5456 654 5509 ita
683 5468 778 5526 eos
808 5453 860 5505 in
889 5452 1001 5526 suis
1043 5449 1370 5526 carminibus
1411 5454 1784 5526 pronuntiasse
1807 5488 1823 5511 ,
1856 5457 1912 5500 ut

334 5519 842 5582 ne'consOttantiutn
873 5521 1085 5587 quidem
1124 5520 1384 5586 positione
1415 5519 1738 5582 efficeretur,
1784 5534 1916 5588 quo-

334 5600 516 5653 minus
557 5596 760 5664 syllaba
805 5592 981 5647 brevis
1008 5590 1183 5664 brevis
1223 5598 1385 5664 eSSet.
1432 5589 1524 5645 Sic
1567 5589 1913 5664 tempestivum

336 5668 573 5722 secunda
589 5658 839 5730 correpta
862 5660 1233 5723 enuntiabant,
1254 5661 1376 5728 quia
1399 5670 1456 5715 ut
1475 5658 1714 5730 temporis
1739 5658 1911 5714 media

342 5738 525 5795 brevis
543 5782 555 5797 .
587 5738 657 5789 ita
685 5735 803 5799 ejus
828 5747 1045 5800 compar
1076 5732 1125 5785 in
1152 5730 1396 5785 deducto.

2013 4539 2064 4595 in
2095 4549 2333 4611 promptu
2358 4557 2456 4593 non
2483 4549 2599 4592 sunt
2626 4539 2760 4593 loca.
2800 4539 2889 4595 Sic
2910 4554 3195 4611 _ltvrnvtttte
3224 4559 3315 4611 pro
3336 4560 3593 4611 enervare,

2014 4609 2181 4678 prima
2223 4611 2423 4681 syllaba
2457 4620 2711 4681 correpta,
2732 4612 2865 4681 idem
2895 4609 3281 4681 Prudentius...
3313 4611 3398 4666 Ita
3450 4609 3587 4669 enini

2013 4691 2152 4753 uetus
2171 4680 2315 4734 liber.
2346 4680 2608 4753 Aldelmus
2631 4680 2693 4732 de
2714 4680 2976 4753 Laudibus
3004 4683 3158 4753 virg.,
3180 4683 3429 4738 Flaminis
3455 4703 3595 4740 com-

2013 4752 2170 4805 bussit
2188 4753 2461 4828 inermem;
2485 4751 2558 4828 sic
2584 4754 2717 4828 enim
2744 4752 2901 4804 etiam
2926 4751 2982 4805 in
3010 4751 3162 4807 veleri
3191 4754 3320 4809 libro
3348 4757 3596 4828 scriptum

2013 4831 2142 4877 erat.
2173 4823 2326 4877 Adde
2361 4820 2633 4876 Sedulium
2666 4821 2757 4876 lib.
2792 4836 2875 4885 nt,

2506 4930 2567 4979 Et
2588 4936 2779 4993 septem
2800 4930 3004 4994 panibus
3026 4944 3202 4994 agmen

2080 4991 2223 5041 Parit
2247 5004 2450 5041 enorme
2475 4994 2651 5042 virum.

2015 5095 2130 5149 Non
2163 5093 2406 5149 absimile
2452 5104 2534 5149 est
2559 5094 2685 5150 illud
2727 5094 3045 5149 Tertulliani
3079 5095 3174 5150 lib.
3214 5110 3287 5158 tv,
3335 5098 3595 5151 adversus

2016 5166 2339 5221 Marcionetn
2374 5181 2388 5219 :
2433 5164 2502 5219 In
2541 5165 2852 5234 cataclysmo
2898 5180 3111 5218 enecans
3140 5208 3154 5231 ,
3196 5174 3250 5219 et
3280 5167 3591 5233 Fortunati,

2016 5236 2239 5306 Corrigit
2266 5235 2374 5306 ipse
2400 5238 2542 5306 prius
2572 5237 2705 5306 quod
2742 5237 2937 5306 poscit,
2969 5242 3023 5286 ut
3049 5239 3178 5288 alter
3216 5236 3465 5289 emendet.
3501 5237 3597 5290 Ni-

2020 5304 2307 5360 hilominus
2327 5304 2588 5373 snsjiicor,
2616 5324 2641 5355 :i
2665 5304 2956 5358 Prudentia
2976 5318 3173 5357 novum
3201 5306 3437 5360 effictum
3466 5322 3595 5359 ver-

2017 5376 2165 5440 bum,
2198 5378 2411 5439 inermo,
2454 5377 2671 5428 inermos
2713 5373 2780 5425 ab
2807 5374 3014 5425 inermis
3059 5384 3150 5427 aut
3191 5376 3438 5430 inermus.
3490 5377 3595 5430 Alii

2016 5446 2173 5500 aliter
2198 5446 2505 5499 emendant.
2541 5445 2690 5496 Alias
2718 5444 3080 5496 correctiones
3118 5445 3172 5498 in
3210 5448 3597 5499 commentario

2018 5514 2305 5577 exhibebo,
2336 5523 2393 5566 ut
2417 5524 2589 5565 erutus
2614 5526 2713 5579 pro
2742 5512 2933 5585 elatus,
2966 5512 3135 5577 legam
3167 5517 3328 5568 etiam
3357 5518 3597 5585 ἔπιθι-[ες.

2020 5594 2101 5637 tus
2141 5595 2194 5636 et
2246 5584 2553 5655 interceptus
2596 5597 2716 5655 cum
2770 5582 2953 5655 codd.,
2980 5598 3084 5655 non
3130 5586 3455 5655 interefectus
3490 5582 3600 5641 aut

2018 5657 2385 5775 titeé'eceptus,
2416 5652 2555 5720 quod
2590 5651 2798 5706 videtur
2824 5653 3019 5724 legisse
3049 5654 3187 5709 Beda
3210 5694 3225 5721 ,
3268 5651 3600 5727 approbante

2070 5739 2100 5775 ιι
2141 5738 2357 5775 ewuzto.

2025 5723 2357 5791 Ludewigio.
