4068 6190
622 252 722 311 ηδ
2030 248 2475 307 PRUDENTIUS.
3680 262 3757 323 7t;

625 367 886 423 l'nmelius
923 365 1252 421 Tertulliano
1280 363 1525 428 ascribit,
1558 362 1700 416 Elias
1729 362 1908 416 Pinius
1939 361 2189 416 Salviano
2217 366 2266 424 Α
2296 365 2435 416 milis
2480 362 2691 418 licentia
2740 360 2792 416 in
2820 361 3111 432 quantitate
3143 363 3441 432 syllabarum
3468 368 3563 425 siue
3589 376 3759 442 ratione,

624 457 979 523 Massiliensi,
1034 473 1100 511 ex
1148 463 1454 523 ceujcctura
1498 453 1638 522 quod
1691 454 1758 508 de
1811 453 2065 509 Salviano
2118 453 2193 505 ait
2292 456 2410 509 sine
2436 454 2680 524 exemplo
2723 453 3043 522 invaluerat,
3075 470 3179 524 quo
3200 472 3382 525 genere
3407 474 3514 515 usus
3534 475 3600 517 est
3620 466 3759 533 Abbo,

624 550 973 606 Gennadius:
1008 547 1073 600 In
1100 561 1284 599 morem
1319 545 1613 599 ercorum
1644 562 1676 597 a
1706 544 1955 612 principio
1986 542 2191 595 Genesis
2292 544 2489 613 aliique
2524 543 2779 613 mquales.

626 660 782 715 usque
817 644 885 697 ad
924 642 1263 696 conditionem
1304 639 1455 709 primi
1487 639 1708 692 hominis
1742 638 2019 707 composuit
2049 651 2194 689 versu
2843 636 3072 690 CAPUT
3115 635 3297 691 XXVI.

625 736 769 805 quasi
796 733 1127 787 hexaemeron
1148 730 1333 783 librum
1360 746 1540 783 unum.
1576 729 1787 792 Mirum,
1818 729 1870 781 ni
1904 726 2193 781 Prudentio
2797 725 2961 779 Metra
3004 725 3376 789 Prudentium.

625 839 833 893 quoque
861 823 987 876 velit
1027 822 1219 890 aliquis
1258 820 1396 873 hunc
1436 820 1628 872 librum
1672 818 1967 872 attribuere
2019 832 2032 867 :
2073 830 2192 868 nam
2371 817 2529 885 193
2556 815 2680 869 221.
2725 816 2955 868 Primum
3000 819 3155 870 metri
3201 833 3359 886 genus
3387 819 3476 873 ode
3502 822 3680 878 tricolos
3706 827 3773 879 tri-

625 915 783 967 etiam
815 912 1119 967 Gennadius
1149 911 1202 963 in
1230 911 1501 965 Prudentii
1527 910 1699 977 elogio
1720 911 1795 963 ait
1826 924 1840 963 :
1874 908 2197 962 Commenta-
2294 912 2569 974 strophos,
2615 906 2767 973 cujus
2808 905 3013 974 primus
3038 920 3224 960 versus
3250 918 3328 960 est
3367 909 3617 978 Glyeouius
3654 927 3775 981 spot:-

626 1015 704 1058 tns
725 1012 796 1057 est
830 1013 877 1056 et
903 1004 957 1055 in
990 1018 1177 1055 morem
1207 1001 1498 1055 Graecorum
1540 1000 1891 1053 Hexaemeron
1930 1000 1993 1052 de
2022 998 2197 1051 mundi
2296 996 2435 1059 diuo,
2468 996 2778 1049 choriambo
2800 1005 2857 1050 et
2901 995 3177 1065 Pyrrichio
3217 1012 3309 1051 seu
3344 1000 3587 1066 spondaao,
3614 1012 3658 1055 et
3675 1004 3775 1055 dno-

627 1094 820 1161 fabrica
851 1109 1005 1162 usque
1033 1092 1100 1146 ad
1125 1093 1460 1145 conditionem
1495 1092 1642 1159 primi
1678 1092 1893 1144 hominis
1917 1098 1964 1143 et
1998 1104 2195 1159 prwva-
2297 1086 2394 1139 bus
2448 1085 2671 1154 doetylis
2719 1097 3005 1150 constans;
3058 1086 3324 1140 secundus
3371 1090 3693 1155 Asclepiadeus
3730 1109 3776 1143 ex

626 1185 920 1237 ricationem
960 1185 1092 1253 ejus.
1137 1183 1307 1237 Nolim
1352 1192 1531 1237 tamen
1578 1183 1628 1234 id
1659 1183 1906 1251 cuiquam
1939 1181 2118 1233 veniat
2141 1180 2194 1233 in
2296 1176 2569 1244 spondazo,
2610 1178 2819 1231 duobus
2844 1177 3189 1243 choriambis,
3218 1188 3271 1233 et
3301 1180 3567 1248 Pyrrichio,
3605 1183 3709 1247 sive,
3739 1194 3779 1237 t.t

626 1284 879 1330 mentem.
930 1275 1059 1329 Nam
1106 1274 1332 1344 primum
1390 1275 1523 1328 liber
1565 1274 1699 1327 ultra
1742 1271 2101 1327 (auditionem
2143 1281 2196 1325 et
2299 1270 2455 1338 vulgo
2484 1282 2624 1322 nunc
2654 1269 2946 1332 scanditur,
2987 1283 3053 1322 ex
3085 1269 3359 1337 spondam,
3394 1269 3597 1340 dactylo,
3624 1273 3781 1340 syllaba

626 1368 1119 1438 praevaricationem
1179 1367 1337 1435 primi
1398 1366 1634 1419 hominis
1690 1365 1846 1432 longe
1891 1362 2130 1433 procedit
2178 1378 2193 1415 :
2299 1358 2453 1427 longa
2482 1368 2536 1413 et
2564 1357 2772 1411 duobus
2797 1358 3061 1427 dactylis;
3104 1360 3294 1412 tertius
3321 1360 3784 1415 clioriatubicustlal-

621 1458 865 1525 adeoque
890 1470 1065 1524 neque
1110 1454 1362 1510 Salviano
1394 1453 1713 1508 Massilieusi
1754 1464 1896 1508 recte
1924 1453 2197 1521 adjudica-
2298 1449 2580 1501 lintaehius
2624 1463 2695 1502 ex
2723 1447 2999 1517 spondam,
3050 1448 3218 1503 tribus
3246 1449 3565 1516 choriambis,
3591 1462 3633 1505 et
3656 1452 3784 1521 Pyrri-

627 1553 797 1618 hitur,
835 1551 924 1621 qni
968 1551 1140 1606 solum
1187 1564 1358 1618 usque
1410 1548 1476 1602 ad
1525 1547 1928 1615 conditionem,
1972 1546 2073 1601 hoe
2114 1555 2196 1600 est
2296 1543 2418 1595 chio
2441 1556 2536 1595 seu
2582 1542 2778 1595 iambo.
2826 1541 2993 1609 llujus
3022 1543 3235 1611 generis
3269 1552 3349 1599 est
3389 1547 3599 1614 praelatio
3617 1563 3787 1616 operum

618 1650 949 1698 creat.onem
980 1641 1137 1711 primi
1186 1640 1438 1705 hominis,
1479 1639 1673 1692 librum
1715 1653 1871 1691 suum
1919 1637 2191 1705 produxit;
2296 1643 2422 1685 ante
2466 1631 2659 1685 librum
2717 1630 3161 1698 Cathemeriumn,
3225 1634 3324 1687 Per
3369 1638 3666 1706 quinquennia
3710 1641 3788 1703 jart

627 1732 823 1787 deinde
853 1747 1041 1787 versus
1071 1745 1313 1799 magnam
1340 1741 1543 1799 partem
1572 1728 1792 1783 omnino
1820 1727 2034 1796 exleges
2054 1735 2196 1789 sunt,
2232 1727 2274 1785 Β
2302 1723 2496 1791 decem,
2528 1733 2631 1779 etc.
2663 1723 2773 1777 lloc
2801 1724 3112 1780 dulcissimo
3142 1727 3299 1781 metri
3335 1742 3521 1797 genere
3547 1730 3682 1784 semel
3707 1740 3791 1783 tau-

624 1823 951 1888 etluvenco,
970 1820 1495 1889 Prudentioahisque
1515 1818 1809 1888 aequalibus
1833 1817 2060 1886 indigni.
2085 1818 2196 1870 Non
2303 1823 2412 1868 tum
2436 1828 2562 1869 usus
2591 1825 2672 1870 est
2714 1815 3052 1883 Prudentius,
3102 1833 3277 1889 neque
3316 1821 3381 1875 ab
3414 1823 3522 1875 aliis
3548 1832 3791 1891 usurpatum

624 1912 813 1966 dubito
845 1911 970 1980 quin
1008 1909 1159 1965 multi
1184 1909 1521 1964 librariorum
1548 1907 1750 1963 incuria
1775 1909 1882 1962 sint
1908 1906 2196 1961 mendosi:
2302 1905 2430 1961 illud
2478 1906 2613 1972 scio,
2660 1916 2886 1975 excepto
2936 1906 3352 1976 Wandelberto,
3402 1912 3484 1980 qui
3530 1922 3717 1965 metrum
3757 1922 3795 1964 et

624 2015 849 2070 quorum
872 2000 1051 2069 plures
1071 2014 1139 2054 ex
1164 1999 1471 2068 conjectura
1493 1998 1544 2052 iu
1560 1997 1775 2052 schedis
1798 1998 1970 2051 habeo
1990 2011 2200 2051 correc-
2300 1997 2615 2050 sententiam
2642 1997 2922 2050 aemulatus
2942 2008 3043 2062 est,
3074 2008 3129 2053 nt
3150 2000 3321 2053 dicam
3348 2001 3398 2055 in
3419 2014 3673 2055 comment.
3698 2002 3794 2055 Pos-

616 2090 1218 2163 itus.197Plerumque
1233 2090 1496 2144 ablativus
1511 2090 1562 2144 in
1585 2088 1938 2157 acorripitur,
1954 2091 2201 2157 quamvis
2301 2096 2425 2141 sunt
2451 2102 2637 2142 omnes
2669 2089 2720 2142 hi
2760 2104 2946 2144 versus
2989 2090 3094 2144 dici
3126 2092 3466 2146 cltoriambici.
3497 2093 3590 2148 Sed
3626 2096 3667 2146 in
3693 2093 3796 2145 idem

624 2184 679 2238 in
701 2185 859 2239 editis
881 2183 1185 2239 emendatio
1206 2183 1381 2253 aliqua
1411 2183 1567 2237 fuerit
1588 2183 1820 2237 adhibita
1840 2192 2024 2235 contra
2040 2180 2197 2236 codd.
2302 2193 2388 2233 res
2419 2186 2527 2232 tcta
2559 2181 2768 2233 recidit.
2799 2179 2855 2232 lu
2882 2180 3001 2234 cod.
3044 2181 3159 2235 Vat.
3189 2183 3507 2253 ﬂlsglossa
3529 2192 3618 2247 est,
3636 2198 3796 2236 versum

624 2289 756 2330 mss.
784 2275 887 2331 Sed
918 2275 1044 2345 quid
1079 2276 1240 2330 facias
1267 2276 1350 2329 his
1376 2274 1615 2329 versibus
1650 2273 1722 2329 45
1760 2283 1819 2328 et
1844 2273 1952 2328 4-5?
2303 2272 2591 2324 secundum
2639 2270 2748 2324 diei
2794 2271 3222 2340 Asclepiadenm,
3266 2274 3387 2343 quia
3415 2274 3561 2342 hujus
3585 2275 3712 2327 metri
3744 2272 3801 2325 iu-

690 2386 875 2436 νηπίω
894 2388 1081 2434 cuneus
1103 2398 1281 2434 nomen
1303 2386 1431 2447 quod
1458 2391 1729 2447 permanet,
1757 2384 1877 2435 imm
2304 2372 2494 2417 ventor
2524 2362 2620 2418 luit
2644 2361 2983 2432 IEsculapius
3006 2364 3149 2419 [ilius
3176 2364 3455 2435 Apollinis.
3484 2364 3577 2422 Sed
3602 2364 3684 2418 etsi
3708 2363 3801 2417 Es-

686 2447 916 2510 Adamus,
939 2449 1117 2495 donata
1137 2447 1229 2495 sibi
1254 2446 1509 2508 prudentia
1531 2446 1707 2494 solers.

2302 2455 2540 2524 culupius
2562 2453 2747 2509 Graece
2776 2456 2845 2510 sit
2890 2456 3186 2523 Asclepios,
3212 2464 3389 2511 tamen
3414 2466 3584 2510 auctor
3606 2456 3802 2510 cat-mins

624 2552 863 2618 Quatuor
886 2558 979 2603 aut
1006 2550 1239 2619 quinque
1276 2563 1435 2604 voces
1476 2559 1684 2605 mutare
1712 2549 1895 2613 debes,
1938 2563 2002 2605 ac
2035 2550 2118 2604 vix
2150 2550 2199 2603 id
2305 2548 2402 2598 I'uit
2434 2545 2773 2613 Asclepiades
2805 2556 2979 2614 poeta.
3015 2546 3068 2599 lu
3101 2546 3365 2616 Glyconio
3395 2547 3580 2614 primus
3607 2560 3685 2613 pes
3704 2559 3803 2597 nou-

624 2640 853 2695 sullieiet
885 2638 979 2710 (a).
1008 2638 1320 2707 llujusmodi
1349 2639 1588 2694 carmina
1609 2641 1697 2709 qui
1726 2656 1755 2694 a
1783 2642 2043 2708 Juvcuco,
2079 2642 2201 2696 Pru.
2304 2649 2569 2705 nunquam
2600 2647 2683 2691 εει
2711 2638 2961 2701 eboreus.
2986 2652 3107 2692 raro
3144 2637 3374 2691 ialuhus-
3407 2636 3552 2690 “alio
3594 2647 3804 2689 mensum

623 2730 826 2795 dentio,
858 2728 1151 2799 primisque
1170 2729 1486 2784 Christianis
1505 2732 1673 2799 poetis
1694 2733 1941 2802 componi
1966 2734 2200 2802 potuisse
2306 2729 2419 2783 luec
2462 2740 2545 2785 est
2576 2746 2594 2795 ε,
2625 2729 2711 2782 tu“
2740 2744 2946 2784 versus.
2984 2728 3087 2784 Per
3115 2730 3495 2800 quin-quennia
3510 2728 3804 2800 jam-decem;

624 2829 791 2889 putet,
835 2820 881 2874 is
908 2819 1099 2874 similis
1129 2819 1390 2875 videbitur
1415 2835 1535 2876 esse
1569 2822 1769 2876 homini
1818 2822 1907 2890 qui
1935 2824 2001 2877 de
2031 2824 2199 2892 pietn—
2301 2822 2393 2873 2υ³
2432 2837 2648 2879 versus:
2685 2825 2759 2877 Ni
2787 2824 2969 2892 [al-lor
2999 2824 3456 2893 fuimus-septimus
3481 2824 3713 2890 iit-super;
3737 2819 3804 2872 ὃν

623 2914 697 2968 ris
726 2912 970 2983 judicare
1009 2913 1217 2977 volens,
1276 2912 1559 2984 imaginem
1610 2930 1766 2983 quam
1810 2917 1980 2985 pictor
2008 2916 2200 2985 aliquis
2303 2931 2523 2971 versus:
2569 2916 2963 2972 Annum-cardo
3012 2918 3297 2971 rotatodum
3345 2916 3669 2987 fruimur-sole
3703 2911 3807 2963 eolu-

624 3005 795 3058 malus
816 3018 847 3059 e
868 3004 1022 3073 vulgo
1048 3001 1277 3070 fecisset,
1302 3004 1554 3075 Raphaeli
1580 3004 1819 3060 Urbinati
1840 3004 2192 3075 adjudicaret.
2301 3008 2411 3063 bili.

624 3097 830 3151 Putavit
875 3096 1144 3164 Barthius,
1177 3097 1341 3152 fuisse
1364 3100 1505 3166 apud
1536 3108 1745 3153 veteres
1791 3098 2074 3152 nonnullos
2105 3099 2191 3166 qui
2223 3088 2268 3151 C
2366 3101 2495 3154 223.
2554 3101 2859 3157 Secundum
2917 3118 3086 3173 genus
3147 3103 3252 3159 ode
3306 3102 3617 3158 monocolos.
3659 3098 3811 3153 VerSus

622 3187 987 3240 maccarronice
1011 3187 1399 3255 quodammodo
1427 3201 1613 3242 versus
1652 3188 1966 3254 conderent,
1999 3190 2197 3258 partim
2300 3194 2511 3249 iambici
2541 3193 2753 3249 dimetri
2776 3210 2840 3251 es
2873 3195 3050 3250 iambo
3076 3196 3209 3250 locis
3237 3196 3470 3264 paribus,
3503 3209 3563 3248 ex
3592 3190 3739 3245 iambo
3752 3187 3812 3239 vel

622 3285 913 3331 metrorum
945 3276 1172 3346 legibus.
1203 3280 1393 3346 partim
1424 3279 1597 3332 soluta
1628 3278 1893 3347 oratione,
1924 3280 2074 3348 cujus
2110 3294 2201 3351 ge-
2301 3285 2553 3355 spondteo
2580 3286 2710 3341 locis
2732 3287 3044 3355 imparibus.
3072 3287 3237 3356 Hujus
3260 3287 3471 3357 generis
3498 3293 3610 3338 sunt
3636 3281 3813 3350 hymnus

622 3367 763 3421 ueris
789 3377 870 3420 est
885 3365 1280 3421 Testamentum
1304 3368 1564 3423 ludicrum
1585 3368 1754 3437 Sergii
1778 3370 2121 3438 l‘olensis,et,
2142 3381 2201 3424 ut
2303 3379 2354 3443 1,
2384 3377 2441 3444 2,
2470 3378 2532 3430 li
2562 3385 2616 3432 et
2644 3376 2710 3430 12
2738 3377 2860 3432 libri
2900 3359 3349 3443 Cathetnerinwn,
3377 3386 3428 3432 et
3460 3376 3667 3445 hymnus
3689 3370 3717 3423 ‘2
3736 3368 3814 3422 el5

622 3457 932 3510 nonnemini
988 3457 1219 3523 videtur,
1274 3473 1493 3513 carmen
1539 3461 1982 3516 Anacreonticum
2026 3462 2197 3516 Annei
2301 3468 2420 3522 libri
2450 3468 2898 3536 PeriSIephallmn.
2932 3467 3102 3522 Pedes
3129 3482 3285 3536 pares
3318 3465 3591 3535 aliquando
3617 3470 3719 3515 sunt
3746 3458 3816 3511 tri-

623 3544 765 3599 Flori
794 3545 861 3599 ad
888 3544 1203 3611 Adrianum,
1233 3557 1288 3602 et
1335 3548 1611 3619 Querolus,
1656 3551 1839 3604 drama
1870 3550 1937 3606 ad
1975 3552 2196 3606 Aulula-
2302 3558 2548 3628 brachys,
2573 3558 2804 3627 impares
2819 3559 3179 3628 anapaestiaut
3207 3553 3817 3626 trlbrachys.Seanduntur

622 3635 755 3691 riam
776 3637 944 3692 Plauti
974 3639 1327 3708 compositum
1353 3655 1383 3693 a
1413 3640 1565 3695 Gilda
1594 3642 1866 3711 Sapiente.
1894 3643 2045 3709 Quod
2073 3646 2196 3698 atti-
2300 3650 2401 3703 hoe
2426 3649 2586 3702 modo
2612 3664 2627 3703 :
2656 3647 2934 3702 Ales-die-i
2963 3652 3217 3705 nunotius.
3249 3650 3363 3704 Nisi
3385 3646 3588 3716 quando
3608 3642 3819 3709 longiores

622 3737 718 3784 net
739 3728 806 3783 ad
840 3742 1029 3784 versus
1070 3729 1240 3798 Sergii
1269 3730 1515 3785 Polensis
1544 3732 1758 3800 parasiti
1785 3742 1839 3786 et
1884 3733 2195 3802 histrionis,
2301 3740 2484 3808 pedes,
2522 3750 2580 3794 ut
2608 3741 2744 3807 dixi,
2784 3742 2929 3795 aliud
2959 3742 3246 3811 postulent,
3270 3750 3332 3795 ut
3363 3739 3599 3808 Vigila—le
3620 3734 3818 3801 iant-sum

616 3828 951 3888 compertum
978 3817 1089 3887 jam
1123 3828 1224 3884 est,
1246 3834 1340 3874 eos
1367 3821 1562 3874 saeculo
1590 3837 1656 3875 xv
1686 3824 1846 3877 fuisse
1877 3822 2066 3890 laetos,
2092 3840 2196 3879 nou

1005 3832 1089 3872 am
1123 3828 1224 3884 est,
1246 3834 1340 3874 eos
1367 3821 1562 3874 saeculo
1590 3837 1656 3875 xv
1686 3824 1846 3877 fuisse
1877 3822 2066 3890 factos,
2092 3840 2196 3879 non
2300 3849 2391 3902 pro
2404 3834 2606 3887 oximus.

615 3910 898 3976 conﬁctos,
942 3919 999 3964 ut
1030 3924 1125 3981 pro
1151 3911 1381 3981 antiquis
1412 3912 1834 3981 venditarentur,
1864 3916 2005 3984 quod
2035 3916 2195 3985 aliqui
2369 3926 2495 3979 225,
2536 3926 2773 3981 Tertium
2804 3940 2973 3995 genus
3011 3925 3114 3981 ode
3140 3927 3474 3989 ηιοηοωοε,
3506 3936 3699 3979 carmen
3727 3917 3819 3971 dac-

618 4000 1075 4056 existimaverant.
1132 4000 1330 4056 Versus
1382 4001 1524 4057 Flori
1567 4004 1634 4057 ad
1682 4004 1971 4060 Adrianum
2025 4008 2195 4077 legem

2299 4020 2514 4089 tylicutn
2543 4019 2861 4072 alcmanium
2893 4018 3190 4073 trimetrum
3218 4018 3730 4089 hypercatalecttcum
3750 4008 3821 4062 tri—

621 4090 777 4146 metri
802 4098 1058 4157 servant,
1090 4090 1232 4159 quod
1276 4104 1459 4147 contra
1510 4094 1803 4161 Barthinm,
1852 4097 2195 4153 Muratorium
2299 4109 2397 4163 bus
2423 4108 2668 4178 dactylis,
2696 4119 2750 4161 et
2793 4124 2894 4163 una
2917 4109 3121 4178 syllaba
3151 4120 3432 4165 οηῃεωηε,
3472 4109 3630 4177 Hujus
3652 4101 3821 4175 generis

614 4192 672 4235 ct
693 4182 827 4236 alios
853 4181 1008 4237 facile
1037 4192 1181 4237 esset
1208 4184 1596 4242 demonstrare.
1628 4190 1990 4258 Opportunius
2014 4206 2196 4246 exetn-
2301 4199 2529 4270 hymnus
2554 4200 2589 4254 '5
2630 4199 3039 4253 Cathemerinon
3062 4244 3076 4267 ,
3110 4202 3201 4269 qui
3231 4214 3262 4253 a
3310 4201 3565 4256 llicciolio
3605 4201 3652 4252 in
3679 4208 3824 4249 eiciu-

620 4272 764 4340 plutn
791 4282 875 4327 est
904 4274 957 4326 in
984 4272 1181 4328 celebri
1222 4275 1310 4329 illa
1348 4277 1604 4331 Comazdia
1632 4279 1781 4334 clodo
1811 4283 1955 4349 pede,
1983 4283 2197 4349 Queuo-
2300 4292 2442 4357 plum
2490 4288 2824 4358 producitur,
2889 4291 2979 4344 ubi
3028 4306 3187 4345 versu
3238 4292 3311 4347 28
3343 4309 3356 4343 :
3394 4291 3634 4358 Sertaque
3658 4284 3823 4353 mystico

618 4376 735 4416 Ι-υεο
762 4362 864 4416 ΑΙῙῙ
886 4363 1031 4418 nulla
1060 4365 1217 4420 metti
1256 4366 1371 4435 lege
1411 4383 1598 4424 versus
1636 4369 1924 4439 faciebant,
1965 4376 2194 4443 syllaba-
2227 4444 2244 4449 _
2299 4379 2551 4447 dactylico
2579 4378 2771 4432 Temere
2800 4379 2950 4433 docta
2997 4381 3101 4449 liga
3149 4382 3406 4449 strOpItio,
3459 4388 3513 4435 et
3555 4380 3755 4448 hymnus
3780 4370 3822 4421 S.

617 4470 737 4509 rum
766 4464 913 4511 certo
942 4474 1169 4513 numero
1219 4462 1476 4527 contenti,
1528 4474 1585 4517 ut
1636 4461 2050 4522 Commodianus
2094 4470 2195 4524 sub
2226 4444 2272 4502 υ
2303 4444 2546 4535 Eulaliae,
2571 4470 2660 4539 qui
2684 4481 2767 4525 est
2796 4444 3095 4539 Peristcpb.
3142 4472 3197 4535 ‘5,
3249 4444 3303 4525 in
3355 4472 3507 4539 cujus
3542 4444 3675 4521 line:
3707 4462 3823 4514 Tam

618 4548 970 4606 Constantino
1019 4552 1395 4610 instructiones
1440 4570 1565 4611 suas
1612 4573 1767 4613 versu
1821 4562 1973 4630 quasi
2027 4564 2195 4617 hexa-
2282 4562 2461 4630 feram
2496 4561 2622 4631 pede
2664 4561 2938 4631 dactylico.
2983 4560 3107 4616 llasc
3141 4571 3225 4617 est
3249 4563 3514 4616 scansio:
3560 4558 3601 4612 Ο
3633 4549 3825 4617 cruci-{rt

619 4651 792 4696 metro
820 4660 834 4696 :
2299 4652 2742 4707 bone-lucisa-tor.

679 4737 1232 4814 gafstionostraylam
1260 4746 1444 4791 erranti
1470 4744 1769 4814 demonstrat
1798 4807 1828 4814 __
2367 4744 2491 4799 224.
2534 4746 2787 4812 Quartum
2813 4759 2980 4814 genus
3011 4744 3111 4799 ode
3142 4744 3481 4800 monocolos.
3512 4742 3700 4798 Versus
3733 4734 3828 4787 Ιιεῐι·

678 4800 1072 4862 ﬂtspectumque
1096 4803 1299 4865 bonum;
1319 4818 1428 4852 cum
1455 4808 1648 4855 venerit
1668 4807 1832 4856 διυευιί
1854 4816 2002 4865 me”,
2297 4800 2619 4907 decasyllabi
2644 4800 3088 4899 antonomastiee,
3118 4828 3231 4891 sit’e
3270 4834 3543 4894 Phalecii.
3575 4832 3657 4901 qui
3680 4825 3830 4880 habent

616 4927 775 4987 atque
797 4919 866 4974 ita
888 4921 1109 4991 reliqua.
1140 4923 1246 4977 Sed
1271 4925 1406 4979 liber
1432 4925 1483 4979 in
1512 4924 1766 4990 Genesin,
1807 4929 1958 4997 cujus
1986 4931 2187 4999 praebui
2297 4930 2629 4999 spondteum,
2657 4928 2948 4997 dactylum,
2986 4928 3140 4998 199
3168 4936 3223 4981 et
3247 4939 3357 4981 tres
3388 4928 3635 4981 choreus.
3668 4912 3831 4973 llende'

615 5012 907 5080 specimen,
938 5026 1109 5083 neque
1137 5014 1203 5068 ad
1230 5015 1456 5083 primum
1481 5031 1653 5085 neque
1679 5018 1745 5072 ad
1777 5018 1996 5073 alterum
2020 5037 2187 5088 genus
2290 5020 2593 5090 casyllabos
2628 5031 2787 5073 vocat
2832 5019 3155 5075 Prudentius
3180 5020 3213 5074 5
3260 5020 3458 5073 Perist.
3491 5032 3609 5071 cum
3636 5006 3831 5067 Catullm

613 5111 839 5172 spectat,
874 5102 970 5158 sed
1016 5105 1183 5175 magis
1207 5105 1276 5160 ad
1325 5106 1571 5175 sequiora
1604 5118 1862 5178 tempora,
1894 5111 2087 5181 quibus
2113 5113 2185 5168 si-
2289 5123 2346 5169 et
2373 5111 2495 5165 aliis
2531 5111 2803 5180 antiquis:
2855 5109 3044 5163 Dulces
3094 5110 3552 5180 hendecasyllabos
3601 5101 3837 5159 resoluens.

684 5278 761 5350 (a)
804 5280 1005 5334 Paucos
1031 5280 1234 5335 similes
1256 5296 1540 5351 excerpam
1568 5302 1580 5337 :
2294 5284 2354 5338 Et
2385 5294 2440 5337 ut
2465 5286 2612 5352 plura
2636 5286 2847 5342 brevius
2873 5289 3215 5355 complectar,
3245 5288 3295 5343 in
3336 5295 3557 5343 daturus
3577 5302 3608 5338 a
3630 5272 3834 5353 produci‘

2293 5366 2397 5417 ιω.
2428 5358 2716 5435 corripitur
2744 5375 2789 5413 az
2812 5360 2862 5412 in
2886 5360 3217 5435 praesentibus
3237 5400 3252 5425 ,
3288 5360 3343 5411 in
3376 5359 3630 5435 annulus;
3661 5355 3705 5405 in
3737 5360 3842 5435 ιη’

802 5392 811 5402 ⁸
1040 5392 1049 5402 '
1134 5393 1143 5403 '
1801 5402 1809 5409 ι
2293 5388 2365 5408 .u'
2428 5388 2510 5408 νυ.
2528 5388 2540 5408 Ι
2558 5388 2569 5407 Ι
2613 5388 2685 5409 Ιιυ
2982 5388 2989 5391 ”
3048 5388 3062 5410 Ι
3104 5388 3118 5410 1
3158 5388 3216 5410 αδ
3311 5388 3343 5410 ΙΙ
3412 5388 3474 5410 ’,ΙΙ
3498 5388 3597 5409 ιιυο
3661 5388 3705 5405 ΙΙΙ
3750 5388 3775 5398 ’⁷
3788 5388 3811 5397 ’⁸

676 5390 875 5441 Fanum
902 5388 1172 5441 fraud'fem
1192 5395 1841 5497 ράξξξξξιξξξξξθξξρῇξξδθῂδ
2288 5396 2488 5478 sentiant
2508 5466 2523 5490 ,
2554 5388 2664 5493 αγῇιι
2693 5388 2936 5493 20:11:33,?
2950 5388 3313 5497 grabatuli;
3351 5388 3585 5497 ρῖίηἶυιη
3613 5397 3666 5475 ,in
3690 5388 3836 5497 cn'ren-

1192 5454 1277 5504 Cui
1296 5454 1490 5516 junctus
1513 5454 1697 5507 Abelus

676 5513 917 5577 innocuas
938 5513 1087 5577 multa
1120 5494 1489 5566 seriiiiii'éiiFJ
2287 5500 2386 5577 "Et
2440 5512 2473 5547 α
2522 5498 2574 5548 in
2601 5501 2860 5577 αεωξιίηεν
2909 5494 3024 5552 θ’ίη
3073 5494 3367 5565 communi:
3398 5509 3455 5553 ει
3502 5499 3571 5551 ίίί¹
3616 5494 3837 5547 πείθω

673 5576 768 5684 aut
794 5577 879 5624 tibi
899 5589 989 5625 ceu
1015 5576 1213 5625 Domino
1237 5565 1483 5635 subjectus
1507 5565 1932 5641 Ebtnﬁémeu;
2286 5565 2412 5634 “lia,
2443 5580 2561 5637 quae
2590 5570 2785 5634 Passim
2818 5579 3124 5626 οοευιτυηι·

592 5642 595 5647 ’
718 5648 793 5684 am
817 5638 939 5684 malo
961 5640 1250 5684 immeritus
1275 5640 1418 5684 simio
1441 5641 1490 5684 tit
1512 5649 1656 5684 nutus
1677 5644 1853 5684 inusta.

718 5648 793 5684 am
817 5638 939 5686 malo
959 5640 1250 5698 promeritus
1275 5640 1418 5698 signo
1441 5641 1490 5690 lit
1512 5638 1853 5692 notusinustn.
