3998 6182
492 258 617 312 747.

1891 256 2337 315 PRUDENTIUS.
3597 276 3671 331 7.58

559 373 717 444 201
738 364 863 427 230.
904 368 1176 426 Decimum
1206 383 1372 441 genus
1402 368 1502 424 ode
1530 368 1861 423 monocolos.
1888 369 2086 421 Versus
2114 371 2159 427 Α
2190 383 2280 421 sus
2310 368 2553 437 dactyliei
2586 368 2907 423 Archilochii
2940 370 3281 434 acatalectici,
3307 390 3420 437 cuius
3447 379 3489 432 in
3515 383 3675 441 decimo

493 480 676 521 munes
726 472 849 518 sunt
897 465 1202 532 anapmslici
1251 461 1463 517 dimetri
1494 460 1819 521 catalectici;
1860 476 1889 514 a
1946 460 2083 513 Cha-

492 557 743 614 millardo
772 557 984 611 trimetri
1013 556 1244 609 catalecti
1273 554 1542 619 dicuntur,
1575 554 1665 622 qui
1700 553 1927 607 fortasse
1952 551 2057 605 seri

494 650 661 720 pserit
685 660 775 703 aut
803 648 1040 703 scribere
1069 648 1320 714 voluerit,
1355 648 1578 711 dimetri,
1612 648 1693 701 vel
1738 644 1955 699 trimetri
1983 644 2083 714 Ity-

494 739 886 810 percatalectici.
928 739 1188 794 Constant
1240 739 1411 793 tribus
1467 738 1721 807 pedibus,
1756 746 1811 793 et.
1839 737 2076 806 syllaba:

496 834 662 902 pedes
694 842 817 887 sunt
845 834 1100 901 anapaesti
1129 876 1144 901 ,
1194 847 1410 903 recep'o
1453 835 1626 899 primo
1656 834 1773 888 loco
1801 834 2076 902 spondam,

496 936 555 980 ut
583 927 770 980 statuit
793 925 1216 985 Chamillardus;
1259 926 1351 980 sed
1388 927 1551 981 Aldus
1578 926 1744 987 addit,
1774 925 1912 992 apud
1944 926 2077 979 Pru-

497 1021 737 1077 dentium
768 1021 1078 1089 spondteum
1110 1023 1269 1073 etiam
1302 1036 1373 1072 set
1395 1021 1534 1073 unda
1562 1020 1689 1074 sedc
1721 1019 1917 1081 induci,
1942 1018 2080 1087 quod

497 1129 682 1168 verum
708 1123 813 1168 est.
844 1112 1010 1181 Hujus
1048 1112 1261 1181 generis
1294 1112 1524 1181 hymnus
1559 1111 1624 1165 10
1652 1110 1831 1173 Cath.,
1879 1110 1969 1179 qtti
2009 1109 2081 1163 ita

497 1205 770 1259 scanditur
794 1222 806 1257 :
834 1204 1181 1272 Densi-quer,
1208 1205 1666 1273 fons-anima-rum
1700 1201 1798 1271 (a).

568 1295 694 1348 251.
740 1293 1087 1349 Undecimum
1138 1309 1307 1361 genus
1355 1294 1458 1346 ode
1503 1293 1707 1346 dicolos
1754 1291 2077 1359 distrophos.

504 1384 700 1438 Versus
749 1384 954 1453 primus
1001 1394 1086 1437 est
1135 1384 1435 1438 trochaicus
1501 1383 1809 1451 Euripidius
1855 1382 2082 1435 dimetcr

500 1475 789 1529 catalectus
831 1489 893 1528 ex
944 1475 1114 1528 tribus
1154 1475 1367 1529 choreis
1389 1515 1405 1539 ,
1436 1485 1491 1528 et
1520 1473 1747 1544 syllaba,
1780 1482 1997 1540 recepto
2028 1472 2078 1526 in

500 1565 733 1620 secunda
784 1566 911 1621 sede
956 1565 1228 1635 spondam.
1262 1566 1459 1619 Versus
1510 1564 1777 1619 secundus
1823 1563 2081 1617 iambicus

501 1658 745 1712 trimeter
773 1656 1117 1711 catalecticus
1145 1656 1536 1725 llipponacteus
1571 1671 1633 1709 ex
1679 1654 1915 1723 quinque
1944 1653 2080 1705 iam-

2189 460 2374 524 quinto
2421 474 2615 527 genere
2657 459 2907 527 explicui.
2942 459 3114 529 Hujus
3160 464 3357 529 generis
3400 465 3588 536 hymnus
3626 478 3676 530 15

2188 549 2382 604 Perist.
2415 550 2471 606 S.
2503 549 2755 619 Cypriani
2783 569 2795 603 :
2821 550 3024 605 Punica
3052 559 3189 605 terra
3219 552 3347 620 tulit,
3368 574 3454 626 quo
3475 563 3680 630 splendeat

2187 656 2351 701 omne,
2374 641 2623 710 quidquid
2646 656 2854 708 usquam
2883 652 2979 695 est.

2257 731 2383 784 257.
2428 730 2699 785 Decimum
2748 732 3033 800 septimum
3074 747 3243 802 genus
3284 735 3377 789 ode
3417 744 3681 797 monocolos.

2189 821 2389 875 Versus
2413 821 2597 874 alcaici
2620 821 2864 892 dactylici
2890 838 2951 874 ex
2977 823 3149 890 primo
3172 825 3426 896 spondaro,
3447 832 3514 884 vel
3530 832 3683 901 iambo,

2185 912 2421 967 secundo
2466 913 2642 966 iambo
2665 952 2679 975 ,
2712 928 2913 966 caasura
2956 912 3108 981 longa
3138 955 3151 977 ,
3185 924 3237 967 et
3266 916 3453 970 duobus
3491 922 3686 992 dactylis.

2187 1005 2351 1073 Hujus
2399 1006 2610 1071 generis
2661 1007 2889 1073 hymnus
2937 1008 2994 1059 S.
3049 1006 3268 1075 Agnetis
3312 1010 3371 1061 14
3413 1010 3685 1079 Peristeph.,

2185 1099 2338 1166 cujus
2382 1098 2494 1150 haec
2532 1109 2613 1151 est
2654 1098 2904 1152 scansio:
2933 1099 3689 1168 Agnos-sepul-crum-rontule‘-in

2185 1190 2353 1241 domo.

2255 1280 2382 1334 958.
2423 1278 2696 1333 Derimnm
2730 1290 2977 1334 octavum
3010 1296 3179 1350 genus
3203 1282 3299 1334 ode
3324 1282 3522 1336 dicolos.
3537 1284 3692 1339 Versus

2186 1372 2387 1440 primus
2414 1378 2499 1425 est
2527 1371 2771 1425 senarius
2816 1372 3093 1435 iambicus,
3125 1372 3192 1425 de
3220 1386 3321 1439 quo
3349 1374 3395 1425 in
3421 1376 3611 1441 septimo
3626 1392 3695 1443 ge-

2186 1463 2540 1517 nere.Versns
2564 1465 2827 1517 secundus
2849 1463 3104 1517 iambicus
3126 1463 3368 1531 dimett-r,
3388 1466 3448 1519 de
3466 1478 3553 1534 quo
3569 1468 3609 1520 in
3632 1484 3695 1522 se.

2184 1556 2360 1608 eundo
2385 1570 2604 1623 genere.
2659 1556 2825 1623 Hujus
2855 1559 3067 1625 generis
3093 1556 3335 1624 pra'latio
3358 1559 3693 1625 Apotlteoseos:

2190 1645 2278 1699 Est
2308 1662 2421 1699 vera
2451 1648 2623 1700 secta?
2660 1656 2728 1711 te,
2755 1648 3010 1717 magister,
3039 1646 3545 1702 consulo.-Rectamne
3562 1667 3694 1703 sma-

504 1748 610 1813 bis,
641 1757 695 1803 et
723 1747 949 1818 syllaba,
978 1746 1232 1815 spondam
1260 1746 1310 1800 in
1341 1747 1509 1814 prima
1550 1760 1613 1799 ac
1644 1746 1794 1798 tertia
1827 1743 1953 1797 sede
1982 1742 2075 1796 ad-
2113 1725 2159 1784 Β
2186 1752 2297 1789 ηηιδ
2327 1737 2522 1801 ﬁdem?

505 1840 693 1895 misso.
723 1840 889 1909 Hujus
914 1841 1126 1908 generis
1156 1839 1278 1904 ode,
1309 1840 1360 1893 in
1393 1854 1491 1907 qua
1525 1838 1846 1893 Prudentius
1874 1838 1941 1893 de
1975 1839 2085 1893 suis

504 1930 778 2001 opusculis
832 1930 1084 2000 loquitur,
1135 1931 1288 1985 nobis
1318 1930 1546 2001 epilogus
1586 1931 1752 1997 aperis
1796 1930 1914 1983 aliis
1953 1946 2085 1998 pra:-

503 2023 629 2093 [atio
659 2022 776 2076 libri
822 2021 1047 2077 Perist/1.
1082 2022 1365 2077 Sranditur
1417 2024 1618 2091 primus
1649 2038 1833 2077 versus
1867 2022 1963 2075 hac
2004 2037 2085 2074 ta-

503 2116 648 2169 tione
689 2130 704 2168 :
750 2111 1016 2167 Immo-lat
1051 2112 1185 2166 De-o
1220 2113 1427 2178 Pri-tri;
1467 2113 1730 2168 secundus
1762 2112 1828 2167 ita
1874 2129 1886 2164 :
1933 2112 2087 2165 Pius-

504 2205 703 2273 ﬁde-lis
728 2206 1274 2273 in-nocens-pudi-cus
1297 2204 1394 2273 (b).

570 2295 701 2349 252.
745 2295 1128 2351 Duodecimum
1174 2311 1344 2364 genus
1391 2295 1493 2350 ode
1524 2295 1854 2348 monocolos.
1892 2296 1993 2349 Ver
2026 2308 2087 2348 us

506 2396 630 2439 sunt
691 2386 974 2456 Glyconii,
1043 2395 1101 2440 ut
1167 2387 1368 2454 primus
1422 2401 1609 2441 versus
1658 2388 1866 2452 generis
1908 2387 2085 2454 primi.

509 2476 676 2547 Hujus
699 2478 912 2548 generis
943 2478 1175 2549 hymnus
1207 2480 1237 2531 7
1271 2478 1595 2546 Peristcpln,
1630 2477 1889 2547 Insignem
1922 2479 2090 2531 meriti

508 2568 674 2621 virum
697 2608 714 2633 ,
760 2577 818 2623 et
846 2569 1088 2637 pra'latio
1118 2568 1237 2623 libri
1270 2584 1304 2622 ιι
1333 2577 1517 2622 contra
1546 2568 1925 2637 Symmachum
1946 2607 1961 2633 ,
1996 2566 2089 2623 Si-

508 2672 649 2717 mon.
673 2673 821 2725 quem
849 2657 1068 2709 vocitant
1101 2655 1333 2711 Petrum.

578 2744 704 2800 255.
748 2744 1018 2799 Decimum
1049 2745 1263 2800 tertium
1292 2759 1459 2809 genus
1489 2758 1681 2800 versus
1706 2744 1947 2814 elegiaci.
1981 2744 2089 2798 Hn-

508 2839 593 2905 jns
633 2838 846 2906 generis
891 2836 1121 2907 hymnus
1164 2837 1196 2892 8
1227 2835 1652 2905 Peristephanmo
1680 2879 1695 2905 ,
1747 2836 1817 2890 de
1868 2837 1988 2890 loco
2036 2836 2089 2889 in

509 2944 617 3000 quo
661 2939 924 3000 martyres
968 2931 1110 2999 passi
1137 2938 1289 2993 sunt;
1331 2928 1563 2998 hymnus
1595 2927 1654 2980 Η
1693 2926 2088 2997 PeriSIephan.,

509 3026 563 3078 in
596 3024 808 3079 laudrm
840 3024 899 3080 S.
929 3024 1222 3095 Hippolyti.
1248 3021 1413 3093 Cujus
1441 3022 1728 3091 explicatio
1770 3037 1889 3077 cum
1935 3022 2089 3077 obvia

511 3128 565 3172 et
596 3126 719 3170 nota
752 3117 841 3179 sit,
872 3124 985 3169 tuto
1009 3130 1037 3167 a
1068 3115 1221 3168 nobis
1255 3114 1585 3183 praetermitti
1615 3121 1807 3182 potest.

583 3208 741 3277 202
766 3205 891 3260 954.
937 3205 1207 3260 Decimum
1249 3212 1495 3272 quartum
1537 3216 1705 3272 genus
1746 3202 1845 3255 ode
1888 3200 2091 3255 dicolos

512 3300 842 3368 distrophos.
897 3297 1094 3352 Versus
1141 3297 1346 3366 primus
1400 3297 1712 3350 hexameter
1758 3312 1771 3348 :
1825 3294 2092 3349 secundus

513 3390 770 3444 iambicus
800 3390 1043 3443 senarius
1065 3429 1080 3455 ,
1109 3389 1177 3443 de
1210 3404 1313 3457 quo
1342 3402 1503 3456 supra
1537 3390 1587 3441 in
1617 3401 1814 3456 genere
1843 3386 2091 3453 septimo.

514 3480 685 3548 Hujus
714 3479 926 3549 generis
952 3478 1181 3549 hymnus
1212 3478 1244 3531 9
1272 3478 1573 3546 Peristeph.
1607 3478 1663 3531 S.
1694 3477 1956 3530 Cassiani.

583 3572 717 3626 2'55.
760 3570 1035 3624 Decimum
1065 3569 1307 3638 quintum
1336 3583 1505 3638 genus
1547 3566 1648 3621 ode
1671 3567 1873 3621 dicolos
1901 3567 2092 3619 distro-

513 3664 678 3733 phos.
708 3662 909 3717 Versus
938 3661 1139 3731 primus
1163 3659 1455 3730 dactylicus
1496 3658 1864 3713 Archilochius
1907 3660 2092 3727 hepta-

514 3760 710 3820 meler,
740 3760 801 3806 ut
828 3750 1067 3805 nonnulli
1112 3750 1438 3804 recentiores
1467 3757 1679 3813 vocant,
1722 3750 1809 3817 qui
1838 3763 1867 3802 ιι
1898 3750 2094 3803 veteri-

515 3846 615 3901 bus
644 3846 834 3899 melius
855 3842 1051 3898 dicitur
1077 3843 1385 3896 hexameter
1415 3841 1608 3895 herons
1638 3840 2091 3911 perittosyllabus,

515 3946 768 3992 constans
822 3944 1026 4001 septem
1077 3932 1337 4002 pedibus,
1390 3946 1612 4000 quorum
1663 3941 1890 4001 quatuor
1938 3930 2093 4000 primi

515 4030 735 4101 dactyli,
768 4038 877 4083 tres
909 4027 1163 4097 postremi
1198 4025 1439 4079 troehzei.
1487 4022 1627 4077 Loco
1657 4023 1985 4094 dactylorum
2016 4023 2096 4077 in-

516 4122 637 4177 duci
668 4127 893 4191 possunt
919 4117 1178 4188 Spondmi.
1204 4116 1405 4172 Versus
1435 4115 1701 4170 secundus
1730 4124 1810 4169 est
1840 4113 2096 4167 iambicus

517 4212 766 4266 trimeter
815 4208 1146 4275 catalectus,
1196 4207 1262 4261 de
1308 4221 1414 4275 quo
1464 4207 1516 4259 in
1567 4219 1762 4275 genere
1792 4204 2093 4258 undecimo.

519 4304 688 4369 llujus
738 4302 954 4371 generis
1000 4302 1229 4370 hymnus
1282 4298 1350 4352 12
1400 4296 1703 4365 Peristeph.
1755 4297 1807 4349 in
1840 4296 2095 4351 honorem

520 4394 620 4449 SS.
649 4392 1012 4462 apostolorum
1061 4389 1205 4443 Petri
1234 4397 1286 4442 et
1315 4388 1483 4442 Pauli.
1513 4386 1750 4441 Primum
1781 4402 1996 4441 versum
2024 4386 2095 4440 ita

518 4483 698 4539 metiri
743 4490 952 4551 oportet
998 4497 1013 4535 :
1055 4477 1183 4533 Plus
1223 4479 1401 4533 soli-to
1438 4486 1644 4531 cae-unt
1681 4476 2100 4547 ad-gaudia,-dic

521 4572 865 4644 a—mice-quid
910 4573 995 4627 sit.
1027 4571 1347 4628 Prudentius
1389 4568 1527 4622 hanc
1576 4568 1749 4638 legem
1796 4578 1993 4630 servat,
2040 4578 2098 4620 ιιι

524 4668 695 4735 primo
720 4705 737 4729 ,
781 4662 1025 4719 secundo
1046 4703 1062 4727 ,
1112 4673 1165 4717 et
1193 4670 1382 4731 quarto
1413 4661 1530 4715 loco
1557 4675 1769 4729 semper
1810 4660 2097 4731 dactylum,

523 4756 684 4809 tertio
709 4766 924 4822 semper
952 4752 1265 4821 spondzeum
1294 4751 1563 4806 adhibeat.

593 4842 722 4899 9.36.
763 4841 1042 4899 Decimum
1067 4852 1274 4898 sextum
1306 4856 1472 4911 genus
1495 4843 1596 4896 ode
1624 4843 1949 4897 monocolos.
1972 4847 2100 4901 Ver-

596 4977 673 5048 (a)
700 4978 968 5051 Barthius,
1001 4979 1093 5034 lib.
1124 4995 1232 5051 χιιι,
1259 4995 1378 5044 cap.
1407 4983 1439 5034 4
1470 4982 1756 5035 Adversar.
1802 4980 1852 5033 in
1884 4987 2091 5051 exposi-

525 5051 670 5104 tione
719 5048 876 5118 hujus
925 5050 1103 5119 hymni
1158 5049 1529 5115 Prudentiani,
1578 5052 1822 5104 observat
1874 5048 2097 5109 metrum

524 5136 645 5175 esse
676 5118 986 5174 funebribus
1014 5119 1291 5174 cantilenis
1322 5128 1525 5187 aptum,
1561 5130 1614 5174 et
1645 5122 2094 5187 antiquissimum,

526 5202 583 5243 ut
630 5190 815 5245 videre
864 5191 986 5244 licet
1027 5190 1078 5243 in
1129 5190 1370 5244 versibus
1416 5190 1617 5245 Graecis
1648 5191 1909 5244 Timothei
1960 5198 2096 5259 apud

526 5260 847 5315 Macrobium
877 5302 891 5320 ,
940 5260 1030 5314 lib.
1083 5275 1154 5313 vn
1177 5302 1190 5323 ,
1222 5275 1340 5324 cap.
1378 5260 1474 5323 16,
1509 5276 1661 5315 usum
1693 5263 1830 5327 apud
1885 5263 2099 5317 Latinus

524 5332 829 5386 celebrasse
875 5326 1168 5384 Varronem
1220 5331 1271 5382 in
1328 5330 1658 5399 Marqopoli,
1710 5326 1922 5386 secutos
1951 5375 1963 5391 .
2010 5336 2099 5399 qui

524 5416 667 5457 nu-ic
697 5410 924 5464 exstent,
958 5400 1272 5454 Martianum
1302 5401 1569 5467 Capellam
1601 5402 1691 5455 lib.
1725 5417 1757 5454 ll
1783 5444 1796 5467 ,
1828 5402 2102 5458 Terentia-

526 5488 651 5524 nnm
686 5475 735 5525 in
764 5470 1121 5539 descriptione
1166 5472 1469 5538 anapmstici
1520 5472 1813 5527 cataleCtici
1844 5515 1856 5529 .
1889 5477 1974 5540 qui
2007 5478 2101 5528 Se-

525 5542 639 5595 reni
669 5543 869 5611 aIiQnot
897 5541 1154 5609 ejusmodi
1200 5557 1382 5594 versus
1414 5543 1636 5597 insanit
1660 5584 1673 5605 ,
1722 5553 1775 5597 et
1818 5544 2094 5597 Boethium

526 5611 619 5665 lib.
668 5628 723 5665 ιιι
755 5610 821 5666 de
844 5610 1060 5666 Consol.
1095 5612 1296 5665 Philus.
1330 5624 1499 5665 metro
1530 5630 1578 5665 ν.
1617 5616 1869 5667 Βοῡῑιιὶιις
1920 5614 1969 5666 in
2012 5631 2101 5669 se-

530 5683 700 5735 cunda
749 5683 875 5737 sede
906 5684 1068 5736 utitur
1097 5686 1254 5736 etiam
1287 5682 1542 5744 spondmo
1586 5700 1597 5735 :
1645 5682 1814 5735 Fontis
1845 5685 2099 5736 sulmtittat

2256 1826 2457 1880 Caetera
2473 1844 2597 1882 carn
2621 1828 2706 1882 ina
2722 1840 2843 1882 sunt
2873 1829 3082 1885 heroica
3096 1846 3254 1885 versu
3283 1831 3583 1894 hexametro,
3596 1834 3700 1895 Apo-

2186 1920 2392 1984 theosis,
2427 1918 2815 1989 Hamartigeuia
2836 1964 2851 1988 ,
2889 1919 3313 1991 Psychomachia,
3347 1922 3474 1975 Libri
3510 1924 3702 1976 adversus

2189 2009 2551 2078 Symmachum
2572 2051 2587 2074 ,
2632 2020 2686 2064 et
2720 2010 3079 2065 Dittochwum.
3113 2013 3357 2066 Mensura
3387 2027 3551 2066 versus
3579 2013 3702 2064 Ima-

2188 2102 2343 2156 metri
2370 2104 2541 2156 notior
2569 2112 2652 2157 e-t
2679 2112 2837 2173 quam
2870 2114 2925 2158 ut
2950 2119 2977 2157 a
3012 2105 3163 2159 nobis
3191 2105 3382 2161 debeat
3409 2106 3597 2175 exponi.

2736 2214 2961 2271 CAPUT
3000 2216 3218 2272 XXVII.

2689 2309 2937 2364 Latinitas
2981 2310 3276 2367 Prudentii.

2260 2401 2419 2473 203
2458 2399 2583 2457 259.
2627 2401 2825 2456 Horatii
2857 2404 3122 2457 sententia
3152 2414 3277 2458 mila
3317 2414 3395 2459 εει
3425 2418 3437 2455 ε

2746 2492 3068 2541 Μεόῑοριὶῠιις
3093 2507 3207 2542 esse
3232 2496 3388 2554 poetis

2253 2553 2360 2603 Non
2385 2555 2561 2602 hemina
2581 2567 2621 2613 s,
2648 2566 2744 2602 non
2766 2554 2852 2615 dii,
2878 2566 2973 2602 non
2996 2553 3291 2605 concessere
3313 2556 3549 2604 columnae.

2193 2658 2247 2713 Si
2279 2668 2432 2727 poeta
2460 2658 2681 2713 Latinus
2710 2658 2944 2727 optimus
2983 2674 3090 2714 non
3112 2669 3217 2726 est,
3244 2660 3332 2728 qui
3364 2659 3614 2729 Augustus
3640 2657 3713 2711 La~

2194 2752 2291 2805 lini
2317 2751 2579 2805 sermonis
2608 2754 2868 2819 elegantia
2920 2767 3025 2806 non
3057 2754 3283 2817 eminet,
3330 2752 3592 2807 concedam
3629 2751 3712 2804 lor-

2195 2851 2335 2898 tasse
2374 2843 2698 2896 ntediocrem
2753 2852 2961 2909 poetam
3021 2844 3185 2899 lni<se
3243 2844 3592 2898 Prudentium.
3635 2840 3715 2894 Sed

2197 2934 2398 2988 Horatii
2435 2933 2713 2987 sententia:
2752 2948 3014 3001 opponam
3050 2937 3224 2988 locum
3254 2934 3518 2989 Ciceronis
3540 2948 3594 2986 ex
3615 2931 3715 2985 Ora-

2199 3036 2312 3080 tore
2337 3027 2386 3079 in
2417 3026 2705 3095 principio:
2726 3025 2861 3078 Nam
2891 3028 2941 3080 in
2962 3044 3035 3097 po.
3057 3030 3118 3081 tis
3140 3046 3243 3082 non
3269 3029 3487 3083 Homero
3510 3027 3594 3079 soli
3613 3027 3721 3079 locus

2194 3125 2265 3170 est
2297 3116 2373 3185 (ut
2403 3116 2463 3168 dc
2483 3113 2673 3169 ercis
2703 3115 2898 3184 loquar)
2927 3127 3013 3169 aut
3042 3119 3371 3182 Archilocho,
3395 3128 3479 3169 aut
3501 3114 3717 3182 Sophocli.

2193 3215 2281 3259 aut
2313 3205 2573 3267 Pindaro;
2600 3206 2689 3258 sed
2714 3206 2896 3259 horum
2923 3207 3001 3260 vel
3046 3211 3305 3272 secundis,
3357 3208 3432 3261 rel
3461 3208 3595 3259 etiam
3618 3204 3722 3273 infra

2192 3298 2457 3351 secundos.
2493 3296 2603 3350 Nec
2630 3313 2742 3375 vero
2766 3298 3087 3351 Aristotelem
3110 3301 3161 3352 in
3185 3301 3504 3369 philoso,.hia
3524 3295 3723 3350 deterrui:

2192 3405 2224 3441 a
2250 3388 2510 3441 scribendo
2541 3388 2823 3454 amplitudo
2859 3388 3087 3442 Platonis
3132 3406 3151 3441 :
3181 3408 3275 3443 nec
3334 3393 3441 3459 ipse
3483 3386 3725 3441 Aristotcles

2191 3479 2486 3533 admirabili
2514 3481 2732 3548 quadam
2763 3481 2991 3541 scientia,
3024 3493 3068 3532 et
3098 3482 3247 3549 copia
3274 3485 3559 3533 cwlerorum
3591 3475 3725 3529 studia

2193 3571 2445 3624 restinrit.
2480 3570 2587 3624 Nec
2607 3571 2773 3624 solum
2802 3570 2862 3623 ab
2895 3572 3096 3640 aptimis
3139 3572 3328 3624 studiis
3358 3570 3509 3623 excell
3539 3578 3633 3620 ntes
3656 3562 3725 3616 tiri

2195 3663 2422 3715 deterriti
2454 3678 2555 3714 non
2603 3670 2743 3726 sunt,
2790 3663 2880 3714 sed
2910 3677 2971 3714 ne
3011 3662 3221 3729 opiﬁces
3263 3664 3464 3730 quidem
3501 3676 3549 3712 se
3574 3656 3729 3709 artibus

2193 3754 2300 3806 suis
2325 3762 2660 3818 removerunt,
2690 3753 2777 3822 qui
2815 3763 2903 3804 aut
2929 3752 3120 3821 Jalysi,
3149 3769 3301 3821 quem
3345 3752 3507 3806 Rhodi
3536 3749 3728 3804 ridimus,

2195 3862 2295 3898 non
2336 3855 2625 3914 potuerunt,
2659 3855 2747 3897 aut
2778 3843 2894 3897 Core
2940 3844 3153 3897 Veneris
3200 3836 3731 3913 pulchritudiiwmimi-

2200 3937 2297 3988 tari
2326 3951 2343 3987 :
2372 3951 2462 3988 nec
2490 3934 2770 3987 simulacro
2793 3933 2933 3987 lovis
2959 3935 3205 4004 Olympii,
3230 3946 3319 3986 aut
3351 3929 3625 4002 Doryphori
3649 3936 3731 3979 sta-

2199 4037 2290 4081 tua
2331 4028 2555 4081 deterriti
2586 4028 2785 4093 reliqui,
2823 4028 2989 4080 minus
3019 4028 3216 4096 experti
3244 4037 3387 4091 sunt,
3422 4025 3540 4095 quid
3565 4022 3732 4089 e/ﬁren’.

2196 4129 2287 4174 aut
2316 4135 2412 4189 quo
2465 4119 2700 4188 proqredi
2744 4126 2946 4187 possent
2984 4132 3002 4171 :
3053 4133 3273 4196 quorum
3325 4125 3466 4169 tanta
3510 4108 3733 4165 multitudo

2196 4212 2316 4281 fuit,
2350 4219 2493 4263 tanta
2519 4210 2571 4262 in
2598 4226 2689 4262 suo
2718 4212 2966 4279 cujusque
2992 4224 3174 4277 genere
3203 4207 3347 4271 laus,
3376 4216 3428 4258 ut
3456 4219 3563 4257 cum
3582 4212 3737 4254 summa

2197 4304 2522 4367 miraremur,
2554 4302 2800 4371 inferiora
2841 4311 3007 4354 tamen
3051 4301 3408 4370 probaremus.
3439 4296 3617 4351 Cicero
3652 4286 3736 4342 suis

2200 4395 2522 4449 carminibus
2568 4393 2742 4449 locum
2791 4393 3103 4462 qumsivissc
3150 4390 3469 4445 nonnemini
3522 4382 3739 4439 videbit!"

2201 4499 2320 4538 cum
2346 4484 2505 4554 poetis
2534 4483 2670 4550 infra
2694 4482 2939 4536 secundos
2969 4482 3142 4535 locum
3175 4495 3299 4535 esse
3326 4479 3531 4535 statuit.
3562 4472 3651 4528 Sed
3676 4481 3738 4521 res

2202 4578 2274 4632 ita
2307 4592 2364 4631 se
2395 4576 2593 4629 habet:
2628 4576 2681 4628 in
2728 4573 3018 4628 Prudentio
3045 4589 3165 4628 cum
3208 4585 3411 4627 castera
3446 4570 3610 4626 omnia
3643 4566 3737 4619 sint,

2200 4684 2319 4737 quae
2358 4676 2570 4735 poetam
2623 4664 2876 4719 eximium
2931 4669 3310 4729 constituunt,
3370 4666 3413 4716 si
3471 4656 3741 4730 purissimus

2202 4773 2379 4813 sermo
2413 4758 2699 4825 Augusta'o
2721 4756 2918 4809 saeculo
2940 4756 3168 4808 usitatus
3190 4754 3354 4815 desit,
3388 4768 3492 4806 non
3517 4754 3744 4818 proruere:

2201 4866 2322 4907 emn
2364 4848 2621 4901 inutiliter
2649 4847 2930 4913 legendum
2963 4861 3083 4902 esse
3103 4858 3297 4913 arguas
3330 4843 3400 4897 ab
3430 4841 3513 4903 iis,
3546 4837 3625 4907 qui
3652 4844 3744 4904 poe-

2205 4988 2435 5040 habenis.

2279 5055 2353 5126 (b)
2377 5052 2769 5126 Chamillardus
2793 5052 2953 5126 aliter
2975 5051 3140 5126 voluit
3157 5052 3482 5126 hosycrsus
3504 5043 3747 5126 appellor?T

2207 5118 2422 5181 versum
2447 5139 2677 5191 prltt‘tum
2706 5121 2991 5193 iambicum
3010 5120 3418 5193 Arrhilochium
3443 5118 3749 5193 acamlefsllll"

2206 5213 2268 5250 ex
2299 5186 2683 5263 amplnmacro,
2710 5202 2762 5244 rt
2782 5192 2991 5245 duobus
3015 5190 3223 5254 iambis,
3248 5194 3483 5263 alterum
3514 5186 3749 5263 ianiliietmt

2208 5249 2605 5320 Archiiichium
2653 5249 2949 5333 trimetrum
3016 5249 3395 5316 catalecticmn
3444 5277 3506 5333 ex
3570 5249 3753 5333 pedibus

2207 5351 2342 5404 quos
2372 5334 2621 5387 diximus.
2674 5332 2836 5400 Magis
2871 5332 3057 5404 ρΙιιρυι
3088 5346 3284 5385 nomen
3337 5331 3484 5404 quod
3523 5331 3753 5404 posuimus

2211 5386 2499 5460 blanutinm
2533 5408 2697 5457 lerme
2723 5386 2912 5455 secuti.
2946 5401 3010 5454 Et
3042 5386 3371 5455 Prudentius
3400 5386 3643 5468 ipse'ail:
3670 5386 3753 5468 Νοξ

2204 5456 2924 5535 stosiambiros-Sacramus,
2958 5485 3002 5525 et
3023 5470 3250 5524 rotatiles
3295 5456 3609 5530 'rnoéuieus;
3646 5456 3755 5526 mimi

2203 5547 2269 5599 de
2304 5545 2457 5613 huius
2486 5548 2603 5597 ohe
2652 5543 2892 5597 versibus
2921 5558 3020 5612 ego
3048 5542 3272 5611 accipio,
3321 5539 3575 5610 quidquid
3604 5550 3643 5588 c.
3664 5547 3690 5582 n
3712 5540 3755 5578 η

2204 5617 2293 5669 alii
2326 5615 2578 5668 dixerint.
