4068 6190
350 326 365 352 ι
381 321 438 354 ιω

873 417 1036 487 203
1079 425 1366 477 manus

338 507 480 560 Inter
515 507 827 578 et'angclicos
864 510 1021 578 viros,
1079 510 1165 576 qui
1215 511 1439 578 insignes
1489 511 1645 565 libros
1699 515 1920 568 carmine

591 587 594 590 ί
646 577 918 630 ediderunt
952 577 1293 632 Prudentium
1319 577 1599 634 enumerat.

334 667 431 727 (De
458 665 608 715 lnstit.
635 667 804 715 cieric.
833 667 913 716 lih.
936 681 1001 727 tn,
1022 681 1127 730 cap.
1156 668 1230 729 18,
1257 669 1396 719 etde
1415 670 1528 719 0rd.
1547 683 1670 719 Sacr.
1690 683 1779 733 cap
1822 672 1915 733 12.)

405 770 508 822 Sed
535 778 591 823 et
635 769 887 824 Clemens
920 769 1244 826 Prudentius
1289 773 1680 828 disertissimus
1705 817 1720 837 ,
1753 788 1914 844 atque

329 859 812 914 christianissimus
837 870 1004 939 aocta
1040 863 1096 914 in
1129 862 1227 916 hac
1252 863 1639 932 signiﬁcatione
1665 881 1909 935 pompam

331 953 509 1020 posuit
538 954 589 1005 in
621 953 757 1007 libro
788 953 1241 1023 Psychomat-hize.

990 1063 1260 1113 INCEllTI.

687 1141 799 1206 (Ex
829 1145 933 1192 cod.
957 1157 1051 1193 ms.
1079 1145 1186 1194 Vat.
1221 1145 1367 1196 Alex.
1393 1149 1499 1197 521.
1532 1150 1545 1207 )

383 1225 503 1274 [Iac
542 1225 676 1285 lege,
705 1226 787 1286 qui
810 1234 998 1274 rectum
1026 1227 1134 1274 lidei
1158 1229 1227 1276 vis
1251 1242 1456 1278 noscere
1482 1231 1653 1280 callem
1677 1248 1684 1280 :

449 1289 639 1346 Quique
678 1288 908 1352 heresum
933 1287 1108 1334 sollers
1126 1290 1304 1352 spicula
1330 1292 1456 1338 vafra
1483 1295 1625 1352 iugis.

385 1347 484 1412 llic
501 1351 586 1396 tibi
608 1350 789 1412 peccati
813 1357 950 1412 vetor
969 1362 993 1396 s
1018 1347 1254 1408 pandetur
1273 1354 1426 1412 origo,

447 1409 538 1476 llic
564 1420 686 1476 nova
710 1410 784 1476 vis
801 1410 944 1476 animi
973 1419 1181 1476 monstra
1204 1409 1406 1476 veterna
1426 1414 1593 1476 iugatis

380 1469 620 1518 Fundiius
643 1471 770 1518 idolii
798 1474 948 1518 virtus
971 1485 1143 1518 eversa
1164 1472 1347 1532 jait‘Cbll
1373 1489 1384 1522 :

445 1533 515 1596 A_c
539 1534 733 1596 penitus
753 1534 866 1580 tetri
887 1532 1048 1596 lingua
1074 1540 1265 1596 teretur
1292 1535 1445 1596 hydri.

383 1591 596 1653 lnclytns
617 1593 694 1640 hic
720 1601 894 1653 martyr
921 1593 1106 1652 elingui
1132 1591 1354 1644 concinet
1377 1609 1484 1652 ore,

447 1654 759 1713 Heronmque
783 1655 1018 1715 acerrite
1043 1667 1162 1702 cane
1186 1670 1243 1703 ur
1276 1669 1417 1715 agon.

373 1713 683 1762 (Iln-istisonis
703 1717 886 1776 hymnis
909 1714 1016 1762 libri
1042 1729 1190 1774 prima
1215 1713 1557 1766 ora—resilient
1581 1732 1592 1766 :

447 1776 622 1823 h‘inalis
644 1780 774 1823 vario
793 1790 922 1822 musa
949 1789 1126 1823 canore
1155 1779 1278 1825 boat.

373 1836 520 1900 Hunc
546 1847 618 1895 tu,
641 1851 825 1898 qtneso,
850 1835 1088 1897 frequens
1106 1837 1292 1900 milito
1315 1845 1513 1896 gutture
1539 1846 1737 1900 rnctes;

442 1897 580 1946 Huni:
601 1912 770 1947 verses
792 1901 969 1956 animo,
994 1899 1211 1947 moribus
1234 1901 1361 1947 hunc
1397 1909 1582 1949 teneas.

372 1958 552 2020 Deque
581 1960 673 2005 imo
696 1961 743 2007 in
766 1961 937 2008 cwlmn
961 1972 1165 2020 sumpta
1201 1969 1400 2020 pectore
1422 1963 1592 2011 fundas

441 2019 537 2068 Pro
560 2034 658 2081 me,
683 2034 867 2082 proque
904 2033 1034 2078 meo,
1050 2019 1145 2083 qui
1173 2019 1306 2071 notat
1327 2025 1447 2083 haec,
1475 2022 1650 2072 fainttlo
1675 2023 1768 2086 (η).

926 2121 1266 2173 ΒΗΝΕΑΕΕΒ

304 2205 569 2259 Adversus
587 2204 857 2260 Claudium
873 2206 1176 2260 Taurincns.
1194 2209 1246 2274 pl
1254 2224 1342 2261 nra
1359 2227 1389 2260 a
1411 2208 1697 2266 Prudentia
1711 2214 1884 2278 sumit,

667 2277 919 2346 prwcipue
941 2294 1098 2344 prope
1124 2279 1298 2342 ﬂuent,
1323 2281 1407 2332 ubi
1436 2283 1529 2334 ait.

372 2366 637 2445 Aurelius
667 2367 988 2422 Prudentius
1014 2369 1260 2423 Clemens
1290 2413 1306 2436 ,
1349 2371 1426 2424 vir
1452 2373 1756 2428 consularis
1785 2375 1888 2445 (b),

299 2471 365 2510 ac
401 2439 721 2511 Hiberorum
755 2458 1153 2511 eruditissimus
1180 2498 1194 2522 ,
1240 2461 1428 2514 eodem
1469 2462 1590 2517 tidei
1626 2477 1691 2518 ac
1727 2464 1892 2518 devo-

298 2548 475 2602 tionis
497 2547 676 2602 Studio
711 2547 972 2617 ﬂagrans,
1003 2551 1168 2604 multa
1207 2552 1274 2604 de
1305 2563 1614 2607 sanctoium
1645 2554 1887 2611 laudibus

296 2640 890 2710 intercessionibusqne
939 2642 1238 2710 posmlandi
1282 2645 1508 2698 metrico
1552 2647 1715 2716 209
1741 2656 1887 2701 textu

294 2732 632 2799 composuit.
667 2731 803 2786 llinc
838 2733 969 2785 mira
1001 2731 1300 2787 humilitate
1323 2735 1718 2791 subsrernendo
1741 2738 1805 2791 ad
1829 2753 1888 2793 se

295 2838 634 2886 conversus,
657 2837 915 2892 suamque
944 2823 1237 2878 adhortans
1265 2826 1524 2892 animam,
1561 2826 1634 2880 ait
1663 2828 1715 2880 in
1745 2843 1886 2897 pra:-

295 2917 510 2970 latione
537 2915 655 2968 libri
697 2915 902 2984 :Atqni
951 2915 1057 2970 line
1097 2917 1197 2970 sub
1228 2919 1444 2982 ultsmo,
1483 2926 1636 2974 etc...
1670 2920 1797 2976 hem
1822 2922 1886 2976 dc

292 3006 353 3061 S.
382 3004 662 3058 Laurentii
691 3005 938 3073 DlSSlOlle
967 3005 1145 3060 verbis
1169 3007 1374 3060 ornatis
1396 3008 1500 3075 ait,
1529 3015 1634 3063 etc.

751 3117 835 3167 ΝΟ
851 3117 1086 3168 TKERUS
1112 3119 1454 3171 BALliULlJS.

706 3199 850 3262 (Not.
875 3200 940 3248 de
965 3201 1065 3252 Vir.
1092 3201 1235 3250 illusi.
1262 3215 1366 3265 cap.
1392 3203 1437 3251 7.
1464 3204 1480 3263 )

365 3278 434 3335 Si
469 3293 598 3334 vero
626 3279 784 3333 etiam
807 3293 974 3334 metra
1007 3282 1349 3350 requisieiis,
1388 3299 1490 3337 non
1515 3295 1640 3340 sunt
1668 3286 1759 3339 tibi
1790 3302 1884 3340 ne-

291 3374 559 3426 cessaria:
586 3373 862 3441 gentilium
891 3371 1082 3426 fabula:
1108 3414 1122 3437 ,
1154 3374 1247 3428 sed
1286 3373 1449 3429 habes
1475 3375 1527 3430 in
1556 3375 1878 3433 Christiani-

291 3473 411 3518 tate
445 3462 922 3532 prudentissimum
952 3464 1296 3520 Prudentium
1320 3467 1386 3521 de
1424 3468 1608 3522 tnundi
1636 3470 1878 3537 exordio,

291 3556 364 3608 de
397 3556 747 3624 martyribus,
780 3554 847 3610 de
877 3555 1118 3610 laudibus
1153 3557 1268 3623 Dei,
1300 3558 1366 3613 de
1399 3560 1640 3628 patribus
1663 3561 1796 3616 Novi
1822 3571 1876 3616 et

295 3645 856 3702 Vt-teris'l‘estamenti
880 3647 1188 3703 dulcissime
1215 3650 1598 3718 modulantem,
1625 3654 1880 3709 virtutum

289 3746 349 3790 ct
371 3736 633 3791 vitiorum
671 3738 812 3793 inter
847 3753 906 3792 se
933 3739 1212 3794 conflictus
1243 3744 1569 3812 tropologica
1598 3746 1883 3803 dulcedine

288 3829 626 3884 suavissime
642 3830 1020 3898 proferentcm,
1050 3841 1238 3902 contra
1271 3833 1551 3891 haereticos
1573 3845 1627 3891 et
1649 3852 1882 3908 paganos

286 3919 566 3973 acerrime
597 3929 936 3985 pugnantem.

586 4009 794 4060 BllUNO
833 4010 1134 4060 AN’l'lSTES
1178 4011 1605 4063 COLONIENSIS.

357 4091 371 4151 ι
398 4092 473 4138 Ex
502 4090 681 4153 Georg.
709 4092 931 4142 Fabricio
955 4095 1010 4140 ad
1035 4095 1256 4156 hymnum
1279 4095 1333 4143 Α.
1364 4096 1426 4144 D.
1456 4111 1531 4145 vm
1556 4099 1646 4145 cal.
1671 4099 1778 4148 Jan.
1806 4099 1820 4161 )

361 4193 497 4247 ⁸344.
535 4192 803 4248 Locumin
826 4195 1154 4250 eruditorum
1181 4197 1585 4253 bihlioheciset
1611 4201 1663 4253 in
1689 4203 1888 4258 animis

286 4337 477 4405 matus
506 4337 587 4382 est
615 4328 814 4405 verba,
856 4344 972 4398 qua:
1004 4347 1126 4384 mox
1163 4348 1240 4401 pr~
1267 4333 1456 4388 feram.
1491 4335 1563 4390 De
1592 4337 1872 4405 Agoharilo

285 4399 417 4450 vide
455 4408 727 4475 continent
779 4399 961 4468 ltymn.
987 4417 1076 4475 vti,
1122 4399 1259 4458 vors.
1298 4406 1434 4468 160;
1465 4408 1534 4460 de
1567 4399 1712 4475 Lup»
1748 4409 1873 4464 Fet-

288 4470 528 4520 raru-nsi
571 4469 805 4521 llaniart.
834 4485 974 4522 vers.
1002 4472 1053 4523 2.

365 4541 447 4601 (η)
473 4537 584 4590 lloc
615 4540 938 4605 epigramma
968 4580 981 4603 ,
1011 4557 1038 4592 a
1066 4542 1135 4594 cl.
1169 4543 1355 4596 Teolio
1399 4547 1571 4600 exseri
1616 4560 1724 4600 tum
1749 4588 1762 4609 ,
1813 4553 1876 4602 ad

282 4611 392 4660 end
420 4623 540 4682 eent
563 4610 730 4682 ipsum
754 4615 1066 4682 recognovi.
1086 4613 1137 4665 ln
1163 4616 1338 4680 primo
1362 4630 1519 4668 versu
1549 4618 1677 4669 nihil
1707 4626 1876 4682 muto,

285 4676 549 4745 quamvis
586 4679 636 4728 in
668 4678 852 4731 codice
883 4676 1176 4752 repererini
1196 4683 1456 4737 (“nascere
1483 4701 1577 4752 pro
1609 4703 1812 4739 miscere
1860 4676 1878 4740 ἓ

284 4757 379 4801 est
417 4749 566 4800 enim
607 4762 756 4800 error
788 4751 1044 4804 metrirus
1086 4753 1262 4804 laniuli
1293 4757 1381 4818 qui
1415 4749 1528 4806 huic
1561 4759 1795 4816 notabat.
1825 4769 1881 4811 ut

284 4833 513 4884 aequum
546 4825 628 4869 est
646 4818 933 4884 conjicere.
965 4820 1019 4871 In
1054 4837 1204 4873 vt-rsu
1234 4826 1266 4874 9
1295 4841 1323 4873 a
1352 4825 1538 4876 Teulio
1569 4828 1764 4878 omissa
1798 4839 1881 4881 est

281 4903 394 4960 vos
423 4886 566 4952 libri,
602 4887 655 4960 in
695 4888 748 4940 ll
781 4903 880 4960 vox
907 4889 1162 4957 frequens,
1196 4907 1313 4960 qua:
1351 4904 1525 4947 tamen
1558 4905 1681 4947 sunt
1713 4896 1764 4948 in
1789 4912 1878 4949 co-

282 4958 418 5011 dice
444 4995 460 5018 ,
484 4965 536 5008 et
585 4957 700 5008 sine
739 4958 931 5024 quibus
963 4975 1146 5013 versus
1179 4957 1497 5016 ciandicant.
1547 4964 1600 5016 In
1631 4981 1784 5018 versu
1814 4967 1879 5020 10

283 5028 474 5102 ιεελιρι
491 5025 664 5078 eolius
686 5024 751 5078 In
774 5029 910 5091 aliis,
943 5043 1044 5098 ego
1057 5045 1120 5083 ex
1150 5035 1472 5086 membranis
1487 5031 1708 5096 Finolis,
1731 5037 1875 5102 quod

284 5095 464 5162 exigit
517 5107 777 5157 metrum,
824 5108 878 5151 et
916 5095 1224 5154 sentent'a:
1282 5119 1402 5156 nam
1451 5104 1702 5166 praecedit
1750 5095 1877 5157 libri

282 5166 450 5233 primi
477 5180 591 5224 ora,
615 5167 701 5218 cui
732 5180 986 5221 consonat
1015 5167 1214 5223 Finalis
1239 5188 1404 5225 nium.
1429 5173 1733 5226 Indicantttr
1759 5190 1876 5226 om-

287 5237 387 5287 nia
435 5233 972 5310 Prudentiiicatlmina
1002 5254 1066 5292 eo
1107 5241 1296 5295 ordine
1335 5259 1439 5310 quo
1481 5244 1529 5294 in
1565 5246 1664 5295 hoc
1691 5245 1876 5299 codice

285 5305 653 5381 continentur
681 5325 696 5360 :
725 5309 772 5360 l.
793 5307 1122 5381 ACltristisoni
1176 5305 1380 5381 hymni,
1435 5313 1535 5366 hoc
1560 5323 1642 5366 est
1681 5315 1876 5368 Cathe-

283 5375 553 5447 merinmn
585 5376 756 5447 liber;
787 5377 841 5430 2.
871 5375 1230 5446 Apotheosis}
1265 5382 1318 5435 5.
1357 5383 1786 5447 llamartigenia;
1820 5389 1869 5438 4.

286 5445 753 5522 Psychnntmhia;
921 5445 1064 5522 Libri
1114 5461 1298 5503 contra
1351 5445 1781 5522 Symmachum,
1819 5456 1871 5509 ϐ.

285 5514 574 5568 Βυηιςιηιιδ
595 5531 610 5576 ς
635 5516 686 5567 7.
720 5517 1143 5582 Peristeplianmn
1171 5536 1185 5582 ;
1233 5525 1284 5574 8.
1317 5514 1513 5576 Finalis
1547 5539 1695 5577 musa
1724 5514 1874 5578 vario

285 5600 530 5643 canore.
563 5585 701 5650 quod
729 5600 804 5640 εει
835 5589 1203 5642 Dittochmum.

371 5657 447 5719 (ὁ)
495 5654 746 5726 Dubitare
771 5672 798 5707 a
829 5659 961 5724 iqnis
1007 5660 1190 5723 jlthil,
1219 5676 1282 5712 an
1315 5675 1341 5712 a
1375 5676 1532 5713 manu
1564 5662 1780 5726 Dungali
1804 5663 1872 5717 sit

284 5726 372 5776 vir
406 5724 710 5787 ron-ulmis,
741 5743 806 5777 an
840 5733 1004 5780 solum
1035 5727 1095 5781 V.
1133 5731 1216 5792 (3.,
1243 5746 1374 5792 quas
1400 5742 1549 5784 notas
1578 5724 1768 5790 aliquis
1803 5734 1864 5784 li-

1726 305 2253 367 PROLECOMENA.
3495 327 3599 381 75$

1948 430 1994 486 Α
2025 424 2230 494 piorum
2274 428 2466 482 merito
2508 437 2652 485 tenet
2681 430 3078 504 (Prudentius),
3131 442 3187 489 ut
3225 435 3352 490 olim
3399 439 3598 503 tenuit;

2022 532 2144 569 nam
2199 516 2378 572 Bruno
2422 520 2645 575 antistes
2695 522 3034 578 Coloniensis
3057 568 3072 592 ,
3103 526 3210 580 dux
3239 527 3520 596 Samnite,
3546 546 3600 586 et

2019 607 2248 661 Othonis
2280 609 2295 662 l
2331 610 2670 678 imperatoris
2695 612 2895 679 frater,
2927 615 3044 685 ejus
3075 618 3326 672 volumen
3354 621 3598 676 ccclesiis

2018 698 2272 752 omnibus
2297 699 2534 767 donavit,
2567 711 2621 756 et
2651 702 2764 771 ipse
2795 706 3040 759 manibus
3069 720 3282 776 semper
3309 710 3496 764 tenuit.
3529 709 3596 765 In

2017 790 2241 857 ejusdem
2274 790 2530 846 Brunonis
2569 793 2713 854 Vita.
2738 806 2945 851 auctore
2967 799 3190 870 Rotgera
3219 803 3405 870 wquali
3430 813 3477 856 ct
3503 806 3596 856 do-

2016 881 2220 933 mestico
2242 883 2400 949 illius,
2429 885 2569 954 apud
2586 885 2825 942 Bolland.
2850 889 2918 940 ad
2947 890 3080 942 diem
3107 892 3160 944 ll
3204 893 3435 947 Octobris
3493 896 3589 950 Ubi

2013 971 2183 1039 prima
2225 979 2586 1041 grammaticae
2635 979 2765 1032 artis
2808 980 3104 1035 rudimenta
3145 986 3380 1053 pert-cpit
3406 1027 3418 1048 ,
3451 986 3593 1041 sicut

2012 1062 2078 1114 ab
2109 1062 2225 1130 ipso
2257 1065 2308 1117 in
2349 1066 2442 1120 Dei
2472 1069 2853 1138 ninnipotentis
2879 1071 3103 1139 gloriam
3139 1074 3240 1127 hoc
3277 1078 3472 1145 smpins
3501 1094 3562 1132 ru

2014 1156 2252 1209 minante
2305 1157 2608 1227 didicimu=,
2665 1162 3012 1217 Prudentium
3063 1177 3296 1234 poetam,
3349 1169 3589 1226 tradente

2014 1244 2270 1310 magistro
2294 1289 2309 1314 ,
2353 1246 2528 1315 legere
2555 1252 2738 1319 erepit.
2774 1252 2870 1318 Otii
2900 1255 3039 1308 sicut
3065 1264 3222 1311 estet
3248 1257 3380 1322 fide,
3411 1261 3586 1314 inten-

2010 1337 2259 1406 tioncqne
2289 1338 2584 1394 catholicus
2623 1351 2678 1395 et
2717 1344 3046 1413 eloquentia,
3083 1347 3417 1416 veritateque
3447 1368 3584 1416 prtic-

2005 1429 2214 1494 cipuus,
2271 1440 2324 1484 et
2370 1441 2664 1488 metrorum
2711 1433 3074 1504 librorumque
3117 1438 3578 1508 elegantissimus,

2006 1524 2148 1568 tanta
2193 1533 2314 1573 mox
2353 1520 2639 1577 dulcedine
2671 1524 2849 1593 palato
2880 1526 3059 1579 cordis
3085 1527 3200 1595 ejus
3236 1532 3581 1598 complacuit,

2005 1617 2061 1660 ut
2087 1609 2195 1676 jam
2229 1625 2334 1664 non
2369 1620 2574 1667 tantum
2602 1615 2934 1670 exteriorum
2963 1617 3250 1672 verborum
3278 1619 3577 1687 scientiam,

2002 1702 2679 1759 verumintimimedullam
2706 1720 2895 1762 sensus
2910 1720 2962 1762 et
2989 1719 3189 1774 nectar,
3210 1721 3265 1765 ιιι
3292 1711 3363 1765 ita
3384 1713 3579 1779 dicat‘n,

1927 1793 1973 1852 Β
2001 1789 2412 1860 liquidissimum
2467 1795 2656 1864 majori
2702 1813 2859 1864 quam
2903 1798 3006 1854 dici
3066 1802 3275 1870 possit,
3328 1805 3581 1861 aviditate

1999 1883 2253 1942 hauriret.
2291 1887 2479 1942 Postea
2513 1889 2717 1943 nullutn
2751 1891 2963 1958 penitus
2984 1901 3099 1946 erat
3123 1894 3420 1950 studiorum
3444 1898 3578 1953 libe-

1997 1976 2184 2030 ralium
2216 1993 2384 2048 genus
2412 1981 2466 2034 in
2492 1983 2640 2037 omni
2672 1983 2856 2039 Graeca
2889 1986 2969 2041 vel
2999 1986 3189 2042 Latina
3232 1990 3532 2060 eloquentia
3557 2035 3573 2061 ,

1997 2069 2141 2137 quod
2164 2071 2359 2140 ingenii
2392 2073 2474 2127 sui
2505 2075 2842 2130 vivacitatem
2872 2078 3147 2149 aufugeret
3175 2081 3269 2151 (c).

2194 2207 2356 2276 210
2383 2215 2472 2277 (Ex
2504 2218 2671 2268 codice
2695 2221 2908 2272 Goldasli
2943 2225 3067 2286 apud
3106 2225 3379 2278 Weitzium.

2179 2296 2420 2369 incipiunt
2442 2301 2564 2349 tituli
2592 2301 2702 2350 libri
2731 2304 2961 2369 lilanualis
2985 2309 3180 2369 amoeni,

2180 2358 2408 2422 Exceptis
2434 2374 2554 2420 quos
2576 2368 2795 2422 personis
2819 2369 3097 2416 tetrasticha
3121 2358 3368 2422 claudunt.

2177 2418 2375 2486 Erimus
2392 2418 2508 2486 Adae
2531 2418 2656 2472 elato
2688 2427 2752 2475 de
2775 2429 2974 2476 crimine
3003 2418 3180 2486 narrat,
3203 2418 3256 2480 et
3270 2418 3390 2483 Eva}
3417 2473 3428 2484 .

2177 2479 2301 2546 :l'um
2339 2483 2618 2546 singillatim
2645 2501 2757 2533 num
2794 2497 2894 2535 rata
2920 2479 3324 2542 vocabula'niulta

2177 2542 2380 2592 Provida
2399 2542 2620 2607 personae
2655 2547 2821 2607 pandit
2843 2553 3072 2613 alt-scripti
3093 2573 3102 2597 ι
3126 2555 3353 2616 rhythmi.

2579 2646 2988 2700 SlGEllERTL'S.

2422 2729 2440 2788 (
2467 2729 2520 2778 In
2545 2730 2782 2782 Chronico
2802 2734 2862 2783 ad
2884 2748 2960 2783 an.
2987 2736 3097 2788 595.
3123 2739 3142 2798 )

2061 2807 2118 2864 In
2137 2807 2388 2880 Hispania
2415 2810 2736 2868 Prudentius
2769 2827 2923 2883 poeta
2953 2819 3145 2889 lyr3cus
3173 2821 3358 2878 claret.

2421 2923 2663 2974 PE'l‘RUS
2701 2927 3136 2982 VENERABILIS.

2292 3004 2313 3063 (
2332 3001 2437 3053 L'b.
2459 3020 2525 3063 nt,
2551 3007 2694 3068 epist.
2721 3009 2803 3069 24,
2839 3009 2902 3059 de
2924 3011 3220 3074 Symmacho.

2062 3083 2120 3137 Ei
2149 3093 2201 3139 et
2247 3100 2401 3153 prosa
2429 3098 2481 3140 ct
2518 3099 2688 3141 metro
2731 3098 2836 3143 tam
2875 3095 3214 3159 supralictus
3244 3098 3568 3155 venerabilis

1910 3155 1956 3216 ο
1989 3176 2146 3230 Pater
2174 3175 2516 3247 (Ambrosius)
2557 3195 2714 3248 quam
2760 3155 2954 3235 noster
2990 3184 3208 3254 insignis
3253 3197 3406 3256 poeta
3445 3190 3568 3245 Prn-

1986 3265 2204 3320 dentius
2233 3268 2604 3336 potentissime
2635 3272 3045 3340 responderunt.

2421 3379 2748 3432 RUPERTUS
2767 3382 3136 3436 TUITIENSIS.

2135 3460 2155 3524 (
2180 3459 2295 3523 Cap.
2322 3461 2381 3511 10
2404 3498 2419 3522 ,
2441 3462 2527 3513 lib.
2551 3479 2617 3524 Vl,
2642 3464 2705 3513 de
2730 3464 2932 3526 Operib.
2959 3467 3169 3529 Spiritus
3201 3472 3370 3520 sancti.
3397 3472 3415 3535 )

2189 3539 2271 3596 Ea:
2297 3544 2482 3614 hymno
2514 3544 2575 3600 S.
2607 3545 2746 3599 Petri
2770 3548 2941 3618 plures
2973 3565 3143 3604 versus
3174 3554 3350 3607 sumit.

2059 3653 2232 3724 Super
2261 3654 2360 3709 hoc
2388 3656 2601 3724 quidam
2632 3657 2802 3711 ﬁdelis
2832 3659 2960 3712 etin
2998 3661 3098 3714 tide
3121 3661 3422 3731 laudabilis,
3449 3683 3561 3719 tne-

1989 3745 2122 3801 trice
2171 3761 2372 3800 canens
2404 3747 2476 3800 ita
2507 3748 2642 3802 dixit
2676 3765 2687 3800 :
2738 3749 2940 3818 Figitur
2978 3767 3106 3820 ergo
3151 3769 3339 3808 manus
3382 3756 3566 3811 suhtcr

1984 3839 2100 3892 sola
2128 3854 2316 3895 versus
2347 3841 2397 3893 in
2428 3855 2704 3897 cacumen.

2314 3929 2686 3979 VINCENTIUS
2725 3931 3252 3984 BELLOVACEVSIS.

2317 4012 2330 4067 (
2363 4009 2468 4058 Lib.
2499 4024 2593 4058 xvn
2616 4011 2812 4072 Spccnl.
2838 4013 2951 4064 hist.
2980 4029 3082 4076 cap.
3111 4016 3188 4064 62.
3213 4019 3229 4076 )

2061 4112 2383 4167 Prudentius
2407 4113 2599 4167 librum
2625 4116 2906 4170 metricum
2937 4117 3003 4171 de
3029 4116 3292 4176 Conﬂictu
3315 4121 3562 4180 vitiorum

1991 4214 2047 4258 et
2077 4203 2331 4258 virtutum
2371 4203 2645 4274 eleganter
2672 4208 2995 4276 composuit.

1983 4342 2192 4395 hrarius
2215 4342 2352 4397 male
2369 4343 2682 4408 explicuerit
2714 4347 2790 4399 vir
2817 4351 3124 4406 consularis.
3149 4353 3220 4408 Ex
3249 4357 3372 4412 aliis
3397 4360 3560 4415 codd.

1988 4427 2124 4486 mss.
2165 4417 2421 4486 etulsone
2463 4424 2672 4486 Constat
2701 4457 2714 4478 ,
2751 4419 2859 4483 jam
2889 4421 3013 4474 olim
3051 4424 3187 4478 hunc
3216 4440 3456 4483 errorem
3497 4435 3563 4486 de

1987 4480 2262 4536 Prndenlii
2290 4484 2566 4537 cousnlatu
2595 4480 2910 4553 invaltiisse,
2946 4502 2997 4542 nt
3028 4492 3134 4546 dixi
3159 4511 3304 4548 num.
3337 4480 3563 4553 5l.vlta:

1983 4569 2087 4632 que
2116 4569 2219 4632 non
2251 4553 2423 4632 audeo
2447 4555 2748 4622 improbare
2769 4558 3050 4614 lectionem
3072 4580 3226 4632 quam
3251 4568 3301 4620 in
3328 4569 3562 4626 editione

1983 4622 2205 4691 Dnngali
2238 4625 2470 4689 reperio.

2053 4693 2128 4761 (ο)
2169 4692 2501 4776 Simulum}
2531 4711 2638 4776 non
2681 4698 2846 4754 fuisse
2871 4713 2978 4776 tam
3001 4701 3284 4776 obscurum
3309 4715 3362 4762 et
3392 4710 3559 4776 impc-

1982 4761 2139 4839 ritmn
2164 4780 2320 4842 quam
2348 4767 2497 4842 multi
2521 4766 2745 4842 jactant,
2770 4786 2842 4842 _ex
2871 4771 2970 4826 hoc
2998 4773 3218 4842 aliisque
3242 4761 3560 4835 niontinteii-

1983 4834 2335 4910 tlseirgncbat
2357 4835 2424 4890 cl.
2445 4837 2643 4902 Josc-ph
2671 4838 2933 4904 Petiscus,
2953 4834 3199 4910 egregius
3222 4849 3273 4900 in
3296 4849 3377 4903 his
3401 4834 3560 4905 rebus

1977 4901 2137 4968 jutlex
2166 4943 2181 4965 ,
2213 4921 2440 4984 animum
2473 4901 2691 4961 minime
2719 4921 2842 4964 sont
2870 4901 3179 4987 cottl'ere‘ndi
3205 4901 3454 4987 plerique
3469 4901 3559 4975 eo:

1981 4987 2098 5049 rum
2136 4974 2226 5040 qui
2260 4974 2614 5056 ignorantiam
2657 4989 2709 5031 et
2754 4983 3131 5036 obscuritatem
3163 4974 3403 5042 saarult'x
3439 4974 3500 5057 pa
3533 5022 3558 5032 -

1979 5044 2078 5122 sim
2107 5055 2350 5107 crepant,
2382 5046 2498 5122 sive
2520 5063 2709 5112 graves
2740 5053 3019 5112 scientias,
3064 5055 3178 5108 sive
3201 5073 3366 5122 genus
3397 5044 3558 5114 oinne

1980 5111 2274 5166 litterarum
2305 5111 2659 5168 atnoiniOrunt
2691 5111 3020 5174 consideres.
3059 5111 3257 5177 Flortiit
3279 5130 3439 5180 etiam
3467 5111 3550 5182 eo:

1978 5182 2100 5266 dem
2152 5185 2351 5266 Saecttlo
2381 5187 2936 5266 pet-trianlloswitlta,
2972 5208 3251 5246 sermones
3283 5201 3421 5248 ttlt'itt
3453 5214 3556 5266 quo

1980 5251 2170 5333 litigiue
2234 5255 2432 5333 l.atin:e
2484 5267 2551 5333 et.
2584 5255 2796 5333 Graiae
2841 5251 3027 5333 «locta,
3074 5278 3206 5333 qua:
3265 5251 3553 5333 panegyi-iri

1978 5321 2202 5376 Othonis
2239 5324 2613 5398 imperatoris,
2635 5326 2828 5398 fratris
2854 5321 3138 5398 Brttnottis,
3156 5321 3313 5385 versu
3339 5321 3554 5388 heroico

1977 5395 2307 5471 composuit.
2345 5404 2397 5446 et
2421 5395 2741 5471 _mart_yri_um
2776 5397 2832 5448 Β.
2865 5397 3058 5471 Pelagii
3084 5439 3099 5462 ,
3122 5395 3272 5468 pueri
3304 5404 3551 5471 Hispani,

1977 5462 2164 5513 eodem
2195 5462 2722 5533 metrodescripsit:
2754 5469 2892 5533 quod
2920 5462 3102 5530 noema
3128 5462 3160 5519 ἐι
3197 5462 3553 5530 llollandianis

1977 5544 2074 5596 pro
2105 5532 2239 5608 actis
2287 5531 2610 5613 authenticis
2757 5531 2948 5613 Pelagii
2976 5541 3222 5613 martyris
3247 5543 3551 5613 exhibetur,

1978 5614 2082 5679 non
2108 5600 2291 5679 minus
2320 5615 2475 5679 quam
2503 5603 2682 5658 hvmni
2703 5643 2716 5667 ,
2750 5620 2816 5672 qn
2849 5607 2942 5659 bns
2974 5600 3390 5679 alios-martyres
3423 5600 3552 5670 ΙτιηιΣ

1979 5667 2188 5721 (lentius
2214 5670 2520 5724 celebravit.
