4068 6190
516 320 605 373 253
1901 300 2345 356 l‘ltUDENTlUS.
3621 296 3702 351 τες

896 419 1226 470 l’llll.!l'{"..'S
1261 416 1711 467 lll‘lllliOMENSlS.

988 506 1183 565 (Chron.
1209 504 1299 552 sub
1324 515 1448 549 anno
1467 501 1599 561 400.)

587 610 963 672 Prudentium,
1007 614 1218 675 poetam
1252 605 1606 659 Christianum
1632 644 1647 665 ,
1680 603 1851 654 virum
1904 600 2081 667 utique

516 702 849 758 Hl'cuiﬂl'ilﬂll
902 700 1199 753 litterarum
1226 696 1661 759 scientissimum,
1700 709 1794 762 per
1838 692 1936 745 hos
1969 689 2085 743 dies

517 797 767 848 rlarulsse
790 829 806 853 ,
843 797 897 842 et
944 789 995 841 in
1032 787 1203 854 pretio
1234 787 1425 851 luisse,
1460 784 1675 838 tradunt
1705 801 1718 835 :
1752 782 1843 851 qui
1871 791 1923 835 et
1956 794 2085 833 non-

518 885 660 938 nulla
692 882 744 936 in
774 880 965 934 divinis
1000 878 1154 932 laude
1181 877 1493 945 dignissima
1517 876 1835 945 composuit.

794 991 809 1053 (
840 989 891 1037 In
914 988 1077 1037 codice
1110 987 1315 1046 Bongar.
1353 986 1476 1047 apud
1504 982 1813 1047 Weitzium.)

525 1076 607 1125 iis
642 1073 903 1122 Prudentis
938 1070 1150 1125 metrici,
1178 1069 1390 1130 prudens
1413 1076 1463 1117 et
1482 1081 1656 1117 nomen
1686 1067 1927 1120 habentis,

640 1136 730 1193 Qui
750 1136 847 1196 jam
866 1139 1121 1196 transai-ts
1144 1130 1338 1196 vetulus
1361 1130 1763 1196 quinquenuibus
1780 1130 1934 1187 annis,

640 1190 951 1245 Conuiiissum
981 1190 1208 1251 populum
1227 1191 1353 1238 delet
1372 1198 1418 1237 to
1441 1190 1553 1249 jure
1578 1190 1847 1250 regendum

641 1258 839 1316 Spiritui
863 1267 1038 1315 parens
1067 1266 1181 1300 sese
1202 1252 1258 1316 ad
1283 1252 1481 1316 meliora
1509 1251 1695 1316 vocanti

643 1328 653 1359 ι
676 1312 874 1371 ous-ilia,
892 1316 979 1362 hoc
1002 1319 1194 1373 septem
1208 1312 1359 1369 libris,
1384 1324 1577 1369 unoque
1608 1314 1846 1373 volumen,

643 1381 815 1428 Divina
841 1378 887 1425 in
906 1371 1094 1423 cunctis
1116 1375 1172 1421 sit
1193 1375 1308 1421 imet
1329 1375 1579 1421 sant-tione
1606 1371 1819 1428 favente,

645 1443 955 1489 Communem
980 1435 1164 1482 cunctis
1192 1434 1474 1494 conscripsit
1497 1434 1552 1479 ad
1579 1431 1852 1489 utilitatem,

647 1502 705 1549 Et
727 1512 813 1561 pro
839 1505 1072 1561 perpetua
1098 1494 1328 1543 mercrde
1352 1493 1447 1555 poli
1472 1493 1703 1561 capienda

773 1597 785 1607 .
810 1552 855 1606 ,ἶ
880 1594 893 1607 .
917 1552 1069 1619 pictor
1103 1568 1269 1605 merce
1292 1591 1304 1603 .
1324 1552 1369 1602 ,ἰ
1391 1569 1404 1602 :
1432 1552 1574 1602 minis
1598 1554 1739 1615 hujus
1762 1552 1851 1613 (a).

953 1668 1377 1720 MARTYROLOG
1389 1668 1403 1716 l
1415 1668 1500 1717 ΟΜ
1525 1667 1739 1717 ROMAN
1751 1666 1853 1715 UM.

945 1755 1040 1816 (22
1065 1753 1173 1802 Jan.
1199 1753 1261 1802 de
1285 1752 1338 1800 S.
1364 1752 1640 1801 Vincentio.
1666 1750 1683 1811 )

598 1864 764 1931 Cujus
810 1860 1073 1931 passionis
1129 1858 1361 1912 nobilem
1416 1854 1743 1925 triumphum
1786 1852 2105 1907 Prudentius

536 1955 833 2009 luculenter
862 1953 1101 2005 versibus
1124 1948 1452 2018 exsequitur.

1020 2072 1266 2123 PETRUS
1309 2070 1618 2121 CRINI'I‘US.

810 2163 827 2225 (
854 2162 961 2210 Lib.
988 2174 1015 2209 v
1046 2161 1110 2208 de
1132 2158 1295 2206 Poetis
1317 2157 1521 2217 Latinis,
1546 2164 1653 2217 cap.
1678 2154 1757 2204 90.
1784 2153 1802 2213 )

601 2251 727 2306 9.46.
770 2251 1040 2319 leguntur
1064 2248 1237 2303 adhuc
1278 2245 1442 2316 ipsius
1474 2250 1718 2313 poemata
1743 2240 1889 2292 Vario
1912 2252 2110 2306 genere

537 2344 833 2398 carminum
885 2341 1177 2409 composita
1202 2382 1215 2401 ,
1249 2338 1442 2408 quibus
1472 2334 1626 2389 facile
1669 2330 1881 2403 probari
1917 2338 2108 2398 potest,

538 2453 657 2491 eum
682 2436 893 2506 quidem
922 2451 1016 2504 pro
1047 2433 1351 2489 conditione
1380 2441 1679 2497 temporum
1713 2424 1950 2478 maxime
1982 2437 2113 2490 pra--

539 2531 741 2584 stitisse
768 2530 906 2583 inter
934 2527 1271 2582 Christianos
1300 2534 1486 2591 poetas
1513 2562 1527 2586 ,
1562 2534 1667 2574 non
1694 2518 1855 2572 modo
1892 2515 2115 2570 erudids

542 2621 822 2676 verborum
856 2619 1035 2689 ligni-is
1060 2661 1075 2686 ,
1104 2617 1197 2671 sed
1226 2616 1384 2671 etiam
1415 2612 1676 2682 gravitate
1703 2608 2110 2665 sententiarum.

1062 2746 1265 2795 ALDUS
1293 2742 1610 2793 ROMANUS.

1035 2830 1051 2892 (
1080 2830 1133 2878 In
1169 2829 1273 2878 Vita
1312 2826 1580 2876 Prudentii.
1610 2824 1621 2885 )

615 2935 735 2989 Fuit
755 2939 913 2989 homo
934 2934 1260 3002 ingeniosus,
1285 2931 1463 3000 gravis
1485 2938 1537 2984 et
1560 2928 1766 2983 ornatis
1791 2926 2029 2980 moribus
2058 2941 2120 2980 ac

544 3028 861 3081 Christiana:
890 3024 1160 3094 religionis
1192 3020 1701 3077 observantissimus
1728 3062 1742 3086 ,
1775 3017 1916 3088 quod
1946 3033 2011 3070 ex
2041 3016 2120 3084 ip-

546 3122 654 3174 sius
680 3119 930 3188 operibus
964 3117 1115 3171 facile
1143 3126 1223 3169 est
1248 3127 1598 3183 cognoscere.

2582 407 2785 457 EBASM
2796 408 2870 457 L'S
2903 404 3284 456 ROTERODAM
3295 404 3384 453 L'S.

2648 491 2664 551 (
2689 490 2738 537 in
2776 489 2979 551 quadam
3017 487 3252 549 apologis.
3280 486 3294 547 )

2260 573 2577 628 Prudentius
2607 583 2761 641 poeta
2813 580 3017 623 tantum
3066 570 3276 636 spirans
3325 578 3429 621 tum
3472 567 3699 621 sanctimo

2189 669 2293 719 nia:
2320 704 2336 727 ,
2366 673 2477 717 tum
2507 678 2674 717 sacrae
2703 660 3019 717 eruditionis
3039 701 3054 725 ,
3090 668 3149 712 ut
3176 668 3438 713 mereatur
3472 658 3600 713 inter
3616 674 3715 728 gra-

2191 757 2438 813 vissimos
2474 754 2731 810 Ecclesiae
2759 753 3008 807 doctores
3035 751 3371 805 annumerari
3394 751 3489 821 (ὸ).

2617 842 2933 893 GEORGIUS
2957 840 3303 890 FABRICIUS.

2502 927 2517 989 (
2542 926 2672 976 Com.
2699 927 2745 973 in
2771 932 2941 987 poetas
2966 924 3166 981 (Ἄπι-ἰείη
3202 894 3311 984 ικξ.
3339 924 3410 970 l7.
3435 924 3449 983 )

2264 1010 2387 1063 247.
2427 1009 2616 1063 Eidem
2648 1005 2977 1077 (Prudentia)
3022 1005 3207 1057 tribuit
3236 1005 3536 1072 gravitatem
3575 1005 3725 1058 eteleo

2195 1103 2427 1171 gantiam
2453 1098 2650 1154 alicubi
2681 1096 2946 1151 Ctesarius
2970 1111 2985 1156 ;
3020 1095 3270 1163 pietatem
3294 1102 3350 1148 et
3379 1094 3599 1147 animum
3620 1111 3727 1149 vere

2196 1192 2558 1247 Christianum
2609 1190 2811 1243 Rivius.
2866 1188 3016 1242 llunc
3066 1203 3228 1241 unum
3279 1186 3546 1256 legendum
3574 1199 3729 1241 censet

2202 1286 2359 1339 Vives
2388 1284 2465 1351 (id
2495 1299 2598 1335 non
2636 1281 2833 1334 invenio
2854 1321 2871 1347 ,
2900 1297 3059 1345 neque
3083 1281 3145 1333 iis
3169 1280 3419 1349 congruit,
3446 1296 3548 1347 quia
3562 1281 3662 1332 aliis
3687 1282 3731 1333 in

2202 1377 2326 1429 locis
2352 1371 2699 1440 dacetVives).
2728 1372 2993 1425 Tribuunt
3011 1370 3187 1426 eidem
3220 1372 3455 1426 nonnulli
3476 1372 3731 1425 Rmnauaut

2202 1466 2585 1536 eloquentiam,
2632 1473 2721 1519 aut
2780 1474 2926 1518 certe
2973 1465 3046 1518 illi
3092 1466 3463 1533 propinquam.
3508 1466 3734 1520 Leonardi

2203 1556 2520 1623 Querretani
2546 1596 2562 1620 ,
2613 1553 2848 1608 hominis
2877 1553 3123 1618 obscuri,
3160 1568 3356 1608 nomen
3403 1569 3501 1609 non
3530 1556 3735 1609 notisse-

2207 1662 2345 1715 mus,
2402 1648 2501 1701 nisi
2550 1647 2689 1700 male
2741 1645 2998 1700 sensisset
3041 1644 3109 1698 de
3157 1645 3470 1701 Prudentia.
3521 1646 3668 1701 Lilius
3698 1648 3737 1701 ei

2135 1778 2180 1836 Β
2210 1740 2424 1794 multam
2474 1738 2828 1794 eruditionem
2880 1752 2942 1791 ac
2988 1738 3188 1789 variatn
3240 1737 3459 1791 ascribit
3495 1755 3508 1791 :
3538 1738 3620 1791 sed
3650 1739 3740 1793 ela-

2210 1832 2423 1898 quentia
2471 1844 2534 1884 ac
2563 1830 2755 1894 lingua:
2786 1828 3031 1882 castitate
3068 1827 3148 1881 vel
3190 1843 3380 1895 parum
3411 1828 3648 1895 valuisse,
3675 1828 3743 1883 vel

2211 1922 2386 1992 potius
2413 1936 2474 1975 ea
2513 1920 2811 1986 neglexisse
2848 1919 2924 1972 ait
2967 1937 2977 1970 :
3012 1927 3257 1971 neutrum
3310 1918 3508 1972 homini
3555 1933 3641 1973 nec
3679 1920 3745 1972 di-

2210 2022 2375 2077 serto,
2404 2026 2502 2066 nec
2529 2010 2758 2079 eleganti
2780 2054 2794 2075 ,
2830 2018 2883 2063 ut
2916 2020 2971 2063 et
2994 2010 3061 2063 de
3096 2009 3403 2077 eloquentia
3426 2018 3479 2063 et
3502 2008 3563 2064 de
3586 2010 3748 2063 aratio-

2213 2104 2294 2157 nis
2318 2102 2545 2172 puritate
2572 2100 2791 2169 judicct,
2824 2099 3167 2154 concedimus
3196 2098 3289 2168 (ι’).

2828 2208 3178 2259 GISEIJNUF.

2500 2296 2517 2354 (
2546 2294 2598 2342 In
2626 2296 2766 2355 epist.
2792 2294 3003 2342 dedicat.
3031 2294 3196 2353 primze
3222 2305 3251 2340 e
3270 2293 3503 2353 litionis.)

2284 2383 2442 2450 212
2469 2377 2593 2433 “MS.
2631 2376 2878 2431 Aurelius
2907 2375 3226 2430 Prudentius
3247 2376 3493 2427 Clemens
3521 2372 3584 2427 ob
3610 2372 3754 2426 incre-

2215 2470 2377 2524 dibile
2406 2470 2614 2536 pietatis
2636 2468 2890 2533 studium,
2916 2481 3281 2535 summamque
3305 2465 3755 2519 laudatissimarum

2216 2561 2562 2616 scientiarum
2595 2560 2951 2628 cognitionem
2988 2558 3144 2612 unice
3170 2558 3624 2626 suspiciendas...
3647 2554 3756 2608 Cum

2218 2656 2347 2709 mira
2364 2654 2711 2721 etsingol-nris
2729 2656 2777 2704 in
2794 2668 2859 2706 eo
2874 2653 2941 2706 sit
2959 2667 3132 2705 rerum
3151 2652 3456 2720 praestantia
3469 2649 3755 2712 acvarietas,

2219 2745 2547 2800 ornamentis
2577 2754 2753 2797 tamen
2781 2758 2843 2797 ac
2868 2743 3158 2797 lmiiinibus
3179 2742 3373 2809 partim
3404 2756 3432 2793 a
3460 2757 3516 2795 se
3538 2740 3757 2797 inventis,

2220 2833 2411 2906 partim
2457 2850 2522 2889 ex
2565 2834 2834 2889 uberrimo
2873 2843 3113 2887 veterum
3159 2832 3306 2886 funte
3353 2832 3546 2886 haustis
3585 2829 3760 2899 singula

2224 2936 2490 2994 utcunque
2534 2925 2740 2994 gravia,
2792 2934 2845 2979 et
2896 2925 3061 2978 ardua
3092 2926 3353 2977 concinne
3382 2932 3655 2991 ornateque
3693 2922 3761 2974 de

2227 3016 2423 3084 pingit,
2454 3031 2516 3069 ac
2559 3015 2905 3083 persequitur
2926 3056 2943 3081 ,
2978 3014 3325 3067 nihilosecius
3359 3023 3605 3082 perpetuo
3647 3011 3763 3065 intra

2225 3107 2493 3163 cancellos
2518 3123 2544 3162 s
2563 3122 2686 3162 tCl’iB
2708 3106 2978 3177 religionis
3008 3121 3127 3161 sese
3153 3106 3437 3160 continens
3468 3106 3546 3174 (d)

619 3295 693 3357 (ii)
734 3292 787 3344 ln
814 3291 997 3344 codice
1017 3328 1033 3352 ,
1066 3302 1222 3356 quem
1269 3285 1513 3340 Barthius
1543 3282 1753 3357 vidit_et
1780 3296 1993 3357 caseum
2022 3296 2115 3349 ap-
2143 3283 2188 3343 C
2220 3292 2330 3357 ora
2355 3262 2951 3357 communi_puerorum_
2966 3293 3121 3349 captu
3152 3283 3423 3342 abstrusa,
3455 3281 3672 3336 nondum
3696 3294 3764 3342 po-

548 3352 729 3429 pellat,
761 3361 851 3413 lib.
884 3376 976 3422 vti,
1006 3352 1135 3429 cap.
1158 3360 1245 3419 4‘2,
1290 3356 1567 3429 legebatur
1592 3372 1620 3429 Ξ
1652 3352 1961 3429 Prudentius
1984 3363 2114 3429 apti-

550 3422 659 3483 inus
688 3441 857 3499 poeta,
885 3422 1566 3499 eruditissimuthealogus.
1592 3425 1666 3499 [te
1696 3422 2124 3499 aliis‘codicibns

552 3503 671 3554 vide
688 3492 849 3566 Supra
881 3507 992 3551 toto
1029 3512 1147 3561 cap.
1175 3492 1834 3566 A‘aTQSlllll'Ottl?‘lloqqul
1861 3495 2126 3559 AuguSlO-

551 3561 807 3623 dunensis
835 3578 887 3621 et
910 3563 1188 3620 Tritltemii
1218 3563 1336 3616 dedi
1368 3578 1512 3615 num.
1548 3562 1607 3615 61
1633 3571 1685 3614 et
1708 3561 1796 3614 6'2.

625 3640 699 3705 (ὁ)
736 3638 790 3690 ln
813 3652 931 3702 cap.
954 3651 1038 3688 xw
1064 3634 1315 3687 Joannis:
1344 3631 1653 3705 Prudentius
1675 3629 1946 3705 virguavis
1976 3632 2125 3705 etiam

556 3699 740 3763 sarculo
769 3699 901 3760 inter
934 3706 1111 3758 doctas
1134 3702 1498 3755 numerandus.
1521 3702 1593 3754 De
1625 3700 1806 3759 pueris
1840 3699 2128 3753 liberaliter

558 3777 895 3831 inStiluendis
931 3794 943 3827 :
986 3773 1109 3827 Jam
1152 3774 1194 3826 si
1225 3772 1336 3839 quis
1372 3770 1748 3832 Prudentium,
1800 3786 1953 3820 unum
1999 3771 2129 3821 inter

556 3849 870 3902 Christianas
900 3862 1011 3898 vere
1046 3847 1325 3913 facundum
1354 3854 1553 3908 poetam
1581 3845 1706 3913 votet
1722 3856 1977 3913 enarrare
2000 3881 2013 3901 ,
2044 3841 2128 3891 lit-

556 3931 686 3971 teras
734 3919 885 3970 etiam
914 3909 1127 3967 arcanas
1171 3912 1355 3965 cal/eat
1395 3920 1609 3971 Oportet.
1634 3910 1768 3963 Vide
1799 3909 1957 3961 etiam
1989 3912 2131 3969 eius-

556 3990 676 4041 dem
703 3986 1159 4048 Ecclesiasten,et
1181 3980 1378 4047 Adagia
1408 3980 1599 4035 Cliilid.
1632 3996 1703 4043 ιν,
1736 3989 1875 4031 cent.
1901 3978 1953 4040 5',
1983 3995 2128 4032 nutu.

562 4061 614 4118 Ι,
644 4058 732 4110 ubi
760 4058 968 4123 egregie
990 4055 1083 4117 ait,
1116 4054 1168 4106 in
1198 4052 1414 4123 Basilio,
1442 4051 1795 4123 Nazianzirno,
1826 4050 2129 4123 Ambrosio,

566 4125 843 4180 Prudentia
865 4118 1179 4186 [Lactantio
1218 4121 1515 4189 linguarum
1547 4135 1607 4173 ac
1641 4118 1899 4185 politioris
1932 4119 2133 4171 littera-

563 4212 693 4250 turie
718 4197 1078 4265 cognitionem
1112 4193 1231 4246 ideo
1256 4192 1494 4246 caruisse
1531 4189 1729 4243 invidia
1749 4228 1763 4251 ,
1793 4189 1913 4256 quia
1933 4189 2133 4241 servivit

580 4267 733 4319 n'elalt'

563 4286 808 4406 pw((:)"[£t
831 4334 882 4406 in
911 4328 1612 4406 praelatipneExpositionis
1639 4329 1691 4380 in
1719 4328 1949 4406 hymnos
1977 4344 2136 4406 quos:

564 4404 684 4459 dam
726 4404 995 4457 [’rudentii
1030 4421 1042 4455 :

566 4476 765 4527 obscuri
796 4473 1093 4525 Leanardus
1123 4470 1464 4535 Quercetanus
1477 4478 1524 4522 et
1548 4466 1734 4521 Petrus
1762 4469 2134 4529 Summantius,

564 4546 709 4612 eique
735 4544 861 4596 nihil
888 4542 1175 4609 relinquunt
1219 4549 1405 4612 prieter
1445 4539 1635 4612 nudam
1682 4540 2005 4612 religionem,
2039 4552 2139 4612 qua

568 4607 660 4666 nas
684 4613 900 4667 contenti
940 4607 1110 4663 sumus
1134 4650 1147 4673 ,
1177 4621 1221 4661 et
1255 4611 1418 4661 virum
1441 4608 1585 4660 illum
1609 4607 1869 4661 nobilitate
1895 4618 1939 4659 et
1970 4607 2140 4658 erudi-

568 4686 702 4736 tione
730 4680 1222 4744 excelientissimum,
1263 4680 1505 4744 majorem
1545 4687 1800 4745 putamus,
1831 4695 1982 4745 quam
2027 4694 2139 4726 uin-

570 4757 672 4805 bra:
697 4751 801 4805 illae
828 4750 1041 4802 viderint
1067 4790 1080 4813 ,
1123 4758 1168 4801 et
1198 4746 1313 4814 plus
1342 4746 1522 4818 habere
1548 4748 1723 4799 veteris
1750 4750 1924 4818 elegrtn
1952 4748 2014 4799 iw
2036 4746 2141 4799 Ro-

570 4836 757 4883 mana’,
787 4836 937 4887 quam
982 4820 1079 4886 ipsi
1123 4826 1215 4887 aut
1247 4817 1584 4887 intellexerint
1610 4855 1624 4879 ,
1656 4826 1744 4887 unt
1773 4817 1987 4870 assecuti
2017 4818 2137 4887 sint.

570 4891 766 4944 lterum
800 4884 866 4941 'in
912 4884 1113 4955 praet'at.
1157 4886 1221 4937 ad
1266 4890 1517 4952 hymnum
1557 4885 1622 4937 A.
1655 4886 1716 4937 1).
1746 4902 1834 4939 vm
1863 4888 1979 4955 real.
2015 4884 2135 4938 Jan.

573 4960 639 5013 In
660 4957 860 5028 publica
900 4972 1113 5028 censura
1134 4957 1352 5028 usitatos
1381 4956 1503 5006 olim
1526 4954 1814 5028 studiorum
1853 4954 2142 5028 liberalium

576 5023 791 5082 honores
820 5025 1098 5093 petentibus
1134 5023 1291 5093 Ῑιιὶδμε
1331 5025 1592 5090 prapasita
1610 5025 1825 5093 ΔΑιινειίἱ
1872 5023 2142 5093 Prudentii

572 5102 763 5165 scripta
785 5138 798 5160 ,
820 5090 854 5149 ἐ
874 5096 993 5148 viris
1030 5090 1333 5165 doctissimis
1363 5090 1879 5165 AudreaComitiano
1901 5134 1914 5155 ,
1938 5104 1983 5144 et
2015 5090 2145 5145 Gus-

575 5162 698 5235 pare
730 5168 952 5219 Bornera
988 5163 1281 5217 adolescens
1309 5162 1504 5227 audivi,
1532 5162 1686 5231 idque
1706 5164 1767 5214 ab
1792 5163 1852 5216 iis
1881 5164 2150 5231 probatum

576 5240 732 5305 fuisse
755 5236 977 5289 memini.

651 5309 728 5375 (d)
764 5306 828 5360 Et
859 5307 908 5358 in
941 5307 1043 5358 line
1066 5302 1568 5375 adnotationum.-—
1588 5301 1715 5375 Nam
1749 5302 1888 5375 stylo
1916 5302 1993 5355 sic
2021 5302 2151 5375 satis

581 5370 881 5445 perspecto,
916 5390 1040 5445 non
1091 5386 1413 5445 magnopere
1442 5373 1517 5445 ἱι]⁸
1537 5386 1595 5425 re
1621 5370 1972 5445 laborandum
2023 5372 2148 5445 fiuit,

581 5440 763 5511 utpote
790 5444 928 5497 facili
959 5487 972 5509 ,
1004 5453 1057 5497 et
1082 5440 1250 5496 cuivis
1282 5454 1426 5496 nota.
1475 5441 1657 5509 Neque
1685 5442 1825 5495 enim
1855 5442 1941 5508 {ut
1967 5450 2021 5493 et
2050 5440 2148 5494 hoc

586 5517 748 5570 libere
768 5515 963 5580 dicam)
994 5516 1042 5566 in
1074 5528 1137 5562 eo
1156 5513 1329 5565 adhuc
1362 5512 1582 5565 Erasmo
1612 5512 1861 5565 assentiri
1893 5525 2106 5576 possum
2129 5555 2141 5574 ,

582 5588 669 5652 qui
703 5587 751 5637 in
784 5583 1021 5652 apologia
1064 5585 1291 5650 quadam
1320 5590 1503 5636 contra
1527 5581 1803 5652 Latomum
1835 5593 1991 5652 negat
2024 5580 2147 5652 l’ru-

584 5650 830 5706 deminui
852 5650 1028 5719 pne-ris
1049 5652 1442 5720 praelegendum
1467 5665 1606 5714 esse,
1636 5651 1774 5715 quod
1798 5665 1826 5702 a
1851 5650 1977 5720 Solis
1997 5651 2143 5701 theo-

589 5724 716 5791 logis
749 5718 903 5791 queat
949 5718 1189 5791 intelligi.
1220 5720 1347 5787 Qua:
1386 5720 1595 5775 tandem
1629 5722 1731 5773 sint
1762 5720 1845 5772 illa
1893 5718 2141 5781 obscura,

1100 4399 1384 4453 Prudentia
1426 4401 1653 4451 adimunt
1707 4398 1991 4451 doctrinam
2045 4398 2139 4450 viri

2226 3353 2309 3423 tui
2328 3354 2583 3423 reprfre.
2617 3353 2673 3407 Si
2702 3354 2769 3405 de
2797 3354 3086 3420 Apotheosi
3123 3355 3377 3421 loquitur,
3403 3354 3485 3423 (ut
3510 3366 3676 3406 revera
3704 3350 3767 3401 lo-

2225 3422 2429 3490 quiur)
2457 3422 2627 3475 fateor
2656 3425 2898 3488 mundani
2932 3438 3051 3477 esse
3082 3423 3150 3477 ab
3180 3426 3369 3477 usitata
3404 3436 3670 3489 puerorum
3696 3435 3769 3471 co-

2225 3494 2461 3560 gnitione
2501 3493 2739 3545 nonnihil
2775 3503 2978 3546 remota
3006 3535 3020 3557 ,
3054 3510 3176 3561 qua:
3213 3492 3467 3545 nimirum
3490 3491 3770 3561 qumstiones

2228 3565 2294 3615 de
2325 3563 2517 3615 divina:
2549 3564 2735 3615 triadis
2776 3565 3007 3616 essentia
3046 3574 3427 3617 controversas
3454 3568 3766 3616 concernunt.

2229 3633 2332 3688 Sed
2361 3634 2675 3698 quantulum
2723 3635 2796 3697 id,
2830 3635 3050 3699 quaeso?
3099 3634 3210 3686 lino
3244 3633 3288 3685 si
3348 3634 3400 3685 in
3455 3633 3563 3696 ipso
3591 3626 3768 3683 dicendi

2228 3703 2459 3756 artiﬁcio
2483 3704 2611 3755 nihil
2638 3705 3053 3771 requireretnus,
3083 3714 3277 3766 quanta
3303 3703 3507 3769 majore
3537 3700 3772 3771 lacilitate.

2229 3783 2424 3839 quanto
2453 3769 3043 3839 tilieriore'reipublicm
3083 3771 3403 3827 Christiana:
3435 3773 3598 3824 fructu
3628 3769 3770 3839 haec;

2236 3836 2416 3909 pueris
2443 3836 2883 3906 addiscerentur,
2924 3858 3079 3911 quam
3114 3858 3262 3895 vanae
3291 3843 3397 3895 illm
3427 3852 3682 3909 poetarum
3715 3836 3775 3887 lii-

2232 3914 2433 3977 storizr,
2458 3927 2551 3964 seu
2576 3916 2748 3979 potius
2776 3912 2985 3976 fillNllil‘,
3018 3913 3070 3966 in
3100 3914 3291 3981 quibus
3331 3927 3437 3965 non
3462 3912 3637 3972 exigua
3666 3919 3776 3981 tent-

2237 3998 2376 4049 ports
2409 3975 2587 4049 portio
2616 3982 2921 4035 miseri-iure
2962 3975 3278 4035 conteritur.
3312 3983 3637 4035 Accederth
3678 3975 3777 4027 alia:

2233 4052 2641 4105 commoditates
2664 4053 2830 4105 multo
2851 4068 2970 4104 max
3002 4068 3123 4115 mre,
3148 4066 3279 4119 quas
3305 4051 3391 4105 hic
3416 4063 3679 4105 reci‘nsere
3698 4060 3777 4119 ne-

2235 4137 2336 4189 que
2383 4121 2541 4183 hujus
2566 4131 2645 4175 est
2680 4122 2813 4185 loci,
2856 4137 3027 4186 neque
3060 4117 3224 4175 nostri
3258 4121 3506 4173 instituti.
3559 4121 3619 4172 Ut
3650 4117 3778 4182 igitur

2236 4192 2300 4244 ad
2353 4191 2703 4244 Prudentium
2753 4191 3002 4253 redeam,
3044 4194 3145 4245 etsi
3176 4192 3323 4243 nulla
3352 4191 3496 4257 justa
3526 4189 3594 4242 sit
3618 4199 3776 4240 causa.

2239 4276 2333 4314 cur
2363 4260 2603 4312 omnium
2652 4261 2897 4315 manibus
2931 4271 3134 4315 teratur
3161 4303 3176 4321 ,
3202 4256 3363 4329 quani
3397 4262 3533 4328 quod
3565 4274 3658 4310 non
3688 4256 3779 4329 lete

2239 4332 2305 4383 sit
2349 4331 2749 4383 incitamentum
2789 4330 2853 4383 ad
2890 4324 3259 4385 honestissima
3293 4324 3521 4397 qumque
3544 4324 3776 4397 tentanda.

2239 4410 2387 4453 certe
2433 4400 2512 4452 vel
2549 4416 2651 4452 una
2706 4402 2819 4453 lizec
2866 4400 3000 4453 ratio
3053 4403 3182 4454 satis
3229 4400 3409 4453 valere
3437 4394 3651 4452 debeat.
3677 4394 3779 4446 Nam

2243 4471 2427 4539 (libeat
2459 4472 2639 4535 paucis
2688 4468 2923 4539 etagari)
2954 4470 3076 4537 quid
3132 4486 3233 4523 non
3276 4479 3479 4521 castum
3502 4510 3516 4533 ,
3552 4465 3667 4535 qu‘d
3691 4478 3779 4539 non

2246 4530 2418 4601 pium,
2459 4530 2599 4606 'quid
2631 4554 2732 4591 non
2782 4530 3021 4592 sanctum
3066 4541 3118 4593 in
3160 4555 3226 4593 eo
3255 4549 3335 4592 est
3392 4530 3512 4592 non.
3543 4530 3781 4606 reperire?

2245 4609 2409 4664 Totus
2430 4602 2509 4662 est
2535 4609 2586 4662 in
2614 4610 2834 4677 agendis
2854 4611 2960 4663 Ι)υο
2982 4612 3187 4676 gratiis,
3210 4611 3433 4673 eiusque
3460 4602 3780 4661 muniﬁcentia

2246 4679 2646 4746 amplilicmida:
2672 4678 2830 4732 etiam
2859 4679 3209 4734 minutissima
3236 4680 3287 4731 in
3305 4679 3450 4731 illius
3468 4677 3663 4731 laudem
3679 4686 3783 4725 can-

2250 4749 2429 4801 vertit.
2462 4749 2721 4817 Martyres
2751 4760 3079 4815 prmterea...
3124 4753 3233 4803 suis
3262 4748 3503 4801 laudibus
3524 4751 3782 4817 exornat...

2248 4819 2384 4884 Quid
2436 4818 2535 4870 hoc
2577 4811 2691 4870 fieri
2726 4811 2897 4884 potest
2936 4818 3277 4886 religiosius?
3326 4819 3465 4881 Quid
3516 4816 3717 4886 dignius
3743 4811 3781 4860 iu

2248 4882 2548 4953 eiseiriplum
2582 4882 2754 4941 trahi?
2786 4882 3064 4941 Poswemo
3090 4888 3301 4957 quando
3332 4887 3405 4941 illi
3430 4903 3547 4940 cum
3578 4882 3784 4935 hostibus

2249 4972 2334 5010 res
2365 4968 2447 5009 est
2486 4958 2597 5010 sive
2622 4957 2846 5010 internis
2874 4974 3114 5025 corporis
3157 4957 3346 5026 (vitia,
3386 4957 3653 5023 animique
3675 4965 3783 5026 cou-

2251 5027 2611 5095 cupiscentias
2642 5027 2901 5095 intelligo)
2933 5020 3045 5080 sive
3077 5020 3344 5091 externis,
3372 5020 3783 5095 nempe'lia‘rrti-

2256 5094 2351 5157 cis,
2383 5098 2497 5149 sive
2543 5097 2792 5163 gentibus
2820 5094 3084 5150 idolorum
3116 5098 3407 5150 cultoribus
3434 5137 3448 5156 ,
3482 5097 3614 5148 Deus
3644 5094 3783 5163 bone.

2254 5175 2449 5233 quanta
2480 5160 2638 5218 amnti
2681 5168 2954 5220 alacritate
2992 5183 3087 5220 eos
3124 5166 3468 5233 aggreditur?
3497 5180 3598 5232 quo
3623 5160 3786 5212 ardme

2254 5238 2557 5303 depugnat,
2591 5252 2653 5287 ac
2686 5237 3024 5302 prosternit?
3058 5238 3275 5289 Mllllt‘lll
3303 5237 3452 5289 dicas
3482 5235 3782 5303 adhucessq.

2256 5294 2357 5357 noii
2383 5294 2613 5371 (metant.
2640 5294 2703 5356 Ei
2733 5308 2782 5357 in
2803 5307 3099 5375 pra’fatione
3125 5309 3359 5358 secunda:
3378 5294 3786 5375 editionis._bla;.'i5

2256 5375 2379 5427 illud
2416 5375 2579 5429 miror
2602 5416 2616 5437 ,
2658 5392 2764 5442 quo
2790 5371 2943 5443 pacto
2976 5376 3185 5429 fecundi
3220 5378 3447 5441 pectoris
3478 5388 3604 5426 vena
3634 5371 3678 5421 in
3700 5376 3785 5418 tam

2258 5446 2423 5509 varia,
2476 5454 2530 5498 et
2560 5460 2693 5497 nova
2723 5462 2900 5498 rerum
2949 5448 3186 5499 maxime
3218 5446 3499 5496 ardnarnm
3542 5444 3787 5509 perlracta~

2258 5516 2399 5566 tione
2432 5530 2698 5575 nunquam
2730 5516 3000 5569 CXal'llel‘ll
3024 5556 3035 5578 ,
3069 5531 3325 5580 nusquam
3352 5514 3602 5566 defecerit
3626 5550 3639 5571 ,
3668 5510 3788 5580 cella

2253 5585 2432 5703 qiigex
2462 5586 2606 5663 omni
2644 5587 2955 5651 posteritate
2984 5575 3102 5637 cum
3134 5575 3197 5639 ea
3235 5584 3374 5653 paria
3406 5582 3621 5645 fecerit,
3647 5575 3788 5628 adhuc

2255 5670 2359 5703 vni
2395 5669 2682 5703 neminem.

2255 5669 2359 5705 Vllll
2395 5669 2682 5705 llClllllll’lll.
