3998 6182
269 279 355 335 ’ῖ57

709 380 954 428 MARCUS
985 376 1333 427 llOl‘PElilTS.

264 478 272 523 l
298 474 338 520 lu
364 467 623 530 pra-latione
653 463 917 570 PrudentLo
937 461 1219 581 lprirliixlafd
1242 460 1476 507 Joannem
1502 456 1803 518 liudolphum

841 538 866 571 a
954 536 997 572 .r
1021 536 1071 568 ac
1114 561 1123 570 .

841 536 900 571 au
937 536 1123 572 I‘J'lat‘ll.

318 608 430 664 ἓν).
474 606 543 659 De
567 614 790 659 auctore
838 606 967 668 hoc,
1016 618 1175 672 quem
1208 614 1356 655 tuum
1383 617 1503 655 esse
1526 601 1678 659 volo.
1720 598 1801 653 vel

262 698 686 758 lucubrationibus
718 697 835 763 ejus
882 695 1021 763 quod
1074 696 1234 748 multa
1266 695 1439 747 dicam
1463 734 1476 758 ,
1504 692 1635 746 nihil
1669 708 1804 759 OpttS

260 809 360 848 e~se
389 800 533 858 puto;
564 803 685 842 cum
718 802 784 842 eo
808 802 1021 854 semper
1054 788 1169 840 loco
1190 802 1217 839 a
1250 787 1348 853 piis
1382 794 1436 840 et
1456 784 1679 837 eruditis
1711 786 1805 836 ha-

261 888 381 939 bitus
403 884 504 945 sit,
532 897 638 949 quo
662 880 834 948 quivis
864 880 1021 941 alios,
1046 879 1339 946 quamlibet
1365 879 1543 930 clarus
1561 918 1574 937 ,
1602 888 1757 945 poeta
1784 892 1800 930 :

259 980 351 1028 imo
379 981 514 1025 tanto
541 971 742 1038 majore
767 969 958 1037 dignus
990 970 1161 1036 pretio
1192 978 1242 1021 et
1275 969 1478 1020 honore
1505 967 1663 1036 213
1699 982 1803 1035 quo

257 1065 379 1117 circa
406 1075 518 1129 quae
550 1069 792 1113 versatur
817 1098 830 1119 ,
860 1067 1175 1125 argumenta
1199 1096 1215 1121 ,
1248 1073 1405 1126 quam
1444 1072 1805 1125 quorumcuu-

257 1170 345 1222 que
367 1151 690 1205 ethnicorum
716 1189 732 1215 ,
764 1149 1024 1203 nobiliora
1044 1190 1061 1214 ,
1093 1150 1360 1202 sanctiora
1391 1159 1443 1202 et
1474 1147 1685 1201 utiliora
1718 1149 1805 1199 ha-

257 1246 468 1297 bentrir:
510 1251 566 1293 ut
606 1257 724 1309 qua:
772 1256 836 1293 ex
889 1240 1200 1294 sineerioris
1253 1240 1535 1308 theologia:
1566 1238 1804 1292 fontibus

256 1336 481 1402 pleraque
504 1334 681 1386 omnia
715 1333 989 1400 desumpta
1022 1334 1168 1397 sint,
1199 1341 1251 1386 et
1281 1333 1459 1385 omnis
1485 1334 1697 1400 generis
1726 1331 1800 1399 pii

253 1424 468 1481 exercitii
498 1425 771 1477 materiam
799 1434 851 1476 et
872 1439 1086 1476 oausam
1119 1422 1391 1489 praebeant
1422 1421 1523 1493 (α).

677 1512 950 1562 JACOBUS
985 1512 1373 1561 SPIEGELIUS.

601 1596 617 1657 (
646 1594 697 1643 In
717 1608 891 1644 comm.
915 1596 1076 1656 hymni
1098 1594 1239 1644 Omni
1267 1597 1398 1643 lora.
1423 1596 1436 1655 )

311 1678 428 1732 250.
468 1676 703 1743 Quorum
733 1678 1075 1747 (lyricorum)
1108 1678 1352 1745 princeps
1399 1679 1538 1745 apud
1585 1678 1804 1732 Graecos

250 1739 509 1830 Pindarus;
530 1766 670 1835 apud
702 1739 917 1819 Latinos
959 1739 1202 1819 Horatius
1241 1739 1379 1820 inter
1421 1739 1663 1820 ethnicos
1699 1784 1712 1819 :
1747 1775 1804 1820 ut
1838 1739 1886 1798 Β

250 1860 543 1913 Prudentius
600 1860 740 1913 inter
767 1873 881 1924 eos,
916 1858 1003 1927 qui
1035 1859 1084 1911 in
1127 1859 1236 1911 veri
1274 1859 1364 1911 Dei
1405 1860 1798 1913 venerationem

251 1956 426 2020 pietate
456 1954 642 2023 plenos
674 1954 929 2006 modulati
964 1962 1088 2007 sunt
1129 1953 1375 2022 hynunis.

797 2044 919 2094 NlC.
948 2044 1257 2094 HElNSlUS.

248 2132 262 2189 (
289 2127 334 2175 In
356 2131 490 2191 epist.
518 2128 681 2177 dedic.
707 2142 808 2177 suae
834 2131 1060 2177 editionis
1100 2128 1349 2178 Prudentii
1374 2129 1433 2191 ad
1457 2128 1813 2181 Ferdinaudum

633 2191 911 2251 episcopum
934 2190 1415 2253 Paderbonensem.)

308 2273 568 2325 Aurelium
600 2272 948 2326 Prudentium
978 2273 1305 2327 Clementem
1336 2290 1445 2342 quo
1476 2289 1632 2327 nemo
1666 2284 1813 2329 vete-

246 2376 347 2415 rum
374 2367 569 2429 inajure
617 2378 738 2416 cum
786 2378 1036 2417 successu
1090 2365 1272 2431 poesin
1316 2364 1605 2418 Christiani
1655 2380 1813 2434 argu~

243 2455 389 2506 tuenti
412 2454 548 2506 dedit
568 2455 858 2519 excultam,
874 2464 963 2508 aut
985 2456 1334 2509 laudabiliore
1356 2456 1603 2525 exemplo
1634 2457 1809 2519 luntre,

243 2557 299 2594 ac
327 2545 617 2610 posteritati
643 2545 1052 2608 commendavit,
1075 2557 1176 2598 etc.
1208 2546 1356 2598 Hunc
1383 2556 1435 2599 tu
1464 2558 1674 2615 poetam
1702 2548 1809 2614 jam

242 2634 303 2685 ab
342 2649 506 2702 ungue
559 2644 750 2688 tenero
795 2635 1108 2688 t'.uniliarem
1160 2637 1423 2701 habuisti;
1456 2638 1596 2691 hunc
1635 2649 1807 2691 tecum

241 2726 309 2779 sic
337 2726 625 2779 admiratus
660 2737 740 2779 est
781 2728 949 2780 Lucas
979 2728 1067 2779 ille
1099 2737 1216 2781 tuus
1251 2727 1576 2791 llolstenius,
1610 2729 1807 2782 claris-

241 2816 349 2868 siml
378 2818 454 2869 vir
483 2817 739 2881 nominis,
772 2828 826 2869 ut
851 2819 1079 2871 animam
1111 2820 1218 2883 jam
1247 2834 1413 2888 agens
1440 2835 1500 2872 ae
1532 2822 1806 2876 moribun-

239 2905 347 2966 dus,
376 2922 467 2973 per
506 2917 556 2960 te
583 2906 689 2960 sibi
720 2923 781 2960 ex
804 2908 1191 2961 Cathemerinis
1221 2909 1498 2979 hymnum,
1530 2912 1620 2980 qui
1648 2926 1803 2966 exse-

239 2994 364 3061 quiis
404 2996 783 3050 defunctorum
813 2999 988 3064 datur,
1030 2999 1242 3052 recitari
1271 2999 1517 3065 voluerit,
1547 3010 1704 3069 atque
1738 3017 1803 3055 eo

1611 259 2134 315 l'litlLECUllliNA.

1830 376 1878 434 A
1907 375 2240 439 proponitur.
2278 373 2500 426 Favetiis
2532 372 2627 436 illi,
2658 372 2865 441 opinor.
2904 383 2955 426 tl.
2986 375 3251 429 hominem
3281 373 3477 439 ingenii

3376 259 3481 315 758

1910 480 1968 515 ae
2004 465 2211 532 pietatis
2239 464 2407 531 gloria
2452 464 2750 530 ﬂorentem,
2786 465 2873 531 qui
2920 466 3254 531 superiorum
3285 471 3485 528 tempu-

1908 572 2023 609 rum
2060 556 2249 623 injuria
2275 555 2594 623 tantiSper,j
2634 556 2758 619 cuit,
2794 556 3019 623 benigne
3058 564 3116 608 ut
3150 562 3373 610 eieteros
3402 570 3491 609 so-

1908 649 2006 715 les,
2048 648 2275 715 accipies
2322 646 2418 716 (b).
2465 648 2528 699 Et
2580 648 2630 699 in
2668 647 2778 699 Vita
2809 647 2969 716 214
3010 647 3281 701 Prudentii
3308 665 3320 699 :
3352 646 3486 701 Illud

1908 739 2120 801 mirere,
2157 739 2281 791 licet
2328 737 2396 790 de
2428 736 2587 789 variis
2620 737 2912 791 hmresibus
2943 737 3105 790 multa
3148 736 3373 798 dixerit,
3407 744 3488 789 ta-

1906 842 2028 882 men
2060 830 2230 896 ipsum
2263 828 2415 891 nihil,
2452 827 2592 894 quod
2640 828 2691 881 in
2738 827 3058 881 deteriorem
3087 828 3255 895 accipi
3286 835 3485 895 partem

1911 927 2114 986 posset,
2166 928 2257 971 aut
2306 919 2506 973 erroris
2538 918 2857 985 insimulari,
2887 918 3186 984 scripsisse.
3215 918 3351 984 Quin
3379 916 3488 973 imo

1909 1020 2156 1077 tanquam
2188 1025 2219 1063 e
2253 1025 2384 1078 puro
2414 1008 2559 1062 l'unte
2592 1008 2806 1062 haurire
2844 1023 2907 1061 es
2940 1008 3083 1062 illius
3126 1007 3336 1076 scriptis
3366 1023 3489 1077 pos-

1909 1116 2097 1155 sumus
2124 1102 2300 1154 omnia
2329 1109 2527 1154 sanctze
2560 1100 2811 1152 Ecelesia:
2839 1100 3094 1154 Romana:
3119 1100 3394 1168 dogmata;
3425 1115 3489 1153 ac

1909 1194 2238 1263 potissimum
2288 1208 2347 1245 ea
2399 1207 2517 1260 qua:
2564 1191 2843 1245 Trinitatis
2874 1189 3181 1260 mysterium
3221 1199 3486 1258 spectant,

1907 1284 2104 1339 Christi
2155 1283 2482 1335 nativitatem
2531 1282 2998 1348 divinitatemque;
3033 1280 3209 1333 Maria:
3259 1280 3488 1348 Virginis

1909 1374 2289 1441 integritatem,
2344 1371 2543 1424 cultum
2599 1381 2937 1431 sanctorum;
2987 1370 3301 1437 illorurnque
3349 1369 3487 1437 apud

1913 1464 2073 1516 Deum
2117 1462 2362 1530 gratiam,
2395 1468 2450 1513 et
2498 1468 2834 1526 pozestateni.
2882 1459 3014 1511 lline
3042 1465 3303 1527 quotquot
3341 1456 3489 1512 luere

1912 1550 2130 1604 litterati
2159 1549 2281 1613 viri,
2310 1548 2678 1601 auctoritatem
2710 1547 2979 1601 Prudentii
3007 1546 3225 1603 minime
3249 1556 3487 1603 contem-

1912 1640 2139 1693 nendam
2170 1639 2452 1692 duxerunt.

2341 1728 2403 1776 Μ.
2427 1728 2486 1777 D.
2511 1727 2762 1777 MULLER
2787 1730 2839 1777 S.
2862 1728 2901 1776 1.
2928 1729 2981 1777 Ρ.
3004 1728 3061 1778 Β.

1921 1835 1936 1894 (
1965 1833 2015 1881 in
2042 1834 2317 1895 przet‘alione
2345 1832 2567 1897 editionis
2592 1832 2841 1897 Prudentii
2865 1847 2991 1897 anno
3036 1835 3175 1897 1701,
3213 1848 3321 1885 cum
3364 1838 3490 1886 notis

2438 1896 2622 1943 lleinsii
2649 1904 2699 1943 et
2720 1894 2936 1943 aliorum.
2966 1896 2983 1958 )

1988 1997 2113 2053 252.
2143 1999 2341 2052 Aurelii
2376 1998 2647 2052 Prndcutii
2688 1997 2977 2054 Clementis
3017 2015 3176 2067 opera
3223 2008 3366 2055 tanto
3392 2003 3489 2054 mi-

1918 2104 2050 2142 nore
2080 2089 2544 2143 commendatione
2568 2098 2744 2157 egent,
2764 2100 2962 2158 quanto
2981 2109 3007 2142 ιι
3032 2092 3144 2158 agis
3171 2107 3229 2145 se
3250 2095 3315 2146 ab
3342 2094 3487 2146 omni

1917 2196 2030 2236 aevo
2049 2196 2111 2234 ex
2132 2197 2236 2248 quo
2265 2181 2467 2249 scripta
2496 2189 2619 2234 sunt
2638 2185 3099 2237 commendarunt.
3129 2184 3313 2239 Nullus
3341 2194 3487 2240 certe

1918 2283 2189 2341 poetarum
2220 2272 2639 2326 Christianorum
2673 2284 2755 2328 est
2794 2274 2995 2342 antiqui
3026 2276 3166 2329 il'ius
3211 2276 3483 2343 temporis,

1914 2379 2034 2418 eum
2065 2378 2170 2432 quo
2194 2380 2294 2416 nun
2326 2365 2575 2431 componi
2598 2366 2791 2433 possit:
2818 2382 2989 2434 neque
3016 2368 3295 2435 quisquam
3325 2368 3485 2421 etiam

1913 2456 2000 2524 qui
2035 2457 2236 2522 piormu
2268 2463 2322 2508 et
2348 2454 2676 2508 eruditorum
2710 2456 2954 2509 manibus
2994 2457 3320 2524 frequentius
3344 2467 3486 2509 tera-

1913 2560 2018 2613 tur,
2049 2557 2138 2599 aut
2168 2550 2217 2599 in
2246 2560 2401 2614 quem
2426 2561 2582 2600 curas
2614 2561 2736 2600 snas
2767 2548 2974 2616 utrique
2999 2548 3342 2602 contulerint.
3379 2547 3487 2602 lloc

1915 2640 2070 2694 toties
2092 2636 2327 2706 repetita:
2358 2636 2496 2689 illius
2526 2636 2814 2703 editiones,
2832 2649 2883 2690 et
2912 2652 2941 2690 a
2964 2638 3205 2706 plurimis
3224 2649 3482 2706 suscepta:

1912 2730 1964 2784 in
1995 2729 2141 2782 illum
2172 2727 2578 2792 illustrationes,
2610 2736 2662 2781 et
2686 2728 2987 2796 con-cripta
3028 2736 3285 2783 testantur
3314 2728 3485 2782 adno-

1910 2830 2035 2875 tata.

2519 2886 2881 2936 ClZLLAlllUS.

2308 2964 2327 3027 ἰ
2360 2965 2409 3014 ln
2435 2969 2617 3028 praefat.
2658 2981 2758 3017 sure
2793 2969 3037 3018 editionis.
3069 2970 3085 3030 )

238 3096 376 3150 Par-to
421 3088 470 3139 in
523 3088 782 3143 solatium
836 3091 958 3143 vita:
1008 3089 1244 3143 melioris
1274 3106 1449 3143 men.e
1480 3101 1711 3157 ercetuS,
1746 3107 1805 3147 3c
1834 3092 1878 3154 C
1977 3072 2103 3129 255'
2135 3070 2554 3129 Chrisuanomm
2587 3080 2859 3140 poetarum
2891 3071 3071 3138 "rma
3098 3087 3181 3123 om
3214 3071 3483 3125 Aurelium

239 3176 335 3230 Deo
356 3179 540 3247 plenus
576 3182 889 3249 exspirarit.

765 3270 1264 3321 CllAMlLLARDUS.

493 3355 510 3418 (
537 3354 591 3404 In
626 3356 827 3414 epistola
866 3356 1021 3404 dedic.
1048 3357 1105 3403 ad
1146 3355 1454 3417 Delphinum.
1479 3357 1496 3415 )

292 3437 412 3492 9.51.
438 3438 669 3492 Summo
691 3440 787 3492 l'uit
807 3439 1125 3493 Prudentius
1150 3442 1285 3508 apud
1316 3440 1359 3492 A
1391 3441 1601 3494 cad.um
1618 3451 1672 3495 et
1692 3442 1801 3495 llo-

232 3528 424 3579 uurium
456 3528 508 3581 in
540 3529 743 3597 pretio,
775 3531 895 3597 quia
927 3530 1055 3597 ipsis
1082 3531 1409 3598 exemplum,
1434 3532 1572 3599 quod
1606 3549 1799 3601 seque-

228 3628 418 3683 rentur,
452 3621 504 3674 in
538 3620 918 3674 describendis
948 3620 1056 3673 illis
1087 3621 1363 3674 catholica:
1401 3622 1677 3691 religionis
1710 3623 1803 3677 he-

229 3710 395 3762 roibus
429 3712 790 3779 proponebat.
829 3710 969 3765 Idem
1018 3712 1110 3764 tibi
1154 3726 1184 3764 α
1232 3726 1442 3765 summo
1497 3713 1586 3767 illo
1646 3727 1798 3782 poeta

290 3869 360 3931 (α)
398 3870 575 3931 Pergit
629 3869 907 3932 lloiipcrns
939 3865 1262 3931 singuloruu
1295 3867 1590 3919 carminum
1644 3883 1805 3934 argu-

228 3948 391 3987 menta
442 3955 524 3992 cxi
552 3940 761 3992 lauare.
810 3938 943 3989 Nam
985 3948 1034 4007 ut
1066 3937 1376 4007 singulorum
1424 3937 1635 4007 singulis
1664 3940 1811 4006 quasi

226 4012 376 4057 verbis
406 4018 778 4070 opusculorum
832 4006 1095 4075 perioelms
1140 4006 1517 4072 cognoscendas
1546 4009 1634 4058 ubi
1664 4007 1807 4060 exhi-

226 4080 354 4144 tieam
383 4094 399 4129 :
432 4082 574 4129 risne
624 4079 796 4129 carnis
841 4078 1079 4128 adversus
1108 4076 1538 4144 concupiscenius
1578 4079 1813 4130 armari?

228 4142 285 4197 In
338 4144 911 4213 Psgcliomacliia,quw
957 4148 1120 4212 prima
1173 4142 1415 4206 occurrit,
1466 4154 1512 4197 te
1558 4156 1806 4200 exerceto.

233 4215 313 4267 Vis
365 4214 571 4269 Domini
607 4218 770 4268 nostri
801 4216 925 4268 Jrsu
974 4214 1161 4267 Christi
1192 4216 1443 4265 miracula
1467 4224 1510 4265 et
1539 4216 1805 4282 immensa,

225 4301 329 4350 qum
378 4285 610 4338 Immone
663 4288 836 4352 generi
889 4286 1144 4351 prarstitit,
1198 4284 1438 4345 bene/mia
1486 4301 1804 4351 cognoscere,

1914 3166 2257 3220 Prudentimn
2280 3165 2607 3221 Clementem
2633 3161 2779 3214 vides
2797 3159 2941 3213 curis
2964 3162 3156 3214 nostris
3176 3163 3366 3215 lnCllttll
3390 3177 3452 3216 ev
3468 3193 3482 3201 -

1914 3257 2268 3325 plieatiorem.
2299 3257 2435 3309 Dum
2466 3259 2515 3306 in
2545 3253 2704 3323 215
2732 3251 2868 3304 votis
2911 3249 3090 3314 habui,
3121 3259 3178 3303 ut
3221 3266 3341 3304 eum
3372 3251 3485 3305 Vir-

1910 3350 2057 3418 gillo,
2072 3349 2290 3403 Horatio
2316 3365 2376 3403 ac
2398 3348 2655 3402 Cicerone
2681 3347 2732 3399 in
2755 3344 3069 3398 Christianis
3099 3344 3299 3399 scholis
3324 3346 3487 3398 etiam

1913 3439 2174 3494 Minucius
2210 3440 2385 3503 Felix,
2416 3448 2469 3493 et
2486 3437 2787 3491 Lactantius
2809 3449 2870 3488 ac
2916 3434 3229 3488 Prudentius
3256 3437 3481 3504 conjun-

1908 3543 2119 3600 gantur,
2162 3530 2490 3599 utjuventns
2533 3538 2713 3581 n..stra
2755 3542 2839 3579 res
2872 3526 3122 3580 Erelesize
3162 3526 3393 3596 antiqua:
3434 3537 3483 3583 et

1903 3623 2020 3692 ejus
2051 3623 2287 3677 divinum
2320 3636 2556 3685 sensum,
2588 3627 2643 3674 ct
2672 3635 2847 3674 mores
2873 3633 2937 3673 ac
2966 3618 3069 3672 fata
3108 3630 3250 3673 recte
3290 3637 3481 3689 cogito

1905 3724 2023 3770 seat
2047 3714 2146 3784 (c).

1918 3868 2108 3921 litteris
2159 3865 2457 3919 imbuendte
2506 3864 2802 3931 prmlectos,
2832 3862 3078 3915 Carolum
3126 3862 3481 3915 Sancta-Mm-

1923 3952 2113 4000 meum,
2150 3936 2491 3989 Montauserii
2515 3936 2726 3989 ducem.
2752 3931 3004 3986 Jacubum
3039 3932 3400 3995 Benignnm'B
3437 3949 3484 3984 s-

1914 4007 2165 4067 suctiutn,
2199 4017 2249 4056 et
2281 4005 2493 4058 Petrum
2524 4001 2795 4055 Dauielctn
2826 4002 3097 4063 lluetiutn,
3122 4002 3208 4063 qui
3251 4000 3484 4055 Pruden-

1917 4077 2043 4128 tium
2074 4075 2140 4126 ad
2188 4089 2337 4126 usum
2393 4072 2632 4136 Delphini
2685 4073 3082 4123 commentariis
3116 4070 3483 4122 iliustranduui

1913 4154 2255 4199 censuerunt.
2292 4142 2436 4195 lianc
2458 4141 2799 4195 Chamillardi
2832 4141 3117 4193 editionem
3151 4150 3297 4191 tanto
3324 4155 3485 4206 appa-

1916 4226 2034 4267 ratu
2085 4222 2440 4281 procuralam,
2468 4220 2522 4264 et
2566 4229 2592 4262 a
2626 4211 2802 4281 multis
2850 4226 2988 4262 nunc
3018 4210 3331 4281 expetitum,
3357 4212 3483 4262 olim

1912 4278 2171 4337 rei-odere
2218 4285 2599 4349 eugitavcram,
2632 4279 2772 4347 quod
2822 4281 2890 4331 ita
2922 4289 3170 4347 oportere
3194 4278 3486 4345 judica-set

224 4344 488 4422 laudesque
517 4359 635 4421 ejus
663 4344 989 4407 "decantare?
1018 4344 1417 4433 Catlienterinmn
1449 4344 1676 4422 repetito.
1711 4344 1807 4433 Vis
1835 4374 1888 4433 Ι)
1916 4356 1993 4407 vir
2029 4344 2309 4433 omnigeua
2358 4344 2660 4433 eruditione
2704 4344 3105 4433 celeberrimus.
3141 4344 3352 4433 Sedab
3384 4350 3484 4433 Iroe

225 4436 509 4477 sanctorum
558 4434 852 4492 martyrum
903 4423 1144 4490 exemplis
1190 4424 1344 4489 [idem
1396 4432 1441 4473 rt
1474 4426 1807 4477 constantiam

225 4504 349 4545 tuam
379 4495 435 4549 in
476 4498 736 4565 religione
765 4495 1053 4547 Christiana
1092 4493 1407 4565 corroborari
1431 4493 1455 4544 ?
1483 4492 1810 4565 Perisleplta-

223 4582 321 4616 κωη
352 4563 617 4633 inspicio.
662 4564 755 4618 Vis
782 4566 1128 4616 Iiwreticorum
1161 4563 1291 4629 falsa
1331 4564 1489 4633 vitare
1531 4564 1811 4629 dogmata?

224 4629 530 4701 Apotheosin
574 4647 624 4689 et
681 4633 1105 4703 Ilamartigenian
1163 4633 1337 4702 legito.
1388 4629 1478 4683 Vis
1526 4633 1810 4687 horrendas

222 4704 478 4767 gentilium
508 4705 899 4768 superstitiones
925 4702 972 4756 ct
992 4703 1314 4755 idololatrias
1341 4719 1454 4752 cum
1483 4702 1811 4755 detestatione

223 4775 498 4827 admirari?
523 4776 603 4828 Ea
631 4790 749 4838 qua:
776 4784 951 4825 contra
977 4772 1340 4841 Symmachum
1370 4773 1526 4837 scrips
1551 4781 1568 4823 t
1622 4789 1811 4838 cogno-

224 4844 359 4895 scito.
400 4845 489 4897 Vis
521 4847 744 4912 denique
766 4859 938 4896 sacras
965 4840 1220 4909 utriusque
1251 4840 1553 4912 'l'estann-nti
1574 4843 1809 4895 historias

222 4913 266 4963 ἐν
286 4915 496 4988 ἐπιτομῇ
523 4916 792 4988 memorie:
829 4913 1111 4965 mandare?
1137 4912 1471 4964 Encln'ridion
1519 4911 1539 4981 (
1555 4912 1689 4979 quod
1720 4928 1813 4981 po-

222 4994 452 5036 stremum
472 4984 580 5053 est)
604 4984 841 5036 cvatrito.

288 5052 357 5121 (b)
386 5054 440 5106 In
475 5050 801 5121 praefatione
822 5051 1205 5104 tiliatnillardus
1228 5050 1485 5121 landatin
1518 5050 1812 5104 Prudentio

222 5120 443 5176 studium
476 5120 715 5191 insigne
744 5122 1034 5188 religionis,
1076 5121 1329 5173 doetrinm
1365 5120 1552 5191 tnirani
1583 5121 1811 5173 varieta-

224 5201 343 5249 tem.
380 5189 628 5260 magnos
661 5192 779 5245 illos
827 5192 1064 5256 Spiritus,
1093 5191 1283 5257 quibus
1325 5189 1575 5242 al'llantur
1608 5200 1809 5254 poclm;

224 5262 471 5331 quidquid
516 5266 570 5317 in
606 5262 813 5317 Grmeis
844 5275 905 5314 ac
938 5261 1137 5312 Latinis
1173 5260 1349 5331 poetis
1373 5276 1616 5321 sparsum
1650 5275 1710 5311 ac
1736 5260 1813 5312 lu-

226 5348 335 5383 sum
365 5329 471 5395 est,
524 5348 705 5386 unum
759 5331 1098 5385 Prudentium
1144 5339 1218 5381 ait
1247 5329 1438 5394 collegi
1471 5344 1529 5381 se
1559 5344 1814 5393 compen-

228 5402 415 5469 diuque
449 5412 878 5468 repraesentasse
915 5418 927 5454 :
964 5403 1238 5454 Erasmnm
1271 5408 1325 5452 et
1369 5399 1637 5469 llcinsitttn
1671 5400 1814 5451 loeu-

227 5467 420 5525 tioniim
472 5472 814 5534 Latinarum,
847 5486 977 5540 quas
1009 5470 1341 5523 imitarentur
1366 5467 1489 5533 ipsi,
1544 5467 1739 5520 fortnas
1762 5480 1815 5520 et

225 5542 429 5603 lepores
470 5558 499 5594 a
553 5541 849 5595 l’rudentio
896 5556 1015 5593 esse
1048 5547 1316 5592 mutuatos
1352 5556 1362 5587 :
1402 5540 1714 5603 praeclarum
1748 5540 1814 5591 de

228 5610 511 5665 Prndentio
558 5611 824 5679 judicium
870 5612 1051 5664 tulisse
1082 5620 1188 5661 tres
1210 5607 1639 5679 sapientissimo..-
1670 5608 1813 5659 virus

226 5678 569 5736 set'euissimi’
612 5680 862 5744 Delphiui
906 5680 1277 5734 adolescentia:
1328 5680 1479 5733 bonzs
1528 5678 1731 5731 artibus
1762 5686 1817 5731 et

1912 4424 2136 4477 consilio
2165 4418 2325 4475 multa
2361 4438 2447 4475 me
2475 4423 2863 4473 deterruerunt.
2901 4420 3134 4471 Primum
3187 4418 3349 4469 editio
3400 4419 3484 4471 illa

1914 4492 2229 4547 Parisiensis
2258 4490 2594 4559 potissimum
2624 4494 2875 4551 quaeritur
2908 4489 2968 4539 ad
2999 4488 3189 4541 seriem
3212 4488 3487 4559 compleu-

1912 4564 2032 4617 dam
2062 4557 2313 4616 similium
2360 4561 2685 4623 editionum;
2716 4559 2900 4611 eadem
2935 4559 3070 4626 typis
3097 4559 3215 4609 aliis
3259 4557 3487 4623 repetita

1913 4634 2211 4686 vilesceret.
2258 4631 2456 4683 Deinde
2505 4628 2872 4694 interpretatio
2919 4642 3060 4694 Ssrpe
3110 4628 3332 4679 obseura
3377 4637 3483 4689 est,

1912 4703 2175 4755 interdum
2208 4700 2537 4767 imperfecta,
2567 4699 2654 4750 ubi
2686 4709 2861 4749 autem
2891 4698 3111 4763 optima,
3136 4697 3265 4749 solis
3309 4699 3489 4761 pueris

1914 4772 2077 4823 utilis.
2106 4771 2239 4823 Tum
2294 4769 2535 4837 plurima:
2586 4777 2723 4819 nota:
2760 4768 2811 4819 iu
2862 4768 3393 4837 rebusﬁpervulgatis
3423 4782 3487 4821 ae

1912 4842 2156 4894 contritis
2190 4849 2501 4902 versantur;
2530 4838 2729 4891 critica:
2757 4847 2917 4903 notae,
2949 4851 3009 4888 ex
3040 4836 3256 4889 lleinsio
3285 4836 3489 4903 petitae,

1913 4927 2016 4963 non
2043 4917 2164 4964 sunt
2191 4926 2219 4963 a
2252 4909 2426 4969 uultis,
2458 4909 2545 4976 qui
2596 4907 2755 4960 codd.
2804 4920 2932 4959 mss.
2966 4907 3349 4969 consuluimus,
3376 4922 3485 4976 ex-

1913 4982 2229 5044 serihendze,
2277 4978 2368 5032 sed
2399 4980 2449 5031 in
2481 4975 2703 5031 examen
2759 4976 3029 5029 vocanda}.
3066 4976 3233 5030 Postri
3257 4991 3342 5029 mo
3372 4975 3487 5029 loca

1913 5066 2079 5103 saera:
2129 5050 2441 5118 Scriptura',
2495 5058 2548 5098 et
2586 5048 2683 5099 SS.
2718 5045 2934 5118 Patrum
2982 5046 3484 5118 Cli_atnillart_lus__ex

1916 5121 2144 5174 fontibus
2170 5114 2271 5172 non
2298 5118 2680 5185 limpidissimis
2700 5116 3009 5182 plenumque
3037 5114 3337 5185 descripsit.
3358 5114 3487 5185 lia-e

1913 5192 2088 5241 omnia
2140 5190 2357 5247 singulis
2394 5182 2544 5239 'lucis
2574 5185 2618 5237 si
2651 5186 2717 5236 ah
2755 5200 2841 5243 eo,
2869 5184 2956 5251 qui
3000 5184 3292 5235 editionem
3344 5182 3485 5234 Cha-

1918 5259 2144 5311 millardi
2180 5254 2838 5326 reprieseutaret,silentio
2867 5254 3280 5326 prieterireutur,
3305 5252 3484 5326 eieteri

1917 5318 2300 5394 indiligentia-iu
2348 5324 2777 5394 accusarentisi
2814 5328 3145 5394 notarentur,
3161 5318 3373 5371 taedium
3407 5319 3486 5371 in-

1915 5390 2175 5452 credibile
2204 5408 2277 5447 tot
2308 5410 2482 5447 rerum
2516 5392 2857 5457 repetitiones
2898 5390 3080 5442 lectori
3116 5396 3379 5457 parerent.

1990 5466 2063 5534 (c)
2111 5466 2246 5534 Audi
2282 5478 2421 5534 nunc
2467 5455 2589 5528 qum
2621 5457 2907 5534 Pru_denti_o
2936 5458 3107 5534 __ohjiei
3131 5458 3290 5534 _tli_cat
3319 5455 3487 5534 Cella:

1917 5524 2079 5589 ritis:
2121 5532 2424 5591 Prudentia,
2464 5524 2689 5598 e'jusque‘r
2714 5527 2766 5577 in
2804 5526 2990 5579 scholis
3019 5524 3143 5579 lusui
3184 5526 3286 5577 duo
3334 5524 3487 5594 objici

1918 5606 2147 5671 equidem
2178 5618 2276 5652 non
2308 5596 2507 5671 ignoro,
2541 5596 2767 5671 videlicet
2804 5608 3061 5671 utramque
3087 5597 3193 5661 ejus
3220 5598 3487 5671 a‘wcpuiim

1920 5665 2019 5725 tum
2048 5671 2215 5736 metri,
2250 5672 2297 5722 in
2325 5668 2514 5722 Urwcis
2536 5666 2751 5719 niuminte
2773 5665 3040 5731 vocabulis,
3068 5680 3215 5726 quam
3238 5668 3488 5733 religiosis
