3998 6182
485 265 592 340 -737
1597 268 1869 324 AURELII
1914 268 2278 326 PRUDENTJ
2318 269 2648 326 CARtllNA.
3615 285 3690 339 788

745 377 963 446 Impune
996 388 1181 446 peccat
1215 386 1452 446 tempore
1479 395 1491 430 :
2108 385 2155 438 A
2433 381 2762 450 Castumque
2794 393 3022 454 nugator
3042 385 3223 455 sapit?

739 472 840 524 Sed
876 471 960 524 lux
993 471 1128 523 dolis
1167 471 1436 524 contraria

493 558 563 610 ἓξ)
751 563 938 615 Latere
970 561 1167 615 furtum
1195 579 1265 615 n0
1290 585 1300 609 ι
1328 563 1472 616 sinit.

680 653 901 708 Versuta
932 655 1073 708 fraus
1101 665 1154 708 et
1184 657 1372 710 callida

743 751 900 799 Amat
930 753 1066 800 tene3
1092 747 1163 799 ris
1194 749 1394 820 obtegi,

745 839 1041 904 Aptautupte
1074 848 1282 892 noctem
1315 839 1559 903 turpibus

743 928 965 981 Adulter
991 930 1234 982 occultus
1265 929 1426 982 fovet.

495 1020 561 1074 Ξῖ)
674 1021 763 1074 Sol
793 1036 922 1076 ecce
951 1023 1121 1089 surgit
1153 1023 1357 1092 igneus.

747 1114 914 1182 Piget.
949 1113 1210 1181 pudescit,
1246 1117 1490 1182 ptenitet.

742 1203 848 1257 Nec
875 1214 1009 1258 teste
1039 1206 1321 1274 quisquam
1350 1208 1547 1258 lumine

753 1296 983 1348 Peccare
1014 1306 1327 1350 constanter
1349 1313 1381 1362 p
1407 1305 1545 1350 test.

669 1389 798 1454 Quis
825 1403 982 1440 mane
1012 1389 1240 1457 sumptis
1266 1389 1511 1456 nequiter

493 1481 561 1533 230
742 1478 907 1548 248
933 1479 1046 1532 Νοη
1063 1478 1331 1532 erubescit
1350 1479 1575 1547 poculis,

742 1573 871 1625 Cum
906 1570 962 1624 ﬁt
992 1571 1159 1625 libido
1191 1581 1521 1642 temperans,

562 1781 648 1833 19.
681 1781 843 1841 nolis,
872 1783 1062 1850 furum,
1095 1781 1133 1833 1.

559 1853 651 1905 22.
688 1856 860 1912 Amat,
897 1853 1034 1918 cupit
1057 1854 1328 1918 coo,ieriri,
1363 1853 1403 1906 1.

558 1925 650 1976 ‘23.
682 1922 973 1990 Turpibus.
998 1922 1167 1984 rebus,
1205 1923 1241 1974 I.

557 1994 648 2047 21.
688 1992 878 2056 Fovet,
912 2001 1068 2053 autat,
1096 1993 1214 2046 Vat.
1245 1996 1308 2047 Λ.
1341 2007 1388 2048 el
1432 1997 1467 2047 1.

559 2065 650 2115 ‘26.
683 2064 935 2125 Pmtiitet,
963 2063 1256 2117 adulterum
1283 2068 1361 2117 sui
1394 2066 1619 2118 sceleris.
1648 2067 1682 2118 Ι.

555 2136 646 2188 98.
680 2132 1024 2202 Constanter,
1055 2135 1320 2196 audacter,
1359 2136 1592 2203 ﬁduciali
1619 2154 1689 2198 er,
1716 2137 1752 2188 I.
1791 2136 2068 2202 Audacter,

491 2208 609 2259 Vat.
644 2207 708 2258 Α.

557 2277 648 2330 29.
677 2275 848 2343 Mane,
881 2276 925 2330 si
951 2292 1101 2329 mane
1125 2277 1293 2330 ebrius
1319 2278 1504 2346 fuerit,
1528 2277 1567 2330 1.

557 2349 616 2399 51
635 2388 648 2400 .
681 2347 834 2409 (lum,
861 2350 1087 2414 quando.
1115 2347 1153 2400 l.

557 2420 647 2471 3:2.
698 2419 936 2480 Castum,
984 2418 1289 2480 castitatem,
1339 2419 1375 2469 I.
1426 2416 1528 2470 I’ro
1569 2420 1820 2483 castitate,
1871 2434 2072 2470 nomen.

492 2489 611 2540 Vat.
641 2489 705 2541 A.

561 2560 649 2614 55.
691 2560 971 2629 Severum.
1010 2557 1216 2629 adverb.
1240 2558 1478 2629 graviter,
1517 2559 1552 2611 1.
1598 2557 1702 2611 Pro
1745 2558 2002 2611 adverbio.
2034 2560 2071 2611 i.

492 2647 536 2683 e.
563 2628 780 2699 graviter
803 2637 849 2678 et
878 2628 1102 2688 honeste.
1138 2627 1255 2699 Vat;
1297 2630 1363 2681 A.

562 2697 652 2754 54.
687 2697 993 2763 Ludicrum,
1029 2697 1327 2762 ludibrium,
1359 2699 1397 2752 1.

2362 471 2513 524 Nunc
2543 489 2682 527 nunc
2707 489 2954 530 severum
2985 479 3208 540 vivitur.

2442 568 2594 621 Nunc
2620 583 2780 622 nemo
2807 578 2976 624 tentat
3007 571 3293 638 ludicrum,

2189 660 2257 711 55
2440 658 2618 726 Inepta
2650 675 2790 715 nunc
2819 676 3009 718 omnes
3037 679 3132 718 sua

2442 749 2601 803 Vultu
2629 749 2882 804 colorant
2903 754 3066 807 serio.

2366 841 2489 895 llaec
2512 843 2642 897 liora
2675 846 2884 897 cunctis
2915 847 3078 914 utilis,

2430 933 2546 998 Qua
2576 935 2824 1004 quisque,
2850 938 2989 1005 quod
3021 939 3222 998 studet.
3247 949 3422 1009 gerat:

2430 1026 2598 1089 Miles.
2633 1036 2866 1096 togatus.
2894 1030 3096 1094 navita,

2183 1118 2250 1172 4ιο
2432 1118 2646 1186 Opilex.
2675 1130 2877 1186 arator,
2912 1122 3146 1176 institor.

2364 1209 2516 1264 lllttm
2548 1210 2774 1266 forensis
2796 1213 2985 1282 gloria,

2432 1301 2594 1373 249
2626 1303 2774 1358 llunc
2804 1304 2956 1360 triste
2979 1313 3155 1376 raptat
3181 1306 3490 1362 classicum:

2429 1392 2692 1447 Mercator
2722 1394 2868 1461 hinc,
2907 1411 2969 1449 ac
2996 1398 3230 1452 rusticus

2435 1488 2612 1538 Avara
2638 1487 2914 1556 suspirant
2941 1488 3110 1542 lucra.

2180 1580 2248 1631 45
2360 1579 2426 1632 At
2456 1594 2552 1633 nos
2579 1580 2774 1644 lucelli,
2803 1596 2864 1636 ac
2897 1581 3122 1645 fenoris,

1806 1693 2025 1748 CLOSS
2039 1693 2098 1746 ΑΒ
2140 1693 2177 1745 ν
2193 1693 2374 1748 E'I‘ER
2385 1696 2488 1750 ES.

2254 1785 2342 1838 55.
2377 1786 2581 1854 Inepta,
2613 1788 2825 1847 incesta,
2856 1789 2895 1843 l.
3674 1830 3678 1834 ~

2252 1855 2340 1909 56.
2376 1855 2654 1920 Colorant,
2685 1857 2922 1912 laudant.
2954 1890 3025 1902 --
3049 1861 3229 1922 Serio,
3260 1861 3481 1920 honesto,
3504 1857 3714 1924 sobrio,l.

2184 1925 2349 1998 Serio,
2445 1944 2491 1980 e.
2519 1939 2734 1993 mature,
2764 1931 3009 1998 modeste,
3042 1934 3270 1998 honeste,
3309 1931 3420 1984 Vat.
3451 1932 3508 1983 A.

2254 1996 2341 2050 53.
2370 1996 2507 2063 Qua,
2539 1999 2592 2051 in
2615 2015 2737 2064 qua,
2765 1999 2805 2052 I.

2250 2067 2339 2141 5t).
2380 2067 2564 2141 llliles.
2595 2067 2842 2138 p’ebeius.
2877 2070 2995 2126 Vat.
3045 2075 3108 2125 Α.
3154 2101 3222 2112 --
3247 2071 3496 2141 Togatus,
3527 2076 3718 2136 pacatus,

2180 2140 2267 2206 qui
2296 2138 2345 2189 in
2377 2138 2490 2203 foro
2517 2139 2766 2206 disputat,
2797 2142 2833 2193 I.

2375 2208 2611 2280 institor,
2649 2211 2956 2280 negotiator,
2987 2211 3025 2265 1.

2251 2276 2342 2347 41.
2373 2278 2646 2342 Foreusis,
2675 2276 2872 2347 a’foro,
2899 2282 3004 2335 lso.

2251 2346 2336 2403 42.
2375 2347 2693 2410 Classicum,
2719 2352 2836 2403 tuba
2867 2352 3068 2408 bellica.
3102 2353 3139 2404 1.

2252 2418 2348 2473 44.
2383 2419 2689 2487 Suspiraut,
2722 2421 3030 2484 desiderant,
3061 2423 3098 2476 I.

2249 2489 2339 2543 45.
2373 2489 2593 2550 Lucelli,
2624 2491 2983 2545 diminutivum
3020 2510 3052 2544 a
3075 2495 3238 2546 lucro.
3277 2524 3346 2533 —
3371 2494 3593 2557 Fenoris,
3631 2508 3724 2542 usa-

2177 2575 2268 2614 ηε.
2308 2557 2480 2613 Feuus
2512 2561 2703 2613 dicitur
2741 2578 2772 2612 a
2813 2563 3077 2627 manipulo
3110 2565 3231 2626 feni,
3285 2566 3401 2630 quia
3436 2568 3554 2618 sicut
3588 2567 3722 2628 fenum

2176 2631 2455 2704 manipulis
2491 2641 2727 2704 augetur,
2763 2631 2835 2685 ita
2879 2633 3046 2702 fenus,
3078 2635 3115 2685 i.
3149 2652 3195 2688 ρ.
3226 2637 3441 2703 pecunia
3479 2640 3726 2704 augmenta-

2177 2710 2259 2754 tur
2288 2700 2599 2771 colligendo,
2629 2701 2670 2757 1.

1840 2809 2405 2868 COMMENTARIUS.

490 2930 623 2982 diem
638 2927 846 2995 refugit,
872 2925 1260 2996 quasicriminis
1292 2931 1486 2979 testem.
1518 2923 1702 2996 ῥηθείη
1734 2921 1939 2996 adulter
1961 2939 2077 2975 eru-

490 2999 663 3058 tvrsrit.
705 2997 854 3055 quasi
885 2994 1138 3049 adulterii
1189 2996 1466 3048 consciam.
1524 2995 1702 3048 Poetae
1753 2994 1958 3060 lingunt
2007 3009 2076 3046 ex

489 3069 658 3124 Nocte
689 3068 952 3122 Fraudem
1001 3078 1056 3122 et
1103 3067 1431 3120 Mendacium
1465 3065 1762 3134 progenita.
1811 3077 1868 3118 ut
1907 3068 2075 3119 ileuo-

489 3150 606 3194 tent
648 3151 860 3192 noctem
901 3138 1176 3192 fraudibus
1218 3151 1338 3190 esse
1379 3147 1580 3204 aptam.
1615 3134 1822 3190 Ethnici
1856 3143 2074 3190 noctur-

493 3226 590 3263 nas
645 3210 1086 3279 congregationes
1124 3209 1309 3278 primis
1357 3206 1677 3279 Christianis
1726 3205 2070 3279 objiciebant.

498 3275 772 3333 Μίηιιίείιις⁷
795 3275 941 3333 Felix
983 3283 1033 3332 iu
1063 3275 1281 3333 0ctavio
1310 3293 1324 3332 :
1360 3275 1477 3330 Illic
1505 3287 1617 3346 post
1647 3279 1838 3330 multas
1867 3278 2067 3347 epulas,

490 3353 572 3403 ubi
601 3351 875 3403 rovvivium
917 3351 1098 3412 caluit,
1130 3359 1175 3400 et
1201 3349 1404 3402 incestat
1432 3348 1660 3400 libidinis
1703 3352 1870 3408 {error
1910 3349 2069 3400 ebrie-

489 3431 592 3473 tate
617 3429 827 3479 exarstt,
859 3423 1020 3482 ranis,
1054 3420 1138 3488 qui
1173 3419 1477 3471 candelabro
1500 3433 1660 3471 nexus
1695 3428 1793 3480 est,
1815 3421 1965 3488 jactu
1994 3420 2073 3487 of-

492 3492 635 3560 fula}
655 3491 793 3541 ultra
828 3492 1050 3556 spatium
1079 3491 1226 3542 lineae
1254 3505 1353 3556 qua
1374 3489 1569 3540 vinctus
1596 3496 1688 3560 est.
1719 3490 1788 3540 ad
1827 3489 2073 3556 impetum

489 3559 536 3615 et
560 3559 745 3614 saltum
768 3567 1069 3625 provocatur
1092 3574 1110 3611 :
1130 3560 1203 3609 sic
1224 3574 1393 3611 everso
1416 3569 1458 3610 et
1484 3559 1732 3611 exstincto
1753 3560 1956 3610 conscio
1985 3562 2070 3611 lu-

491 3633 646 3693 mine,
672 3629 1053 3693 impudentibus
1089 3629 1303 3681 tenebris
1335 3643 1493 3681 nexus
1514 3628 1744 3697 infanda:
1773 3629 2072 3695 cupiditatis

489 3701 746 3754 involvunt
771 3715 858 3768 per
888 3700 1137 3752 incertum
1167 3700 1340 3752 sortis.
1373 3700 1491 3765 Quo
1523 3708 1759 3766 respexut
1787 3699 2072 3754 Tertullia-

491 3785 592 3824 nus
619 3772 844 3840 Apolog.
875 3785 993 3834 cap.
1028 3772 1058 3823 7
1088 3787 1102 3822 :
1137 3768 1368 3822 Dicimur
1394 3770 1772 3823 sceleratissimi
1809 3773 1874 3824 de
1899 3787 2076 3824 sacra-

493 3851 661 3894 mento
699 3841 1031 3910 infanticidii,
1077 3849 1122 3894 et
1160 3841 1346 3910 pabulo
1379 3840 1521 3906 inde,
1565 3850 1615 3894 et
1650 3853 1764 3909 post
1792 3843 2074 3896 convivium

491 3915 702 3974 incesto,
745 3911 884 3980 quod
913 3928 1166 3964 eversores
1205 3912 1454 3963 luminum
1492 3927 1662 3975 canes,
1690 3912 1893 3964 lenones
1934 3915 2072 3966 scili-

489 3993 589 4045 cet,
623 3983 852 4035 tenebras
875 3992 981 4034 tum
1003 3992 1049 4036 et
1071 3982 1337 4036 libidinum
1361 3983 1633 4049 impiarum
1663 3983 2073 4037 inuerecundiam

493 4062 784 4120 procurent.
825 4051 892 4105 Et
925 4067 1044 4119 cap.
1083 4053 1118 4107 8
1145 4070 1160 4106 :
1196 4052 1455 4106 Praeterea
1497 4053 1803 4105 candelabra
1833 4064 1879 4106 et
1910 4054 2075 4108 lucer-

490 4140 592 4188 na’,
617 4133 662 4175 et
692 4140 844 4178 canes
883 4125 1065 4191 aliqui,
1107 4134 1154 4176 et
1186 4122 1361 4188 oﬂ'ulaz
1388 4138 1502 4191 qua!
1534 4124 1651 4177 illos
1677 4124 1746 4176 ad
1767 4125 2072 4179 eversione»:

490 4195 742 4247 luminum
772 4199 1064 4248 extendant.
1105 4195 1253 4248 Hanc
1288 4195 1516 4248 fabulam
1546 4206 1594 4247 et
1640 4195 1962 4249 calumniam
1987 4197 2072 4250 vel

489 4280 555 4317 ex
601 4279 665 4320 eo
711 4266 941 4319 maxime
983 4264 1323 4334 depellebant
1363 4265 1671 4331 CltriStiani,
1713 4265 1853 4332 quod
1902 4266 2070 4320 Deum

489 4351 704 4403 semper
737 4346 1079 4403 prmsentem,
1111 4346 1166 4389 et
1199 4336 1281 4388 cui
1314 4336 1443 4388 nihil
1472 4346 1554 4388 est
1581 4335 1843 4400 clausum,
1873 4338 2072 4403 cogita-

493 4417 633 4469 rent,
663 4414 714 4458 et
735 4407 1006 4467 colerent;
1043 4406 1182 4474 quod
1205 4406 1266 4477 in
1299 4406 1407 4460 fere
1436 4414 1546 4458 toto
1574 4408 1674 4460 ltOC
1711 4407 1912 4477 hymno
1941 4406 2073 4460 l’ru-

489 4477 700 4531 deutius
721 4477 964 4542 exponit,
990 4487 1046 4529 ut
1075 4476 1295 4542 patebit.

561 4548 651 4600 21.
676 4548 873 4608 Oxon..
907 4551 1051 4616 frons
1081 4561 1178 4616 pro
1221 4548 1387 4615 fraus,
1429 4547 1522 4601 sed
1553 4547 1707 4617 longe
1753 4548 1945 4603 melius
1990 4557 2073 4602 est

489 4617 657 4685 fraus.

561 4687 650 4740 2st.
686 4687 917 4759 Respicit
945 4689 1385 4742 consuetudinem
1412 4688 1523 4742 fere
1546 4690 1783 4744 omnium
1810 4690 2070 4759 gentium.

491 4759 788 4824 prtesrrtim
817 4757 1149 4822 Judteorum,
1180 4766 1234 4813 et
1258 4759 1380 4812 inde
1402 4757 1851 4827 Christianorum,
1888 4761 2068 4814 viuum

494 4843 650 4879 mane
677 4842 784 4879 non
816 4827 1029 4880 bibendi
1063 4848 1076 4880 :
1107 4844 1172 4882 ex
1215 4847 1315 4896 qua
1360 4829 1416 4884 S.
1452 4832 1635 4884 Petrus
1671 4833 1853 4885 Actor.
1888 4842 2060 4895 apost.

491 4912 611 4968 cap.
644 4913 678 4950 tt
711 4912 738 4948 a
763 4912 842 4962 se,
876 4897 942 4952 ab
966 4899 1224 4965 apostolis
1251 4900 1475 4967 aliisque
1498 4910 1713 4954 centum
1749 4903 1936 4968 viginti
1971 4903 2066 4954 lio-

494 4967 747 5032 miuibus,
792 4968 844 5021 in
876 4984 1010 5032 quos
1050 4969 1281 5038 Spiritus
1323 4981 1538 5024 sanctus
1569 4967 1941 5032 descenderat,
1978 4988 2067 5025 su-

493 5039 1092 5118 spicionemebrimmtis
1124 5041 1365 5118 depulit:
1399 5041 1522 5118 Non
1550 5042 1684 5118 enim
1718 5044 1847 5118 sicut
1879 5059 1963 5118 vos
1990 5059 2063 5096 (ε-
2135 5110 2141 5118 _

493 5109 731 5172 stimulis.
756 5108 811 5162 hi
840 5111 964 5163 ebrii
986 5123 1122 5170 sunt,
1153 5128 1268 5163 cum
1297 5113 1359 5164 sit
1391 5114 1515 5164 liora
1551 5114 1652 5164 diei
1680 5115 1848 5166 tertia.
1881 5114 2064 5180 Neque

492 5185 634 5233 enim
665 5181 922 5236 credibile
949 5191 1080 5242 erat.
1117 5191 1196 5236 tot
1218 5183 1376 5236 simul
1410 5183 1688 5248 religiosos
1714 5184 2068 5252 cordatosque

495 5252 636 5302 viro~
658 5263 842 5306 centra
871 5253 1334 5315 causuetudiuem,
1367 5268 1816 5320 communemque
1855 5255 2064 5308 \iven'li

494 5323 732 5384 modum,
766 5331 821 5376 et
845 5324 1203 5388 ῃτειξεετίριωη
1239 5323 1432 5392 legem,
1465 5325 1588 5377 vino
1626 5341 1684 5377 se
1713 5333 1835 5377 ante
1877 5324 2063 5378 horam

493 5392 705 5446 tertiam
740 5393 1025 5461 proluisse.
1057 5394 1420 5448 Chamillardo
1462 5404 1515 5449 et
1541 5394 1726 5448 Teolio
1765 5397 1864 5447 alia
1898 5398 2061 5449 inter-

496 5463 723 5535 pretatio
763 5464 976 5529 placuit.
1006 5465 1145 5533 quod
1184 5481 1366 5519 sermo
1398 5466 1466 5519 sit
1508 5464 1576 5519 de
1610 5466 1813 5534 poculis
1836 5469 2064 5535 sumptis

493 5531 575 5652 {lie
596 5534 670 5656 vell
697 5544 843 5587 nocte
876 5531 1157 5604 superiore.
1195 5536 1308 5590 Non
1343 5537 1529 5604 probo,
1564 5531 1663 5592 nec
1695 5537 1903 5592 videtur
1938 5531 2063 5607 pro—

514 5615 620 5653 iare
666 5618 744 5656 so.

514 5615 620 5653 tare
644 5615 744 5656 I50.

566 5672 904 5749 5‘2.ﬂ§cci_t_sit
954 5687 1167 5745 nugator
1217 5690 1311 5744 pro
1351 5677 1646 5741 libidinoso,
1699 5689 1756 5733 ut
1787 5679 1986 5749 hymno
2017 5683 2070 5743 7,

498 5751 639 5793 vers.
671 5743 738 5794 98
763 5760 778 5798 :
815 5743 1110 5816 Veteresiltte
1136 5743 1298 5803 sucis
1327 5750 1634 5803 condomare
1665 5761 1708 5803 et
1743 5743 1994 5819 frangere,
2023 5761 2076 5803 ct

2193 2921 2393 2994 Psyclt.
2419 2936 2561 2976 vers.
2594 2922 2720 2986 433,
2751 2925 2926 2992 jocus,
2954 2925 3260 2992 petulantia,
3301 2926 3544 2994 voluptas,
3580 2922 3728 2994 cupido

2185 2993 2444 3062 dicuntur
2471 3008 2741 3048 uucsrntx
2768 2998 2923 3048 acies.
2954 2995 3163 3049 Castam
3195 3011 3296 3062 pro
3322 2993 3473 3060 caste,
3499 3006 3546 3048 et
3571 2993 3727 3046 similia

2184 3061 2418 3118 libenter
2463 3075 2685 3131 usurpat
2718 3081 2732 3116 :
2766 3065 2844 3119 sic
2883 3065 3098 3120 duobus
3142 3061 3390 3128 proxime
3436 3064 3730 3133 sequentibus

2183 3135 2431 3186 versibus
2452 3149 2683 3187 severum
2718 3143 2774 3188 et
2801 3135 3076 3189 ludicrum.
3120 3136 3291 3190 Paulo
3320 3147 3445 3190 ante
3481 3135 3632 3203 turpia
3655 3147 3729 3200 pro

2183 3204 2333 3282 rebus
2356 3204 2605 3282 turpibus,
2631 3213 2687 3282 et
2715 3221 2839 3282 mox
2869 3206 3161 3282 inepta_sua
3193 3222 3296 3274 pro
3318 3211 3424 3282 sufs
3452 3205 3650 3282 ineptiis.
3678 3272 3687 3282 Ι
3716 3270 3728 3282 .

2249 3274 2341 3328 '56.
2373 3273 2430 3327 In
2453 3273 2606 3329 [sane
2630 3275 2845 3329 laudant
2869 3272 2963 3342 pro
2985 3272 3217 3330 colorant
3245 3295 3354 3330 nou
3383 3277 3622 3338 intelligo,
3646 3272 3726 3324 nisi

2179 3343 2463 3414 legendum
2496 3346 2564 3398 sit
2605 3345 2796 3409 lavant,
2842 3356 2952 3411 aut,
2985 3347 3126 3414 quod
3161 3349 3337 3413 magis
3376 3345 3625 3414 congruit,
3654 3342 3728 3395 lar-

2177 3424 2315 3468 t-ant.
2349 3414 2429 3468 Ad
2478 3416 2770 3484 marginem
2803 3417 3051 3472 editionis
3079 3415 3428 3473 Coloniensis
3457 3415 3645 3485 repe:-io
3679 3427 3728 3466 ex

2177 3486 2429 3563 codxms“.
2465 3485 2610 3563 cultu
2633 3502 2728 3552 pro
2753 3488 2920 3563 vultu.
2963 3557 2977 3563 _
3427 3559 3435 3563 _
3683 3552 3695 3563 .

2251 3554 2340 3608 58.
2393 3554 2553 3609 Praef.
2583 3571 2729 3611 vers.
2760 3559 2831 3612 53
2879 3557 3068 3612 eodem
3101 3573 3267 3613 sensu
3314 3559 3493 3612 studeo
3517 3554 3727 3616 occurrit,

2184 3624 2306 3679 Non
2329 3635 2448 3680 sunt
2475 3625 2570 3679 illa
2596 3626 2710 3689 Dei.
2735 3643 2846 3695 qua:
2867 3629 3081 3682 :tuduit.

2251 3697 2346 3769 59.
2385 3692 2783 3769 Chamillardus
2825 3706 3052 3769 togatum
3096 3714 3192 3765 pro
3228 3702 3418 3769 judice
3461 3697 3586 3751 sumi
3627 3692 3731 3769 vult,

2251 3722 2340 3750 ὒΰο
2385 3722 2783 3752 uuauuuuruus
2825 3722 3052 3766 wqatum
3096 3722 3192 3765 pro
3268 3722 3418 3754 uatre
3461 3722 3586 3751 5111111
3631 3722 3731 3751 VU".

2178 3767 2300 3833 quia
2334 3766 2560 3839 infrarde
2589 3777 2770 3835 togato
2791 3758 3005 3833 dicitur,
3036 3770 3184 3823 illunt
3212 3722 3434 3834 fbrensis
3457 3761 3732 3839 gloria._Sed

2179 3851 2364 3903 parum
2390 3836 2520 3890 vidit
2545 3854 2556 3889 :
2587 3834 2708 3891 nam
2742 3840 2959 3907 forensis
2980 3839 3146 3909 gloria
3172 3843 3431 3896 omnibus
3455 3834 3539 3908 qui
3567 3839 3612 3890 iu
3634 3834 3728 3887 loro

2180 3915 2465 3961 versantur
2496 3918 2674 3976 pute<t
2703 3910 2983 3979 applicari,
3011 3921 3062 3963 et
3105 3912 3204 3962 hoc.
3244 3913 3371 3966 loco
3398 3920 3624 3979 oratores
3650 3917 3728 3974 p0-

2181 3979 2442 4033 tissimum
2469 3979 2757 4050 t-jgnillcari
2779 3978 3029 4033 declarat
3061 3995 3250 4035 versus
3279 3984 3374 4048 46,
3402 3981 3490 4050 qui
3521 3978 3641 4037 huic
3662 3988 3725 4028 re-

2178 4051 2427 4125 spondet,
2462 4047 2972 4125 Fundiqueprorsus
3003 4052 3178 4125 nescii.
3300 4123 3306 4125 _
3360 4047 3364 4048 ί
3421 4047 3432 4050 ⁷
3674 4115 3684 4125 ο

2254 4120 2344 4173 40.
2380 4119 2515 4172 Male
2542 4122 2722 4174 insitor
2745 4121 2947 4174 Widm.
2983 4131 3035 4174 et
3067 4123 3257 4188 Βειιιςξη
3297 4123 3350 4175 in
3375 4136 3479 4185 quo
3501 4132 3644 4184 supra
3669 4119 3734 4166 itt-

2177 4190 2362 4244 stitor:
2387 4204 2508 4242 nam
2534 4204 2717 4260 postea
2749 4203 3002 4244 mercator
3030 4191 3166 4244 idem
3203 4197 3530 4246 nominatur.
3561 4188 3734 4242 lastitot

2179 4260 2378 4314 dicitur
2408 4261 2495 4329 qui
2531 4263 2693 4314 instat
2723 4262 2956 4329 negotio.
2989 4261 3118 4316 \‘ide
3139 4263 3404 4326 glossam.

2256 4329 2346 4383 42.
2380 4326 2629 4398 δὶιενίοἰο
2663 4326 3083 4408 ηιίΙιζηοηηιιῌᾳ
3122 4344 3204 4387 est
3231 4335 3301 4388 de
3331 4326 3734 4408 traiectione

2179 4415 2293 4453 rum
2318 4416 2592 4477 versuum.
2623 4413 2680 4457 ut
2720 4403 2948 4477 primum
2997 4403 3382 4477 debeatresse,
3430 4403 3579 4477 Hunc
3620 4403 3731 4477 triste

2177 4479 2349 4546 raptat
2383 4472 2675 4546 classicum.
2709 4484 2817 4526 tttm
2848 4473 3004 4526 Illum
3025 4473 3242 4546 forensis
3269 4477 3462 4546 gloria.
3494 4475 3595 4526 lloc
3619 4472 3730 4520 enim

2178 4541 2368 4595 ordine
2394 4543 2537 4610 prius
2564 4555 2917 4615 recensentur
2955 4545 3121 4609 miles,
3154 4541 3388 4615 togatus,
3423 4555 3475 4598 et
3505 4549 3732 4615 meri-ator.

2105 4615 2158 4674 Ι)
2187 4623 2240 4662 ιιι
2265 4625 2445 4678 postea
2476 4614 2666 4668 ordine
2696 4615 2911 4668 inverso
2938 4616 3142 4669 eaedem
3170 4610 3323 4669 aites
3350 4617 3657 4669 indicantur.
3688 4610 3733 4678 .4}

2183 4675 2276 4734 nos
2295 4682 2490 4752 lucelli,
2516 4700 2575 4736 ac
2605 4684 2816 4754 fenoris,
2843 4693 2946 4738 etc.
2975 4686 3127 4738 Notat
3157 4697 3340 4752 poeta,
3362 4687 3544 4755 plures
3560 4675 3733 4755 vivendi

2178 4764 2386 4824 certum
2422 4753 2611 4823 genus
2637 4769 2741 4809 non
2783 4755 3004 4824 eligere,
3047 4756 3137 4809 sed
3171 4772 3298 4809 casu
3346 4753 3442 4808 aut
3474 4753 3735 4824 temeritate

2176 4823 2460 4948 larripeée:
2563 4828 2706 4879 enim
2734 4834 2820 4881 est
2841 4822 3028 4895 raptat.
3057 4827 3256 4881 COul‘er
3281 4828 3513 4896 primam
3550 4822 3732 4877 satiram

2198 4909 2209 4945 |
2237 4909 2270 4948 ιο
2300 4910 2312 4946 1
2390 4905 2584 4948 oratu:

2300 5007 2390 5070 Qui
2419 5009 2486 5067 lit,
2516 5008 2772 5070 ll'tercuas,
2804 5014 2857 5058 ut
2882 5022 3028 5057 nemo
3048 5022 3190 5070 quam
3214 5009 3310 5055 sibi
3338 5015 3526 5056 sortem

2303 5069 2400 5132 Seu
2424 5071 2547 5118 ratio
2567 5069 2782 5132 dederit,
2810 5084 2900 5120 seu
2924 5084 3030 5120 sors
3048 5069 3310 5132 objecerit,
3335 5070 3416 5118 illa

2299 5130 2568 5180 Contentus
2588 5131 2756 5181 vivat?

2179 5243 2233 5286 et
2277 5249 2397 5301 qua:
2436 5235 2583 5288 addit
2625 5235 2693 5289 de
2743 5237 2932 5302 milite,
2973 5237 3042 5292 de
3081 5245 3408 5300 mercatore,
3438 5233 3504 5287 de
3538 5225 3736 5300 agricola

2171 5317 2220 5357 et
2255 5306 2322 5358 de
2340 5307 2726 5373 jurisconsulto
2751 5322 2766 5360 ε
3367 5325 3374 5334 ’

2298 5394 2761 5478 Αενίροιυιὴικυάδι
2779 5418 2900 5479 juris
2930 5417 3194 5480 legumque
3219 5419 3436 5478 peritus.

2240 5536 2328 5595 43.
2375 5539 2534 5593 Visne
2570 5540 2756 5594 audire
2797 5541 2952 5594 aliam
2992 5540 3354 5602 fmnerattorie,
3406 5549 3532 5601 aut,
3577 5543 3631 5611 ut
3662 5530 3733 5611 alii

2179 5611 2437 5681 scribunt,
2476 5612 2788 5663 feneratons
2810 5613 3184 5681 etymologiam
3211 5627 3274 5664 ex
3307 5599 3457 5664 V'arr-
3485 5599 3736 5661 ueleccil-

2183 5683 2284 5755 iam
2307 5697 2320 5732 :
2348 5679 2627 5734 Fenerator
2653 5699 2684 5734 a
2710 5679 2880 5755 feriere
2899 5693 2971 5735 est
2992 5679 3407 5755 cognominatus,
3432 5685 3735 5755 [enus'aultm

2183 5752 2376 5804 dictum
2412 5769 2442 5803 a
2485 5755 2610 5822 fern,
2647 5764 2691 5805 et
2723 5754 2869 5822 quasi
2896 5770 2925 5804 a
2949 5752 3116 5823 fetura
3152 5753 3380 5822 quadam
3424 5752 3636 5820 pecuniis
3656 5757 3731 5811 ρσο
