4068 6190
281 334 385 390 795

531 452 689 525 253
718 452 903 507 l"iecit
936 454 1068 509 atris
1095 454 1347 521 nubibus,

532 545 633 609 Tu,
665 560 780 613 rex,
812 546 896 600 eoi
928 546 1123 600 sideris

533 635 689 689 Vultu
720 652 913 691 sereno
943 638 1209 692 illumina.

457 724 557 794 Tu,
588 738 788 791 sancte,
825 728 912 797 qui
945 736 1133 783 tetram
1164 728 1333 797 picem

282 816 352 870 70
534 818 777 873 Candore
811 821 969 893 lingis
1000 822 1194 884 lacteo,

527 908 688 979 254
727 910 1018 979 Ebenoque
1042 912 1358 983 crystallum
1390 911 1539 977 facis,

526 1003 726 1056 Delicta
754 1013 900 1073 terge
929 1005 1112 1059 livida.

455 1094 567 1149 Sub
598 1103 757 1149 nocte
789 1095 953 1150 Jacob
975 1097 1173 1151 cterula

526 1184 779 1241 Luctator
804 1187 979 1241 audax
1008 1189 1183 1257 angeli

276 1271 347 1329 75
532 1276 777 1347 Eousque
799 1277 923 1332 dum
954 1279 1044 1333 lux
1068 1287 1335 1348 surgeret,

1347 336 1888 395 CATHEMERINON
1930 335 1993 390 11.
2035 336 2448 402 MATUTINUS.

3454 350 3555 407 796

2215 454 2439 509 Sndavit
2473 458 2645 527 impar
2672 458 2936 526 prmlium.

2152 546 2257 600 Sed
2284 562 2406 600 cum
2434 547 2595 616 jnbar
2620 549 2968 615 claresceret,

2224 636 2487 705 Lapsante
2516 638 2738 693 claudus
2764 641 2978 706 ioplite,

2220 728 2260 781 F
2264 743 2520 797 emurque
2544 730 2715 784 victus
2743 731 2938 798 debile,

1970 819 2040 875 80
2213 821 2371 891 255
2397 820 2578 891 Culpa:
2608 824 2842 892 vigorem
2876 822 3125 893 perdidit.

2144 910 2370 965 Nutahat
2396 914 2591 983 inguen
2622 916 2885 974 saucium.

2223 1005 2353 1069 Quae.
2382 1006 2623 1073 corporis
2654 1020 2775 1074 pars
2806 1007 2983 1073 vilior,

2222 1095 2505 1165 Longeque
2534 1097 2634 1151 sub
2660 1098 2838 1152 cordis
2867 1101 2985 1154 loco

2220 1186 2397 1239 [liram
2428 1187 2569 1241 fovet
2593 1187 2896 1244 libidinem.

1968 1278 2037 1333 85
2149 1278 2272 1332 Iliec
2303 1295 2397 1333 nos
2426 1279 2619 1334 docent
2648 1281 2926 1351 imagines,

1568 1416 1854 1472 CLOSSIE
1897 1416 2170 1471 VETERE
2186 1418 2234 1471 ξ.

343 1550 433 1605 65.
470 1552 692 1619 Dehinc,
718 1564 829 1619 post
858 1554 1191 1621 baptismum,
1216 1557 1258 1612 1.

347 1621 440 1693 66.
468 1622 681 1693 Infecit,
703 1625 976 1679 maculavit
1005 1627 1248 1693 peccatis,
1282 1624 1322 1679 1.

344 1692 435 1744 67.
467 1692 599 1757 llex,
623 1692 1032 1751 Christe.—Eoi
1056 1696 1274 1760 sideris,
1296 1695 1442 1759 solis,
1463 1694 1551 1764 qui
1577 1694 1639 1748 ab
1664 1693 1856 1749 oriente

268 1766 517 1821 nascitur.
552 1764 590 1816 Ι.

342 1833 431 1907 ρξ).
466 1832 663 1907 Piceni,
696 1844 923 1907 peccata,
953 1844 1302 1907 peccatorein,
1332 1834 1377 1889 l.

457 1900 720 1978 Candore,
738 1900 966 1978 justitia,
996 1906 1038 1961 l.
1070 1906 1169 1972 Qui
1199 1906 1264 1960 de
1287 1900 1542 1978 sordidis,
1582 1916 1627 1959 et
1668 1921 1851 1977 pecca-

267 1972 959 2059 toribusncandidos'reddis,
994 1980 1255 2059 rtjustos,
1287 1975 1405 2057 Vat_.
1433 1977 1499 2029 A.

339 2044 431 2096 71.
461 2042 771 2115 Ebenoque,
813 2042 1284 2117 arborinigerrima
1332 2047 1479 2115 nigro
1517 2046 1653 2117 ligno
1686 2060 1705 2099 :
1738 2046 1852 2117 ebe-

267 2128 394 2189 num
422 2122 675 2189 estgenus
698 2119 833 2189 nigri
862 2116 1008 2187 ligni,
1033 2117 1111 2170 vel
1137 2116 1349 2189 ebenum
1379 2131 1536 2189 genus
1560 2116 1652 2189 est
1696 2116 1847 2168 arbo-

264 2184 511 2257 ris,_quod
525 2184 788 2253 postquam
801 2184 1019 2241 incisum
1039 2188 1213 2255 fuerit,
1228 2195 1274 2239 et
1294 2184 1566 2257 projicitur
1586 2186 1639 2239 in
1659 2201 1842 2257 aquas,

263 2254 452 2328 ibidem
489 2256 713 2323 quadam
743 2254 1097 2328 coagulatione
1120 2254 1362 2321 durescit,
1384 2254 1443 2311 'et
1478 2256 1698 2328 efﬁcitur
1716 2256 1847 2327 lapis

263 2325 432 2391 niger,
462 2328 600 2379 unde
628 2337 803 2395 postea
831 2325 963 2395 fiunt
986 2329 1136 2382 utilia
1176 2330 1515 2381 instrumenta
1552 2327 1620 2378 ad
1648 2325 1844 2378 discre-

260 2394 751 2469 tionemhbonorum
805 2394 1160 2469 malorumque
1200 2414 1491 2469 munerum,
1544 2395 1845 2469 LEbenum

258 2464 575 2539 genusaligni
599 2470 754 2539 nigri,
788 2469 925 2539 quod
945 2464 1161 2539 incisum
1186 2468 1397 2521 vertitur
1419 2468 1475 2521 in
1505 2468 1750 2539 lapidem,
1779 2483 1842 2539 ea:

257 2549 365 2602 quo
395 2535 579 2589 dicitur
606 2535 768 2594 altare
798 2535 852 2592 in
892 2540 1045 2593 domo
1083 2536 1291 2592 Domini
1335 2538 1521 2605 fuisse,
1580 2538 1664 2590 ubi
1711 2538 1845 2607 ignis

1888 1558 2187 1628 Bseniper_
2216 1564 2369 1617 erat,
2424 1552 2541 1605 Vat.
2602 1554 2663 1607 Α.
2708 1583 2778 1593 -
2816 1554 3137 1625 Crystallum
3180 1596 3197 1621 ,
3256 1558 3545 1628 perspicui-

1962 1634 2137 1682 tatem.
2174 1624 2211 1677 I.

2033 1695 2122 1748 7i.
2150 1693 2353 1755 Livida,
2384 1693 2617 1751 sordida.
2645 1692 2686 1747 Ι.

2032 1764 2120 1817 7i.
2158 1765 2405 1817 Luctator
2458 1780 2557 1815 nou
2585 1764 2827 1825 brachiis,
2879 1766 2969 1818 sed
3005 1768 3258 1829 oratione,
3303 1777 3359 1821 ut
3400 1768 3550 1821 bene-

1960 1835 2161 1888 diceret
2185 1836 2252 1895 ei,
2282 1835 2319 1887 I.

2032 1904 2120 1958 75.
2157 1906 2423 1973 ansque,
2460 1919 2650 1972 usque;
2676 1914 2871 1958 tantum
2902 1906 3427 1977 signiﬁcatqnantum
3456 1923 3547 1961 us-

1997 1992 2076 2033 ue,
2116 1977 2217 2030 Iso.

1960 1993 2076 2045 que,
2116 1993 2217 2030 tso.

2032 2046 2117 2099 76.
2154 2044 2403 2106 Sndavit,
2433 2044 2743 2109 luctabatur,
2776 2044 3046 2111 laboravit,
3083 2046 3123 2099 1.

2027 2118 2117 2167 77.
2147 2115 2333 2174 .luhar.
2361 2115 2459 2174 sol,
2490 2114 2572 2180 spl
2602 2116 2735 2167 ndor
2764 2116 2885 2177 diei,
2917 2116 2956 2170 1.

2030 2185 2115 2239 79.
2150 2185 2367 2249 Femur,
2398 2186 2619 2250 ﬁgurata
2652 2187 2867 2251 locutio,
2902 2187 2941 2242 i.
2973 2202 3018 2240 e.
3048 2188 3235 2241 victum
3265 2187 3471 2240 habens.

2026 2258 2115 2310 8t).
2143 2257 2346 2323 Culpte,
2376 2255 2611 2321 luxuriw,
2641 2256 2683 2309 1.

2024 2328 2116 2381 81.
2151 2328 2368 2395 Inguen.
2407 2328 2747 2395 synecdoche.

2022 2399 2110 2451 82.
2144 2400 2295 2465 Qum,
2326 2395 2435 2448 tibi.
2463 2424 2533 2435 —
2564 2395 2753 2459 Vilior,
2785 2404 2878 2461 est,
2910 2396 2948 2450 1.

2022 2470 2112 2523 85.
2142 2467 2352 2533 turdis,
2384 2482 2581 2527 sensus,
2620 2468 2657 2520 I.

1615 2707 2165 2765 COMMENTARIUS.

329 2841 419 2895 67.
454 2841 558 2895 Pro
600 2860 689 2897 rex
718 2842 915 2897 habent
940 2845 1032 2896 tua:
1059 2842 1241 2911 Prag.,
1279 2842 1468 2909 Bong.,
1498 2841 1745 2897 Sichatd.
1781 2842 1831 2895 in

254 2923 537 2975 contextu,
563 2914 677 2971 Gis.
702 2915 751 2966 in
779 2916 802 2967 1
835 2914 1089 2972 editione.
1108 2914 1247 2979 quod
1276 2914 1328 2967 in
1354 2914 1547 2979 llytnn.
1578 2912 1829 2965 Thomas.

252 2996 530 3046 repertum
560 2999 661 3036 IIOII
698 2985 1014 3052 displicebat
1040 2983 1340 3037 Gallandio.
1376 2983 1485 3050 Ego
1517 2983 1717 3036 vultuum
1746 2984 1832 3037 eoi

251 3054 451 3107 sideris
481 3054 736 3124 inteII-go.
791 3053 1186 3107 Chamillardus
1211 3053 1366 3107 aliter
1391 3053 1670 3123 distinguit
1694 3072 1704 3104 :
1730 3052 1829 3119 Tu,

250 3139 344 3174 rer
375 3125 451 3175 eoi
476 3123 674 3185 sideris,
720 3124 871 3177 Vultu
900 3140 1078 3177 sereno
1106 3123 1364 3176 illumina.
1395 3124 1565 3177 Minus
1593 3128 1727 3177 bene
1761 3125 1835 3177 in-

248 3204 528 3259 ternungit
574 3195 738 3247 editio
786 3195 1089 3248 Parmensis
1139 3211 1154 3247 :
1200 3194 1298 3256 Tu,
1337 3209 1449 3255 rex,
1498 3195 1574 3247 eoi
1628 3194 1827 3259 sideris,

1941 2841 2099 2912 stallo
2140 2840 2261 2912 vide
2296 2842 2545 2895 eumdem
2590 2842 2683 2896 lib.
2715 2858 2916 2907 xxmt,
2961 2859 3081 2909 cap.
3113 2844 3169 2904 2.
3200 2854 3253 2897 et
3278 2845 3413 2897 alios
3442 2844 3531 2912 qui

1943 2910 2319 2984 deifossilibus
2347 2921 2527 2980 agunt.
2557 2912 2830 2967 Prudentii
2862 2916 3127 2969 sententia
3147 2930 3209 2968 ex
3241 2914 3386 2967 ls:ii:e
3413 2910 3528 2984 cap.

1943 2995 1981 3045 ι,
2018 2982 2105 3045 18,
2132 2982 2413 3049 desumpta
2437 2994 2541 3037 est.

2014 3052 2101 3103 72.
2138 3051 2241 3105 Pro
2273 3061 2405 3121 terge
2428 3053 2478 3105 in
2514 3052 2631 3107 Vat.
2664 3056 2702 3106 Α
2730 3063 2783 3106 et
2815 3053 2967 3107 Alex.
3000 3063 3234 3122 tergens;
3267 3054 3335 3106 ita
3362 3055 3525 3107 etiam

1946 3120 2139 3189 Bong.,
2174 3132 2229 3176 et
2259 3138 2286 3173 a
2313 3120 2546 3176 secunda
2577 3139 2735 3177 manu
2769 3124 2934 3177 Hail<.
2978 3120 3184 3190 Reliqui
3224 3136 3379 3189 terge.
3406 3124 3526 3178 Vet.

1942 3194 2065 3244 cod.
2102 3194 2157 3265 in
2190 3194 2320 3246 i-dit.
2366 3192 2677 3253 Coloniens.
2727 3195 2984 3247 mendose
3033 3205 3221 3265 tegens.
3270 3195 3527 3257 Adverte,

261 3262 424 3314 Vultu
446 3254 622 3317 sereno
654 3264 912 3318 illumina.
952 3254 1298 3318 Correctores
1335 3254 1558 3317 Roma-ii
1595 3263 1695 3318 sub
1738 3254 1835 3317 Ur;
1864 3254 1911 3318 C
1945 3263 2244 3329 promiscuo.
2275 3278 2535 3332 usurpare
2566 3265 2912 3317 Prudentium
2950 3254 3163 3332 terge're.
3197 3265 3515 3327 illuminare,

249 3333 399 3384 hanc
448 3334 557 3386 VIII
597 3336 756 3386 alium
803 3349 1013 3388 versum
1062 3335 1439 3401 subrogarunt,
1492 3333 1571 3387 Tu
1599 3334 1836 3388 veralur

244 3403 553 3467 celestium,
581 3406 720 3472 quod
757 3405 897 3459 llicci
924 3406 1039 3457 dius
1068 3406 1138 3457 ait
1166 3406 1269 3458 loc.
1300 3407 1393 3457 cit.
1436 3404 1625 3457 fecisse
1664 3405 1834 3459 Urba-

250 3486 383 3524 num
419 3474 549 3531 VIII.
592 3478 711 3542 quia
754 3476 922 3542 prima
960 3480 1009 3528 in
1047 3476 1126 3527 eoi
1172 3477 1487 3543 plerumque
1538 3476 1687 3543 longa
1728 3482 1831 3527 est.

245 3542 437 3611 Neque
460 3546 664 3597 ratione
693 3561 760 3599 ne
781 3562 865 3609 inn
892 3546 1151 3612 exemplis
1176 3542 1313 3597 mihi
1362 3542 1517 3597 facile
1548 3542 1739 3613 quisqu
1759 3560 1829 3597 im

242 3614 616 3678 persuadebit,
654 3619 965 3684 plerumque
996 3617 1205 3683 longam
1234 3631 1353 3669 esse
1394 3618 1618 3683 primam
1645 3616 1696 3667 iu
1729 3616 1826 3667 eoi.

243 3684 304 3738 In
340 3685 510 3755 prima
541 3686 775 3739 ediciune
807 3686 1122 3755 hymnorum
1168 3694 1531 3739 correctorum
1579 3686 1649 3737 ita
1701 3686 1831 3753 legi-

242 3765 357 3813 tur,
398 3753 476 3806 Tu
506 3756 596 3807 lux
624 3757 697 3809 eoi
723 3753 928 3819 sideris,
964 3757 1101 3822 quod
1143 3764 1404 3809 mtttatum
1445 3766 1527 3807 est
1572 3757 1621 3807 in
1664 3755 1827 3819 al.nd,

240 3824 326 3877 Tu
347 3840 378 3876 υ
396 3840 469 3875 ’να
496 3830 584 3877 tua:
612 3827 909 3889 cmlestium,
942 3827 1165 3879 fortasse
1192 3826 1261 3878 ob
1307 3827 1567 3891 majorem
1610 3826 1822 3878 clarita-

242 3904 378 3946 lem.
416 3894 517 3961 Ipsi
549 3908 883 3951 corrui-tores
910 3902 961 3950 in
1013 3896 1325 3964 prretatione
1368 3896 1824 3961 animadvertunt,

239 3978 303 4034 se
332 3967 489 4033 plura
522 3966 802 4034 reliquisse
837 3983 954 4032 qu;e
994 3969 1208 4019 meliora
1255 3967 1367 4019 lieri
1413 3969 1731 4033 potuissent,
1772 3976 1829 4018 ut

238 4033 402 4095 illud,
435 4034 707 4089 Nascendo
738 4040 953 4099 formam
978 4036 1247 4107 sumpseris
1275 4051 1293 4089 :
1324 4052 1445 4089 nam
1475 4036 1613 4103 apud
1646 4046 1829 4102 poetas

241 4107 520 4158 nascendo
572 4108 884 4175 frequentius
930 4108 1233 4175 producitur
1264 4148 1277 4167 ,
1332 4121 1489 4175 quam
1529 4107 1825 4173 corripitur.

236 4175 360 4227 μου
396 4177 556 4234 igitur
580 4176 891 4229 mutandum
923 4186 1067 4231 esset
1106 4180 1206 4240 eoi,
1249 4175 1492 4245 quamvis
1528 4188 1711 4229 verum
1741 4190 1829 4228 es-

236 4254 348 4308 set,
384 4247 712 4312 trequentius
739 4263 765 4299 e
806 4248 1057 4315 produci,
1092 4262 1251 4313 quam
1289 4245 1513 4315 corripi.
1560 4245 1823 4299 Caeterum

236 4328 582 4368 correctores
629 4333 735 4368 non
783 4319 880 4369 sibi
925 4317 1311 4381 constiterunt,
1351 4317 1440 4385 qui
1484 4316 1699 4368 dicendo
1728 4331 1829 4384 pro

236 4387 418 4438 dicens
448 4386 793 4451 induxerunt,
819 4404 849 4441 ο
870 4398 1142 4455 correpto,
1175 4387 1438 4441 dominica
1477 4386 1541 4439 ad
1573 4400 1827 4453 vesperas

233 4455 293 4510 in
315 4456 572 4524 passione
596 4457 826 4519 Domini,
862 4457 1087 4509 Dicenda
1125 4457 1413 4510 nationibus
1454 4472 1475 4510 :
1525 4458 1769 4525 Regnavit
1794 4473 1825 4509 a

234 4527 384 4591 liquo
435 4527 591 4587 Deus,
641 4542 760 4581 cum
810 4538 962 4581 antea
1008 4537 1171 4591 esset,
1205 4525 1423 4588 Dicens,
1452 4527 1504 4578 in
1534 4528 1825 4580 nationibus

233 4595 493 4664 Regnavit
524 4613 556 4648 a
585 4598 721 4667 ligno
752 4596 905 4652 Deus.
937 4598 1039 4651 Sed
1067 4598 1316 4663 quoniam
1346 4597 1665 4667 Prudentius
1680 4611 1821 4663 sape

236 4666 631 4733 apostn-mutn
672 4668 723 4719 in
768 4668 1040 4732 gerundiis
1076 4668 1332 4734 corripit,
1374 4666 1552 4720 obiter
1601 4667 1818 4731 notabo,

234 4750 350 4788 non
378 4750 499 4789 esse
532 4750 638 4788 tam
670 4745 893 4802 certam,
925 4752 1081 4803 qttam
1112 4740 1272 4805 vulgo
1302 4738 1547 4796 traditur.
1580 4751 1696 4789 eam
1731 4753 1820 4789 re-

230 4806 441 4873 gulam,
474 4805 599 4859 illud
630 4824 660 4859 ο
694 4810 1022 4876 lreqnentius
1053 4807 1303 4874 produci.
1353 4821 1501 4876 quas:
1549 4805 1599 4859 id
1631 4814 1819 4859 natura

230 4876 355 4947 ipsa
392 4878 502 4929 Iiat.
549 4876 767 4931 Servius
794 4880 859 4929 att
905 4878 1031 4931 illud
1075 4878 1217 4947 Virg.
1255 4876 1383 4931 Ain.
1428 4876 1519 4931 lib.
1560 4891 1629 4939 tv,
1679 4891 1817 4932 vers.

230 4944 347 5000 415
374 4966 387 4999 :
426 4948 509 4998 Ire
534 4947 717 4999 iterum
743 4952 790 4999 in
815 4950 1089 5015 lacrymas,
1115 4944 1296 5001 iterum
1317 4956 1513 5000 tentare
1540 4949 1816 5012 precando,

230 5017 373 5070 dicit
422 5018 676 5082 precando
716 5030 769 5070 et
809 5024 1063 5070 cantanda
1103 5034 1167 5071 no
1197 5020 1439 5073 breviare
1474 5017 1813 5071 naturaliter.

236 5086 355 5141 Iloc
380 5090 540 5140 modo
566 5087 920 5142 Terentianus
946 5105 959 5141 :
998 5088 1063 5141 Ut
1096 5092 1209 5141 vita:
1251 5088 1438 5141 dubius
1465 5087 1633 5139 varios
1667 5104 1816 5139 reno-

232 5162 408 5209 rando
458 5159 679 5210 dolores.
726 5157 859 5211 Infra
910 5160 1227 5212 Prudentius
1273 5158 1514 5226 corripit,
1549 5155 1819 5211 Luctando

231 5231 484 5280 claudum
516 5239 561 5280 et
588 5228 834 5281 tabidum.
859 5230 1059 5282 Omitto
1086 5229 1376 5283 Catullum.

311 5298 403 5351 69.
436 5297 609 5350 Weitz
634 5314 694 5350 us
739 5310 791 5350 et
830 5299 1105 5353 Mariettus
1150 5302 1461 5363 observant,
1515 5298 1819 5366 respexisse

233 5378 453 5434 poetam
486 5369 549 5420 ad
585 5369 708 5421 iliud
737 5370 909 5423 Ovidii
940 5370 1030 5423 lib.
1065 5385 1119 5422 ut
1151 5370 1216 5423 de
1246 5370 1433 5432 Ponto,
1468 5368 1690 5427 ele..'.5:
1714 5368 1819 5422 Sed

228 5453 399 5495 neque
423 5450 649 5491 mutatur
691 5440 836 5509 nigra
881 5442 990 5509 pice
1032 5444 1221 5493 lacteus
1268 5442 1485 5502 humor,
1527 5437 1639 5491 Nec
1684 5439 1820 5508 quod

229 5522 347 5559 erat
376 5515 621 5574 candens,
650 5509 708 5577 ﬁt
735 5510 1060 5572 terebinthus,
1095 5510 1239 5564 ebur.

308 5580 401 5631 'll.
436 5579 567 5633 Vide
599 5580 855 5648 Plinium,
896 5581 989 5633 lib.
1023 5595 1117 5644 xu,
1157 5596 1276 5649 cap.
1300 5579 1354 5635 4.
1387 5578 1622 5648 Utroque
1657 5578 1819 5635 modo

228 5648 435 5701 dicitur
459 5652 641 5703 ebenus
674 5660 725 5703 et
756 5651 985 5713 ebenum,
1018 5661 1071 5705 et
1100 5648 1352 5705 scribitur
1378 5653 1538 5703 etiam
1570 5648 1812 5703 hebenus.

231 5718 441 5773 Plinius
469 5722 565 5785 ait,
597 5723 704 5773 duo
734 5735 853 5774 esse
881 5722 1038 5774 ebcni
1084 5736 1301 5790 genera,
1332 5721 1423 5773 sed
1456 5720 1646 5772 melius
1667 5720 1819 5774 arbo-

226 5806 381 5843 reum
410 5800 591 5844 trunco
631 5792 779 5844 enodi
822 5792 1034 5844 materia
1082 5793 1217 5863 nigri
1243 5790 1551 5861 splendoris.
1589 5790 1661 5844 De
1692 5806 1813 5863 cry-

1940 3347 2185 3403 purgare,
2218 3334 2442 3399 inﬁcere,
2467 3345 2685 3398 noctem,
2712 3346 2851 3387 atras
2876 3337 3049 3398 nubes,
3079 3336 3263 3403 picem,
3288 3335 3522 3397 ebenum,

1939 3411 1999 3455 ut
2018 3401 2302 3471 signiﬁcet,
2336 3419 2362 3455 a
2398 3403 2506 3456 Deo
2530 3417 2742 3472 peccatu
2767 3406 2961 3459 deleri.
3001 3401 3256 3468 lla'snpra
3284 3419 3346 3457 ex
3370 3419 3518 3457 coui-

1938 3474 2168 3527 mltuiuri
2191 3475 2420 3528 lectione
2443 3474 2575 3542 fucis
2604 3476 2737 3527 illita
2770 3477 2882 3528 luce
2905 3486 3204 3543 purgentur.

2009 3545 2096 3597 73.
2131 3544 2389 3599 Narratur
2421 3546 2535 3597 haec
2575 3546 2795 3598 historia
2839 3543 3032 3599 Genes.
3069 3560 3187 3609 cap.
3233 3560 3398 3607 xxxtt,
3427 3561 3520 3598 cu-

1929 3610 2020 3681 jus
2043 3615 2202 3668 ctiam
2237 3615 2483 3669 meminit
2509 3613 2676 3669 Oseas
2702 3631 2818 3682 cap.
2855 3630 2947 3668 xli.
2980 3614 3296 3668 Prudentius
3318 3630 3519 3681 anagn-

1935 3684 2053 3750 gice
2088 3700 2204 3737 eam
2258 3688 2665 3752 interpretatur.
2700 3691 2757 3738 S.
2789 3686 3103 3739 Ambrosius
3137 3685 3227 3737 lib.
3264 3700 3298 3738 ll
3330 3688 3396 3736 de
3427 3686 3520 3737 .Ia-

1936 3755 2055 3819 col),
2086 3765 2136 3809 et
2171 3755 2283 3808 Vita
2319 3758 2467 3809 heata
2513 3770 2633 3824 cap.
2681 3758 2733 3821 7,
2786 3757 2837 3809 in
2878 3756 3038 3808 simili
3080 3756 3521 3820 interpretatione

1934 3835 2201 3877 versatur.
2242 3826 2357 3880 lluc
2382 3828 2612 3890 pertinet
2642 3826 2917 3880 Prudenlii
2947 3827 3227 3877 conclusio
3256 3842 3402 3879 vers.
3422 3830 3513 3880 90.

1933 3892 2149 3946 Teolins
2176 3896 2345 3949 edidit
2370 3896 2587 3949 caerulea
2614 3910 2709 3964 pro
2734 3896 2944 3960 ranula,
2979 3896 3080 3947 nisi
3108 3900 3150 3947 si
3197 3896 3335 3947 forte
3363 3913 3514 3947 innu-

1935 3964 2060 4034 dum
2091 3974 2171 4018 est
2196 3966 2655 4034 typograplticum.
2689 3966 2884 4019 Retine
2923 3966 3133 4021 aerata.
3182 3966 3318 4017 lnl'ra
3352 3966 3515 4018 etiam

1937 4031 2125 4103 hymn.
2155 4031 2364 4102 quinto,
2387 4049 2531 4088 vers.
2564 4037 2653 4097 41,
2676 4038 2879 4089 cterqu
2907 4036 3086 4088 noctis.

2005 4104 2091 4156 74.
2128 4103 2324 4158 Contra
2361 4106 2588 4165 Isonem.
2617 4116 2670 4158 et
2714 4106 2968 4170 brachiis,
3016 4114 3070 4158 et
3117 4105 3363 4159 oratione
3419 4121 3518 4174 pu-

1932 4188 2090 4243 gnam
2124 4175 2266 4228 illam
2298 4177 2511 4234 factam.
2543 4176 2781 4244 plerique
2809 4185 3104 4243 exponunt.

2003 4245 2087 4298 75.
2116 4246 2283 4298 Aldus
2307 4245 2435 4314 legit
2466 4245 2705 4312 ansque
2733 4248 2825 4299 tua:
2850 4254 3101 4314 surgeret,
3129 4244 3220 4297 ubi
3252 4245 3513 4299 omittitur

1928 4315 2074 4368 dum.
2111 4315 2385 4371 Fabricius
2411 4329 2621 4382 separat
2652 4316 2751 4368 hoc
2775 4326 2929 4385 pacto
2964 4315 3040 4369 Eo
3088 4317 3387 4381 usquedum.
3431 4317 3514 4370 lso

1927 4386 2036 4438 alio
2067 4385 2245 4440 modo.
2308 4385 2518 4440 Poteris
2566 4387 2727 4440 etiam
2770 4388 3006 4441 scribere
3047 4385 3129 4438 Eo
3172 4403 3327 4454 usque
3362 4386 3508 4440 dum.

1927 4454 2127 4517 οκυη..
2160 4456 2435 4523 Quousque
2462 4472 2559 4525 pro
2586 4456 2795 4510 diversa
2826 4457 3111 4524 scriptura.
3138 4456 3386 4509 Heinsius
3416 4474 3510 4509 su-

1933 4527 2243 4594 spicabatur
2269 4525 2381 4579 an
2410 4528 2532 4579 dum
2554 4528 2643 4580 lux
2669 4535 2919 4595 surgeret.

2000 4597 2085 4669 76.
2120 4596 2333 4669 Legunt
2347 4598 2513 4669 impar
2539 4598 2719 4669 praelia
2745 4599 2889 4658 llat..
2912 4596 3134 4669 Widm.,
3155 4597 3344 4661 Bong.,
3365 4596 3509 4658 ΑΜ..

1854 4636 1902 4696 1)
1927 4636 2729 4737 ueni:."iEiiI"t:"6',"i»."v7ii§.
2746 4636 2894 4733 Πεἓὰ
2924 4636 3508 4734 δί’ἔὲἰίκιῖὲίὲἱὶῗι’ίῖιὶἕ“ἔὶ

1925 4751 2024 4788 suo
2074 4754 2175 4791 nis.
2218 4747 2274 4791 et
2305 4738 2559 4794 Daventr.
2597 4740 2902 4793 emendavit
2930 4738 3185 4806 prtrlium,
3221 4738 3359 4805 quod
3389 4752 3514 4789 con-

1928 4807 2159 4861 ﬁrmavit
2190 4808 2440 4862 Ileinsius
2468 4825 2532 4863 ex
2566 4811 2678 4863 suis
2724 4819 2780 4863 et
2824 4822 2997 4878 poetae
3037 4812 3197 4880 stylo,
3241 4809 3340 4880 qui
3367 4810 3513 4876 δεῖ·ρθ

1923 4892 2040 4930 cum
2060 4880 2346 4933 accitsandi
2370 4895 2497 4933 casu
2525 4882 2691 4933 utitur
2714 4881 2878 4934 verbo
2904 4881 3057 4945 sudo,
3083 4879 3137 4932 ut
3160 4879 3507 4941 Claudianus,

1921 4964 2039 5016 qua:
2068 4951 2249 5017 prcclia
2295 4952 2495 5003 sudas?
2536 4950 2782 5004 l’ra’llum
2808 4952 2969 5005 etiam
3003 4952 3117 5003 Val.
3146 4956 3185 5005 A
3217 4961 3270 5003 et
3297 4951 3384 5003 alii
3416 4965 3513 5001 an-

1925 5020 2208 5086 tiquissimi
2239 5037 2361 5074 cum
2388 5021 2543 5076 Alex.

1998 5090 2084 5144 78.
2119 5089 2379 5144 Weilzins
2406 5092 2634 5158 coniecit
2676 5102 2730 5145 ct
2774 5091 2902 5160 legit
2942 5091 3151 5144 lita-tmte
3194 5107 3256 5144 ex
3313 5089 3509 5160 mendo

1925 5157 1977 5213 in
2012 5160 2172 5233 Gold.
2207 5162 2430 5229 laxante,
2477 5164 2617 5233 quod
2657 5157 2844 5217 exstat
2864 5162 3021 5214 etiam
3059 5162 3123 5233 iu_
3156 5160 3269 5233 Vat.
3316 5164 3354 5233 I.
3390 5159 3506 5233 §ed

1925 5243 2023 5302 cur
2071 5232 2308 5302 lapsante
2355 5228 2664 5302 rejicietur,
2705 5233 2844 5302 quod
2886 5246 3073 5284 omnes
3112 5229 3341 5282 habent?
3390 5228 3503 5280 Vox

1926 5300 2043 5355 haec
2073 5301 2276 5371 Virgilii
2301 5316 2380 5357 est
2408 5300 2460 5357 in
2492 5300 2737 5357 eamdem
2768 5303 3233 5369 signiﬁcationem.

1998 5372 2083 5426 80.
2108 5369 2287 5426 Dicam
2316 5376 2490 5441 potius
2521 5374 2952 5442 pt:rtinacia’,qua
2983 5371 3090 5423 Deo
3115 5369 3505 5437 reStitit,quam

1925 5441 2144 5503 luxuu'ie
2172 5457 2291 5496 cum
2323 5446 2494 5497 lsone.

2000 5513 2089 5565 8|.
2126 5513 2226 5564 Pro
2247 5515 2539 5565 coxendice
2571 5520 2801 5580 positum
2834 5519 2915 5565 est
2946 5512 3150 5580 iugum.
3178 5508 3389 5562 Nervus
3431 5507 3509 5559 fe-

1928 5583 2095 5635 moris
2128 5590 2323 5646 tactus,
2359 5593 2411 5635 et
2442 5582 2770 5635 emarcuisse
2793 5580 3024 5633 dicitur:
3055 5596 3244 5648 ncmpe
3267 5580 3356 5631 ille
3386 5594 3509 5631 uer.

1926 5651 2165 5722 vus,rqui
2198 5651 2325 5719 ligat
2356 5662 2515 5718 caput
2545 5652 2708 5717 ossis,
2731 5654 2873 5722 quod
2907 5654 2957 5706 in
2988 5651 3203 5721 cotyleu
3244 5651 3357 5705 sive
3385 5665 3506 5706 ace-

1928 5721 2165 5776 tabidum
2196 5722 2472 5776 inseritur.

2000 5790 2087 5846 85.
2123 5792 2225 5847 Pro
2251 5790 2364 5848 loco
2394 5792 2533 5848 male
2562 5790 2683 5846 luco
2710 5790 2859 5863 Egm.
2902 5800 2957 5847 et
3000 5790 3117 5845 Pal.
