3998 6182
193 298 280 351 797

423 501 528 554 Sed
556 501 704 565 prius
738 502 787 551 in
820 499 1078 554 Genitore
1113 509 1320 566 potens,
1469 556 1478 564 _

189 595 216 647 5
427 594 591 664 253
613 597 792 654 Astra,
819 592 1014 655 solum,
1047 606 1194 645 mare
1216 607 1247 659 q
1273 607 1373 643 iam
1411 591 1620 646 tierent.

361 685 475 737 llttc
509 683 704 748 nitido,
737 697 950 748 precor,
985 683 1174 735 intuitu

433 777 612 830 Flecte
639 776 972 828 salutiferam
999 778 1188 829 faciem

435 867 634 920 Fronte
664 881 888 919 serenus
916 883 928 916 :
961 875 1014 918 et
1043 865 1261 930 iriadia,

425 959 667 1011 Nominis
707 967 763 1010 ut
802 959 902 1009 sub
927 958 1128 1009 honore
1158 958 1227 1010 tui

190 1052 244 1105 l0
427 1051 532 1104 llas
561 1050 746 1115 epulas
774 1049 932 1102 liceat
967 1063 1180 1116 capere.

355 1141 433 1194 Te
452 1140 569 1194 sine
588 1139 746 1194 dulce
780 1140 933 1203 nihil,
966 1139 1221 1193 Domine:

429 1233 536 1287 Nec
567 1232 714 1301 juvat
743 1247 838 1284 ore
872 1231 996 1299 quid
1025 1241 1296 1299 appetere,

424 1323 618 1377 Pocula
648 1323 698 1375 ni
731 1323 900 1390 prius,
926 1332 1084 1391 atque
1111 1323 1285 1383 cibos,

295 1470 318 1497 χ
423 1416 656 1482 ChriSte,
685 1423 806 1468 tuus
838 1416 987 1469 favor
1021 1416 1272 1469 imbuerit
1293 1457 1305 1475 .

189 1505 247 1560 15
426 1507 614 1559 Uumia
646 1504 1012 1560 sanctiﬁcante
1042 1506 1162 1560 lide.

1238 293 1777 349 CATHEMERINON
1820 293 1905 349 ΙΙΙ.
1949 296 2132 350 ANTE
2171 297 2402 355 CIBUM.

426 409 584 464 Eilite
607 423 836 479 corpore
867 409 1134 477 virgineo:
1799 417 1842 472 Α

3347 307 3452 360 793

2056 412 2276 468 Fercula
2312 426 2490 469 nostra
2525 416 2688 474 Deum
2727 419 2961 486 sapiant.

2118 501 2362 558 Christus
2387 518 2434 557 et
2467 509 2653 562 inﬂuat
2686 511 2737 561 in
2771 521 2982 576 pateras
3009 525 3022 560 :

2122 602 2296 668 Seria,
2332 604 2559 671 ludicra,
2594 611 2976 677 verlia,jacos,

2118 703 2355 771 Denique
2383 707 2522 773 quod
2554 720 2760 774 sumus,
2791 720 2881 762 aut
2904 711 3134 780 aginms,

1866 803 1936 856 20
2116 803 2279 856 Trina
2310 820 2543 874 superna
2574 818 2723 877 regat
2756 810 2944 873 pietas.

2041 904 2204 974 259
2228 903 2322 958 Hic
2353 906 2480 959 mihi
2511 907 2650 960 nulla
2675 924 2812 962 rosa:
2841 910 3030 978 spolia,

2115 1005 2299 1060 Nullus
2316 1020 2556 1064 aromate
2574 1015 2767 1081 fragrat
2788 1012 2921 1067 odor
2945 1031 2958 1065 :

2122 1107 2226 1161 Sed
2263 1107 2437 1176 liquor
2467 1109 2637 1165 inﬂuit
2661 1112 2985 1181 ambrosius,

2116 1206 2538 1277 Nectareamque
2566 1212 2722 1265 tidem
2751 1213 2952 1267 redolet

1867 1308 1937 1361 25
2121 1307 2290 1361 Fusus
2321 1311 2388 1362 ab
2420 1325 2586 1378 usque
2611 1312 2780 1365 Patris
2806 1315 3034 1380 gremio.

2042 1407 2269 1476 Sperne,
2295 1423 2562 1473 catnmna,
2599 1412 2744 1464 leves
2774 1412 3020 1476 hederas,

2118 1508 2346 1579 Cingere
2373 1520 2614 1578 tempora
2647 1513 2797 1580 queis
2820 1515 2976 1568 solita
3021 1531 3100 1578 es,

1472 1598 1510 1650 (ἒ
1522 1596 1760 1652 LOSSrE
1803 1599 1840 1651 ν
1852 1601 2031 1655 ETEll
2043 1601 2144 1655 ES.

249 1690 333 1743 11.
375 1688 572 1753 Favor,
598 1677 750 1743 'lau‘.
793 1719 862 1729 —
911 1689 1184 1754 lmbuerit,
1237 1689 1524 1753 benedicat,
1568 1691 1756 1742 sancti-
1789 1695 1835 1753 Β

217 1771 305 1822 ret,
336 1760 376 1812 1.

185 1761 618 1893 βτῗῦΪῘετευκι,
663 1845 749 1893 per
771 1830 826 1881 id
851 1829 989 1898 quod
1021 1828 1264 1894 continet,
1291 1830 1345 1882 id
1367 1830 1503 1898 quod
1539 1831 1762 1882 contine-

182 1912 274 1962 tur,
302 1917 396 1962 per
421 1900 615 1964 fercula
637 1900 797 1952 cibos.
827 1899 942 1952 Vat.
981 1906 1044 1954 Α.

250 1971 330 2022 17.
373 1971 608 2030 Pot-ras,
661 1986 882 2022 mensas.
933 1969 1131 2023 Patena
1175 1981 1246 2022 est
1289 1970 1422 2021 dicta
1450 1969 1750 2037 apatendo.

186 2039 368 2093 Pateru
393 2056 530 2106 vero,
556 2042 591 2092 i.
620 2057 664 2092 e.
698 2055 783 2091 vas
806 2050 981 2105 aptum
1014 2041 1234 2108 receptui
1258 2050 1424 2106 potus,
1461 2039 1498 2090 Ι.

247 2111 334 2162 IS.
369 2110 540 2172 Seria,
566 2127 757 2162 senum.
797 2110 1002 2161 Serium
1030 2120 1100 2161 est
1142 2109 1402 2171 honestas,
1453 2108 1575 2160 inde
1631 2110 1763 2161 seria

183 2182 466 2248 pluraliter,
512 2180 745 2233 honesta.
786 2209 848 2218 ——
880 2181 1126 2241 LUtiit'l’il,
1171 2184 1439 2250 juvenunt.
1476 2205 1544 2219 -—
1571 2180 1751 2240 locos,

183 2253 455 2308 infantum.
479 2251 514 2303 I.
1080 2271 1090 2277 ’

248 2325 334 2374 l9.
368 2321 520 2386 Quod
551 2333 757 2383 sumus,
785 2329 832 2372 et
850 2336 964 2380 nos,
991 2329 1038 2373 et
1076 2329 1220 2372 actus
1247 2329 1446 2372 nostros
1497 2328 1634 2388 regat
1675 2336 1761 2372 su-

181 2407 331 2459 perna
365 2393 546 2461 pietas.
570 2420 640 2430 --—
664 2393 903 2459 Agimns,
928 2391 1166 2460 facimus,
1199 2391 1236 2443 Ι.

1932 1692 2023 1746 2|.
2054 1692 2255 1760 Spolia,
2278 1693 2412 1745 sicut
2441 1695 2640 1761 antiqui
2658 1693 2935 1760 faciebant,
2966 1695 3006 1746 l.

1942 1761 2030 1814 ‘22.
2069 1768 2338 1834 Aromate,
2374 1763 2469 1815 hoc
2499 1781 2676 1817 aroma
2702 1766 2837 1833 facit
2860 1766 2912 1817 in
2959 1766 3207 1834 singulari
3252 1782 3464 1820 numero

1875 1834 2207 1896 nominativo,
2234 1833 2271 1884 I.

1941 1903 2032 1956 2'5.
2069 1902 2404 1976 Ambrosius,
2437 1904 2627 1976 dulcis,
2659 1903 2876 1970 dit-inus,
2896 1920 2986 1970 pro
3008 1905 3181 1958 divino
3220 1907 3464 1976 ponitur;

1876 1974 2133 2024 ambrosia
2164 1983 2234 2025 est
2260 1975 2400 2024 cibus
2417 1975 2647 2037 deorum,
2672 1976 2708 2026 Ι.

1943 2042 2034 2096 2i.
2061 2044 2373 2095 Nectaream
2393 2085 2406 2105 ,
2438 2061 2640 2113 puram,
2677 2045 2716 2098 Ι.

1941 2113 2031 2166 '25.
2059 2113 2137 2182 Ah
2160 2129 2349 2179 usque,
2376 2115 2598 2179 abusque
2620 2125 2665 2166 et
2687 2115 2913 2182 adusque
2932 2116 3138 2168 licenter
3161 2116 3397 2178 dicimus,
3417 2115 3457 2172 Ι.

2065 2181 2342 2256 Caulonia,
2364 2199 2604 2237 commune
2628 2181 2866 2256 dicuntur
2907 2185 3056 2256 quasi
3083 2202 3286 2239 canente
3331 2202 3464 2238 aca-

1875 2255 2059 2304 nendo.
2094 2283 2163 2291 —-
2195 2253 2360 2306 L--vc~'
2387 2295 2402 2316 ,
2436 2269 2610 2316 vanas,
2647 2255 2746 2307 lso.
2836 2253 2842 2257 ’

1938 2321 2025 2375 27.
2046 2323 2224 2388 Queis,
2272 2325 2473 2392 quibus,
2503 2324 2604 2378 lso.

1529 2479 2101 2535 COMMENTARIUS.

180 2592 297 2628 num
321 2576 424 2629 lib.
470 2591 520 2629 η
556 2574 799 2635 Conles.,
849 2590 968 2644 cap.
1020 2576 1075 2639 7,
1110 2585 1163 2628 et
1208 2573 1266 2629 S.
1320 2573 1645 2644 Cyprianum
1697 2575 1747 2627 in

182 2646 530 2711 Expositione
561 2645 823 2714 Sytnboli.
851 2643 1243 2699 Chamillardus
1268 2643 1487 2712 punivit,
1515 2659 1608 2711 eos
1654 2644 1752 2697 hoc

181 2719 439 2769 vocabulo
470 2715 751 2786 Verbigena
794 2731 918 2770 usos
952 2715 1134 2777 fuisse,
1170 2715 1329 2784 idque
1356 2715 1578 2786 lidenter
1609 2715 1754 2767 al‘lir-

180 2791 366 2839 mavit.
395 2791 463 2839 At
492 2784 663 2854 neque
687 2787 1036 2853 Augustinus,
1068 2801 1241 2852 neque
1279 2784 1501 2838 Rulinus
1537 2785 1754 2854 Aquile-

179 2856 365 2920 iensis,
396 2856 482 2908 cui
512 2851 601 2908 il‘ta
635 2851 907 2922 Evpositio
955 2851 1309 2923 adjudicatur,
1361 2851 1646 2923 quidquam
1675 2854 1755 2908 af—

179 2926 357 2979 ferunt
383 2942 487 2992 quo
517 2926 790 2980 Prudentii
822 2927 1017 2979 locutio
1035 2927 1202 2993 possit
1232 2926 1526 2992 explanari,
1559 2925 1752 2979 nedum

180 3012 372 3050 vocem
397 2995 683 3064 Verbigena
715 3006 994 3064 uSurpant.
1027 2997 1260 3058 Latoius,
1284 3007 1466 3050 contra
1494 2994 1758 3049 Clericnm

177 3067 480 3121 defendens
505 3065 864 3125 Prudentium.
891 3067 1182 3128 existimat,
1207 3081 1327 3120 cum
1357 3066 1457 3118 hoc
1482 3066 1619 3126 loco,
1646 3075 1758 3118 tum

179 3137 388 3206 hymno
421 3137 508 3198 11,
539 3148 746 3204 poetam
778 3137 946 3206 loqui
995 3138 1062 3190 de
1118 3136 1352 3190 secunda
1384 3136 1757 3203 generitione,

1858 2589 2017 2628 TlthA
2044 2587 2252 2640 DEITAS,
2271 2572 2385 2626 hate
2405 2572 2679 2629 Prudentii
2699 2577 2858 2630 verba
2879 2591 2998 2630 cum
3024 2577 3138 2629 aliis
3161 2579 3212 2630 in
3227 2577 3461 2630 medium

1860 2646 2096 2712 protulit.
2127 2644 2444 2702 llincmarus
2477 2645 2525 2696 in
2561 2646 2694 2698 libro
2735 2647 2807 2698 De
2845 2664 2947 2700 non
2987 2649 3118 2700 trina
3149 2649 3334 2700 deitute
3367 2663 3458 2700 re-

1858 2713 2107 2774 snondet,
2140 2713 2483 2768 Prudentium
2527 2718 2681 2769 metri
2726 2722 3046 2771 necessitate
3076 2719 3276 2772 dixisse
3323 2718 3459 2769 trina

1859 2789 2040 2855 pietas,
2067 2793 2126 2855 et
2147 2785 2272 2839 alibi
2303 2787 2380 2854 (in
2416 2785 2518 2838 line
2563 2786 2744 2854 hymni
2774 2792 2840 2841 de
2865 2807 3001 2840 novo
3029 2791 3231 2841 lumine
3253 2787 3458 2840 sabbati

1864 2853 2154 2924 paschalis)
2183 2853 2615 2921 numinetriptici,
2643 2859 2727 2910 vel
2779 2860 2910 2912 sicut
2949 2861 2996 2911 in
3025 2858 3342 2926 quihusdam
3366 2871 3458 2909 co-

1862 2927 2066 2981 dicibus
2117 2927 2197 2992 leg
2224 2935 2324 2994 tur
2360 2925 2563 2977 nomine
2619 2927 2830 2989 triplici,
2879 2940 2927 2982 et
2977 2925 3162 2982 rursus
3203 2928 3278 2994 (in
3308 2927 3456 2986 prati.

1865 2995 2214 3064 Apotheosis)
2241 3012 2254 3047 :
2282 2993 2376 3048 Est
2410 2997 2508 3046 tria
2547 3013 2745 3050 summa
2775 2998 2934 3060 Deus,
2959 3001 3148 3050 trinum
3177 2998 3452 3063 specimen.

1863 3066 2324 3132 Quaslocutiones
2352 3066 2615 3132 improbat
2664 3068 2777 3131 ipse
2833 3070 3176 3130 Hincmarus;
3209 3067 3457 3119 concedit

1866 3146 2042 3190 tamen
2075 3138 2142 3188 ab
2177 3140 2401 3189 Aratore
2429 3135 2529 3187 dici
2563 3140 2700 3189 trina
2741 3148 2982 3202 potestas,
3004 3142 3194 3191 trinum
3252 3152 3455 3197 nomen,

178 3185 278 3272 qua
307 3185 564 3260 Verhu'mr
599 3223 724 3260 caro
766 3185 961 3259 laetitia
1007 3217 1106 3261 est.
1144 3207 1293 3261 Hanc
1338 3185 1646 3275 opinionem
1695 3185 1762 3261 eo
1788 3185 1834 3245 (ἶ
1870 3224 1898 3259 a
1931 3209 2192 3269 Prospero
2214 3206 2346 3259 trina
2376 3207 2636 3271 majestas,
2669 3222 2695 3259 a
2722 3185 3127 3262 Srcdilliov‘trina
3175 3209 3329 3273 ﬁdes,
3378 3185 3453 3269 et;

179 3279 391 3348 hymno
417 3277 477 3330 11
503 3279 824 3348 expentlam.

243 3348 298 3402 4.
340 3346 464 3400 Vat.
492 3363 626 3400 unus
653 3347 793 3413 apud
817 3347 975 3401 Teol.
1007 3364 1213 3401 manens
1245 3362 1341 3416 pro
1363 3357 1563 3416 potens.

248 3418 342 3471 14.
384 3416 599 3471 Similes
626 3432 812 3486 preces
839 3426 962 3470 ante
1005 3419 1180 3471 cibum
1216 3418 1485 3472 faciendas
1517 3417 1762 3485 praescii-

176 3488 250 3541 bit
277 3490 550 3551 Origenes
581 3496 709 3540 tom.
743 3488 805 3545 ll.
840 3504 958 3553 pag.
991 3488 1080 3551 56,
1101 3489 1208 3546 lib.
1242 3505 1274 3542 ll
1305 3490 1356 3542 in
1385 3490 1667 3541 Joannem.
1730 3510 1736 3516 ’

248 3558 340 3610 15.
379 3559 428 3610 In
451 3558 652 3627 proleg.
685 3562 832 3612 num.
866 3559 967 3611 170
1012 3560 1117 3612 dixi
1153 3561 1278 3628 quid
1302 3560 1609 3628 sit,_0mnia
1648 3556 1772 3612 s‘an—'

174 3629 445 3696 ct’ficante
474 3629 592 3695 fide.

251 3701 347 3754 16.
380 3697 702 3752 Prudentius
744 3698 984 3750 hortatur
1025 3708 1078 3749 ut
1125 3697 1321 3753 fercula
1368 3710 1548 3753 nostra
1599 3700 1764 3752 Deum

175 3770 424 3840 sapiantl
452 3777 507 3822 et
552 3769 759 3822 videtur
790 3768 1029 3840 iudicare
1073 3770 1212 3834 quod
1246 3774 1320 3824 ait
1370 3771 1427 3827 8.
1469 3771 1766 3840 Cyprianus-

452 3807 507 3822 ι.
560 3807 747 3822 ..υνιω
790 3807 1029 3822 ...ωνωυ
1074 3807 1212 3822 ...νυ
1246 3807 1320 3824 ..ι
1371 3807 1427 3827 υ.
1469 3807 1507 3824 υ

176 3842 269 3892 lib.
299 3839 377 3892 ad
405 3807 670 3892 bimatum
701 3839 751 3908 in
782 3841 918 3891 line:
945 3807 1102 3893 Sanei
1127 3840 1352 3908 psalmos
1383 3807 1664 3893 εοηυῖγυξεέηι
1685 3857 1770 3892 so-

174 3914 350 3962 luium
380 3926 396 3970 ;
425 3917 472 3960 et
498 3917 550 3961 nt
582 3909 687 3961 .‘ibi'
718 3920 870 3962 tenax
900 3911 1140 3961 memoria
1171 3921 1264 3974 est,
1303 3928 1418 3963 voce
1447 3927 1638 3963 canora
1686 3927 1772 3977 aq-

173 3980 400 4048 gredere
422 3980 515 4031 hoc
544 3996 729 4032 manus
759 3996 822 4031 ex
843 3994 1008 4031 more:
1034 3983 1194 4048 magis
1230 3981 1556 4034 charissimos
1573 3997 1765 4048 pasces,

173 4054 216 4104 si
257 4053 325 4104 sit
362 4050 508 4102 nobis
534 4049 822 4114 spiritualis
843 4049 1058 4107 auditio.
1095 4051 1333 4116 prolectet
1356 4068 1502 4104 aures
1531 4052 1770 4120 religiosa

174 4121 447 4173 mulcedo.
479 4121 679 4174 Similia
715 4122 908 4171 habent
937 4122 1022 4172 alii
1057 4120 1154 4175 SS.
1193 4123 1396 4175 l’atrvs.
1448 4127 1502 4174 S.
1543 4124 1768 4174 Bernar-

174 4194 278 4245 dus
312 4193 413 4244 lih.
447 4206 506 4252 ll,
538 4206 625 4258 ep.
657 4190 709 4252 2,
740 4191 897 4243 verba
931 4190 986 4242 S.
1022 4191 1272 4259 Cypriani
1330 4209 1357 4244 a
1405 4191 1560 4244 nobis
1609 4193 1768 4244 allata

175 4263 479 4327 protulisse
502 4261 699 4313 dicitur
729 4277 759 4314 a
802 4260 1048 4328 Weitzio,
1083 4278 1201 4330 qua:
1249 4279 1348 4331 ego
1395 4263 1444 4314 in
1500 4262 1773 4315 Beruardo

176 4346 418 4384 numine
444 4346 676 4384 ιητθηισι.

249 4401 347 4456 17.
391 4401 442 4453 1η
475 4401 831 4455 .lliscellaneis
853 4402 1320 4455 observationibus
1359 4402 1516 4456 editis
1541 4401 1592 4455 in
1628 4411 1773 4455 vete-

175 4487 270 4525 ri-s
299 4484 570 4524 auctores
601 4473 670 4523 ab
693 4473 917 4525 eruditis
941 4473 1232 4533 Britannis,
1267 4484 1396 4527 tom.
1433 4471 1520 4538 ΙΙΙ,
1554 4473 1658 4525 vol.
1687 4488 1763 4528 Ill.

1875 3278 2025 3341 Quod
2039 3275 2258 3340 simplex
2279 3278 2399 3338 tripl
2407 3278 2519 3340 icet,
2542 3279 2775 3345 quodque
2794 3291 2865 3333 est
2879 3278 3204 3344 triplicabile,
3228 3276 3456 3343 simplet,

1871 3362 1920 3401 et
1952 3347 2358 3415 explicationem
2427 3359 2806 3412 congruentem
2862 3350 3010 3401 addit
3059 3349 3216 3402 :Iloc
3261 3357 3456 3398 tantum

1871 3421 2059 3471 dixisse
2089 3416 2338 3485 sufﬁciat,
2387 3422 2505 3485 quia
2541 3433 2738 3472 τωρωι
2783 3435 3046 3472 Μειτλτισῖω
3103 3417 3456 3481 Prudentius,

1869 3503 2066 3542 'rnmu
2098 3503 2441 3541 POTB~TATEH
2476 3488 2676 3550 Arator,
2704 3505 2900 3544 TRINAII
2942 3502 3283 3543 MMESTATEM
3331 3485 3461 3538 Pro~

1869 3575 2006 3623 sper,
2036 3574 2129 3625 pro
2159 3558 2385 3621 personis
2409 3556 2600 3617 Patris,
2631 3571 2678 3610 et
2729 3557 2873 3624 Filii,
2904 3573 2947 3612 et
2995 3559 3221 3628 Spiritus
3271 3558 3457 3620 sancti,

1868 3633 1953 3696 qui
1980 3632 2184 3681 relative
2223 3628 2275 3680 in
2304 3638 2478 3680 sancta
2505 3628 2748 3681 Trinitate
2787 3633 2998 3683 dicuntu
3022 3651 3058 3693 ο,
3093 3628 3452 3680 substantialia

1869 3701 2077 3752 nomina
2153 3698 2422 3765 pietatem,
2479 3708 2816 3765 potesmtem,
2873 3701 3206 3768 niajcstaIt-m
3271 3713 3460 3766 pome—

1872 3781 2016 3823 runt.
2051 3769 2182 3822 Vide
2209 3783 2349 3822 com.
2373 3784 2514 3822 vers.
2540 3771 2574 3820 2
2593 3769 2879 3839 Psyi-hom.
3283 3803 3317 3839 A-

1890 3861 1894 3864 ·
1939 3841 2028 3892 2|.
2057 3839 2378 3904 ivlicqnidetn
2403 3849 2515 3893 erat
2544 3837 2879 3892 θιιιιὶιουιιιιιιι
2915 3849 3061 3903 m‘os;
3089 3852 3140 3892 at
3167 3837 3459 3892 Christiani

1870 3923 2082 3963 veteres
2111 3910 2246 3974 adeo
2285 3911 2353 3962 ab
2393 3910 2677 3974 unguentis
2702 3919 2755 3963 et
2782 3948 2786 3955 .
2811 3910 3066 3962 odorlins
3105 3928 3154 3963 In
3202 3907 3460 3962 convivuis

1871 3980 2210 4032 abstinebant
2238 3978 2316 4030 hit
2356 3979 2405 4031 id
2448 3983 2646 4032 ethnici
2699 3979 2825 4038 ipsis
2874 3981 3284 4042 exorobrari-nt,
3315 3978 3454 4041 I||Ittt|

1873 4050 2117 4118 liquetex
2140 4047 2319 4101 verbis
2351 4049 2561 4102 Minucii
2618 4048 2809 4102 Febris
2853 4068 2864 4101 :
2903 4048 3022 4102 Non
3054 4050 3263 4117 ﬂoribus
3308 4053 3460 4114 caput

1872 4121 2088 4184 uertitis,
2120 4135 2217 4170 non
2240 4119 2422 4188 corpus
2452 4119 2692 4173 odoribus
2723 4123 3001 4172 honestatis
3026 4136 3044 4172 :
3071 4119 3462 4188 reservatisun-

1871 4200 2057 4260 guenta
2097 4187 2381 4256 funeribus.
2429 4189 2558 4260 Vide
2588 4188 2918 4247 Clementem
2973 4190 3258 4248 Alexand.,
3306 4187 3399 4238 lib.
3426 4201 3482 4260 tt°

1876 4259 2086 4328 Pmdag.
2119 4260 2309 4326 cap.8,
2341 4269 2394 4313 et
2425 4259 2483 4313 S.
2516 4259 2956 4329 Chrysostomum
2991 4271 3118 4313 tom.
3157 4261 3218 4319 ll,
3250 4272 3399 4309 conc.
3433 4259 3454 4309 1

1874 4333 1940 4384 de
1971 4331 2192 4384 Lazaro.
2228 4329 2332 4383 Pro
2357 4346 2487 4383 rosa:
2515 4331 2669 4390 Prag.
2700 4331 2750 4382 in
2777 4345 2941 4393 marg.
2971 4348 3136 4395 rosea,
3189 4329 3348 4381 male.

1943 4401 2031 4452 ‘29..
2053 4402 2367 4468 Alii-ﬂagrat
2393 4402 2470 4452 vel
2497 4401 2686 4469 fraglat
2712 4400 2973 4454 scribunt.

1944 4471 2034 4524 2t.
2066 4471 2133 4525 Ut
2159 4471 2417 4523 ambrosia
2455 4471 2673 4523 deormn
2707 4470 2972 4528 cihusest.
2999 4471 3072 4523 ita
3092 4480 3246 4538 potus
3269 4482 3454 4522 eorum

173 4557 304 4610 p-Ig.
346 4540 475 4605 5‘20,
524 4545 806 4607 conjicitur
848 4543 1127 4611 legendum
1168 4558 1289 4596 esse
1330 4544 1556 4609 Spiritus
1587 4545 1768 4612 inﬂuat
1800 4545 1846 4602 ο
1876 4552 2064 4594 nectar.
2133 4541 2299 4612 Verba
2331 4541 2521 4609 quibus
2547 4542 2863 4612 Prudentius
2920 4543 3106 4602 utitur,
3141 4542 3304 4608 liquor
3356 4555 3464 4588 aut-

170 4629 225 4662 m
262 4622 510 4677 pateras:
541 4615 634 4665 sed
667 4614 807 4665 nulla
835 4623 918 4666 est
945 4612 1136 4667 idonea
1168 4616 1304 4667 ratio
1333 4631 1428 4667 cur
1455 4621 1606 4668 vetus
1630 4613 1768 4666 scri-

174 4691 268 4749 ptu
278 4699 340 4735 ra
369 4690 666 4735 deseratur.

251 4754 352 4807 18.
385 4752 441 4806 Si
477 4751 669 4819 placet,
705 4755 770 4806 ita
798 4751 1084 4820 distingue,
1126 4763 1180 4805 ut
1213 4753 1366 4806 ludus
1405 4753 1471 4806 sit
1506 4755 1556 4806 in
1607 4754 1775 4806 artio-

173 4839 271 4883 ne,
299 4823 466 4890 jocus
498 4823 548 4874 in
599 4823 808 4887 verbis;
853 4835 908 4877 et
957 4825 1189 4889 postulat
1238 4833 1410 4890 poeta,
1453 4826 1690 4879 actiones
1721 4835 1776 4878 et

173 4895 355 4944 Verba
384 4909 412 4946 a
450 4892 558 4945 Deo
585 4892 739 4952 dirigi
762 4905 866 4946 tam
899 4909 960 4946 ea
987 4909 1102 4959 quae
1131 4895 1194 4945 ad
1237 4895 1618 4948 Continenttant
1653 4912 1771 4963 per-

173 4963 386 5027 tinent,
421 4979 580 5029 quam
627 4979 744 5030 qum
793 4965 856 5015 ad
907 4965 1280 5031 entrapeliy-m,
1332 4966 1443 5018 sive
1489 4966 1554 5016 ad
1608 4967 1770 5018 animi

169 5033 482 5104 quamdam
498 5033 866 5104 remissionem
888 5049 902 5088 :
924 5036 988 5088 de
1015 5050 1116 5101 qua
1140 5035 1328 5086 virtute
1353 5035 1585 5103 theologi
1605 5045 1772 5104 agunt

169 5121 308 5157 cum
347 5103 406 5156 S.
433 5102 636 5155 Thoona
666 5101 761 5154 2-2
807 5121 904 5166 qua
925 5114 995 5158 st.
1028 5104 1150 5166 168,
1184 5115 1286 5157 art.
1315 5104 1369 5156 2.

251 5176 353 5227 20.
375 5175 624 5227 Ileinsius
652 5190 865 5243 superne
886 5192 978 5240 pro
1000 5190 1217 5242 superna
1246 5175 1460 5242 praefert
1481 5188 1600 5226 cum
1626 5176 1769 5238 Put.,

168 5247 330 5308 Alt.,
372 5245 550 5311 Egon,
583 5243 774 5311 quibus
799 5260 1054 5297 Consonat
1090 5245 1264 5309 Alex.,
1305 5256 1359 5298 et
1384 5244 1660 5297 aztlimrent
1689 5261 1773 5298 re-

168 5318 467 5366 rentiores
505 5314 658 5376 editi,
717 5317 836 5381 quia
885 5330 1105 5383 superne
1142 5315 1400 5382 syllabam
1449 5325 1771 5382 postremam

162 5384 439 5447 corripit.
470 5383 582 5435 Non
602 5383 828 5447 inlicior,
851 5399 968 5438 eam
991 5386 1248 5454 syllabam
1267 5399 1600 5438 communem
1626 5400 1770 5450 esse,

162 5456 274 5509 sed
342 5455 548 5506 retineo
597 5471 816 5516 superna
862 5470 980 5507 cum
1035 5457 1205 5512 lsone.
1244 5455 1769 5516 llinClllarll,G“llle‘

162 5525 396 5586 scalro,
413 5525 785 5578 vetustissimis
821 5525 960 5578 Vatt.
981 5527 1044 5584 A.
1074 5525 1114 5587 Ι,
1141 5523 1204 5589 Ο,
1229 5523 1287 5586 Ρ,
1308 5525 1432 5578 Urb.
1455 5525 1596 5589 ltat.,
1619 5525 1772 5592 Prag.

162 5596 340 5648 ΑΜ..
366 5593 830 5659 Gis.,Weit.,a|iis
849 5596 1132 5664 plerisque.
1161 5596 1359 5648 Eruditi
1402 5595 1636 5648 Britanni
1674 5597 1775 5649 lor.

157 5669 268 5719 cit.
288 5664 640 5730 suspicantur
654 5665 814 5718 deitus
842 5682 935 5731 pro
960 5667 1134 5733 pietas.
1163 5665 1298 5719 Nihil
1331 5668 1658 5720 mutandum.
1677 5667 1782 5719 Go-

159 5736 518 5801 tbescalcus,
549 5746 600 5788 ut
624 5735 876 5790 adversus
902 5736 1010 5790 Ilin:
1035 5752 1237 5790 marum
1263 5737 1778 5806 probaretrct-ledici

1877 4612 2094 4675 brmius,
2128 4611 2336 4675 redolet,
2371 4614 2536 4679 fusus,
2589 4611 2813 4664 fortasse
2864 4613 3084 4662 innunnt
3139 4621 3462 4676 unguentum

1877 4683 2225 4744 ambrosiam,
2257 4680 2323 4736 de
2352 4698 2454 4748 quo
2488 4681 2652 4735 videri
2680 4689 2855 4748 potest
2893 4681 3244 4734 Fat-ciolatus.

1951 4751 2037 4805 :5.
2071 4751 2220 4805 Solet
2243 4751 2481 4820 prteponi
2511 4768 2666 4820 usque
2688 4767 2705 4802 :
2757 4751 3002 4819 Virgilius
3028 4761 3205 4803 lltltIEIt
3230 4755 3290 4801 ab
3310 4764 3466 4818 usque

1885 4822 2129 4893 Pachyno
2149 4823 2298 4875 di\it.

1946 4894 2036 4948 26.
2061 4894 2342 4946 Catnmnas
2391 4893 2541 4958 quasi
2574 4907 2809 4947 canenas
2851 4908 2879 4944 a
2908 4893 3272 4945 ianemlodici
3309 4892 3468 4943 tradit

1880 4965 2179 5018 Μλριυυιιις
2207 4965 2297 5016 lib.
2330 4978 2365 5016 ll
2401 4964 2450 5015 in
2478 4966 2663 5019 Somn.
2694 4965 3091 5032 Scipiott..cap.
3121 4965 3175 5016 5.
3212 4964 3387 5015 Poene
3409 4979 3468 5012 ex

1879 5035 2332 5101 hederis-quoque
2354 5049 2580 5087 coronas
2605 5036 2702 5087 sibi
2735 5031 3095 5101 itnpnnchaul,
3127 5036 3246 5099 quia
3279 5031 3462 5083 ltaccltt

1878 5115 1933 5158 et
1965 5107 2222 5172 Apollinis
2259 5105 2400 5168 paria
2430 5104 2785 5158 censebantur
2807 5107 3041 5157 nninina.
3096 5103 3342 5154 lloritius
3371 5102 3462 5172 lib.

1878 5190 1915 5240 ι,
1945 5169 2099 5227 odel
2137 5191 2149 5226 :
2187 5173 2270 5228 Me
2297 5177 2557 5226 doctu-runt
2580 5177 2776 5228 hedera:
2821 5191 3030 5241 pi'tL’mta
3078 5173 3325 5241 frautium
3376 5169 3464 5219 Dis

1878 5247 2083 5314 miscent
2113 5249 2332 5314 superis.
2365 5245 2581 5298 Ovidius
2611 5245 2699 5296 lib.
2732 5247 2939 5314 t._eleg.
2994 5249 3024 5294 b'
3055 5259 3066 5292 :
3112 5241 3282 5314 ΔΩεηιεε
3306 5241 3463 5314 Δηφιεᾷει

1879 5313 2091 5368 hederas
2114 5308 2352 5368 bace/tice
2373 5329 2531 5378 serta,
2558 5315 2732 5367 comis.
2759 5312 2871 5366 Ista
2895 5308 3077 5366 decent
3104 5309 3244 5362 (tetas
3294 5308 3460 5377 felicia

1878 5387 2026 5454 signa
2054 5395 2227 5446 poetas
2256 5401 2274 5437 :
2305 5385 2639 5451 Temporibus
2665 5400 2765 5435 non
2816 5395 2886 5454 ist
2935 5391 3054 5454 apta
3080 5396 3267 5454 corona
3317 5379 3459 5454 meis.

1881 5449 2075 5508 confer
2104 5455 2350 5509 Carolum
2379 5449 2682 5505 l’ascliali-m
2729 5457 2794 5504 tle
2853 5452 3098 5514 Coronis,
3143 5451 3274 5504 edit.
3333 5449 3464 5498 ltilt)

1886 5541 2004 5592 pax.
2036 5524 2124 5584 60.
2157 5525 2248 5577 lib.
2281 5540 2319 5586 ι,
2345 5538 2465 5589 cap.
2511 5524 2596 5585 18,
2639 5523 2725 5588 qui
2771 5521 2912 5575 hunc
2964 5519 3236 5575 Prudentii
3287 5520 3458 5571 locum

1882 5595 2166 5647 cutnlande
2187 5595 2257 5660 pii
2278 5602 2438 5662 poeta:
2461 5592 2671 5659 allegat.

1951 5668 2040 5716 27.
2074 5665 2149 5715 Ex
2183 5658 2285 5717 hoc
2307 5676 2460 5715 veisu
2485 5658 2674 5729 aliquis
2700 5662 2936 5729 colliget.
2965 5658 3307 5716 Prudentium
3341 5671 3460 5729 cur-

1885 5733 2115 5789 minibus
2128 5748 2179 5802 pi
2192 5733 2362 5787 ofanis
2375 5726 2756 5802 compnnendis
2780 5726 3055 5803 indulgere
3074 5729 3309 5784 solitum.
3344 5726 3461 5780 Non
