3998 6182
539 264 641 319 805

784 373 861 427 'l‘e
888 387 1100 443 quoque
1131 374 1245 426 luce
1272 372 1370 425 sub
1402 370 1649 435 occidua,
2160 376 2204 433 Α

785 465 1009 520 Sumere
1035 478 1153 516 cum
1184 472 1366 516 monet
1398 463 1525 515 hora
1557 462 1755 522 cibum,

540 557 611 611 90
786 556 995 618 Nostra,
1028 555 1189 617 Deus,
1220 561 1381 608 canet
1402 554 1706 607 harmonia.

718 647 870 714 Quod
902 647 1040 700 calet
1069 646 1261 698 halitus
1293 647 1544 706 interior,

789 736 961 791 Corde
988 738 1129 805 quod
1160 737 1339 790 abdita
1367 750 1498 790 vena
1534 736 1737 798 tremit,

794 829 975 883 Pulsat
998 838 1051 881 et
1081 827 1239 881 incita
1267 828 1407 895 quod
1432 841 1681 879 resonam

792 918 952 989 265
985 918 1182 982 Lingua
1211 918 1310 970 sub
1334 932 1426 969 ore
1449 916 1620 970 latens
1648 930 1888 981 caveam,

544 1012 614 1067 95
793 1013 933 1066 Laus
965 1011 1143 1079 superi
1170 1010 1338 1063 Patris
1364 1021 1481 1064 esto
1509 1011 1657 1064 mihi.

720 1104 829 1159 Nos
861 1103 1021 1172 igitur
1051 1113 1161 1169 tua,
1197 1112 1402 1165 sancte,
1434 1115 1625 1156 manus

802 1194 1018 1261 Cespite
1046 1194 1345 1260 c0tnp08uit
1372 1192 1606 1257 madido,

808 1286 1049 1354 Effigiem
1086 1286 1337 1339 meditata
1359 1298 1511 1336 suam
1539 1299 1553 1338 :

800 1378 980 1447 thue
1010 1377 1149 1431 foret
1182 1386 1294 1430 rata
1324 1376 1600 1439 materies,

803 1471 995 1534 Flavit,
1023 1479 1077 1523 et
1106 1468 1299 1521 indidit
1325 1484 1417 1521 ore
1440 1468 1696 1521 animam.

735 1563 884 1616 Tunc
912 1577 1007 1630 per
1029 1575 1244 1614 atnmna
1277 1560 1448 1612 vireta
1472 1560 1622 1625 jubet

795 1651 1165 1705 Frondicomis
1191 1650 1430 1702 habitare
1463 1648 1619 1711 locis,

797 1743 903 1797 Ver
925 1742 1014 1795 ubi
1046 1749 1362 1810 perpetuum
1397 1738 1625 1803 redolet,

801 1836 1063 1901 Prataque
1102 1830 1436 1884 multicolora
1468 1831 1610 1883 latex

797 1925 1107 1992 Quadrilluo
1128 1922 1277 1977 celer
1301 1936 1460 1976 amne
1486 1920 1643 1990 rigat.

550 1472 653 1527 100

549 1931 654 1986 105

2161 788 2167 797 .
2234 740 2335 793 110

2239 1194 2342 1247 115

2242 1648 2344 1702 190

1657 256 1931 314 AUREI."
1976 257 2339 323 PRUDENTII
2380 258 2708 313 CtllMlNA.
3671 272 3752 327 801

2415 367 2458 421 li
2479 385 2539 423 rc
2568 370 2659 423 tibi
2691 384 2830 423 nunc
2860 370 3202 434 famulentur,
3233 375 3323 437 ait,

2479 464 2670 519 Usibus
2701 465 2879 518 omnia
2911 466 3050 519 dedo
3081 468 3184 519 tuis
3212 489 3221 519 :

2488 557 2592 610 Sed
2627 567 2801 609 tatnen
2830 572 3017 625 aspera
3051 559 3329 614 mortifero

2486 646 2679 707 Stiirite
2700 662 2922 715 carpere
2949 662 3101 715 poma
3135 660 3274 713 veto,

2480 739 2640 809 266
2662 738 2760 804 Qui
2789 740 2967 793 medio
2994 740 3125 794 viret
3161 740 3210 793 in
3237 756 3469 797 nemore.

2424 827 2517 881 llic
2543 828 2705 881 draco
2738 828 2969 895 perfidus
3000 830 3230 884 indocile

2485 919 2718 986 Virginis
2743 920 2892 973 illicit
2922 920 3217 990 ingenium,

2481 1012 2773 1067 Utsocium
2804 1013 3109 1067 malesuada
3142 1015 3317 1069 virum

2483 1102 2736 1156 Mandere
2763 1112 2980 1171 cogeret
3007 1119 3071 1157 ex
3101 1106 3301 1169 vetitis,

2484 1192 2599 1262 Ipsa
2633 1192 2744 1259 pari
2774 1194 3010 1261 peritura
3040 1194 3222 1248 modo.

2414 1282 2653 1352 Corpora
2678 1291 2858 1336 mutua
2892 1285 3080 1352 (nosse
3112 1286 3287 1350 nefas)

2497 1374 2621 1429 Post
2650 1376 2835 1443 epulas
2860 1374 3108 1443 inoperta
3137 1376 3343 1444 vident,

2491 1464 2750 1519 Lubricus
2777 1480 2930 1520 error
2958 1475 3011 1521 et
3038 1468 3286 1522 erubuit:

2485 1554 2741 1623 Tegmina
2773 1564 2888 1609 suta
2916 1566 3105 1624 parant
3134 1557 3299 1624 foliis,

2492 1646 2732 1700 Dedecus
2758 1657 2815 1700 ut
2839 1647 3009 1714 pudor
3034 1649 3333 1704 occuleret.

2417 1734 2645 1791 Conscia
2669 1738 2825 1805 culpa
2862 1737 3026 1792 Deum
3061 1742 3305 1807 pavitans

2500 1830 2641 1885 Sede
2674 1831 2755 1899 pia
2794 1832 2977 1897 procul
3007 1832 3257 1901 exigitur.

2496 1922 2697 1976 lnnuba
2728 1921 2922 1976 femina
2949 1939 3066 1991 quae
3099 1922 3292 1986 fuerat.

1835 2010 2130 2069 GLOSSE
2175 2010 2515 2067 VETERES.

620 2120 710 2173 88.
742 2114 999 2180 Occidua,
1028 2126 1247 2180 vespere,
1284 2110 1323 2162 1.

618 2190 707 2243 90.
745 2178 1051 2247 llarmonia,
1103 2178 1386 2232 modulatio
1424 2178 1779 2232 suavissimum
1820 2194 2023 2231 carmen
2059 2178 2136 2231 vel

551 2275 799 2330 organum
827 2274 839 2307 :
862 2257 1105 2330 Itarmono
1123 2250 1299 2304 Gra'ce
1324 2266 1474 2330 cano,
1496 2250 1614 2301 inde
1638 2249 1924 2330 harmonia.
1952 2257 2135 2301 cantus

554 2319 668 2382 cuvnt
691 2326 949 2387 laudibus,
972 2327 1007 2375 Ι.
1045 2322 1171 2385 Hoc,
1196 2322 1333 2389 quod
1361 2322 1491 2383 vivo,
1523 2329 1567 2372 et
1588 2319 1724 2387 quod
1745 2320 1883 2388 loqui
1906 2335 2132 2386 possunt,

549 2403 614 2453 sit
645 2399 755 2450 laus
786 2396 900 2459 Dei,
935 2394 1053 2447 Val.
1088 2397 1151 2445 A.

628 2470 714 2522 91.
754 2467 980 2526 Halitus,
1014 2463 1244 2531 Spiritus,
1282 2461 1318 2513 Ι.

626 2539 714 2592 95.
748 2536 934 2595 lncita,
957 2529 1225 2585 contniota.
1261 2560 1331 2569 -ι
1362 2530 1648 2595 Resouam,
1678 2544 1938 2591 sonorum,
1973 2529 2011 2580 Ι.

626 2608 716 2662 95.
752 2608 900 2666 Esto,
924 2606 1007 2665 sit,
1043 2602 1077 2654 l.

625 2676 714 2731 96.
745 2676 949 2735 Manus,
984 2671 1239 2735 divinitas,
1276 2669 1312 2722 I.

628 2748 717 2801 97.
750 2745 1080 2811 Composuit,
1105 2742 1314 2803 creavit,
1346 2740 1385 2793 1.

625 2818 713 2871 98.
750 2809 988 2881 Etligiem
1030 2811 1436 2881 similitudinem,
1488 2810 1528 2862 I.
1576 2838 1644 2849 -—-
1679 2809 1949 2873 Meditata,
1995 2810 2067 2861 sic
2093 2818 2137 2861 et

560 2888 743 2957 Virgil.
778 2888 840 2937 de
859 2880 896 2936 Ἰ
909 2898 1073 2936 unone
1102 2899 1118 2935 .°
1146 2880 1372 2933 Inachia:
1399 2890 1587 2951 pestem
1618 2881 1858 2933 meditata
1880 2882 2133 2947 juvenem,

560 2960 675 3013 Val.
706 2959 770 3011 A.

622 3029 711 3083 99.
746 3026 902 3089 Rata,
931 3023 1172 3092 perfecta,
1203 3023 1243 3075 1.

626 3099 745 3153 101.
780 3100 876 3149 l'er
907 3088 1142 3153 amiterna,
1178 3096 1231 3146 in
1271 3091 1531 3162 paradiso.
1562 3121 1630 3130 ——
1660 3090 1864 3154 Virela,
1894 3088 2127 3162 virentia,

1076 3146 1322 3235 adjectiva
1365 3173 1647 3229 ponuntur,
1692 3146 1863 3235 unum,
1900 3176 1995 3235 pro
2028 3146 2132 3226 ﬁxo
2161 3146 2207 3208 C

554 3231 902 3307 accipiendum
931 3244 1025 3301 est,
1068 3231 1150 3287 sic'
1190 3235 1272 3287 hic
1300 3249 1496 3286 amwna
1540 3248 1628 3301 per
1660 3232 1840 3296 vireta,
1892 3231 1929 3281 i.
1970 3245 2014 3282 e.
2044 3245 2131 3299 per

2237 2107 2577 2160 amoenitatem
2606 2108 2845 2159 virentem
2876 2106 2997 2160 Vat.
3032 2106 3095 2159 A.

2313 2177 2436 2232 105.
2468 2176 2710 2240 liedolet,
2741 2193 2813 2230 sc.
2838 2180 3013 2246 ﬂores,
3049 2177 3089 2229 Ι.

2312 2248 2436 2319 101.
2466 2246 2818 2319 Multi‘col‘ora,
2851 2248 3017 2311 varia,
3053 2247 3090 2298 I.
3123 2277 3193 2285 —
3219 2246 3411 2314 Latex,
3444 2253 3567 2319 fons,
3598 2250 3633 2306 l.

2314 2318 2435 2393 1_05_.
2476 2316 2805 2382 Quadriﬂuo,
2840 2319 2961 2387 quia
2999 2325 3220 2388 quatuor
3256 2329 3377 2372 sunt
3417 2316 3535 2389 ﬁunt
3556 2340 3613 2373 na
3646 2340 3768 2393 para-

2245 2390 2365 2451 disi,
2400 2387 2439 2440 Ι.

2320 2457 2441 2511 106.
2472 2456 2579 2520 Ait,
2614 2456 2770 2523 Deus,
2802 2457 2841 2510 1.

2318 2529 2440 2583 107.
2468 2528 2633 2590 Dedo,
2666 2538 2842 2597 sponte
2869 2531 3036 2591 trado,
3066 2528 3104 2582 1.

2319 2598 2440 2651 109.
2471 2598 2681 2665 Stipite,
2714 2598 2912 2657 arbore,
2946 2598 2983 2649 1.

2318 2669 2440 2723 110.
2475 2668 2722 2734 Nemore,
2753 2668 3003 2738 paradisi,
3041 2669 3080 2720 l.

2318 2739 2441 2792 111.
2489 2738 2607 2801 llic,
2657 2749 2793 2790 tunc.
2824 2766 2894 2777 —
2924 2738 3180 2803 Perfidus,
3230 2742 3447 2807 perdens
3484 2741 3638 2808 ﬁdem,
3664 2739 3765 2793 1.-

2246 2808 2505 2875 Indocile,
2536 2808 2682 2860 valde
2725 2808 2927 2871 docile;
2974 2808 3027 2860 in
3059 2810 3190 2861 enim
3221 2812 3513 2879 praepositio
3541 2810 3766 2879 aliquando

2244 2888 2415 2948 auget,
2449 2888 2502 2929 ut
2530 2878 2795 2946 impulsus,
2821 2878 3069 2945 intonsus,
3108 2880 3221 2932 Vat.
3257 2883 3324 2934 A.

2315 2949 2436 3002 ne.
2470 2948 2643 3013 Illicit,
2675 2948 2881 3017 decipit,
2916 2948 2955 3001 ι.

2313 3018 2435 3072 114.
2474 3019 2679 3077 Vetitis,
2714 3019 2897 3085 pontis,
2930 3019 2967 3071 Ι.

2311 3089 2433 3143 119.
2471 3087 2685 3153 Parant,
2715 3096 3025 3156 prwparant,
3063 3087 3103 3139 1.

2312 3159 2439 3212 1‘22.
2473 3157 2736 3226 Exigitur,
2773 3158 3067 3226 expellitur,
3098 3158 3136 3210 1.

2314 3228 2436 3283 125.
2468 3228 2691 3293 lnnuba,
2720 3228 2860 3297 virgo
2889 3230 3030 3292 prius
3052 3229 3103 3281 in
3129 3230 3399 3299 paradiso,
3424 3229 3537 3284 Vat.
3561 3230 3617 3284 T.

1900 3342 2463 3399 COMMENTARIUS.

628 3448 717 3503 90.
748 3445 872 3498 Vat.
906 3446 945 3495 A
985 3443 1160 3510 glossa
1206 3440 1435 3507 pertinet
1476 3439 1541 3493 ad
1586 3438 1956 3506 explicandam
2002 3447 2142 3490 stro-

556 3518 717 3585 pham
744 3524 1076 3585 sequentem:
1113 3510 1372 3585 Weitzius
1403 3512 1528 3577 legit
1554 3512 1690 3561 canit
1712 3523 1813 3585 pro
1844 3516 1986 3559 canet
2008 3524 2139 3585 cum

559 3578 782 3643 Widm..
814 3578 1004 3648 llails.,
1037 3582 1225 3641 Gold.;
1256 3580 1348 3633 sed
1379 3588 1519 3631 canet
1556 3579 1726 3631 nostri
1750 3592 1960 3641 omnes,
1992 3578 2141 3642 Ald.,

562 3659 702 3713 Gis..
739 3655 879 3715 Put.,
912 3655 1109 3715 0x0n.,
1146 3650 1353 3711 Ileins.,
1386 3649 1501 3703 Pal.
1928 3648 1935 3657 '

630 3725 723 3781 95.
756 3723 997 3785 Resonat,
1034 3721 1170 3773 male
1198 3720 1384 3775 Aldus.

633 3798 722 3849 96.
759 3795 858 3845 l‘ro
888 3802 1074 3855 sancte,
1103 3791 1243 3859 quod
1273 3790 1457 3857 optimi
1483 3796 1536 3842 et
1559 3787 1796 3859 plerique
1820 3786 2037 3859 habent,
2067 3788 2144 3843 le-

562 3877 693 3932 gunt
721 3873 900 3917 sancta
928 3877 1126 3932 manus,
1163 3861 1336 3913 minus
1369 3859 1525 3923 bene,
1550 3859 1731 3929 Prag.,
1757 3858 2141 3925 liat.,Weitz.,

570 3929 729 3991 Cis.l
761 3935 870 3995 ed.,
908 3934 1045 3984 \‘att.
1068 3929 1109 3995 l,
1143 3934 1206 3983 0.

632 4007 720 4059 97.
749 4005 849 4057 Pro
878 4005 983 4055 luto
1017 4004 1191 4070 posuit
1221 4008 1371 4067 poeta
1406 3999 1651 4069 Cespitem
1691 3999 1980 4051 madidum.
2037 3999 2136 4053 Fe-

561 4089 675 4129 sms
712 4073 931 4139 :Cespes
974 4083 1048 4125 est
1097 4080 1233 4123 terra
1274 4072 1325 4122 in
1370 4075 1575 4123 modum
1618 4070 1791 4122 lateris
1833 4086 1983 4135 ca'sa,
2019 4084 2138 4122 cum

564 4147 750 4209 herba,
804 4149 916 4196 sive
960 4141 1161 4195 fructus
1202 4143 1404 4194 recisus
1434 4150 1485 4193 «ιι
1533 4150 1808 4193 truncatus
1853 4149 1953 4192 est.
1987 4141 2139 4204 Apud

565 4216 820 4269 lsitlorutn
849 4214 938 4265 lib.
970 4228 1080 4274 xw,
1111 4226 1228 4278 cap.
1253 4212 1307 4276 6,
1331 4212 1498 4279 Orig.:
1519 4209 1739 4279 Cespites
1761 4219 1876 4262 sunt
1903 4211 2137 4332 putica.

571 4288 699 4332 \‘iile
731 4286 922 4332 Psvch.
972 4296 1113 4332 vers.
1142 4281 1267 4332 904.
1325 4280 1460 4332 Nam
1499 4284 1691 4332 viscera
1735 4282 1853 4332 limo
1926 4280 2137 4332 Iﬂiaiata

571 4288 699 4339 Vide
730 4286 922 4353 Psych.
972 4296 1113 4338 vers.
1142 4281 1267 4344 904,
1325 4280 1460 4332 Nam
1499 4284 1691 4333 viscera
1735 4282 1853 4333 limo
1903 4280 2140 4349 Efﬁgiata

564 4363 799 4413 premunt
826 4354 1072 4414 animam,
1101 4363 1204 4404 etc.

638 4425 756 4479 100.
793 4424 847 4476 ltt
876 4423 1113 4490 margine
1145 4420 1260 4473 Vat.
1294 4421 1357 4483 Α,
1394 4420 1492 4473 Ure
1516 4420 1736 4472 animam
1768 4420 1902 4472 dedit
1931 4436 1991 4472 ea:
2022 4437 2139 4485 pro-

566 4498 699 4565 prio,
748 4510 903 4560 quem
947 4507 1158 4565 versum
1202 4492 1319 4544 l’ut.
1355 4502 1410 4565 et
1447 4491 1561 4565 Vat,
1682 4492 1879 4565 habent
1908 4492 1967 4565 in
1992 4500 2136 4565 textu

567 4561 703 4631 ipso,
759 4574 811 4616 et
841 4562 1238 4616 concitatiorem
1280 4562 1493 4629 vulgato
1525 4561 1775 4613 Heinsius
1818 4562 1964 4617 dicit.
2009 4561 2136 4614 For-

566 4644 708 4688 tasse
740 4635 949 4687 diversa
981 4642 1062 4685 est
1087 4631 1244 4683 lemio
1287 4632 1525 4698 ejusdem
1569 4633 1802 4683 auctoris
1845 4647 1905 4682 ex
1940 4632 2135 4699 duplici

2251 3436 2390 3511 rudi,
2438 3446 2529 3489 aut
2575 3450 2671 3502 pro
2712 3435 2927 3511 indocili
2960 3438 3219 3493 bonarum
3253 3442 3471 3503 artium.
3513 3456 3618 3511 qua:
3644 3441 3683 3493 in
3706 3439 3767 3493 fec

2247 3508 2388 3579 mina
2404 3521 2522 3579 non
2552 3508 2914 3579 reperiuntur,
2946 3517 3079 3561 teste
3105 3511 3419 3566 Aristotele.
3450 3508 3551 3579 Ego
3578 3510 3767 3579 intelligo

2247 3577 2370 3630 Eva:
2402 3577 2671 3646 ingenium
2712 3578 2947 3632 indocile
2983 3579 3074 3632 Dei
3111 3592 3383 3647 praecepto
3430 3577 3527 3635 non
3566 3578 3767 3634 vescendi

2246 3662 2404 3713 pomo
2429 3649 2618 3711 vetito,
2653 3662 2759 3717 quo
2784 3647 2954 3701 Adam
2985 3658 3039 3702 et
3072 3651 3177 3702 Eva
3210 3652 3457 3705 obstricti
3489 3660 3643 3704 erant.
3666 3651 3765 3703 Nam

2246 3717 2687 3789 praeceptumANe
2711 3721 2941 3771 comedas
2965 3720 3179 3787 ponitur
3202 3722 3252 3772 in
3281 3722 3530 3786 singulari
3554 3737 3638 3789 per
3656 3719 3766 3771 enal-

2246 3788 2396 3859 lagen
2426 3803 2520 3859 pro
2548 3787 2628 3841 Ne
2652 3789 2949 3853 comedetis,
2978 3789 3053 3841 uti
3074 3791 3423 3859 Septuaginta
3450 3787 3769 3844 Italient.Nuu-

2246 3858 2371 3929 nulli
2404 3858 2599 3911 docent
2632 3859 2793 3929 Evam
2826 3870 2950 3912 ante
2980 3860 3079 3912 hoc
3113 3858 3439 3929 praeceptum
3483 3862 3630 3914 fuisse
3666 3875 3765 3911 t'ou-

2244 3927 2431 3997 ditam,
2463 3928 2708 3992 quamvis
2734 3929 2850 3995 ejus
2880 3929 3129 3983 formatio
3159 3927 3343 3997 postea
3369 3934 3631 3986 referatur.

2476 3998 2577 4069 Pro
2602 3998 2749 4069 illicit
2779 4000 2934 4052 habet
2956 3999 3117 4053 adicit
3141 3996 3301 4069 Prag.

2317 4068 2439 4141 116.
2462 4068 2645 4141 “Aldus
2676 4068 2742 4141 ita
2787 4071 3109 4137 interpungit
3138 4088 3151 4123 :
3185 4068 3417 4141 Corpora
3458 4082 3617 4124 mutua
3655 4085 3765 4121 none

2242 4137 2403 4207 nefas.
2454 4134 2577 4191 Post
2617 4139 2791 4207 epulas
2822 4134 3057 4207 inoperta
3094 4142 3264 4193 vident
3293 4134 3549 4194 'Lubricus
3582 4156 3702 4193 error
3731 4150 3764 4191 et

2243 4206 2465 4278 erubuit.
2508 4206 2695 4261 Melius
2738 4208 2881 4275 lial.,
2914 4206 3021 4263 ’nbi
3074 4211 3269 4277 legitur
3311 4214 3444 4264 videt
3474 4228 3563 4278 pro
3597 4212 3763 4261 vident:

2244 4273 2373 4327 Post
2401 4278 2577 4345 epulas
2603 4284 2833 4346 inoperta
2862 4273 2991 4332 videt
3013 4273 3266 4334 Lubricus
3294 4298 3455 4344 error,
3476 4273 3529 4333 ἐξ
3560 4281 3735 4330 ιηῢυὶκ

2318 4347 2436 4420 12:39..
2467 4348 2633 4420 Aldus
2673 4350 2828 4420 male,
2853 4351 2969 4402 sede
2996 4352 3223 4420 prapria.

2314 4416 2437 4488 19.5.
2472 4418 2633 4471 liectc
2681 4417 2846 4472 Nebr.
2888 4416 3146 4488 explicat,
3197 4422 3448 4474 innabant
3492 4422 3586 4474 dei
3618 4420 3758 4471 Evam.

2241 4486 2365 4555 quia
2394 4489 2595 4541 nubere
2637 4497 2721 4540 est
2765 4486 2969 4544 minori
3006 4491 3317 4544 conditione
3366 4508 3424 4543 se
3466 4490 3653 4557 cmijngi
3689 4496 3758 4557 suo

2243 4558 2390 4632 dare,
2424 4565 2477 4611 et
2498 4558 2735 4632 nondum
2770 4559 2840 4632 illi
2866 4561 3065 4614 dictttm
3094 4560 3285 4632 fuerat.
3326 4562 3434 4616 Sub
3461 4555 3757 4632 potestatium

2242 4629 2361 4689 eris,
2405 4640 2451 4680 et
2491 4629 2599 4697 ipse
2642 4628 2988 4682 dominabitur
3014 4632 3122 4685 tibi.
3165 4630 3297 4685 Vide
3342 4648 3409 4684 an
3456 4628 3609 4698 prosit
3640 4630 3756 4680 etiam

565 4706 800 4778 editione
830 4716 1049 4778 operum
1094 4710 1235 4753 nata.
1273 4702 1496 4778 All_udit_
1521 4702 1585 4754 ad
1636 4701 1773 4778 Cen.
1826 4716 1947 4768 cap.
1974 4698 2030 4778 tt,
2082 4702 2134 4754 7.
2166 4720 2215 4778 ο
2246 4700 2454 4777 pmpria
2483 4698 2802 4778 significatio
2828 4702 3091 4778 nubendi;
3140 4717 3261 4753 nam
3294 4700 3755 4778 nuberecstvelart.

565 4776 785 4841 lleliqna
813 4788 929 4839 qua:
962 4774 1046 4824 hic
1072 4787 1246 4823 narrat
1275 4772 1461 4824 eodem
1488 4772 1604 4824 loco
1636 4774 1811 4838 legere
1844 4773 2063 4839 potetis.

638 4840 759 4897 101.
794 4842 908 4895 Vat.
943 4845 982 4894 A
1017 4856 1111 4908 pro
1148 4853 1264 4893 tunc
1308 4840 1465 4894 habet
1496 4841 1650 4904 hunc,
1697 4846 1871 4893 minus
1896 4842 2051 4907 bene,
2084 4852 2138 4895 et

565 4916 755 4965 directa
780 4911 914 4964 male
939 4926 1032 4977 pro
1058 4911 1238 4976 vireta,
1274 4912 1409 4979 quod
1442 4923 1524 4964 est
1554 4926 1732 4977 sopra.
1763 4912 1966 4965 Glossm
1996 4913 2136 4977 ejus-

564 4985 684 5037 dem
712 4994 763 5036 et
797 4983 963 5034 lsonis
986 4995 1088 5032 non
1118 4984 1346 5045 placent.
1372 4980 1600 5035 Viretum
1623 4993 1703 5034 est
1726 4996 1918 5034 nomen
1948 4982 2132 5045 fixum,

562 5068 656 5106 seu
690 5052 1099 5110 substantivum,
1134 5064 1240 5103 non
1271 5052 1613 5117 adjectivum.
1660 5051 1907 5113 Virgilius
1936 5052 2025 5104 lib.
2059 5068 2131 5116 Vl,

565 5125 820 5175 Devenere
845 5122 981 5174 locos
1010 5123 1175 5183 lwtos,
1219 5130 1265 5173 et
1289 5138 1487 5175 amoena
1515 5124 1689 5175 rireta.
1723 5121 2032 5175 Paradisum
2062 5122 2132 5173 si-

562 5194 673 5246 nnli
703 5193 861 5246 modo
887 5191 1138 5263 describit
1164 5204 1316 5261 poeta
1346 5193 1528 5263 hymn.
1566 5195 1598 5247 5
1629 5206 1768 5244 vers.
1798 5193 1917 5258 115,
1946 5203 1999 5246 et
2027 5191 2132 5245 lla-

562 5276 720 5317 tnurt.
753 5278 894 5317 vers.
927 5262 1054 5316 856.

636 5335 756 5387 107.
806 5332 882 5385 Ad
928 5346 1075 5385 Orant
1124 5330 1244 5384 Vat.
1279 5333 1344 5395 A,
1390 5331 1582 5385 nisibus
1626 5347 1724 5401 pro
1753 5331 1948 5396 usibus,
1992 5330 2131 5400 quod

559 5406 779 5457 omnino
808 5403 1165 5455 retinendum.

634 5475 753 5527 110.
787 5473 930 5535 Rau,
954 5474 1145 5525 medico
1170 5488 1265 5541 pro
1287 5472 1475 5533 medio,
1500 5474 1591 5527 sed
1616 5474 1861 5527 abrasum
1892 5481 1973 5525 est
2001 5488 2049 5536 c,
2080 5480 2133 5524 et

560 5557 705 5597 recte
730 5562 743 5595 :
770 5559 889 5594 nam
916 5541 1047 5594 Gen.
1072 5558 1192 5608 cap.
1220 5559 1275 5607 tt,
1311 5546 1342 5596 9
1366 5561 1375 5594 ;
1396 5542 1613 5613 Lignum
1642 5545 1793 5597 etiam
1824 5543 1935 5595 vitw
1958 5543 2008 5595 in
2033 5558 2135 5594 me-

557 5616 641 5664 dio
670 5613 897 5681 paradisi
923 5613 1215 5680 lignumque
1239 5613 1462 5665 scientia:
1486 5615 1601 5667 boni
1630 5626 1673 5668 et
1702 5614 1845 5666 ntali.

630 5684 749 5735 111.
782 5684 1029 5737 Nebrissa
1059 5683 1277 5736 indocile
1306 5684 1494 5753 accipit
1529 5696 1616 5739 aut
1661 5701 1755 5753 pro
1798 5682 2028 5738 indocw.
2079 5691 2132 5736 et

2244 4770 2477 4831 operire,
2502 4781 2555 4820 et
2584 4768 2771 4821 nubere
2800 4782 2883 4822 aut
2916 4772 3037 4823 nubi
3065 4781 3146 4825 est
3173 4775 3446 4840 proprium
3478 4773 3752 4824 feminarum.

2242 4852 2361 4909 qua:
2389 4848 2549 4907 caput
2571 4849 2625 4891 et
2653 4854 2837 4906 genus,
2872 4842 3214 4895 matrimonio
3239 4842 3572 4909 copulandm,
3596 4849 3755 4906 operle'

2243 4908 2391 4973 bant,
2422 4918 2479 4960 ut
2506 4908 2757 4974 pudorem
2789 4909 2977 4964 flameo
3004 4908 3331 4965 occulerent.
3356 4915 3589 4966 Lucanus
3612 4911 3686 4963 lib.
3702 4916 3754 4956 tt:

2243 4976 2367 5029 Non
2396 4980 2632 5031 timidum
2660 4990 2829 5047 nupta:
2855 4982 3024 5034 liviter
3053 4992 3245 5034 tectura
3274 4985 3515 5048 pudorem
3547 4981 3679 5032 Lutea
3696 4977 3755 5024 dc

2240 5048 2419 5120 missos
2444 5052 2671 5101 velarunt
2696 5052 2881 5118 ﬂamen
2906 5050 3091 5105 vultus.
3120 5053 3219 5105 Alii
3242 5054 3530 5120 ﬂammeum
3549 5049 3753 5103 scribunt.

2243 5119 2348 5172 Eva
2397 5121 2588 5187 igitur,
2633 5122 2876 5187 Quamsis
2916 5137 3048 5175 uxor
3097 5119 3301 5176 Atialllo
3341 5140 3368 5174 a
3410 5127 3512 5175 lteo
3548 5122 3670 5177 data,
3708 5126 3755 5165 eo

2240 5204 2399 5261 sensu
2428 5201 2588 5261 nupta
2618 5206 2723 5261 non
2751 5200 2885 5261 erat,
2913 5208 3083 5261 neque
3113 5194 3300 5246 llatneo
3329 5193 3394 5245 ad
3430 5193 3659 5258 pudorem
3689 5199 3755 5261 ρι’-

2240 5260 2547 5313 ειιΙιιιιιόυιιι
2579 5259 2867 5329 indigebat.
2905 5263 2957 5314 In
2999 5257 3169 5315 sacris
3197 5263 3411 5317 Litteris
3449 5262 3529 5315 hic
3565 5262 3675 5313 ritus
3697 5257 3785 5304 in-.

2239 5332 2419 5381 nuitnr
2447 5332 2580 5383 lien.
2606 5346 2724 5398 cap.
2758 5347 2900 5398 xxiv,
2948 5334 3038 5393 65,
3089 5334 3173 5385 ubi
3207 5333 3467 5396 Rebecca,
3517 5334 3753 5398 conspectu

2240 5400 2402 5463 Isaac,
2430 5399 2611 5451 tollens
2632 5396 2733 5453 cito
2762 5396 2998 5467 pallium,
3025 5407 3219 5471 operuit
3241 5419 3295 5454 se
3410 5402 3504 5467 Qui
3523 5396 3755 5471 intrude!"

2240 5486 2349 5523 eam
2380 5472 2432 5523 in
2456 5472 2837 5523 tabernaculum
2869 5472 3016 5527 Sari:
3036 5468 3211 5525 matris
3236 5489 3361 5537 sum,
3396 5484 3439 5525 et
3478 5468 3646 5533 accepit
3672 5476 3753 5515 eam

2240 5555 2471 5593 uxorem.
2497 5542 2805 5609 Ubnnbere,
2840 5557 2932 5596 seu
2957 5544 3133 5596 velare
3163 5556 3317 5611 caput
3362 5560 3409 5595 tn
3442 5539 3633 5593 feminis
3654 5538 3751 5611 suto

2236 5611 2596 5680 jectionisest
2623 5604 2829 5680 signum
2873 5630 2937 5667 ex
2976 5615 2993 5666 1
3037 5614 3101 5667 ad
3135 5604 3371 5666 Corinth.
3419 5628 3529 5677 cap.
3560 5623 3625 5669 xl,
3667 5604 3751 5655 ὅθί

2240 5696 2388 5749 seqq.
2420 5699 2429 5732 :
2462 5679 2641 5733 Omnis
2672 5679 2841 5735 autem
2868 5685 3049 5737 mulier
3072 5700 3219 5737 orans
3240 5695 3327 5735 aut
3350 5682 3651 5753 prophetam,
3677 5685 3749 5722 me

3899 5476 3901 5615 φ
