4068 6190
637 288 741 355 sis

808 418 911 477 Sed
943 424 1061 475 cum
1094 420 1334 477 tenderet
1362 414 1427 477 ad
1455 438 1682 493 superna
1712 429 1935 495 palmas.

882 502 1041 583 279
1071 513 1463 584 Expertumque
1483 517 1582 570 sibi
1613 517 1774 571 Deum
1806 530 2035 587 rogaret,

877 604 1101 657 Clausus
1122 604 1336 673 iugiter,
1371 606 1716 677 indigensque
1739 610 1879 664 Victu
1907 629 1921 665 :

634 694 703 750 55
809 694 997 749 Jussus
1028 696 1240 749 nuntius
1263 697 1512 751 advplare
1541 697 1717 763 te'rris,

878 786 974 854 Qui
1003 796 1209 855 pastum
1240 784 1438 842 famulo
1465 790 1616 844 daret
1644 791 1887 860 probato,

877 875 1087 945 Raptim
1114 877 1292 932 desilit
1316 865 1644 950 obsequente
1670 867 1885 936 mundo.

811 967 992 1022 Cernit
1020 968 1155 1023 forte
1184 972 1363 1038 procul
1391 972 1554 1039 dapes
1580 975 1863 1040 inemptas,

877 1059 1022 1125 Quas
1050 1061 1376 1114 messoribus
1405 1062 1649 1117 Habacuc
1681 1065 1938 1134 propheta

628 1150 696 1205 60
874 1153 1083 1222 Agresti
1118 1154 1287 1208 bonus
1312 1156 1591 1210 exhibebat
1616 1166 1749 1211 arte.

804 1242 973 1310 Hujus
999 1244 1217 1299 caesarie
1248 1260 1405 1298 manu
1431 1246 1715 1315 prehensa,

878 1334 1080 1399 Plenis,
1110 1337 1248 1389 sicut
1274 1346 1412 1402 erat,
1438 1353 1650 1407 gravem
1678 1340 1926 1397 canistris

878 1426 1206 1493 SuSpensum
1236 1428 1394 1495 rapit,
1427 1438 1481 1482 et
1510 1429 1655 1483 vehit
1682 1446 1772 1497 per
1801 1446 1979 1486 auras.

806 1516 940 1569 Tum
973 1525 1156 1583 raptus
1185 1516 1344 1571 simul
1374 1517 1506 1585 ipse,
1536 1520 1920 1593 prandiumque

625 1605 700 1661 ‘65
877 1606 1086 1662 Sensim
1120 1606 1309 1661 labitur
1334 1607 1385 1661 in
1418 1609 1588 1663 laeum
1619 1609 1852 1677 leonum,

873 1698 960 1763 Et,
990 1713 1122 1767 quas
1155 1710 1279 1755 tunc
1313 1702 1497 1769 epulas
1519 1702 1758 1773 gerebat,
1789 1704 1964 1760 oll'crt.

1733 313 2008 371 AURELH
2046 317 2411 375 PRUDENTII
2446 314 2768 379 CARMINA.
3786 325 3865 383 816

2233 442 2283 499 Λ

2489 436 2679 491 Sumas
2713 437 2883 501 laetus,
2916 437 3012 507 ait,
3043 439 3318 511 libensque
3349 444 3555 512 carpas,
3640 512 3646 518 δ

2551 528 2681 594 Quae
2708 544 2947 584 sununus
2978 522 3153 611 Pater,
3182 534 3508 603 angelusque
3536 534 3734 591 Christi

2557 620 2721 688 280
2750 620 2961 675 Mittunt
2989 618 3090 675 liba
3123 623 3218 677 tibi
3248 624 3347 679 sub
3377 625 3475 679 hoc
3496 620 3719 695 periclo.

2314 706 2382 760 70
2488 707 2580 762 llis
2608 712 2854 778 sumptis,
2888 712 3138 768 Danielus
3164 716 3415 769 excitavit

2556 798 2613 853 In
2644 795 2836 855 uelum
2870 800 3076 867 faciem,
3106 805 3331 875 ciboque
3361 807 3513 863 fortis

2551 891 2720 946 Amen
2749 894 2998 961 reddidit,
3032 897 3276 952 halleluia
3301 899 3456 953 dixit.

2482 980 2575 1036 Sic
2600 998 2697 1037 nos
2728 986 3039 1041 muneribus
3073 986 3174 1042 tuis
3201 986 3410 1055 refecti,

2550 1072 2795 1143 Largitur
2821 1076 2960 1131 Deus
2987 1078 3224 1134 omnium
3256 1082 3536 1145 bonorum,

2309 1163 2378 1218 75
2556 1160 2746 1218 Grates
2774 1158 3066 1234 reddimus,
3097 1178 3149 1224 et
3176 1185 3444 1227 sacramus
3470 1173 3717 1244 hymnos.

2482 1248 2561 1308 Tu
2591 1270 2709 1324 nos,
2742 1246 2981 1313 tristifico
3011 1263 3155 1315 velut
3183 1272 3428 1332 tyranno,

2556 1348 2732 1402 Mundi
2762 1351 2970 1405 scilicet
2997 1350 3307 1421 impotentis
3334 1365 3452 1411 actu

2555 1437 2864 1501 Conclusos,
2895 1442 3055 1509 regis,
3087 1452 3140 1496 et
3168 1443 3331 1498 feram
3362 1446 3609 1514 repellis;

2482 1530 2638 1600 281
2661 1529 2789 1594 Qum
2811 1530 3210 1599 circumfremit,
3238 1549 3301 1588 ac
3327 1550 3515 1591 vorare
3542 1544 3738 1602 tentat,

2307 1617 2379 1675 80
2557 1619 2778 1673 Insanos
2804 1638 3000 1676 acuens
3028 1622 3209 1680 furore
3235 1624 3443 1692 dentes,

2550 1710 2661 1766 Cur
2688 1722 2758 1778 te,
2786 1727 2991 1768 summe
3016 1714 3176 1780 Deus,
3203 1731 3479 1784 precemur
3504 1733 3685 1771 unum.

1919 1834 2209 1892 GLOSSE
2248 1836 2586 1895 VETERES.

696 1948 786 2002 55.
830 1946 1159 2019 Expertum,
1186 1954 1359 2019 notum
1378 1984 1393 2012 ,
1420 1962 1566 2019 quem
1598 1946 1863 2016 probatam
1890 1948 2124 2018 habebat,
2153 1950 2195 2007 Ι.
2231 1956 2280 2019 Β

698 2019 786 2071 57.
829 2018 1045 2083 Mundo,
1069 2034 1202 2081 aere,
1239 2019 1275 2069 l.
1304 2017 1432 2070 Aere
1453 2018 1525 2069 vel
1549 2019 1696 2079 nube,
1726 2019 1846 2072 Rat.

694 2088 787 2143 ὃὸ.
831 2088 1278 2160 lncmptas,viles
1311 2103 1329 2146 ;
1360 2103 1441 2140 res
1468 2088 1599 2142 enim
1630 2091 1741 2143 vilis
1781 2106 1895 2160 qua:
1933 2090 2200 2158 abundat,

628 2159 963 2232 nomentum,
990 2159 1100 2232 Vat.
1126 2159 1191 2231 A.

697 2228 784 2284 6'0.
828 2229 1057 2297 Agresti,
1090 2228 1298 2293 rustica,
1331 2230 1373 2286 Ι.

694 2302 783 2356 (il.
826 2299 1117 2371 l’reltensa,
1144 2299 1532 2371 comprehensa,
1561 2298 1604 2355 Ι.

694 2372 785 2425 65.
827 2370 1062 2435 Sensim,
1088 2370 1288 2438 leniter,
1319 2371 1426 2425 lso.

2381 1956 2465 2029 9'].
2510 1953 2725 2029 Sumas,
2756 1956 3324 2029 prosumeL—Carpas,
3350 1972 3442 2029 pro
3466 1974 3634 2025 carpe,
3664 1957 3773 2013 lso.

2379 2024 2465 2079 69.
2508 2024 2659 2087 Liba,
2691 2027 3118 2093 prandia.——lloc
3147 2024 3367 2095 periclo,
3400 2024 3621 2084 leonum.
3652 2029 3691 2081 Ι.

2379 2095 2468 2148 70.
2512 2095 2796 2159 Excitavit,
2824 2096 3047 2157 elevavit,
3080 2097 3118 2150 Ι.

2380 2164 2471 2235 75.
2510 2165 2783 2235 Hymnos,
2801 2166 3000 2230 laudes,
3032 2166 3069 2219 Ι.
3866 2228 3869 2229 ν

2382 2234 2470 2308 77.
2511 2234 2840 2308 l_mpotentis,
2862 2237 3010 2308 valde
3039 2236 3273 2308 potentis,
3305 2236 3519 2308 furoris,
3552 2237 3671 2292 Vat.
3703 2239 3772 2293 Δ.

2386 2304 2475 2359 78.
2513 2304 2729 2374 Feram,
2761 2306 3038 2376 diabolum,
3065 2307 3108 2361 ι.

1969 2482 2525 2543 COMMENTARIUS.

625 2610 771 2658 recte
800 2600 1135 2670 procederet.
1164 2598 1476 2670 Callandius
1504 2598 1673 2654 edidit
1699 2597 1893 2663 lambit,
1916 2608 1971 2653 et
1994 2600 2196 2654 subno-

625 2673 757 2727 tavit
780 2668 914 2726 {Sic
947 2671 1108 2724 Aldus
1131 2688 1241 2724 cum
1274 2672 1410 2723 aliis.
1444 2668 1837 2724 Chamillm-dus.
1870 2684 2026 2724 AMBIT
2051 2682 2201 2739 typo-

626 2744 778 2798 thcta:
800 2742 944 2805 vitio,
976 2750 1031 2794 ut
1058 2742 1273 2794 videtur.
1302 2740 1604 2795 Abhorreut
1635 2742 1850 2807 poeticae
1881 2755 2056 2794 aures.

695 2814 785 2868 52.
830 2812 983 2865 Ratio
1005 2812 1190 2864 orandi
1224 2812 1388 2865 Deum
1419 2813 1657 2866 extensis
1687 2810 1959 2876 manibus;
2001 2810 2066 2865 de
2095 2825 2201 2881 qua

624 2884 691 2939 ad
716 2884 971 2953 hymnum
1002 2881 1060 2936 S.
1088 2881 1390 2953 Fructuosi.

696 2949 785 3009 54'.
830 2952 1009 3021 Pr.ig.,
1044 2953 1185 3016 ltat.,
1229 2949 1448 3013 Weitz.,
1490 2950 1631 3012 Gis.,
1661 2952 1817 3003 uictu.
1860 2950 2007 3016 Ald.,
2032 2952 2098 3005 ν.
2130 2952 2196 3017 Α,

623 3024 769 3087 Put.,
794 3024 994 3086 Oxon.,
1028 3023 1206 3091 Egm.,
1243 3022 1377 3086 Alt.,
1411 3021 1548 3083 PaL,
1574 3021 1757 3074 lleius.
1780 3030 1844 3091 et
1874 3022 1985 3084 alii,
2014 3025 2198 3075 victus.

697 3097 786 3149 57.
822 3092 1042 3163 Parrh.,
1080 3090 1290 3148 dissilit.
1341 3093 1415 3163 S.
1453 3091 1686 3145 Isidorus
1736 3090 1844 3163 lib.
1874 3106 1911 3144 ιι
1945 3092 2200 3163 Etymol.,

622 3181 742 3233 cap.
774 3162 843 3218 '29
867 3178 881 3217 :
908 3162 1136 3217 Mundus
1163 3172 1235 3216 est
1261 3164 1305 3216 is
1332 3162 1419 3231 qui
1443 3170 1639 3233 constat
1665 3162 1877 3233 excreta
1903 3202 1916 3225 ,
1954 3171 2000 3215 et
2033 3171 2199 3233 terra,

625 3246 674 3288 et
694 3230 831 3287 mari
869 3234 1159 3301 cunctisque
1202 3230 1473 3287 sideribus.
1526 3230 1655 3286 Vide
1696 3231 1939 3301 ejusdem
1979 3246 2097 3301 cap.
2146 3231 2199 3297 l,

626 3307 719 3359 lib.
749 3320 864 3367 χιιι,
896 3315 949 3357 et
973 3313 1125 3358 notas
1152 3303 1366 3358 Grialis.

696 3376 784 3429 58.
829 3373 1043 3435 Parrh.,
1075 3389 1304 3426 cernens.
1336 3373 1390 3427 In
1428 3373 1548 3426 Vat.
1581 3371 1625 3425 A
1651 3372 1845 3441 legitur
1878 3371 2077 3439 ineptas
2102 3385 2202 3436 pro

626 3444 892 3512 inemptas.
951 3443 1055 3497 Sed
1104 3459 1169 3496 ex
1209 3443 1327 3509 ejus
1370 3444 1543 3511 glossa
1587 3443 1870 3512 corrigitur
1925 3442 2197 3512 mendum.

2301 2616 2450 2654 amen
2487 2598 2927 2669 responsionibus
2964 2599 3202 2655 adhiberi
3231 2599 3434 2655 solebat
3471 2600 3525 2655 in
3555 2601 3732 2655 Veteri
3772 2598 3859 2654 τε.

2303 2678 2590 2736 stamento,
2631 2670 2782 2740 quasi
2824 2680 2973 2735 certe,
3006 2684 3139 2737 rere,
3173 2674 3266 2724 hoc
3292 2673 3407 2736 erit,
3451 2672 3660 2727 veritas.
3697 2672 3773 2724 vel
3801 2673 3863 2723 ita

2303 2741 2412 2809 ﬁat.
2449 2741 2659 2794 Deuter.
2687 2755 2852 2806 xxm,
2882 2740 2982 2795 i5:
3008 2741 3071 2794 Et
3098 2742 3418 2807 respondebit
3446 2743 3608 2794 untnis
3640 2745 3861 2810 papa/us.

2304 2819 2349 2863 et
2380 2811 2528 2875 dicet,
2564 2812 2741 2865 Amen.
2772 2811 2828 2865 In
2864 2811 3097 2865 Ecclesia
3126 2812 3426 2865 Christiana
3456 2813 3636 2864 Statim
3664 2814 3730 2863 ab
3759 2812 3863 2879 ipso

2304 2881 2457 2935 initio
2486 2883 2598 2935 hmo
2627 2880 2957 2936 consuetudo
2980 2881 3234 2935 reddendi
3260 2898 3405 2934 amen
3436 2891 3554 2949 post
3579 2884 3861 2934 orationem

2307 2951 2601 3007 sacerdotis
2650 2952 2859 3006 videtur
2896 2951 3144 3005 inducta:
3170 2967 3287 3004 nam
3320 2951 3604 3019 Aposmlus
3638 2952 3653 3004 l
3682 2954 3745 3003 ad
3771 2953 3865 3005 Co-

2304 3021 2468 3075 rinth.
2502 3036 2622 3087 cap.
2655 3038 2765 3086 xlv,
2791 3023 2858 3077 15
2886 3030 2940 3075 et
2968 3037 3106 3091 seq.,
3134 3022 3208 3075 ait
3232 3040 3245 3073 :
3274 3020 3409 3087 Quid
3430 3038 3551 3092 ergo
3573 3032 3644 3074 est
3669 3021 3863 3092 :AOrabo

2304 3092 2486 3159 spiritu
2506 3132 2521 3156 ,
2553 3092 2706 3144 orabo
2741 3101 2789 3144 et
2832 3102 3025 3158 mente,
3050 3090 3281 3159 psallam
3322 3090 3503 3160 spiritu
3528 3132 3544 3158 ,
3587 3090 3799 3156 psallam
3824 3100 3865 3142 et

2305 3172 2485 3215 mente.
2534 3163 2781 3215 Craterum
2830 3162 2874 3214 si
2924 3161 3232 3214 benedixeris
3278 3163 3462 3231 spiritu
3488 3203 3503 3223 ,
3544 3163 3632 3230 qui
3678 3162 3866 3229 supplet

2304 3231 2471 3283 locum
2515 3232 2707 3295 idiotaz,
2740 3232 2989 3298 quomodo
3014 3232 3141 3285 dicet
3171 3232 3321 3285 Aut-1N
3342 3273 3357 3295 ,
3384 3247 3535 3299 super
3564 3242 3700 3283 tuam
3730 3234 3864 3283 bene-

2304 3301 2572 3355 dictionem
2591 3303 2616 3354 ?
2652 3303 2894 3364 quoniam
2920 3303 3042 3369 quid
3065 3302 3223 3363 dicas,
3252 3302 3429 3355 nescit.
3469 3302 3707 3354 Justinus
3736 3316 3865 3353 mar-

2304 3379 2389 3441 tyr
2417 3371 2657 3441 iniApol.
2688 3372 2744 3433 2,
2772 3374 2905 3431 sive.
2938 3380 2993 3424 ut
3030 3372 3117 3424 alii
3149 3373 3351 3433 volunt,
3391 3375 3408 3423 l
3445 3390 3456 3422 :
3487 3370 3587 3424 Ubi
3626 3370 3711 3422 ille
3756 3376 3863 3431 lau-

2306 3440 2498 3511 tistcs)
2536 3458 2707 3510 preces
2735 3452 2780 3495 et
2810 3440 3166 3494 eucharistiam
3192 3442 3425 3501 ab:olrit,
3454 3451 3585 3493 totus
3614 3442 3697 3510 qui
3727 3445 3861 3491 adest

634 3510 842 3567 Alludit
878 3512 943 3565 ad
976 3512 1178 3579 Virgilii
1228 3510 1399 3565 locum
1448 3511 1667 3579 dapibus
1717 3526 1912 3563 mensas
1959 3510 2199 3563 onerabat
2231 3512 2274 3574 C
2307 3513 2559 3579 populus,
2590 3512 2761 3580 fausta
2806 3512 3167 3581 approbatione
3208 3514 3454 3565 acclamat
3496 3513 3666 3564 dicens
3696 3515 3861 3563 Ausa.

625 3584 862 3650 inemptis
886 3621 901 3647 ,
954 3582 1093 3648 quod
1140 3582 1338 3647 pariter
1367 3582 1433 3634 de
1463 3582 1693 3647 agricola
1744 3582 1941 3633 dictum
1981 3590 2065 3634 est
2105 3581 2197 3634 lib.

626 3669 679 3708 ιν
712 3653 905 3723 Georg.
936 3650 1186 3723 Horatius
1214 3667 1425 3723 quoque
1454 3650 1519 3705 de
1560 3651 1805 3704 laudibus
1832 3659 1955 3704 Nae
1984 3652 2199 3705 rusticae

626 3725 784 3794 epod.
807 3722 874 3786 2,7
897 3736 1038 3778 vers.
1070 3722 1161 3787 48,
1208 3722 1649 3794 Βαρσδᾼὶηεηιριαε
1683 3730 1915 3794 apparet.

697 3794 786 3850 59.
828 3794 1018 3848 Mirum
1068 3790 1322 3862 quantum
1365 3792 1668 3860 discrepent
1717 3790 1932 3846 codices
1976 3790 2029 3845 in
2057 3807 2190 3847 voce

626 3865 873 3921 Habaciii:
900 3865 1189 3920 exoranda.
1240 3863 1343 3917 Alii
1386 3864 1585 3917 Abacuc
1608 3901 1623 3927 ,
1652 3862 1739 3916 alii
1788 3862 2022 3914 Abbacuc
2046 3903 2060 3925 ,
2105 3863 2199 3916 alii

624 3937 884 3989 Abbacum
910 3975 925 4000 ,
954 3933 1044 3987 alii
1086 3934 1361 3987 Ambacum
1385 3973 1402 3996 ,
1432 3934 1517 3987 alii
1544 3933 1815 3987 Ambacuc.
1853 3933 1924 3985 De
1950 3947 2055 3999 quo
2096 3949 2196 3986 no-

624 4008 769 4061 mine
796 4006 917 4060 vide
946 4004 1175 4058 indicem
1216 4004 1507 4058 secundum
1550 4003 1807 4065 Ricciolii,
1842 4002 1929 4055 ubi
1960 4002 2199 4057 Pruden-

623 4075 756 4130 tium
796 4076 1054 4129 adversus
1096 4074 1419 4128 Ludovicum
1458 4074 1730 4127 Camillum
1770 4073 2009 4127 defendit
2055 4073 2196 4141 quod

621 4147 675 4200 in
718 4146 819 4215 hoc
843 4147 1040 4215 hymno
1065 4162 1097 4197 a
1130 4146 1357 4209 primum
1387 4143 1702 4215 produxerit
1743 4143 2194 4215 juxtaSyriacam

621 4226 713 4269 aut
740 4212 1004 4270 Persicam
1058 4215 1308 4268 radicem.
1354 4214 1606 4280 Quamvis
1652 4222 1829 4267 autem
1880 4213 2121 4266 Habacuc
2166 4228 2196 4268 a

623 4284 912 4340 Prudentio
934 4284 1195 4353 propheta
1224 4294 1464 4347 vocetur,
1497 4300 1598 4336 non
1624 4295 1775 4337 certo
1804 4282 1926 4336 inde
1956 4283 2195 4351 colligas,

620 4357 867 4410 eumdem
897 4369 1015 4409 esse
1048 4354 1313 4420 Habacuc,
1345 4356 1495 4418 cujus
1527 4361 1699 4406 exstat
1732 4353 2025 4421 prophetia.
2059 4354 2197 4421 Lege

620 4425 758 4481 hanc
804 4425 1152 4493 quzcstionem
1203 4425 1255 4479 in
1306 4424 1608 4494 prmloquiis
1655 4424 1841 4479 Jacobi
1882 4422 2146 4478 Bonlrerii
2175 4464 2191 4490 ,

617 4506 753 4551 sect.
778 4496 865 4550 lt.

688 4566 781 4619 6|.
823 4565 1049 4627 Widm..
1080 4566 1225 4633 cujus
1250 4565 1459 4619 ctrsarie
1487 4580 1514 4617 a
1544 4564 1712 4632 prima
1737 4577 1919 4617 manu.

681 4634 779 4690 ‘62.
818 4636 945 4689 litec
978 4637 1208 4701 phrasis,
1234 4636 1361 4688 sicut
1389 4646 1521 4695 erat,
1552 4636 1747 4699 stylum
1774 4634 2192 4689 ecclesiasticum

621 4707 833 4760 videtur
859 4705 1102 4759 redolere
1131 4723 1142 4755 :
1169 4705 1263 4758 sed
1295 4706 1361 4758 ab
1383 4704 1599 4772 optimis
1635 4704 2022 4773 antiquissimis
2056 4706 2195 4759 Lati-

622 4776 803 4830 nitatis
834 4776 1139 4828 auctoribus
1168 4784 1252 4828 est
1272 4788 1545 4839 usurpata.

2304 3583 2360 3635 S.
2398 3581 2650 3636 Paulinus
2680 3582 2850 3643 Natali
2882 3581 2941 3636 Η
2975 3600 2987 3635 :
3013 3582 3239 3651 Cumque
3270 3584 3431 3635 sacris
3458 3583 3546 3650 pia
3573 3581 3715 3634 turba
3745 3582 3864 3647 {erat

2304 3652 2594 3774 pastoribus
2617 3654 2794 3717 Anus,
2823 3663 2925 3706 etc.
2958 3655 3028 3708 De
3058 3667 3189 3707 voce
3211 3653 3423 3707 alleluia
3447 3651 3630 3706 confer
3665 3651 3867 3704 Biccio—

2330 3724 2432 3774 lum
2476 3724 2527 3774 in
2560 3724 2669 3774 ind.
2716 3724 2982 3774 secundo:
3027 3738 3197 3774 neque
3240 3734 3414 3774 tamen
3455 3723 3504 3774 ei
3540 3720 3861 3774 assentiar-is.

2330 3724 2432 3775 lum
2476 3724 2527 3776 in
2560 3724 2669 3777 ind.
2716 3724 2982 3787 secundo;
3027 3738 3197 3792 neque
3240 3734 3414 3777 tamen
3455 3723 3504 3776 ei
3540 3720 3861 3789 assentiar-is.

2302 3793 2443 3860 quod
2477 3794 2645 3857 dicit,
2678 3794 2991 3848 imitandum
3038 3791 3142 3847 non
3168 3808 3286 3847 esse
3317 3792 3687 3850 Prudentium.
3732 3791 3865 3856 quie

2303 3863 2355 3915 in
2412 3865 2511 3917 hoc
2561 3878 2714 3917 versu
2764 3865 3050 3932 corripuit;
3091 3864 3230 3932 quod
3279 3864 3478 3932 pariter
3526 3863 3594 3915 ab
3636 3860 3869 3932 Urientio

2302 3941 2606 4000 correptum
2655 3941 2757 3988 est.
2804 3934 2862 3987 S.
2912 3930 3151 3988 Justinus
3195 3930 3383 4001 quiest.
3426 3930 3495 3986 50
3540 3932 3605 3984 ad
3644 3930 3862 3983 Ortbod.

2304 4011 2550 4067 testatur,
2596 4002 2926 4058 Christianos
2947 4018 2985 4069 ,‘
3005 4018 3122 4057 cum
3156 4002 3338 4056 laudes
3366 4012 3419 4057 et
3449 4002 3671 4072 hymnus
3708 4015 3865 4072 caue;

2302 4081 2421 4125 rent
2446 4114 2459 4133 ,
2502 4064 2610 4141 jam
2644 4084 2769 4127 tunc
2799 4075 2875 4127 uti
2902 4064 3000 4129 hac
3025 4088 3153 4127 voce
3173 4073 3389 4126 alleluia
3412 4083 3464 4126 et
3484 4064 3696 4130 osanna.
3726 4064 3865 4137 quod

2301 4142 2428 4195 olim
2461 4159 2489 4195 a
2520 4144 2697 4210 pueris
2718 4144 2934 4197 factum.
2972 4145 3105 4198 Vide
3131 4145 3188 4199 S.
3221 4144 3604 4212 Hieronymum
3636 4142 3683 4193 in
3704 4142 3857 4203 epist.

2300 4213 2363 4283 ad
2391 4214 2709 4279 Marcellam,
2740 4216 2797 4267 S.
2827 4216 3175 4283 Augustinum
3205 4215 3257 4267 in
3289 4216 3476 4279 psalm.
3501 4227 3606 4270 οτι.
3638 4221 3685 4264 ct
3706 4218 3864 4283 notas

2302 4281 2519 4351 Loaysze
2559 4284 2623 4337 ad
2656 4298 2776 4337 can.
2816 4284 2873 4337 ll
2909 4281 3099 4338 concil.
3136 4300 3186 4337 ιν
3216 4283 3419 4338 Tolet.:
3449 4282 3522 4335 De
3559 4297 3656 4334 non
3682 4282 3865 4333 decan-

2299 4357 2453 4424 tando
2482 4354 2534 4406 in
2564 4353 2968 4424 Quadragesima
2997 4354 3227 4409 alleluia.

2370 4422 2459 4475 74.
2501 4425 2555 4476 ln
2584 4420 2821 4479 oratione
2853 4425 2909 4479 S.
2940 4428 3093 4477 Rosa:
3115 4425 3333 4493 virginis
3362 4422 3598 4476 Limanre
3630 4420 3710 4474 hic
3741 4433 3861 4493 ver-

2297 4506 2389 4545 sus
2420 4494 2705 4546 includitur
2731 4496 2947 4547 mutatis
2979 4493 3195 4548 verbis:
3220 4492 3483 4546 Bonorum
3514 4492 3729 4546 omnium
3755 4492 3859 4541 lar-

2295 4562 2432 4634 gitor
2448 4564 2769 4634 omnipotens
2790 4562 2943 4617 Deus.

2371 4632 2458 4706 77,
2499 4631 2765 4687 Cauchius
2777 4635 3066 4706 castigabat
3083 4642 3227 4687 antro
3242 4633 3519 4706 conclusos
3534 4632 3681 4701 regis,
3696 4635 3855 4706 acute.

2297 4702 2391 4755 sed
2430 4714 2616 4775 contra
2659 4718 2786 4775 mss.
2821 4703 3071 4775 Nebrissa
3099 4716 3268 4757 actum
3298 4705 3681 4775 interpretatur
3700 4702 3855 4775 actio-

2299 4787 2387 4825 nes
2416 4774 2597 4827 mundi
2639 4774 2845 4827 scilicet
2884 4774 3109 4827 nimium
3151 4774 3415 4842 potentis,
3478 4781 3534 4826 et
3562 4772 3852 4842 smvieutis:

686 4844 1137 4934 (‘58..‘Prudentiuls
1167 4844 1228 4934 iri
1252 4843 1351 4898 hoc
1373 4836 1619 4934 llabacuc
1647 4843 2191 4934 sermone|Christum
2226 4874 2276 4934 υ
2302 4843 2557 4934 {litin-[190
2583 4844 2885 4934 .est
2914 4836 3179 4934 impotens.
3212 4843 3470 4934 Heinsius
3484 4836 3860 4934 actumst-tegi:

621 4916 826 4970 inducit.
862 4929 955 4981 per
997 4914 1267 4981 prolepsin
1303 4915 1573 4966 :nondutn
1614 4915 1757 4966 enim
1796 4913 2024 4966 Verbum
2074 4929 2199 4967 caro

622 4989 816 5040 factum
861 4986 1051 5045 fuerat,
1084 4987 1171 5051 qui
1218 4993 1300 5036 est
1327 4983 1591 5048 Chrismz,
1619 4993 1674 5036 ut
1702 4986 1902 5037 notavit
1929 4982 2198 5038 Nebrissa.

618 5055 858 5111 Clericus
880 5054 931 5107 in
949 5053 1063 5107 Vita
1085 5051 1356 5106 Prudentii
1380 5054 1619 5106 nonnihil
1640 5054 1914 5107 cavillatur
1934 5055 2074 5106 circa
2104 5056 2201 5107 ttu-

616 5125 849 5197 jusmodi
876 5123 1196 5197 locutiones.

692 5196 781 5252 69.
825 5195 973 5257 ΑΜ..
1014 5191 1271 5247 mendose
1297 5232 1312 5254 ,
1345 5192 1604 5246 libatibus.
1644 5191 1892 5246 Nebrissa
1942 5194 2196 5246 mendum

621 5266 979 5333 transcripsit,
1010 5274 1064 5318 et
1092 5264 1478 5332 interpretatus
1508 5273 1612 5325 est,
1656 5263 1824 5333 gustui
1855 5273 1961 5314 tuo.
1997 5264 2197 5318 Sensus

619 5347 675 5394 et
701 5350 917 5390 carmen
949 5334 1051 5387 liba
1080 5334 1167 5387 tibi
1207 5336 1467 5402 exposcit.

692 5407 781 5462 70.
827 5404 1133 5467 Dauielem,
1184 5404 1302 5457 cibo
1350 5412 1563 5471 sumpto
1587 5444 1602 5467 ,
1637 5402 1746 5456 Deo
1786 5402 1986 5471 gratias
2023 5402 2199 5469 egisse

620 5490 932 5548 expressum
955 5474 1166 5548 quidem
1192 5490 1295 5527 non
1320 5483 1409 5529 est
1431 5475 1487 5548 in
1518 5487 1666 5527 sacra
1701 5474 1911 5541 pagina.
1944 5471 2012 5548 At
2042 5483 2194 5537 poeta

620 5551 675 5605 id
694 5543 908 5615 'colligit
933 5559 997 5599 ex
1028 5544 1313 5613 gratiarum
1340 5545 1571 5609 actione,
1598 5559 1715 5614 qutc
1747 5543 2019 5613 prmcessit
2049 5556 2191 5595 vers.

619 5619 691 5675 56
719 5629 773 5673 et
804 5619 893 5670 57.

691 5691 778 5743 7|.
819 5683 1031 5750 Parih.,
1058 5682 1262 5752 ciboque
1292 5683 1515 5750 functus.

693 5759 781 5812 Η.
824 5755 1036 5821 Parrb.,
1066 5751 1285 5821 Evieque
1306 5753 1457 5821 dixit,
1488 5754 1628 5822 quod
1660 5754 1904 5808 vitiosum
1935 5760 2033 5807 cst.
2071 5751 2181 5808 Vox

2302 4920 2393 4963 aut
2422 4928 2518 4980 pro
2546 4927 2680 4982 vago
2707 4922 2761 4965 et
2789 4914 2993 4967 incerto
3017 4929 3191 4967 rerum
3218 4916 3571 4982 humanarum
3596 4919 3743 4967 motu,
3768 4913 3862 4956 aut

2302 4995 2497 5102 prodeo
2519 4984 2662 5102 lquod
2690 4995 2849 5052 agunt
2876 4983 3135 5037 homines.
3160 4983 3269 5037 Hoc
3298 4997 3459 5037 sensu
3485 4981 3623 5035 alias
3642 4990 3753 5033 usus
3779 4982 3865 5028 est

2348 5067 2406 5102 ru
2446 5067 2510 5102 en
2543 5068 2642 5102 IIIS.

2326 5053 2642 5106 ’rndentius.

2373 5121 2461 5175 79.
2485 5120 2616 5175 Cum
2641 5124 2809 5177 lacum
2833 5123 3044 5177 leonum
3061 5121 3403 5189 descripserit
3420 5132 3596 5190 poeta,
3609 5134 3695 5175 suo
3712 5131 3866 5171 more

2302 5202 2469 5243 sacra:
2502 5194 2691 5246 littera:
2722 5194 3019 5253 inhaerens,
3061 5193 3330 5246 diabolum
3374 5202 3623 5261 tanquam
3659 5191 3868 5243 leonem

2302 5269 2650 5331 repraesentat
2673 5276 2735 5317 ex
2762 5263 2919 5331 epist.
2944 5264 2963 5317 1
2993 5261 3132 5317 Petri
3160 5277 3277 5330 cap.
3303 5278 3357 5325 v,
3384 5263 3437 5331 8.

2381 5330 2470 5383 8l.
2514 5332 2657 5394 Ald.,
2702 5329 2886 5391 Nebr..
2938 5333 3091 5394 ltat.,
3132 5329 3369 5394 κνίδαι..
3412 5329 3599 5393 Gold.,
3640 5338 3750 5380 tunc
3794 5334 3868 5378 te.

2309 5396 2499 5465 Hails.,
2550 5417 2681 5453 nunc
2712 5410 2777 5454 te.
2822 5401 2957 5461 Οἱς..
2989 5400 3205 5467 Weitz.,
3251 5417 3368 5455 cum
3419 5410 3487 5454 te.
3542 5400 3731 5457 Parrh.,
3770 5410 3874 5447 nec

2306 5478 2372 5521 te.
2405 5468 2523 5522 Vat.
2547 5473 2613 5538 A,
2651 5472 2830 5539 Prag.,
2865 5472 3006 5536 Put.,
3037 5472 3269 5535 Tbuan.,
3298 5471 3526 5524 Torren.
3554 5470 3653 5523 duo
3678 5482 3767 5518 cur
3788 5474 3867 5539 te,

2303 5540 2443 5615 quod
2469 5535 2635 5603 placet
2663 5535 2899 5615 Heinsio,
2920 5544 3040 5615 quia
3064 5542 3133 5594 ita
3157 5540 3462 5615 frequenter
3481 5540 3695 5615 occurrit
3714 5535 3871 5615 apud

2300 5610 2631 5663 Ciceronem.
2667 5608 2913 5664 Horatius
2939 5606 3029 5665 lib.
3054 5626 3092 5674 ι,
3121 5627 3209 5677 ep.
3233 5606 3287 5676 8,
3316 5608 3523 5664 Irascor
3546 5608 3725 5668 amicis.
3753 5606 3876 5657 CW

2300 5686 2377 5749 me
2402 5682 2596 5747 funesto
2624 5691 2891 5749 properent
2928 5696 3100 5736 arcere
3129 5690 3351 5737 veterno.
3402 5681 3563 5737 Aldus
3591 5680 3639 5734 in
3673 5691 3874 5731 enum-

2290 5747 2446 5817 datis,
2479 5747 2671 5804 summe
2699 5750 2877 5806 Deum.
