4068 6190
253 336 357 396 8Π

429 450 715 514 Vexamur,
746 448 1060 517 premimur,
1087 446 1243 503 malis
1270 457 1534 513 rotamur;

492 540 755 605 Oderunt,
784 540 1040 605 lacerant,
1073 540 1312 606 trahunt,
1343 542 1642 605 lacessunt;

494 638 683 693 Juncta
710 646 792 693 est
816 636 1091 707 suppliciis
1116 637 1247 691 tides
1280 638 1490 707 iniquis.

247 731 322 787 85
425 728 532 785 Nec
562 729 692 783 defit
719 738 896 784 tamen
929 729 1100 783 anxiis
1130 729 1335 783 medela
1361 746 1376 782 :

489 821 621 876 Nam
648 823 934 891 languente
963 822 1125 875 trucis
1152 822 1322 876 leonis
1351 823 1447 888 ira,

493 913 700 980 Illapsa:
728 912 1206 982 superingeruntur
1237 928 1397 967 escas.

421 1003 565 1069 Quas
591 1003 637 1057 si
662 1003 783 1073 quis
812 1003 1058 1058 sitienter
1086 1003 1397 1059 hauriendo.

492 1092 606 1147 Non
634 1104 790 1163 gustu
820 1093 987 1161 tenui,
1018 1093 1112 1148 sed
1139 1109 1234 1149 ore
1262 1094 1437 1163 pleno,

242 1188 313 1241 90
496 1185 723 1240 Internis
750 1186 877 1239 velit
906 1185 1181 1254 implicare
1209 1187 1385 1249 venis;

421 1277 519 1331 llic
546 1285 734 1331 sancto
759 1278 981 1331 satiatus
1009 1293 1071 1332 ex
1103 1278 1382 1346 propheta,

491 1371 766 1425 Justorum
795 1370 970 1441 capiet
998 1371 1147 1425 cibos
1174 1372 1431 1436 virorum,

487 1461 588 1525 Qui
617 1461 846 1515 fructum
873 1462 1090 1515 domino
1117 1469 1321 1516 metunt
1352 1462 1592 1530 perenni.

421 1552 578 1621 282
600 1550 683 1604 Nil
711 1560 795 1605 est
819 1550 1047 1616 dulcius,
1078 1566 1141 1605 ac
1172 1553 1339 1619 magis
1368 1566 1641 1619 saporum,

241 1637 314 1692 95
492 1638 597 1706 Nil,
624 1639 775 1708 quod.
792 1640 911 1709 plus
940 1639 1207 1695 hominem
1234 1640 1423 1710 juvare
1452 1641 1640 1710 possit,

840 331 1379 388 CA'I'IIEMERlNON
1422 332 1483 387 V.
1527 332 1615 386 DE
1654 332 1836 387 NOVI)
1876 332 2137 388 LUMINE
2195 331 2570 390 PASCIIALIS
2605 334 2915 391 SABBATI.

1853 449 1907 507 A

3399 339 3501 395 8I3

2177 448 2345 514 Quam
2373 448 2509 503 vatis
2538 449 2621 517 pia
2652 450 2994 518 praecinentis
3023 466 3167 507 orsa.

2110 539 2201 593 Ilis
2232 540 2477 609 sumptis,
2510 540 2635 595 licet
2663 542 2902 596 insolens
2932 551 3162 611 potestas

2179 632 2406 686 Pravum
2432 633 2652 702 judicet,
2685 635 2985 703 irrogctqre
3015 645 3273 699 mortem;

2179 726 2392 793 [inpasti
2425 727 2548 780 licet
2576 728 2782 781 irruant
2812 730 3011 783 leones.

1932 815 2036 870 100
2108 815 2217 869 Nos
2248 831 2462 884 semper
2490 818 2764 872 dominum
2800 821 3007 873 Patrem
3042 820 3266 875 fatentes

2174 905 2238 958 In
2262 915 2335 970 te,
2363 907 2576 962 Christe
2603 908 2766 973 Deus,
2796 910 3078 978 loquemur
3106 927 3289 976 unum,

2174 998 2601 1070 Constanterque
2628 1010 2771 1055 tuam
2798 1016 3008 1057 crucem
3038 1002 3290 1058 feremus.

2010 1153 2067 1207 V.
2111 1154 2392 1211 IIYMNUS
2432 1156 2516 1210 DE
2555 1156 3030 1282 ggggAIsrllJMlNE
3071 1154 3441 1213 PASCIIALIS

2109 1362 2355 1417 Inventor
2382 1361 2548 1427 rutili,
2576 1362 2682 1415 dux
2714 1362 2873 1429 bone,
2903 1364 3137 1430 luminis,

2177 1453 2275 1520 Qui
2303 1454 2463 1507 certis
2486 1454 2691 1507 vicibus
2722 1463 2959 1521 tempora
2985 1453 3201 1517 dividis,

2178 1544 2338 1614 283
2362 1545 2535 1598 Merso
2566 1544 2702 1607 sole,
2730 1543 2894 1597 chaos
2923 1543 3123 1611 ingruit
3150 1543 3437 1609 horridum

2178 1636 2381 1691 Lumen
2408 1636 2572 1693 redde
2602 1636 2729 1706 tuis,
2755 1635 2996 1704 Christe,
3018 1636 3287 1699 ﬁdelibus.

1541 1729 1830 1786 GLOSSIE
1871 1726 2209 1783 VETERES.

311 1842 404 1895 82.
436 1841 712 1904 Rotamur,
738 1842 1002 1908 volvimur,
1031 1845 1070 1899 l.

310 1912 407 1975 87.
436 1911 628 1982 Super,
654 1912 890 1982 desuper,
917 1914 954 1968 I.

308 1982 408 2035 95.
435 1981 650 2045 luvare,
677 1983 946 2047 delectare,
967 1982 1088 2037 Vat.
1115 1984 1183 2038 A.

308 2051 403 2127 96.
434 2053 599 2125 Quam
618 2095 632 2121 ,
663 2055 940 2125 pmphetia:
965 2064 1010 2107 et
1037 2056 1226 2126 scripta
1254 2054 1456 2121 divina,
1488 2054 1525 2111 I.
1549 2084 1620 2095 —
1655 2057 1825 2127 orsa,

1854 1845 1898 1912 Β
1925 1841 2082 1903 dicta,
2107 1838 2146 1912 I_,
2172 1840 2289 1912 Vat.
2313 1840 2378 1895 A.

1997 1912 2087 1965 97.
2118 1910 2375 1978 lnsolens,
2398 1912 2636 1979 superba,
2662 1911 2704 1966 Ι.

1998 1980 2087 2035 98.
2118 1981 2367 2044 Pravum,
2393 1997 2564 2049 prave.
2581 2012 2651 2021 ——
2674 1985 2899 2051 lrroget,
2924 1984 3131 2052 inferat,
3159 1984 3273 2039 Vat.
3299 1987 3365 2041 Δ.

1998 2052 2050 2105 '5.
2085 2051 2282 2118 Chaos,
2302 2052 2533 2121 confusio
2552 2054 2732 2120 noctis,
2757 2056 3084 2123 profunditas
3104 2056 3440 2123 tenebrarum,
3458 2057 3491 2114 l.

1584 2166 2153 2224 COMMENTARIUS.

308 2260 405 2333 82.
447 2260 1013 2333 Placetinterpunctio
1037 2262 1179 2327 Aldi,
1220 2262 1499 2333 premimur
1528 2262 1699 2329 malis,
1729 2263 1818 2315 al7i

238 2332 542 2399 premimur,
568 2332 715 2385 malis
746 2343 993 2385 rotamur.
1029 2334 1185 2386 Alex.
1211 2349 1331 2387 cum
1365 2334 1501 2387 Aldo
1533 2334 1675 2387 facit.
1715 2333 1819 2387 Sed

237 2402 391 2459 Vatt.
421 2402 461 2466 l,
490 2403 553 2467 0,
588 2402 629 2456 P
655 2418 773 2475 cum
802 2403 938 2475 aliis.
977 2403 1164 2457 Simile
1190 2413 1271 2475 est
1298 2404 1423 2456 illud
1455 2404 1591 2475 apud
1613 2404 1680 2475 AS.
1705 2408 1817 2455 Au-

235 2476 513 2543 gustinum
554 2486 671 2542 cap.
697 2473 768 2526 ‘26
801 2474 1128 2528 Enchiridii:
1168 2473 1383 2528 Jacebal
1424 2473 1695 2539 in‘malis,
1744 2475 1819 2529 rel

236 2546 399 2599 etiam
428 2544 733 2608 volvebatur,
774 2554 821 2596 et
858 2545 921 2597 de
963 2546 1109 2598 malis
1146 2547 1199 2599 in
1240 2548 1375 2599 mala
1407 2545 1821 2613 prcecipitabatur

235 2612 401 2669 totius
426 2615 633 2667 humani
661 2616 856 2685 generis
886 2632 1049 2669 massa
1072 2616 1336 2671 damnata.
1382 2612 1569 2686 Itaque
1592 2616 1820 2685 praefero

235 2688 397 2738 malis
422 2694 673 2739 rotamur.

312 2755 410 2810 8.1.
449 2755 695 2825 Nebrissa
727 2755 798 2809 ita
831 2754 1076 2824 exponit:
1101 2757 1229 2825 ﬁdes
1249 2759 1332 2825 sit,
1360 2758 1436 2811 vel
1458 2758 1549 2810 erit
1568 2758 1817 2812 adltib'ta.

235 2826 411 2881 Gisel.
437 2824 644 2897 videtur
667 2827 1017 2889 intellexisse,
1041 2830 1192 2879 crevit
1215 2824 1339 2894 ﬁdes
1367 2830 1648 2897 suppliciis.
1682 2827 1822 2881 Cha-

236 2894 543 3020 tnillgigdus,
569 2896 694 2963 ﬁdes
719 2898 911 2968 objecta
935 2906 1009 2951 est
1037 2900 1298 2971 suppliciis
1326 2894 1534 2968 iniquis.
1569 2900 1622 2953 ld
1651 2900 1820 2965 magis

238 2982 343 3020 nro
426 3006 439 3018 .

276 2983 439 3021 τουο.

238 2982 582 3157 ῃῖἓῑέἶᾟείῑι
607 3051 702 3105 pro
722 3038 915 3105 deﬁcit,
944 3038 1023 3092 vel
1054 3039 1212 3093 deest.
1242 3039 1541 3108 Lucretius,
1566 3040 1820 3109 Virgilius

239 3124 270 3157 ρ
322 3122 353 3157 3
384 3124 435 3157 ll.

239 3119 293 3163 et
322 3119 435 3160 alll.

258 3174 273 3177 ’⁷
313 3178 405 3232 86.
451 3176 600 3241 Put.,
636 3177 876 3242 'I‘liuau.,
908 3178 1027 3231 Vat.
1062 3180 1136 3242 A,
1188 3182 1317 3232 truci
1364 3182 1462 3233 ira.
1522 3181 1625 3235 Alii
1665 3180 1823 3233 trucis

241 3248 413 3325 leonis
442 3248 788 3325 ira.-‘I‘arrli.,
812 3264 929 3325 nam
956 3248 1201 3325 languens
1224 3251 1389 3325 trucis
1415 3269 1445 3303 a
1470 3251 1626 3304 leonis
1652 3250 1749 3302 iia.

322 3319 418 3372 87.
461 3318 516 3373 In
549 3317 669 3370 Rat.
703 3333 731 3370 a
763 3319 930 3388 prima
967 3317 1158 3381 nia'nu,
1199 3322 1435 3387 desuper,
1470 3324 1608 3388 quod
1650 3329 1823 3373 metro

240 3397 533 3457 repugnat.
558 3388 773 3453 νέω-ὴ..
814 3386 965 3457 super
1004 3388 1084 3441 his
1129 3386 1395 3456 geruntur.
1426 3386 1617 3446 Retine
1646 3406 1827 3460 supcr—

241 3461 586 3532 iugerun_tur_._
719 3527 728 3532 _
847 3530 856 3532 _
939 3529 948 3532 _
1039 3516 1103 3532 _,

320 3531 415 3585 88.
457 3527 515 3599 In
546 3528 664 3581 Vat.
703 3527 779 3593 A,
836 3528 1375 3599 Itariendormcndum
1424 3540 1506 3586 est
1550 3545 1647 3599 pro
1694 3530 1826 3599 hau:

243 3600 457 3655 riendo.
490 3598 676 3662 Poeta,
698 3600 763 3651 ad
788 3614 885 3652 nos
906 3598 1139 3653 Danielis
1172 3598 1441 3654 historiam
1473 3598 1824 3667 transferens,

241 3674 321 3743 ait
373 3670 553 3724 cibum
611 3673 886 3724 caelestem
936 3685 1041 3739 non
1090 3670 1279 3743 leviter
1342 3673 1687 3741 gustandum,
1734 3673 1828 3727 sed

281 3742 414 3795 leno
440 3754 553 3794 ore.

243 3754 415 3867 Ριῖηιίῖ
440 3754 690 3881 (ἰῖιθῖξοιη
715 3811 832 3876 hinc
855 3825 951 3879 pro
972 3810 1076 3875 hic,
1104 3810 1195 3864 sed
1225 3811 1469 3866 abrasum
1497 3823 1579 3867 est
1601 3830 1655 3866 η.
1688 3812 1829 3867 Cave

247 3897 279 3935 a
312 3881 535 3945 mendo,
566 3883 705 3948 quod
738 3882 1021 3935 nonnullas
1051 3881 1312 3936 editiones
1344 3883 1645 3949 occupavit,
1667 3884 1832 3936 socia-

244 3963 332 4023 tus
368 3967 467 4018 pro
494 3953 722 4005 satiatus.
746 3951 947 4019 Nempe
978 3951 1198 4023 satiatus
1225 3953 1383 4016 escis,
1413 3968 1544 4023 quas
1575 3955 1828 4021 prapheta

247 4022 527 4091 llabacuc,
552 4023 665 4077 sive
686 4024 821 4078 alius
848 4026 1021 4077 atl'ert.
1054 4021 1280 4077 Inhaeret
1304 4021 1443 4077 enim
1477 4035 1629 4091 poeta
1658 4024 1829 4078 eidem

246 4093 523 4157 historiae,
576 4105 630 4147 et
680 4109 773 4161 per
803 4107 1091 4159 messores,
1141 4095 1331 4162 quibus
1379 4095 1623 4147 Ilahacuo
1653 4095 1830 4148 cilium

243 4172 627 4232 apparaverat,
658 4163 909 4230 intelligit
936 4165 1106 4233 justus
1135 4166 1300 4227 viros,
1329 4166 1509 4231 quales
1539 4172 1663 4218 sunt
1696 4180 1830 4231 apo-

244 4234 406 4295 stoli,
428 4233 627 4302 aliique
652 4249 831 4303 operai
848 4237 904 4301 ii,
933 4249 1065 4303 quos
1092 4235 1145 4288 in
1176 4251 1379 4288 messem
1405 4251 1550 4288 suam
1575 4234 1831 4289 Dominus

244 4306 435 4358 mittit.

325 4375 433 4447 91.4
465 4374 695 4441 Saporus
726 4375 874 4447 idem
913 4374 1055 4445 quod
1089 4374 1318 4447 sapidus,
1351 4385 1405 4429 ut
1446 4376 1675 4445 loquitur
1705 4375 1831 4444 Api-

246 4445 376 4500 cius
405 4445 468 4497 de
497 4447 624 4498 Arte
656 4445 864 4498 iulituu.

328 4516 422 4569 96.
464 4514 731 4577 Parrhasii
775 4516 1040 4584 scriptura
1085 4516 1274 4568 mirum
1321 4524 1574 4582 quantum
1614 4529 1642 4568 a
1685 4530 1832 4569 com-

248 4586 409 4640 muni
439 4584 665 4640 lectinne
691 4586 980 4653 discrepat,
1016 4586 1178 4650 Quam
1213 4597 1387 4638 natum
1417 4586 1687 4638 recinentis
1713 4602 1829 4638 orsa

1926 2277 2047 2316 nem
2080 2275 2201 2330 quae
2230 2260 2408 2337 verior
2434 2269 2544 2337 est,
2585 2261 2817 2337 [lauant
2847 2272 3120 2337 perlatam
3148 2270 3395 2337 possimus
3423 2268 3501 2321 di.

1926 2348 2038 2406 cere
2059 2344 2275 2406 noctem.
2311 2331 2611 2406 Brissonius
2640 2333 2691 2386 in
2723 2334 2815 2406 lib.
2840 2331 2906 2387 de
2932 2331 3199 2406 Spectac.,
3228 2351 3346 2406 pag.
3370 2338 3499 2402 351,

1928 2402 2043 2473 [use
2082 2404 2187 2469 agit
2227 2401 2295 2455 de
2337 2402 2613 2473 pervigilio
2660 2403 2862 2473 sabbati
2910 2401 3320 2473 paSchalis,'et'
3361 2401 3501 2462 hunc

1928 2470 2182 2544 hymnum
2227 2470 2502 2544 inscribit:
2537 2471 2628 2544 pc
2671 2470 2945 2527 luminibus
2986 2477 3180 2529 sabbati
3222 2477 3497 2544 paschalis.

1926 2542 1983 2616 In
2028 2543 2321 2616 llymnario
2360 2542 2806 2616 card._'I‘liomasii
2852 2559 2972 2616 pars
3018 2545 3176 2612 huius
3206 2542 3388 2616 hymni
3420 2548 3501 2601 bis

1927 2613 2202 2678 inseritur,
2247 2613 2473 2681 primum
2520 2613 2622 2669 hoc
2660 2614 2851 2669 titulo:
2886 2615 2964 2669 Ad
2996 2613 3342 2670 arcensioneni
3371 2620 3501 2673 cerei

1927 2684 2205 2753 paschalis,
2239 2694 2348 2736 tum
2383 2686 2483 2738 hoc
2510 2685 2705 2738 altero:
2740 2686 2820 2737 Ad
2848 2688 3102 2740 incensum
3135 2687 3376 2743 lucernae.

2002 2755 2053 2808 1.
2095 2754 2357 2827 Giselinus
2383 2754 2777 2827 uberiussolito
2801 2756 2937 2811 hunc
2969 2758 3222 2827 hymnum
3249 2759 3499 2823 illustrat,

1929 2833 1980 2879 et
2023 2841 2086 2879 ex
2127 2824 2357 2896 Georgio
2385 2823 2686 2896 Cassandro
2735 2828 2918 2880 statuit
2961 2823 3080 2881 eum
3124 2831 3391 2896 pertinere
3433 2833 3502 2881 ad

1929 2895 2370 2967 consuetudinem
2410 2895 2526 2963 ejus
2564 2896 2767 2967 astatis,
2817 2912 2919 2965 qua
2960 2895 3182 2951 sabbato
3225 2898 3499 2967 paschali.

1929 2964 2218 3019 inclinante
2248 2965 2299 3017 in
2324 2980 2601 3032 vesperam
2635 2966 2749 3029 die,
2779 2972 2901 3021 ante
2928 2964 3499 3033 solemnem’baptisnii

1928 3035 2345 3089 celebrationem
2374 3050 2558 3089 cereus
2598 3051 2627 3089 a
2668 3036 2893 3091 diacono
2924 3038 3223 3091 consecrari
3256 3040 3497 3103 solebat,

1929 3114 1982 3160 et
2011 3119 2148 3159 novo
2173 3105 2315 3174 igne,
2337 3105 2425 3169 qui
2448 3114 2537 3159 aut
2562 3122 2621 3159 ex
2652 3106 2799 3160 silice
2827 3122 3098 3173 percusso,
3128 3116 3220 3162 aut
3245 3108 3497 3176 crystallo

1930 3176 2031 3246 soli
2062 3175 2269 3246 objecta
2296 3176 2624 3241 eliciebatur,
2660 3177 2897 3231 accendi.
2949 3178 3024 3231 Ex
3055 3195 3159 3246 quo
3186 3175 3328 3232 cerei
3360 3195 3495 3232 neo-

1932 3244 2213 3317 pliytorutn
2238 3245 2398 3317 (quos
2422 3260 2612 3315 nempe
2641 3246 2714 3300 illi
2744 3248 2984 3302 manibus
3015 3244 3274 3317 ferebant)
3308 3266 3500 3305 accen-

1853 3293 1899 3356 C
1929 3293 2210 3390 debantur.
2239 3293 2355 3370 \Ille
2377 3316 2501 3390 ipse
2531 3293 2716 3390 erereus
2748 3333 2841 3390 per
2864 3326 3067 3387 septem
3108 3293 3500 3390 consequen'es

1928 3385 2064 3452 dies,
2104 3387 2192 3461 qui
2234 3387 2622 3461 neopliyturum
2650 3385 2983 3461 dicebantur,
3015 3385 3320 3456 veSpertino
3358 3405 3498 3444 tem-

1930 3472 2060 3535 pore
2093 3457 2712 3535 ad_sa‘crunijneophytis
2744 3459 3205 3535 progredientibus
3239 3462 3497 3529 prtelerc-

1928 3525 2106 3580 batur.
2160 3524 2268 3582 Sed
2302 3544 2507 3603 vereor,
2541 3524 2761 3582 aetola
2804 3524 2920 3603 haec
2967 3532 3111 3603 ratio
3148 3524 3509 3603 consecrandi

1930 3610 2143 3673 cereum
2191 3599 2494 3673 pasclialem
2528 3613 2654 3673 cum
2697 3598 3195 3673 cmteri‘sadjunctis
3238 3598 3501 3673 poSterior

1928 3668 1997 3721 sit
2019 3675 2174 3721 :etate
2199 3669 2491 3724 Prudentii.
2516 3669 2720 3737 Gaspar
2742 3669 2987 3725 Barthius
3004 3668 3313 3727 nonnullam
3338 3676 3499 3729 etiam

1930 3750 2148 3815 operam
2177 3739 2300 3793 huic
2331 3741 2870 3815 hymnoexponendo
2902 3744 3114 3815 navavit
3144 3745 3233 3797 lib.
3264 3762 3336 3807 ix,
3377 3761 3497 3815 cap.

1929 3806 2000 3880 20
2031 3808 2343 3874 Adversar.,
2369 3806 2440 3866 ex
2470 3806 2662 3864 schedia
2695 3825 2795 3867 ms.
2829 3814 3268 3868 membranacea:
3303 3806 3496 3880 Quam,

1932 3878 2131 3951 inquit,
2166 3883 2365 3951 gavisus
2394 3882 2533 3935 illico
2561 3896 2673 3933 cum
2699 3892 2937 3947 auctore,
2977 3900 3124 3951 quem
3159 3878 3381 3939 omnium
3412 3878 3498 3938 ca;

1931 3950 2185 4025 rissimum
2217 3950 2374 4002 habeo
2388 3991 2413 4025 ,_
2451 3952 2684 4025 contuli‘:
2724 3952 2915 4025 integer
2940 3950 3013 4005 est
3056 3954 3106 4005 in
3136 3971 3194 4007 ea
3219 3954 3436 4025 hymnus
3466 3957 3500 4010 5

1933 4019 1987 4091 in
2032 4035 2227 4072 cereum
2270 4021 2581 4091 paschalem.
2633 4019 2881 4087 Quamvis
2929 4032 3105 4076 autem
3149 4019 3496 4089 censeamus,

1936 4087 2075 4162 hunc
2106 4087 2357 4159 hymnum
2383 4107 2504 4162 non
2547 4106 2666 4145 esse
2699 4091 3096 4160 quotidianum,
3147 4110 3269 4149 eum
3321 4087 3502 4162 tamen

1934 4157 2034 4229 hoc
2057 4157 2179 4229 loco
2210 4161 2547 4227 reponimus,
2593 4157 2727 4229 quia,
2744 4177 2805 4216 ea
2834 4172 2978 4217 certe
3024 4157 3154 4217 hora
3182 4166 3496 4229 cauebatur,

1936 4227 2178 4282 videlicet
2205 4242 2323 4297 post
2352 4232 2524 4284 cibum
2562 4227 2621 4283 et
2650 4239 2773 4285 ante
2802 4248 3069 4288 somnum.
3123 4235 3178 4289 In
3225 4227 3499 4291 Breviario

1934 4298 2266 4377 blozarabico
2297 4301 2410 4367 ejus
2440 4303 2678 4377 quadam
2708 4305 2948 4377 stropha:
2984 4306 3227 4376 leguntur
3253 4309 3305 4361 in
3335 4310 3498 4377 primo

1935 4370 2187 4445 dominico
2220 4381 2331 4440 post
2360 4383 2588 4445 octavam
2615 4370 2925 4445 Epiphania:
2951 4379 3016 4427 ad
3036 4370 3279 4445 vvesperas
3302 4370 3499 4433 avide-

1935 4440 2059 4505 licet
2111 4442 2309 4508 prima,
2358 4444 2614 4510 septima,
2668 4440 2934 4517 trigesima
2966 4440 3178 4511 quinta,
3227 4451 3496 4517 trigesima

1934 4518 2140 4585 octava,
2175 4522 2230 4585 et
2258 4522 2364 4567 tres
2390 4524 2693 4585 sequentes.
2740 4514 2828 4585 Es,
2846 4531 2907 4569 eo
2935 4518 3107 4572 varias
3134 4514 3388 4579 lectiones
3417 4514 3500 4585 in-~

1935 4580 2144 4635 dicabo.
2192 4581 2342 4636 Circa
2384 4580 2752 4647 adnotationes
2788 4584 3147 4643 Nebrissensis
3176 4589 3230 4641 in
3262 4589 3404 4644 hunc
3444 4580 3499 4645 et

245 4672 450 4709 verum.
493 4656 603 4727 Hoc
634 4657 793 4709 etiam
839 4673 905 4710 ex
934 4656 1117 4709 eadem
1149 4656 1363 4710 historia
1407 4657 1658 4724 petitum,
1704 4671 1825 4727 nam
1857 4653 2065 4727 Dduos
2112 4664 2396 4727 sequentes
2419 4654 2980 4727 “Itymuosu‘nnnttiltil
3042 4660 3390 4717 animadverti
3444 4662 3498 4715 in

246 4728 511 4781 Habacuc
537 4724 741 4781 Danieli
773 4727 1070 4792 prmcinuit.

326 4798 455 4851 101.
494 4795 858 4863 Conjicicbam
884 4796 1045 4848 Deum
1078 4795 1355 4863 loquentur.
1408 4794 1477 4846 lta
1509 4795 1676 4850 edidit
1702 4796 1829 4849 Paro

246 4867 501 4932 rhasius,
542 4867 637 4938 sed
678 4870 970 4936 loquamur,
1017 4882 1067 4938 et
1096 4880 1233 4918 vers.
1263 4880 1377 4932 seq.
1424 4870 1668 4938 feramus.
1722 4867 1831 4938 Ilac

248 4938 494 4990 lectione
530 4936 791 4995 admissa.
839 4942 1013 4988 unitas
1041 4936 1232 4988 divina:
1263 4946 1467 5001 natoue
1508 4937 1558 4988 in
1594 4936 1749 4989 l’airc
1779 4936 1834 4989 et

250 5006 402 5061 Filio
437 5008 710 5079 eleganter
738 5007 1071 5076 exprimitur.
1122 5004 1251 5057 Vide
1295 5006 1683 5061 COI‘I‘CCIIOHCIII
1712 5005 1833 5079 Atili

244 5080 319 5131 ad
347 5092 494 5131 vers.
524 5077 611 5131 81.

327 5147 408 5201 De
431 5164 578 5211 novo,
603 5157 708 5202 etc.
739 5146 891 5200 IIunc
921 5143 1131 5197 titulum
1161 5152 1211 5196 et
1239 5142 1492 5206 hymnum
1522 5149 1632 5200 fere
1658 5155 1824 5201 totum

246 5218 376 5272 fuse
398 5220 800 5287 explanavimus
830 5231 948 5285 cap.
970 5215 1105 5287 lict
1125 5230 1241 5281 cap.
1266 5215 1329 5268 18
1351 5217 1643 5287 proli-gain.
1676 5214 1825 5270 Nunc

246 5285 487 5352 addam,
528 5290 595 5344 de
635 5288 890 5341 miraculo
924 5285 1137 5338 luminis
1176 5286 1458 5351 nuncupati
1500 5290 1558 5340 ὃ.
1592 5287 1824 5355 sepulcri

248 5360 431 5413 multo
455 5358 775 5420 accuratius,
819 5372 975 5426 quam
1012 5356 1069 5409 P.
1096 5354 1362 5426 Liberium
1391 5371 1419 5408 a
1450 5357 1604 5419 Jesu,
1650 5354 1824 5423 egisse

247 5429 628 5484 doctissimum
660 5422 848 5481 virum
874 5426 932 5479 P.
969 5422 1321 5480 Maniachium
1365 5436 1492 5479 tom.
1526 5426 1595 5487 ll,
1644 5422 1826 5495 Antiq.

247 5498 458 5553 Christ.
488 5514 606 5566 cap.
644 5500 693 5564 1,
731 5514 847 5566 pag.
882 5498 971 5565 65,
1012 5498 1098 5550 ubi
1138 5508 1323 5566 contra
1351 5496 1703 5549 Mosliemium
1734 5512 1829 5549 ve-

248 5586 281 5623 r
311 5577 473 5622 tatem
521 5565 636 5637 ejus
681 5565 925 5622 miraculi
972 5578 1168 5621 tuetur.
1224 5565 1469 5633 Drepanii
1516 5581 1727 5637 versum
1778 5569 1830 5637 in

250 5641 462 5709 hymno
488 5636 563 5693 De
587 5655 730 5692 cerea
760 5639 989 5709 paschali
1016 5638 1176 5705 edidi,
1207 5646 1261 5709 ut
1289 5636 1339 5689 in
1368 5636 1679 5709 quibusdam
1706 5636 1828 5690 edd.

247 5706 437 5774 ruperi
457 5750 470 5771 ,
503 5709 552 5761 11
563 5726 661 5762 unc
702 5706 767 5762 ut
799 5725 887 5778 per
918 5718 1084 5778 totam
1107 5706 1353 5778 possimus
1383 5707 1565 5778 ducere
1612 5718 1829 5778 noctem.

393 5782 445 5834 in
468 5780 638 5846 poetis
655 5776 972 5836 ChriStianis
994 5776 1226 5835 Fabricii
1250 5776 1428 5833 inveni
1453 5778 1612 5833 aliam
1646 5777 1830 5833 lectio.

1932 4722 2134 4791 proleg.
2166 4738 2312 4777 num.
2341 4724 2441 4777 106
2471 4734 2651 4777 contra
2681 4722 2980 4781 Wcitzium.
3028 4729 3314 4784 Exordiun.
3344 4747 3411 4786 ex
3440 4748 3498 4787 re

1932 4793 2045 4861 ipsa
2076 4795 2291 4870 petitur.
2328 4794 2463 4846 Deus
2490 4794 2716 4870 inventor
2744 4796 2972 4870 (natiuis,
3002 4806 3057 4870 ut
3083 4814 3240 4869 supra
3272 4804 3415 4870 hym.
3439 4792 3502 4869 Δί

1932 4877 2075 4936 vers.
2104 4864 2158 4926 9,
2182 4873 2414 4936 repertor
2440 4864 2594 4936 orbis.
2626 4864 2947 4936 Claudianus
2975 4869 3087 4924 sive
3120 4864 3498 4936 piitius'lllero;

1935 4932 2153 5008 baudes,
2181 4932 2230 4986 in
2257 4934 2442 5001 Elogio
2466 4932 2686 5008 Christi,
2719 4936 2938 5005 lucisque
2976 4932 3200 5007 repertor
3225 4944 3355 4995 Ante
3375 4955 3497 5008 tua’,

1933 5004 2207 5082 matrisque
2233 5020 2450 5082 parens.
2507 5004 2749 5059 Barthius
2796 5004 2887 5082 liii.
2928 5024 2942 5061 t
2988 5004 3234 5077 Advers.,
3283 5028 3403 5082 cap.
3443 5004 3497 5077 7,

1937 5073 2244 5150 tnallet‘legi
2271 5077 2500 5150 lucisque
2527 5086 2770 5150 repertor,
2800 5077 2956 5142 Nate,
2985 5090 3084 5133 tua:
3110 5073 3381 5150 matrisque
3408 5073 3501 5150 pa;

1936 5159 2071 5196 rens.
2111 5144 2314 5219 Poteris
2344 5153 2499 5198 etiam
2531 5146 2597 5197 ita
2632 5146 2957 5217 distinguere
2984 5151 3138 5203 verba
3170 5144 3500 5219 lucisque-ro-

1933 5224 2123 5336 pertlor,
2155 5215 2283 5268 Ante
2314 5226 2412 5268 tum
2438 5219 2707 5285 matrisque
2737 5215 2939 5286 parens.
2979 5219 3136 5289 Brev.
3166 5215 3328 5289 Mozf,
3361 5221 3501 5276 male

1933 5294 2030 5336 run
2056 5301 2116 5336 is.

1930 5294 2116 5337 rutilis.

2000 5352 2051 5406 4.
2094 5354 2167 5407 lta
2197 5355 2337 5408 hunc
2363 5372 2573 5410 versum
2606 5356 2732 5424 legit
2754 5357 3077 5412 Theodotius
3100 5360 3498 5414 Aurelianensis

1931 5423 1984 5499 in
2020 5424 2112 5475 lib.
2146 5424 2213 5499 de
2242 5426 2439 5499 Spiritu
2470 5423 2676 5499 sancto.
2724 5426 3004 5499 lta__etiani
3046 5431 3225 5499 legum
3257 5430 3502 5485 Barthius

1934 5494 1991 5570 i_n.
2012 5507 2109 5546 sua
2130 5496 2325 5570 sclieda
2354 5498 2777 5570 inembranacea,
2804 5496 2946 5570 Vatt.
2973 5500 3040 5562 A,
3069 5494 3129 5563 P',
3156 5501 3503 5570 llymnariunt

1934 5563 2239 5638 'Ilnoriiasii,
2290 5577 2410 5638 cum
2461 5564 2684 5638 primum
2722 5567 2875 5638 ΔΙιυιιο
2923 5563 3493 5638 Ιιγιηίιιιηιὶκεετίὒὶι.

1934 5632 2211 5709 Qiselinus
2252 5632 2318 5709 ad
2367 5647 2515 5686 oram
2561 5634 2926 5709 edit._‘2.__Alii
2959 5632 3144 5705 aliter;
3178 5641 3324 5706 Ald.,
3360 5638 3505 5709 Rat,

1937 5704 2129 5781 Eri-ig,
2152 5703 2264 5781 (iis.
2286 5702 2347 5781 in.
2369 5711 2510 5781 textu
2540 5705 2668 5781 edit.
2688 5706 2742 5768 εὶ,
2778 5706 3023 5781 lleinsius
3044 5702 3161 5763 cum
3186 5702 3503 5781 suis'codd.,

1940 5772 2079 5828 Vatt.
2114 5773 2154 5843 l,
2188 5774 2252 5842 υ,
2286 5772 2560 5844 Weitzius,
2596 5772 2787 5831 Lucem
2818 5779 2971 5833 redde
3001 5781 3119 5850 tuis,
3146 5781 3348 5836 Christe.
3375 5772 3505 5851 ﬁde;
