4068 6190
524 302 626 360 827

526 419 627 475 115
763 412 923 490 293
943 410 1011 472 Et
1037 418 1222 472 molles
1252 416 1440 483 violas,
1464 426 1519 473 et
1544 426 1731 473 tenues
1759 433 1950 474 crocos

770 513 967 567 Fundit
995 512 1263 566 fonticulis
1293 512 1395 566 uda
1421 512 1717 582 fugacibus.

700 603 810 658 lllic
838 613 891 657 et
918 604 1103 672 gracili
1126 604 1359 657 balsama
1386 605 1604 659 surculo

772 695 1036 748 Desudata
1062 693 1253 759 ﬂuunt,
1280 710 1508 764 raraque
1537 697 1782 751 cinnama

771 784 1007 852 Spirant.
1032 794 1087 839 et
1117 786 1327 849 folium,
1356 785 1501 840 fonte
1531 786 1670 854 quod
1698 786 1880 841 abdito

772 875 1132 932 Praelambens
1156 877 1347 931 ﬂuvius
1382 886 1557 946 portat
1581 878 1631 932 in
1660 879 1881 935 exitum.

705 966 909 1021 Felices
929 967 1122 1021 anima:
1150 976 1297 1035 prata
1332 982 1425 1036 per
1448 968 1671 1023 herbida

770 1056 1043 1112 Concentu
1067 1058 1223 1126 parili
1254 1072 1418 1112 suave
1448 1059 1758 1113 sonantibus

774 1146 1103 1217 llymnorum
1133 1148 1364 1203 modulis
1392 1148 1546 1203 dulce
1573 1158 1773 1203 canunt
1803 1147 1993 1213 melos,

772 1236 933 1307 294
951 1237 1170 1293 Calcant
1190 1248 1243 1293 et
1272 1239 1495 1307 pedibus
1518 1239 1625 1292 lilia
1656 1237 1921 1292 candidis.

530 1328 633 1385 125
705 1328 841 1384 Sunt
869 1339 919 1384 et
946 1330 1217 1399 spiritibus
1248 1346 1391 1400 saepe
1416 1331 1739 1386 nocentibus

532 875 630 929 120

1624 303 1895 361 AUREL‘H
1935 303 2302 361 PRUDENTII
2341 305 2665 361 CARMINA.

2120 425 2175 483 Λ

3665 300 3766 360 828

2444 424 2726 478 Poenarum
2762 423 3003 479 celebres
3024 424 3123 479 sub
3152 424 3313 495 Styge
3335 424 3480 482 feria:

2446 517 2535 570 Illa
2562 526 2740 580 nocte,
2773 530 2926 571 sacer
2948 531 3049 585 qua
3074 516 3233 570 rediit
3258 515 3398 570 Deus

2442 606 2655 674 Stagnis
2677 606 2741 658 ad
2775 622 2999 674 superos
3020 623 3083 661 ex
3108 608 3511 663 Acheronticis:

2376 696 2490 750 Non
2521 697 2656 750 sicut
2689 696 2937 751 tenebras
2958 696 3025 751 de
3050 697 3162 752 face
3193 696 3388 765 fulgida

2450 786 2686 852 Surgens
2715 800 2916 840 oceano
2940 786 3130 841 lucifer
3150 786 3358 853 imbuit,

2448 876 2553 931 Sed
2584 876 2741 931 terris
2768 877 2967 931 domini
2988 878 3056 932 de
3076 892 3237 932 cruce
3265 878 3502 934 tristibus

2452 967 2618 1036 Major
2640 968 2755 1021 sole
2784 981 2977 1023 novum
3012 968 3299 1025 restituens
3328 968 3488 1024 diem.

2377 1058 2538 1127 295
2567 1056 2805 1110 Marcent
2832 1056 3107 1126 suppliciis
3140 1068 3335 1113 tartara
3365 1059 3602 1123 mitibus,

2452 1148 2804 1214 Exsultatque
2831 1149 2913 1202 sui
2943 1150 3175 1203 carceris
3202 1150 3314 1203 otio

2455 1236 2773 1293 Umbrarum
2806 1240 3049 1306 populus,
3084 1238 3219 1294 liber
3243 1240 3310 1295 ab
3346 1241 3571 1308 ignibus,

2454 1328 2561 1381 Nec
2592 1326 2803 1383 fervent
2828 1328 2988 1383 solito
3009 1329 3226 1387 flumina
3257 1330 3527 1398 sulphure.

2203 787 2305 842 150

2207 1236 2311 1293 155

1835 1417 2119 1476 GLOSSIE
2152 1416 2495 1474 VETERES.

600 1512 722 1566 115.
748 1512 965 1575 Crocos,
990 1528 1145 1582 genus
1173 1514 1436 1582 piqmenti,
1469 1513 1508 1566 l.

532 1653 570 1720 ﬂ
603 1582 725 1662 110.
752 1581 1717 1704 Flugacibus,vivacibtts,rnanantibus,
1736 1581 1813 1635 vel
1830 1581 2103 1637 viventibus

573 1662 759 1715 uentis,
814 1692 827 1706 .

573 1662 759 1715 uentis,
788 1662 827 1706 Ι.

604 1722 723 1775 118.
759 1723 918 1786 Rara,
947 1723 1181 1789 pretiosa,
1215 1722 1253 1776 I.

2286 1508 2407 1562 122.
2433 1510 2631 1575 Suave,
2657 1510 2896 1575 suaviter,
2922 1510 3043 1575 Vat.
3071 1510 3138 1564 A.

2281 1580 2402 1633 125.
2435 1581 2619 1646 Melos,
2644 1581 2779 1643 laus,
2797 1582 2991 1649 generis
3014 1582 3181 1635 neutri
3203 1581 3476 1649 singularis
3502 1583 3723 1645 numeri,
3744 1583 3785 1636 l.

2284 1651 2405 1729 126.
2437 1650 2619 1720 Styge,
2643 1650 2784 1729 §tyat
2812 1652 2997 1729 ﬂuvius
3025 1652 3212 1729 inferni
3236 1654 3595 1719 interpretatur
3627 1654 3788 1705 tristi-

2206 1719 2298 1784 tia,
2329 1719 2513 1773 luctus.
2546 1750 2616 1760 —
2643 1719 2833 1784 Ferize,
2864 1721 3012 1788 festa,
3042 1719 3145 1775 lso.

606 1792 728 1880 119.
758 1791 963 1880 folium
985 1831 1001 1857 ,
1035 1794 1344 1880 pigmentum
1387 1792 1665 1873 optimum,
1697 1807 1861 1880 genus.
1898 1807 2104 1880 aroma-
2135 1820 2180 1880 Β
2281 1791 2405 1845 128.
2432 1791 2833 1880 Aclterlonticis‘,‘
2876 1792 2984 1842 sine
3017 1791 3242 1880 gqudio,
3286 1788 3601 1860 Phlegehon
3634 1792 3792 1860 ﬂam-

534 1868 659 1924 tum,
681 1860 722 1913 1.
752 1860 953 1913 Folium
980 1870 1052 1915 est
1091 1860 1243 1914 herba
1280 1863 1641 1927 pretiosissima
1676 1860 1788 1930 qua:
1807 1862 1994 1915 dicitur
2019 1877 2105 1913 ve-

536 1931 644 1983 nire
672 1931 732 2001 de
772 1932 1041 2000 paradiso,
1080 1933 1213 1984 unde
1261 1932 1318 1998 ﬁt
1350 1944 1661 2001 unguentum
1696 1936 1999 1997 pretiosum,
2041 1930 2104 1984 de

536 2016 634 2124 vo
660 1998 921 2123 lxrenalis
945 2016 963 2053 :
985 2001 1065 2053 Ad
1088 2017 1165 2054 me
1191 2002 1320 2054 venit
1352 1998 1591 2055 meretrix
1628 2004 1805 2071 foliata
1839 2011 2102 2070 peruncta,

586 2078 657 2122 at.
736 2108 749 2122 .

606 2140 728 2196 120.
758 2138 1080 2209 Prmlabens,
1113 2141 1306 2209 ﬂuens,
1339 2141 1459 2202 Vat.
1492 2141 1558 2196 T.

2207 1877 2368 1922 meus.
2391 1860 2569 1929 phlox,
2601 1859 2774 1913 (ἐι-ατε
2795 1862 3026 1929 flamma,
3064 1861 3101 1915 I.

2280 1932 2400 1985 150.
2435 1930 2643 1992 Imbuit,
2671 1930 2900 1996 expellit,
2930 1930 3166 1996 impellit,
3205 1931 3280 1991 vel
3308 1931 3579 1994 illuminat,
3610 1930 3652 1983 1.

2280 2003 2401 2055 155.
2460 2000 2699 2065 Milibus,
2724 2000 3017 2068 mitefactis,
3050 1998 3089 2053 l.

2279 2072 2406 2126 155.
2431 2069 2773 2139 Umbrarum,
2801 2070 3181 2140 defunctorum,
3223 2069 3369 2123 aliter
3404 2071 3717 2140 functorum,
3756 2070 3793 2125 1.

1881 2228 2437 2287 COMMENTARIUS.

608 2321 740 2395 115.
763 2322 1154 2395 Paschalis,de
1187 2323 1421 2380 Coronis
1448 2341 1569 2395 pag.
1602 2323 1727 2391 1&5,
1764 2324 1886 2391 117,
1932 2326 2031 2379 187
2061 2333 2116 2379 et

542 2391 644 2447 190
660 2392 789 2446 edit.
809 2392 946 2448 1610
959 2394 1197 2459 Parisiis,
1213 2395 1310 2447 bos
1334 2391 1805 2449 verSus'tttemorat
1825 2410 1887 2447 ac
1900 2396 2109 2461 repetit.

541 2462 792 2531 Virgilius
823 2465 1025 2517 mollem
1046 2465 1229 2517 violam
1251 2466 1380 2518 dixit
1404 2507 1417 2527 ,
1459 2465 1683 2519 Ovidius
1715 2475 1887 2518 tenues
1914 2480 2110 2518 crocos.

613 2534 733 2585 116.
770 2534 950 2604 Prag.,
983 2533 1255 2604 viventibus
1285 2536 1335 2587 in
1355 2543 1503 2588 textu
1530 2550 1596 2589 ex
1622 2535 1831 2603 glossa;
1860 2533 1910 2587 in
1940 2550 2113 2604 marg.

542 2610 726 2673 recte,
757 2602 1046 2671 fugacibus.
1078 2602 1194 2657 Uda
1233 2620 1331 2672 pro
1355 2607 1494 2657 unda
1544 2602 1772 2673 prndero
1817 2619 1936 2658 cum
1969 2602 2114 2669 Pull,

542 2672 778 2735 Tlntan.,
814 2675 989 2740 Egm.,
1022 2674 1153 2740 Alt.,
1194 2675 1369 2739 llein.,
1400 2672 1614 2737 Urbin.,
1647 2674 1829 2735 Δια..
1861 2676 2000 2740 quod
2037 2685 2117 2728 te-

545 2750 638 2813 net
666 2744 825 2795 etiam
858 2744 1158 2813 Gronovius
1190 2744 1242 2797 in
1267 2744 1547 2799 Observat.
1577 2746 1774 2801 eccles.
1808 2744 2114 2813 Eleganter,

544 2811 751 2883 liumus,
782 2811 1039 2883 fonticulis
1071 2813 1204 2879 uda,
1251 2814 1417 2883 fundit
1465 2816 1646 2868 violas.
1683 2817 1755 2867 Ita
1806 2811 1966 2868 etiam
1998 2830 2118 2867 cum

548 2880 758 3004 :‘li’upn.
791 2882 982 2937 Perist.
1014 2882 1161 2953 bym.
1194 2880 1415 2952 8,'vers.
1442 2886 1528 2950 14,
1548 2894 1683 2939 terra
1707 2884 1811 2938 uda
1840 2885 2121 2955 legendum

581 2967 608 3004 r
646 2967 797 3004 tror.

546 2962 797 3006 arbitror.

622 3023 744 3096 118.
792 3023 1037 3078 Barthius
1079 3024 1130 3078 in
1177 3024 1372 3079 sclteda
1418 3025 1618 3094 reperit
1661 3035 1941 3096 prataque,
1973 3025 2126 3096 quasi

550 3092 732 3161 vulgo,
783 3109 980 3161 perque
1012 3104 1160 3163 prata
1215 3067 1566 3149 nascerenlbr
1613 3067 1877 3151 ci'nnani'a.
1926 3067 2031 3151 Sciit
2079 3096 2126 3151 si

551 3163 776 3235 mutatio
801 3164 977 3233 aliqua
1006 3176 1151 3219 esset
1176 3165 1492 3227 invehenda,
1526 3167 1717 3219 melius
1748 3167 1977 3234 legerem
2005 3183 2126 3235 gra-

2296 2321 2431 2392 125.
2444 2322 2801 2392 anesnonem
2823 2321 2947 2377 binc
2967 2331 3207 2377 exortam
3223 2322 3573 2389 explicuimus
3590 2325 3799 2392 proleg.

2222 2407 2343 2459 cap.
2382 2391 2469 2446 18.
2500 2390 2765 2447 Giseliuus
2806 2393 3076 2446 fictionem
3107 2392 3244 2447 banc
3274 2407 3394 2446 esse
3424 2393 3688 2460 poeticam
3722 2390 3801 2448 εἶς

2225 2463 2421 2526 firmat,
2450 2462 2691 2529 quamvis
2736 2462 3056 2530 Ethiopes,
3085 2473 3140 2515 ut
3170 2470 3357 2516 auctor
3387 2472 3466 2515 est
3512 2463 3813 2529 Damianus

2225 2532 2365 2587 Goes
2387 2532 2436 2585 in
2470 2532 2699 2587 Historia
2723 2533 2790 2587 de
2821 2532 3033 2587 illorum
3057 2533 3316 2598 moribus,
3344 2532 3521 2585 adltuc
3540 2534 3793 2597 sentiant,

2224 2603 2451 2665 animas,
2488 2618 2592 2655 non
2623 2604 2838 2668 quidem
2867 2604 3175 2661 damnatas,
3203 2604 3295 2655 sed
3326 2604 3658 2669 purgandas,
3690 2606 3802 2657 sin-

2226 2674 2365 2739 gulis
2393 2672 2580 2727 diebus
2618 2672 2928 2736 dominicis,
2960 2681 3015 2733 et
3037 2672 3241 2726 sabbati
3271 2672 3338 2725 ab
3360 2672 3508 2725 onmi
3536 2674 3805 2741 supplicio

2227 2742 2424 2796 liberas
2449 2757 2588 2796 esse.
2639 2742 3027 2797 Cbamillardus
3072 2757 3200 2800 sane
3229 2757 3414 2796 errare
3444 2752 3657 2809 poetam
3693 2746 3800 2805 ait,

2228 2813 2341 2875 sive
2368 2812 2436 2881 de
2463 2814 2748 2878 damnatis,
2777 2812 2890 2866 sive
2916 2813 2981 2867 de
3004 2813 3289 2878 purgandis
3312 2813 3505 2865 animis
3526 2813 3797 2882 loqmtur,

2229 2883 2473 2950 quamvis
2504 2884 2741 2937 nonnulli
2769 2899 2832 2936 ex
2862 2882 2958 2937 SS.
2992 2883 3235 2937 Patribus
3262 2884 3602 2947 censuerint,
3638 2886 3801 2937 levari

2231 2952 2520 3020 aliquando
2547 2967 2733 3021 pmnas
2758 2953 3129 3005 damnatarum
3148 2993 3161 3010 .
3196 2966 3331 3019 quos
3359 2953 3495 3005 inter
3532 2954 3589 3006 S.
3618 2958 3801 3022 Augu—

2229 3022 2402 3076 stinus
2434 3022 2727 3077 Encbiridii
2755 3023 2928 3091 capite
2960 3023 3082 3076 112.
3116 3022 3373 3090 Georgius
3405 3024 3603 3076 Remus
3639 3026 3800 3077 etiam

2230 3095 2449 3155 statuit,
2489 3095 2746 3160 poeIiCam
2777 3094 2913 3147 banc
2937 3107 3056 3146 esse
3088 3093 3355 3147 ﬁctionem
3375 3134 3389 3156 ,
3432 3108 3607 3159 neque
3638 3095 3815 3149 verbo.

2232 3160 2323 3216 Dei
2353 3162 2469 3216 niti.
2500 3162 2760 3231 Georgius
2784 3161 3059 3217 Fabricius
3090 3164 3138 3216 id
3164 3163 3289 3215 alibi
3321 3179 3426 3216 non
3454 3162 3557 3230 legi
3586 3178 3804 3218 asseve-

553 3233 700 3304 taque
730 3235 985 3286 cinnama.
1032 3234 1135 3289 Sed
1182 3250 1301 3288 rara
1346 3238 1659 3304 epitltetbon
1698 3248 1779 3290 est
1807 3233 2122 3304 congruens
2154 3239 2199 3303 C
2235 3233 2815 3304 rat,g_et_llispani0um
2868 3233 2973 3285 Vidn
2995 3235 3037 3286 ri
3080 3241 3458 3304 commentum.
3508 3234 3654 3300 Lege
3683 3249 3800 3301 cap.

550 3303 832 3356 cinnamo:
867 3305 1140 3369 Martialis,
1163 3305 1255 3359 lib.
1290 3321 1361 3369 tv,
1386 3303 1534 3375 epig.
1570 3308 1633 3361 15
1658 3325 1669 3358 :
1696 3305 1824 3359 Tam
1853 3303 1976 3360 bene
2002 3323 2124 3360 rara

551 3388 645 3423 suo
673 3375 941 3426 miscentur
967 3376 1205 3428 cinnama
1235 3376 1417 3430 nardo.

629 3443 749 3495 119.
780 3443 833 3496 ln
865 3445 1048 3497 eadem
1094 3445 1287 3498 scbeda
1339 3446 1540 3499 Bartbii
1572 3456 1806 3510 notatur,
1836 3447 2035 3513 spirare
2060 3446 2126 3499 ad

555 3509 774 3585 odorem
801 3528 905 3585 non
932 3515 1198 3585 vulgarem
1246 3516 1535 3585 pertinere,
1567 3525 1622 3569 et
1648 3509 1829 3569 folium
1860 3509 2012 3585 spicw
2034 3532 2127 3569 ex-

559 3581 801 3653 ponitur.
831 3582 1075 3653 Bartbius
1120 3581 1366 3653 intelligit
1411 3584 1557 3646 folia,
1606 3601 1725 3653 qua:
1768 3581 1915 3637 varia
1965 3587 2128 3639 variis

557 3652 837 3723 unguentis
866 3651 1050 3723 indita,
1080 3651 1655 3723 gustum'preliumque
1679 3656 1976 3719 variabant,
2007 3671 2123 3708 cum

558 3720 823 3794 hodieque
863 3721 1166 3789 Gallorum,
1227 3720 1614 3794 Belgarumqiie
1662 3725 1944 3778 idiotismis
1998 3726 2123 3778 fulta

557 3790 666 3843 sint
694 3790 1073 3865 floresnucum
1116 3790 1543 3865 myristicarumf
1574 3794 1819 3849 Juvenal.
1851 3796 2026 3865 Saty'ra
2063 3797 2126 3858 6,

558 3862 762 3936 masc/tis
810 3860 991 3936 foliata
1028 3860 1289 3936 parantur.
1319 3863 1662 3936 sclioliastes,
1704 3860 1962 3936 unguenta
1990 3865 2129 3933 foliis

559 3930 825 3998 plena,vel
850 3933 965 3985 aliis
995 3930 1325 3992 aromatibus.
1346 3935 1666 3988 Claudianus
1690 3930 1793 3989 lib:
1810 3951 1826 3989 ι
1856 3936 1905 3988 in
1939 3930 2131 3991 Eutro-

559 4001 724 4069 pium,
745 4000 817 4055 Te
842 4002 977 4071 foliis
1004 4004 1161 4056 ditent
1189 4004 1390 4069 arabes,
1424 4013 1471 4056 te
1499 4005 1682 4059 vellere
1714 4022 1866 4059 seres.
1898 4006 2092 4060 Lactan
2109 4037 2129 4047 -

560 4070 684 4135 tius,
711 4074 823 4125 sive
843 4070 967 4141 'quis
997 4074 1133 4127 alius
1162 4076 1213 4128 in
1239 4074 1515 4137 Phoenice,
1546 4076 1793 4129 Cinname
1813 4077 2016 4139 dehinc,
2038 4093 2130 4130 au.-

558 4156 768 4209 ramque
796 4142 949 4225 simul
971 4144 1702 4225 spirantis‘amomiCongerit,
1740 4155 1788 4199 et
1831 4149 1991 4200 mixto
2011 4147 2127 4225 bal-

558 4227 699 4267 sama
749 4228 864 4265 cum
917 4214 1061 4280 folio.
1119 4214 1444 4268 Medicorum
1502 4216 1778 4269 innumera
1832 4227 1957 4270 sunt
2010 4218 2128 4272 loca

562 4280 827 4355 Giselinus
878 4286 1059 4355 folium
1098 4285 1319 4355 intelligi
1367 4299 1523 4355 posse
1570 4286 1645 4338 ait
1684 4287 1766 4339 vel
1814 4285 1881 4341 de
1931 4287 2130 4341 bdellio

560 4352 781 4426 arbore,
814 4357 892 4406 vel
923 4354 990 4407 de
1041 4352 1413 4421 malobathro,
1456 4356 1651 4409 indicis
1680 4356 1960 4426 paludibus
2012 4358 2129 4419 sine

562 4419 742 4474 radice
771 4424 1066 4477 innatante.

634 4491 754 4567 120Ϊ
786 4491 933 4567 Rat.,
958 4494 1327 4567 Fabr._Alex.,
1359 4493 1513 4567 Urb.,
1548 4493 1660 4567 Gis.
1696 4496 1746 4549 in
1776 4504 1919 4551 textu
1941 4496 2132 4567 prmia:-

564 4559 703 4635 bens.
743 4559 963 4635 ItaVat.
1001 4564 1064 4631 ρ.
1115 4559 1327 4629 Cameri,
1379 4566 1746 4635 pra’lambens,
1797 4577 1851 4621 et
1881 4559 2075 4621 in'Vat.

564 4566 703 4614 Dens.
743 4566 812 4615 Ita
842 4566 963 4616 Vat.
1001 4566 1064 4631 ρ.
1115 4566 1327 4629 Cameri,
1379 4566 1746 4635 pra’lambens,
1797 4577 1851 4621 et
1881 4568 1931 4621 in
1956 4566 2075 4621 Vat.
2111 4566 2127 4620 1

562 4629 758 4702 glossa,
790 4632 853 4685 de
876 4632 1045 4688 littore
1064 4636 1343 4700 attraltens,
1374 4635 1512 4702 quod
1541 4636 1775 4690 imitatus
1803 4636 2013 4690 videtur
2039 4636 2128 4690 ΑΙ-
2156 4609 2208 4669 D

559 4701 731 4777 cintus
751 4701 941 4777 Avitus
972 4704 1065 4777 lib.
1093 4706 1317 4777 tl’oem,
1338 4701 1404 4758 de
1431 4705 1643 4775 Gange:
1668 4704 1840 4759 Motus
1872 4708 2128 4777 odorifero

561 4772 761 4846 quoties
774 4773 1057 4846 quivertice
1077 4776 1247 4846 crevit,
1269 4772 1571 4846 Deciduas;
1594 4779 1804 4846 pulchro
1829 4794 1956 4845 quas
1978 4772 2128 4846 sparo

563 4849 687 4913 gunt
726 4842 938 4913 [lumina
962 4845 1109 4909 luco,
1142 4844 1485 4898 l’rtrlambens
1535 4842 1739 4909 furatur
1765 4842 1907 4913 opes.
1940 4842 2128 4901 Horat.

564 4909 655 4986 lib.
673 4912 836 4986 txoda
851 4912 913 4964 21
939 4930 950 4964 :
978 4915 1054 4986 vel
1069 4931 1182 4982 quw
1203 4914 1312 4986 loca
1334 4916 1595 4981 fabulosus
1614 4909 1809 4968 Lambit
1834 4916 2128 4986 Hydaspes.

637 4979 758 5032 122.
785 4981 946 5057 Pnt.,_
976 4979 1150 5051 Alei,
1196 4994 1249 5057 et
1296 4979 1543 5050 lienem,
1575 4986 1761 5057 pariles
1805 4979 1910 5054 prd
1945 4979 2121 5055 parili.

564 5048 800 5127 “tuam,
824 5065 877 5127 et
910 5048 1285 5127 EgmLpariles
1329 5048 1979 5127 suavisonantibusfquod
2014 5058 2125 5127 pla-

564 5121 720 5173 cebat
760 5121 995 5177 Heinsio.
1041 5123 1130 5178 Sic
1156 5126 1462 5189 Lucretius,
1509 5121 1871 5193 suaviloquus;
1906 5121 2128 5180 suavilo-

564 5206 743 5265 quens,
775 5194 1033 5265 suavidica
1057 5195 1236 5257 verba,
1267 5204 1320 5249 et
1348 5196 1686 5258 Prudentius,
1716 5198 2124 5265 ﬂavicomantes,

564 5261 911 5385 girlliformis,
951 5266 1273 5321 multinodis.
1309 5265 1441 5320 Vide
1475 5261 1725 5321 indicem'
1757 5261 2127 5322 Lucretianum

614 5347 781 5385 tann.

614 5347 781 5386 "an".

640 5402 761 5455 124.
795 5400 1004 5475 Calcare
1020 5407 1168 5472 ﬂores
1193 5404 1456 5460 felicitatis
1476 5421 1647 5475 genus
1675 5406 1967 5472 praesertim
1992 5406 2129 5473 apud

567 5482 774 5546 poetas.
805 5472 1054 5529 Martialis
1081 5490 1193 5540 vnt,
1223 5478 1288 5529 77
1306 5496 1317 5527 :
1336 5472 1554 5529 Liber'm
1581 5486 1769 5529 (eterna
1791 5481 1948 5530 vivere
1979 5478 2132 5546 digne

569 5556 705 5611 rosa.
738 5542 951 5598 Persius
981 5546 1226 5599 similiter
1252 5565 1262 5597 :
1299 5548 1556 5611 Quidquid
1586 5546 1851 5601 calcaverit
1879 5548 1976 5610 hic,
2011 5542 2129 5601 rosa

567 5609 679 5687 ﬁet,
706 5612 1247 5687 l’erutranslationem
1277 5609 1561 5687 avlapiillis,
1604 5618 1657 5670 in
1688 5634 1874 5672 urnam
1919 5620 2126 5683 missis,

573 5680 765 5757 quibus
794 5682 908 5757 dies
930 5684 1114 5757 felices
1141 5684 1264 5757 olim
1291 5680 1629 5757 notabantur,
1662 5689 1913 5743 candidus
1936 5680 2128 5757 accipi;

570 5754 657 5803 tur
685 5765 781 5818 pro
802 5752 965 5823 felici.
989 5755 1076 5821 Sic
1094 5753 1223 5824 pede
1247 5756 1488 5809 candido.

2231 3301 2319 3357 cit.
2354 3301 2653 3356 Videndum
2701 3319 2766 3357 an
2798 3303 3166 3369 hujuscemodi
3218 3304 3358 3370 feria:
3400 3304 3490 3355 sub
3540 3304 3705 3372 Styge
3732 3306 3801 3357 ita

2230 3372 2480 3440 explicari
2513 3375 2736 3440 possint,
2764 3383 2819 3426 ut
2840 3373 3010 3428 solum
3040 3373 3279 3427 levamen
3311 3375 3581 3427 senserint
3611 3375 3803 3427 animm

2231 3443 2536 3509 purgatorio
2566 3445 2670 3511 igni
2695 3444 2946 3505 addictze,
2970 3458 3073 3495 non
3099 3445 3217 3495 alia:
3237 3453 3494 3497 :eternutn
3514 3443 3804 3497 danntatm.

2229 3513 2368 3564 Olim
2398 3514 2541 3566 enim
2568 3516 2854 3567 inferorum
2887 3513 3100 3566 nomine
3124 3515 3297 3566 locum
3322 3514 3482 3565 etiam
3513 3514 3657 3579 ignis
3681 3529 3804 3582 pur-

2228 3583 2421 3650 gatorii
2452 3583 2998 3651 comprehendebant,
3031 3582 3120 3635 ubi
3148 3583 3421 3636 da-tnones
3450 3598 3670 3651 quoque
3698 3594 3803 3637 tor-

2231 3662 2407 3721 menta
2439 3653 2490 3706 in
2520 3656 2725 3708 animas
2775 3652 3072 3721 purgandas
3115 3653 3466 3706 exercebant.
3509 3652 3714 3706 Confer
3743 3654 3800 3707 S.

2228 3719 2519 3775 Ctesarium
2544 3719 2909 3779 Arelatensem
2935 3740 3055 3777 mox
3080 3723 3401 3776 laudandum
3424 3722 3489 3775 ad
3515 3738 3659 3778 vers.
3680 3724 3802 3777 129.

2304 3793 2426 3847 126.
2460 3793 2636 3865 Stygis
2664 3809 2787 3848 vera
2815 3794 2964 3861 origo
2998 3810 3024 3845 a
3070 3796 3288 3865 στυγέω,
3330 3793 3437 3865 odi.
3486 3792 3624 3847 llinc
3658 3795 3803 3859 Virg.

2229 3862 2321 3916 lib.
2340 3878 2411 3929 Vl,
2443 3864 2669 3927 tristique
2692 3865 2837 3932 palus
2860 3864 3143 3917 inamabilis
3162 3862 3300 3917 unda
3323 3864 3535 3933 Alligat,
3555 3876 3604 3918 et
3632 3866 3804 3916 novies

2233 3934 2366 4002 Styx
2394 3936 2641 4005 interfusa
2668 3945 2885 3988 coercet.
2927 3936 3223 3989 INAIIABILIS
3241 3974 3258 4000 ,
3286 3936 3406 4004 quia
3435 3935 3561 3988 odio
3588 3946 3672 3988 est
3694 3950 3809 3987 om-

2231 4007 2408 4059 nibus.

2302 4075 2424 4128 129.
2455 4074 2573 4129 Vat.
2603 4076 2641 4128 Β
2668 4075 2853 4129 dividit
2883 4074 3004 4129 Non
3018 4076 3091 4128 sic
3105 4084 3175 4127 ut.
3207 4074 3486 4130 Lucretius
3512 4087 3640 4126 usus
3668 4090 3807 4143 quo-

2231 4159 2333 4218 que
2358 4154 2446 4218 est
2480 4161 2611 4218 voce
2639 4147 2900 4218 fulgidus,
2928 4161 3103 4218 quam
3133 4145 3380 4218 noiinulli
3409 4144 3474 4218 ad
3503 4160 3679 4218 unum
3699 4160 3803 4218 ca-

2230 4213 2406 4268 dentis
2429 4213 2735 4270 Latinitatis
2754 4216 3018 4285 rejiciunt.
3051 4217 3237 4271 Cicero
3258 4216 3329 4268 ait
3359 4214 3579 4284 fulgens.
3603 4214 3659 4267 ὃ.
3687 4216 3804 4267 ϐεε-

2232 4286 2403 4337 sarius
2454 4285 2784 4341 Arelatensis
2814 4284 3038 4339 'videtur
3087 4285 3323 4337 imitatus
3364 4288 3503 4337 buttc
3545 4284 3719 4337 locum
3752 4285 3803 4335 in

2233 4354 2447 4407 bomilia
2478 4348 2510 4411 5
2530 4356 2598 4410 de
2626 4357 2883 4410 Pascbate
2909 4372 2921 4408 :
2955 4355 3087 4407 Drus
3110 4356 3201 4408 iste
3226 4355 3445 4419 amplius
3489 4371 3552 4407 ea:
3571 4358 3806 4419 sepulcro

2232 4426 2473 4488 radiavit,
2496 4444 2645 4491 quam
2677 4427 2739 4479 de
2766 4428 2873 4479 sole
2888 4426 3153 4495 refulsit...
3183 4425 3457 4493 Confestim
3476 4426 3645 4495 igitur
3662 4438 3806 4495 aver-

2234 4511 2297 4564 na
2326 4512 2427 4547 ηοω
2458 4497 2736 4564 inferorum
2759 4494 2958 4549 Christo
2990 4495 3321 4548 descendente
3345 4494 3682 4563 resplenduit.
3712 4494 3803 4551 Si:

2236 4562 2330 4637 luit
2355 4562 2544 4618 stridor
2562 4568 2839 4637 lugenrium
2860 4566 2967 4637 ille,
2988 4566 3155 4637 soluta
3177 4576 3294 4619 sunt
3316 4562 3469 4637 onera
3492 4577 3801 4637 catenarum,

2234 4636 2446 4703 dirupta
2468 4633 2755 4690 ceciderunt
2782 4635 2981 4688 vinCuIa
3005 4636 3384 4701 damnatorum.
3410 4633 3652 4686 Attonita-
3672 4649 3804 4683 men-

2233 4706 2298 4758 tis
2328 4708 2628 4777 obstupuere
2654 4718 2887 4759 tortores.
2917 4709 3093 4758 Umms
3116 4708 3269 4758 simul
3287 4704 3804 4777 impiaoﬂicinacon-

2233 4773 2603 4841 treatttit,'cum
2632 4777 2886 4831 Christum
2913 4786 3116 4843 repente
3144 4776 3197 4829 in
3228 4776 3332 4827 suis
3358 4773 3561 4826 sedibus
3593 4773 3732 4824 vidit.

2306 4847 2427 4900 150.
2456 4846 2569 4901 Non
2601 4848 2833 4900 occurrit
2866 4847 3166 4914 exemplum
3200 4846 3396 4905 simile,
3417 4845 3643 4914 imbuere
3665 4852 3804 4914 teneo

2234 4914 2348 5037 ζᾜω
2382 4933 2475 4998 pro
2513 4918 2786 4982 discutere,
2827 4909 3042 4986 fugare,
3096 4918 3364 4984 expellere.
3403 4909 3605 4981 Melior,
3628 4912 3801 4981 glossa

2234 5001 2247 5037 ι
2296 4996 2507 5037 umtnat.

2229 4988 2507 5040 illuminat.

2305 5055 2422 5110 135.
2460 5057 2677 5111 Videtur
2710 5056 2791 5109 lso
2818 5055 3103 5125 agnovisse
3130 5054 3283 5125 banc,
3301 5055 3458 5108 aliam
3492 5052 3819 5125 lectionem,‘

2232 5125 2522 5195 functorum
2546 5142 2640 5195 pro
2668 5121 2979 5180 umbrarum.
3002 5124 3237 5195 Timan,
3269 5124 3413 5189 Rot.,
3446 5125 3574 5185 Alt.,
3598 5121 3801 5195 Notus"

2234 5188 2404 5269 ξίῲἼ
2435 5188 2845 5269 (Νότου-ειη..
2879 5195 3098 5257 Bober.,
3140 5188 3294 5259 eam.
3345 5195 3615 5269 in_te_xtu,
3664 5188 3799 5269 εει..

2237 5265 2463 5336 ﬂailsbr.
2509 5282 2537 5318 a
2590 5268 2758 5336 prima
2814 5281 3009 5336 manu,
3049 5268 3375 5336 functorum.
3409 5264 3629 5336 1110118,Δ
3661 5259 3802 5319 οἱς..

2234 5334 2453 5401 Weitz.,
2478 5330 2621 5400 Ral.)
2656 5336 2775 5389 Vat.
2810 5336 2869 5399 Β,
2900 5330 3212 5388 umbrarum.
3251 5336 3305 5387 ln
3338 5333 3453 5388 Vat.
3499 5334 3565 5397 Δ,
3604 5330 3804 5396 functo-

2231 5422 2367 5468 rum,
2406 5422 2563 5474 supra
2595 5406 2903 5460 cbaractere
2934 5405 3205 5458 minutiori
3237 5404 3549 5474 umbrarum.
3583 5401 3802 5474 Putean.

2235 5492 2443 5545 quoque
2466 5470 2519 5529 et
2551 5478 2701 5547 Egm.
2720 5476 2779 5547 in
2806 5476 3043 5547 margine
3069 5476 3385 5547 umbrarum,
3411 5472 3553 5547 quod
3583 5470 3805 5547 pracfero

2235 5540 2373 5599 cum'
2389 5540 2781 5611 vetustissimis,
2843 5554 2896 5599 et
2922 5540 3042 5614 quia
3073 5540 3800 5615 functorumivideturglossa,

2239 5625 2329 5686 aut
2349 5630 2413 5670 ex
2444 5607 2781 5670 correctione
2812 5607 2974 5681 inepii
2996 5607 3344 5683 exscriptoris
3366 5607 3677 5686 Prudentius
3700 5607 3804 5686 hoc

2238 5684 2356 5739 loco
2396 5686 2560 5740 libere
2596 5688 2759 5739 utitur
2795 5676 2971 5756 verbis
3000 5676 3276 5755 poetarum
3304 5682 3603 5756 gentilium,
3631 5689 3685 5748 ut
3707 5676 3823 5745 alii,

2242 5764 2452 5812 veteres
2483 5764 2657 5825 poeta:
2685 5754 2989 5813 Christiani.
