3998 6182
545 315 642 373 851

789 431 1036 487 Tinctum
1063 429 1265 500 pacillei
1299 424 1603 485 chrismatis
1629 413 1895 497 unguine:

721 520 823 577 Per
864 501 1135 577 Christum
1174 519 1433 589 genitum,
1480 533 1689 573 summe
1733 505 1913 591 Pater,
1944 529 2116 585 tuum,

793 614 854 668 In
882 628 987 682 quo
1018 612 1241 665 visibilis
1267 621 1372 663 stat
1402 610 1494 663 tibi
1522 610 1724 678 gloria:

789 705 890 769 Qui
915 712 1095 757 noster
1119 701 1387 764 dominus,
1420 700 1509 769 qui
1540 709 1661 753 tuus
1690 700 1876 754 unicus

794 795 972 863 Spirat
997 793 1065 847 de
1097 792 1273 862 patrio
1303 791 1467 845 corde
1490 791 1805 844 Paraclitum
1833 810 1845 843 :

726 882 829 946 Per
858 898 1015 953 quem
1046 881 1323 951 splendor,
1349 881 1543 945 honos,
1576 880 1710 943 laus,
1735 882 2016 950 sapientia,

798 975 1067 1043 Majestas,
1104 974 1335 1038 bonitas,
1364 982 1418 1025 et
1449 974 1618 1040 pietas
1649 981 1735 1027 tua

798 1064 1038 1133 Regnum
1065 1062 1340 1116 continuat
1374 1062 1588 1114 nomine
1618 1060 1830 1127 triplici,

797 1156 1007 1211 Tcsens
1038 1155 1311 1226 perpetuis
1336 1154 1526 1227 sanla
1551 1154 1780 1207 εωειιιιε.

751 1292 916 1363 298
956 1288 1045 1344 Vl.
1088 1286 1367 1343 llYMNUS
1405 1287 1586 1342 ANTE
1627 1288 1936 1351 SUMNUM.

730 1425 897 1492 Ades,
932 1424 1089 1479 Pater
1110 1437 1385 1491 supreme,

800 1518 969 1583 Quem
999 1530 1157 1569 nemo
1188 1514 1324 1568 vidit
1352 1529 1611 1582 unquam,

816 1605 1092 1673 Patrisque
1123 1620 1301 1659 sermo
1323 1605 1558 1670 Christe,

806 1696 870 1749 Et
902 1694 1131 1763 Spiritus
1158 1693 1409 1765 benigne.

559 1789 595 1843 .5
738 1788 781 1840 υ
810 1786 1085 1839 Trinitatis
1109 1786 1267 1855 hujus

808 1876 899 1931 Vis
926 1892 1051 1945 una,
1085 1877 1263 1933 lumen
1293 1894 1481 1945 unum,

551 796 653 851 160

1646 310 1923 367 AURELII
1963 308 2327 379 PRUDENTJ
2365 306 2692 389 CARMINA.
3647 302 3726 358 831

2137 435 2190 493 Α

2457 425 2686 493 Deuses
2713 421 2823 495 Deo
2850 421 3124 490 perennis,

2467 517 2608 571 Deus
2630 530 2694 569 ex
2727 522 2950 582 utroque
2978 513 3196 567 missus.

2397 608 2575 664 Fluxit
2602 608 2752 662 labor
2772 604 2873 660 diei
2892 649 2906 670 ,

2231 704 2295 757 10
2477 682 2636 753 lit-dit
2665 708 2716 751 et
2746 698 2944 765 quietis
2977 698 3107 751 hora
3137 714 3150 749 :

2474 791 2635 861 299
2667 789 2895 842 Blandus
2922 804 3085 856 sopor
3114 787 3343 841 vicissim

2478 882 2671 939 Fessos
2700 880 2906 949 relaxat
2935 886 3106 931 artus.

2405 972 2554 1027 Mens
2586 979 2818 1041 gestimus
2847 968 3120 1037 procellis,

2474 1059 2735 1127 Curisque
2765 1058 3025 1122 sauciata,
3078 1042 3081 1045 ’

2236 1156 2302 1208 ts
2444 1167 2452 1173 -
2478 1134 2629 1207 Totis
2652 1152 2784 1205 sum
2810 1151 3083 1223 medullis.

2478 1245 2742 1300 Obliviale
2770 1244 3005 1310 poclum.

2411 1336 2591 1403 Serpit
2620 1348 2715 1401 per
2742 1350 2902 1388 omne
2927 1349 3135 1401 corpus

2500 1423 2715 1479 Lethaea
2744 1426 2848 1488 vis,
2875 1440 2972 1479 nec
2998 1424 3161 1477 ullum

2486 1513 2701 1569 Miseris
2728 1512 2930 1566 doloris
2953 1511 3082 1579 aegri

2237 1609 2309 1674 go
2488 1604 2694 1657 Patitur
2724 1616 2945 1655 manere
2973 1617 3215 1664 sensum,

2422 1698 2530 1754 Lex
2562 1696 2677 1750 haec
2698 1694 2821 1749 data
2856 1703 2941 1749 est
2967 1695 3208 1758 caducis,

2495 1791 2603 1846 Deo
2625 1790 2870 1860 jubente,
2903 1787 3177 1846 membris,

2492 1880 2561 1939 Ut
2592 1888 2855 1950 te’tttperet
2882 1878 3119 1932 laborem

1858 1971 2147 2027 GLOSSA‘J
2187 1972 2528 2027 VETERES.

632 2064 754 2135 158.
788 2063 969 2118 Gloria
1000 2072 1111 2133 tua,
1144 2066 1282 2134 facta
1309 2065 1575 2118 invisibilis
1603 2081 1694 2134 per
1724 2064 1870 2118 illum
1902 2066 2041 2135 facta
2065 2074 2138 2120 est

559 2134 788 2199 visibilis,
828 2134 942 2187 Vat.
976 2137 1042 2188 Α.

634 2203 683 2258 1.
715 2204 876 2274 ades,
900 2219 992 2274 pro
1022 2203 1220 2269 adesto,
1252 2205 1291 2259 1.

630 2275 683 2327 9.
718 2272 911 2338 Fluxit,
946 2274 1135 2341 deﬁcit,
1165 2275 1204 2328 Ι.

634 2345 721 2397 10.
752 2343 976 2408 Quietis,
1000 2345 1221 2411 saporis,
1256 2344 1359 2399 lso.

638 2413 724 2467 11.
755 2412 1024 2477 Vicissim,
1048 2414 1178 2467 inter
1204 2415 1339 2473 diem
1361 2422 1406 2467 et
1428 2424 1649 2479 noctem,
1675 2414 1713 2467 1.

638 2484 725 2538 12.
756 2480 997 2551 Relaxat,
1030 2484 1084 2537 in
1111 2486 1476 2553 tranquillitate
1507 2485 1717 2550 obtinet,
1750 2486 1855 2542 lso.

2320 2066 2408 2120 1⁸5.
2437 2064 2711 2128 Procellis,
2741 2064 2792 2116 in
2824 2062 3055 2114 laborum
3080 2058 3340 2130 procellis,
3370 2057 3469 2114 lso.

2320 2136 2406 2190 H.
2442 2136 2710 2189 Sauciata.
2746 2142 2879 2192 tuta,
2911 2131 2950 2186 l.

2322 2206 2407 2260 t5.
2443 2205 2601 2267 cum,
2633 2202 2892 2273 diligit,l.

2323 2277 2409 2330 16.
2440 2274 2699 2329 ()bliviale
2728 2268 2959 2338 p0t'lum,
2985 2270 3171 2324 laboris
3196 2268 3479 2331 senialis,l.

2322 2347 2413 2401 l8:
2444 2346 2678 2408 Lethma,
2708 2342 2981 2405 oblicialis,
3009 2342 3178 2395 letltcs
3204 2338 3385 2393 Greece
3407 2356 3566 2410 sopor,
3587 2340 3675 2393 lso.
3694 2339 3781 2415 Se;

2296 2432 2373 2477 or,
2402 2417 2524 2471 Vat.
2558 2417 2623 2471 A.

2258 2433 2373 2483 por,
2409 2433 2524 2471 vat.
2558 2433 2623 2471 Α.

2327 2488 2414 2540 19.
2449 2487 2678 2553 Doloris,
2712 2482 2901 2538 laboris
2925 2482 3053 2547 dies,
3084 2480 3188 2535 lso.

1916 2573 2484 2631 COMMENTARIUS.

567 2662 768 2730 hymno
805 2662 892 2721 l2.
922 2677 1044 2717 vers
1073 2663 1166 2726 3'5,
1211 2660 1474 2717 Frondem
1522 2679 1811 2729 perennem,
1859 2665 2147 2718 chrismatis

567 2732 804 2799 feracem.
824 2732 934 2786 Nisi
962 2734 1140 2798 malis,
1164 2750 1365 2802 unguen
1387 2735 1593 2800 paciﬁci
1617 2735 1904 2788 chrismatis
1927 2735 2147 2790 innuere

570 2802 917 2873 sacratiorem
959 2802 1187 2872 aliquem
1240 2805 1418 2866 ritum,
1455 2819 1560 2866 quo
1592 2806 1768 2858 lumen
1820 2804 2026 2858 sabbati
2058 2820 2148 2873 pa-

568 2871 764 2925 schalis
787 2871 965 2927 offerri
990 2871 1347 2928 consueverit.
1371 2876 1427 2928 S.
1460 2873 1714 2927 Paulinus
1742 2873 1911 2928 Natali
1934 2878 1966 2929 8
1987 2871 2146 2929 etiam

569 2956 698 3012 usus
727 2951 809 2996 est
840 2942 939 2997 hoc
971 2943 1183 2997 nomine
1213 2960 1418 3012 unguen
1446 2943 1496 2998 in
1519 2944 1869 2998 describenda
1906 2946 2119 2999 lucerna

573 3008 886 3083 Consumpto
918 3013 1142 3066 bibulum
1167 2986 1418 3079 delegerat
1448 3016 1671 3083 unguine
1697 3014 1882 3068 lumen.
2128 2986 2142 3011 ’
2181 2989 2225 3051 C

645 3082 767 3137 157.
802 3082 1015 3155 Genitus
1044 3098 1237 3155 nomen
1260 3082 1649 3155 substanti’vum
1678 3100 1773 3155 pro
1801 3086 1912 3154 ﬁlio
1940 3100 1969 3140 a
1999 3084 2153 3141 Chri-

573 3152 976 3224 stianispoetis
1007 3154 1202 3224 passim
1233 3164 1538 3223 usurpatur.
1572 3152 1893 3210 Fortunatus
1918 3158 2010 3219 lib,
2040 3174 2054 3209 ι
2086 3158 2155 3212 de

574 3222 736 3296 Partu
765 3222 1017 3296 Virginis,
1040 3223 1245 3281 Curavit
1274 3222 1495 3295 genitus,
1532 3225 1689 3296 Virgo
1718 3226 1909 3288 Maria,
1944 3238 2077 3280 tuus.

649 3295 771 3349 158.
822 3294 1025 3350 Plinius
1065 3296 1231 3350 utitur
1262 3294 1473 3351 visibilis
1522 3294 1839 3364 pro'visivo.
1882 3296 2153 3353 Ciceronis

577 3363 784 3436 phrasis
810 3374 909 3436 est,
937 3382 1018 3420 res
1042 3380 1166 3436 quin;
1190 3367 1279 3419 sub
1309 3363 1565 3436 aspectum
1591 3369 1799 3420 cadunt.

659 3434 776 3489 l60.
819 3434 1095 3490 Processio
1144 3434 1376 3501 Spiritus
1402 3436 1573 3491 sancti
1610 3451 1675 3490 ex
1727 3437 1880 3491 Putre
1916 3436 2157 3503 Filioque

579 3501 681 3575 hoc
706 3503 823 3557 loco
844 3508 1122 3575 astruitur,
1146 3519 1210 3559 ac
1232 3508 1488 3573 repetitur
1511 3506 1660 3575 initio
1682 3507 1862 3575 hymni
1885 3520 2001 3575 seq.
2026 3501 2157 3561 Vide

579 3572 766 3627 Petav.
798 3582 927 3626 tom.
960 3572 1003 3643 Il,
1033 3573 1127 3628 lib.
1159 3589 1248 3635 vn,
1277 3572 1395 3642 cap.
1427 3578 1478 3630 8.
1515 3574 1676 3629 Filius
1703 3572 1897 3643 spirare
1927 3572 2159 3630 Paracli-

583 3650 700 3696 tum
730 3652 875 3714 recte
891 3642 1130 3714 dicitur:
1163 3658 1288 3697 nam
1317 3654 1370 3699 et
1406 3645 1616 3711 spiritus
1662 3642 1919 3712 appellari
1962 3656 2157 3714 potest,

582 3722 640 3767 ut
666 3713 861 3791 probat
889 3712 1040 3791 llugo
1071 3712 1286 3791 Grotius
1314 3714 1380 3768 ad
1409 3729 1527 3784 cap.
1556 3714 1785 3791 tt_Marci
1806 3731 1944 3791 εει-ε.
1963 3712 2032 3772 νδ.

658 3783 779 3837 165.
823 3783 1004 3854 Prag.,
1033 3784 1311 3846 contineat,
1344 3799 1441 3854 pro
1477 3783 1760 3838 continuat.
1806 3785 1951 3853 Rat.,
1999 3788 2161 3847 conti-

582 3864 719 3919 neat,
752 3853 845 3908 sed
874 3868 1033 3923 supra
1064 3853 1352 3914 continuat.
1382 3854 1578 3911 Widm.
1603 3866 1656 3910 et
1680 3856 1860 3922 Gold.,
1885 3859 2160 3911 contineat.

578 3923 733 3994 altat”
761 3924 1084 3979 Theoditll'us
1120 3925 1171 3979 in
1225 3926 1317 3979 lib.
1359 3925 1426 3979 de
1463 3925 1657 3994 Spiritu
1696 3938 1900 3992 sancto,
1941 3929 2159 3993 nomine,

585 3993 673 4047 alii
706 3997 929 4049 numine.
963 3996 1140 4061 Alex.,
1172 3997 1313 4050 Vatt.
1349 4000 1414 4061 A,
1447 3993 1514 4058 υ.
1542 3996 1603 4061 Ρ,
1640 3996 1703 4062 Q,
1742 3998 1966 4049 numine.
1995 3997 2111 4051 Vat.
2145 4000 2164 4051 l

585 4078 706 4118 cum
741 4066 888 4128 L'rb.,
935 4067 1152 4119 nomine.
1192 4066 1345 4121 Brev.
1392 4066 1525 4121 llloz.
1560 4066 1630 4119 ita
1672 4066 1755 4120 hic
1782 4076 1835 4121 et
1883 4068 2037 4130 alibi;
2070 4068 2165 4122 sed

585 4137 724 4189 male
754 4143 807 4187 tu
832 4145 886 4191 et
909 4138 1135 4190 contines
1165 4152 1261 4203 pro
1303 4146 1390 4189 tua
1426 4145 1481 4191 et
1522 4137 1801 4190 continuet.
1850 4136 2166 4192 llincmarus

589 4214 867 4276 utramque
912 4206 1195 4260 lectionem
1247 4207 1481 4275 agnovit.
1520 4206 1655 4276 Vide
1704 4206 1895 4276 Psych.
1937 4222 2059 4262 vers
2108 4208 2163 4275 2.

589 4274 759 4397 :lldus
782 4274 902 4330 huic
931 4276 1130 4346 hymno
1152 4274 1300 4332 addit
1323 4277 1505 4330 Amen.
1535 4274 1707 4346 Finis,
1736 4274 1879 4347 quod
1905 4292 2166 4347 nusquam

644 4361 739 4397 tas.

588 4358 739 4401 altas.

664 4418 792 4470 Ante
822 4432 1074 4471 somnum.
1123 4417 1203 4471 Ex
1234 4417 1369 4472 libro
1396 4415 1779 4473 ConStitution.
1823 4426 1997 4486 apost.
2029 4418 2166 4472 dixi.

591 4502 709 4539 mus
729 4488 793 4540 ad
828 4488 1038 4542 titulum
1070 4488 1249 4558 hymni
1286 4490 1333 4550 1,
1369 4488 1704 4554 precationes
1729 4503 1846 4543 esse
1894 4489 2164 4543 iaciendas

590 4572 711 4627 cum
750 4559 868 4611 aliis
911 4558 1076 4620 horis,
1112 4570 1221 4611 tum
1268 4573 1487 4627 vespere,
1535 4559 1674 4626 quod
1717 4569 1929 4612 noctem
1957 4559 2168 4612 dederit

592 4626 849 4681 Dominus
878 4629 942 4681 ad
976 4626 1418 4696 requiescendum
1449 4643 1477 4681 a
1506 4628 1778 4683 laboribus
1796 4630 2023 4683 diurnis.
2056 4629 2168 4684 Huc

595 4699 823 4768 pertinet
864 4698 949 4768 hic
994 4700 1241 4768 hymnus,
1276 4708 1331 4752 ut
1358 4712 1423 4753 ex
1453 4713 1608 4751 versu
1650 4700 1682 4753 9
1716 4709 1770 4753 et
1815 4714 1966 4768 seqq.
2002 4710 2164 4766 patet,

594 4764 774 4820 Fluxit
820 4766 960 4820 labor
1004 4764 1124 4828 diei,
1178 4768 1327 4821 Redit
1369 4778 1415 4821 et
1455 4769 1637 4837 quietis
1674 4770 1817 4822 liora.
1858 4764 2168 4834 Cio-inpleto-

595 4836 731 4905 riunt
757 4837 927 4890 locum
952 4838 1251 4905 lmjusmodi
1281 4836 1599 4902 precationis
1624 4853 1763 4892 nunc
1783 4848 1944 4892 tenet.
1964 4841 2169 4893 Cilnltlt‘

597 4903 686 4976 hic
721 4906 946 4975 hymnus
972 4903 1335 4961 a‘Theodulfo
1379 4909 1430 4960 in
1472 4909 1563 4961 lib.
1599 4909 1665 4962 de
1709 4908 1908 4974 Spiritu
1957 4921 2167 4976 sancto,

599 4974 687 5027 ubi
718 4974 908 5044 probat
931 4976 1161 5043 Spiritus
1183 4979 1350 5030 sancti
1384 4977 1777 5044 processionem
1802 4992 1866 5030 ex
1896 4978 1997 5030 hoc
2028 4974 2171 5032 aliis-

595 5061 698 5113 que
736 5046 870 5100 locis
901 5045 1195 5111 Prudentii,
1225 5046 1383 5100 simul
1406 5061 1523 5098 cum
1551 5047 1759 5101 (ueteris
1794 5048 1889 5100 SS.
1928 5047 2172 5104 Patribus

598 5115 816 5170 laudati.
842 5116 1058 5185 Septem
1087 5119 1321 5183 stropha:
1352 5116 1551 5168 ultimze
1584 5115 1738 5184 hujus
1770 5116 1949 5186 hymni
1982 5117 2171 5186 legun-

598 5197 683 5239 tur
716 5189 766 5241 in
802 5188 1077 5241 Breviario
1116 5186 1455 5250 Mozarabico
1501 5186 1639 5239 inter
1684 5186 1912 5255 hymnos
1940 5186 2075 5247 alios
2111 5191 2174 5242 de

597 5256 878 5327 Completa.
918 5260 974 5313 S.
1007 5258 1297 5321 Gregorius
1327 5255 1652 5310 Turonensis
1697 5257 1789 5311 ltb.
1834 5272 1849 5309 t
1892 5257 1957 5311 de
1991 5256 2172 5314 Gloria

600 5338 917 5399 martyrum,
944 5343 1061 5399 cap.
1088 5327 1207 5393 l62,
1240 5343 1303 5381 ex
1332 5327 1430 5380 hoc
1454 5328 1652 5392 hymno
1675 5327 1960 5399 nonnullus
1989 5327 2173 5382 decer-

599 5400 674 5466 pit
702 5414 903 5451 verstts.
928 5398 1086 5452 Juxta
1116 5399 1468 5457 Prudentium.
1489 5413 1614 5449 crux
1632 5398 1770 5467 pellit
1794 5414 1940 5449 omne
1959 5399 2170 5461 crimen,

601 5480 709 5525 etc.
776 5469 940 5535 llujus
982 5469 1162 5540 hymni
1192 5471 1403 5522 titulum
1433 5469 1621 5540 aliCnbt
1653 5483 1771 5522 esse
1818 5466 1892 5520 De
1918 5470 2082 5534 quiete
2127 5476 2174 5520 et

603 5554 801 5601 somno,
821 5540 988 5592 divino
1018 5538 1242 5606 munere,
1270 5539 1447 5592 notavi
1481 5538 1706 5605 proleg.,
1728 5555 1874 5591 nttm.
1908 5540 2029 5592 105.

673 5609 722 5660 5.
768 5610 1036 5663 Adversus
1088 5624 1401 5663 novatornm
1439 5608 1691 5662 ell'teuetn
1744 5609 2040 5671 libidinem,
2082 5607 2171 5675 qui

608 5677 949 5747 prodVerbum
971 5681 1020 5732 in
1054 5677 1341 5746 Evangelia
1370 5680 1549 5747 legunt
1568 5693 1868 5743 sermonem,
1896 5679 2017 5745 quia
2044 5694 2175 5729 nou-

606 5743 743 5805 ttulli
767 5749 864 5804 SS.
896 5748 1073 5805 Patres
1095 5750 1166 5804 ita
1193 5743 1353 5805 locuti
1378 5743 1525 5807 sunt.
1555 5756 1611 5803 ut
1649 5748 1750 5803 hoc
1786 5743 2173 5804 loco—Pruden-

2258 2665 2383 2730 tius,
2439 2663 2696 2719 Videndus
2746 2671 2830 2718 est
2881 2662 3114 2717 Joannes
3164 2662 3514 2725 Maldonatus,
3559 2660 3703 2729 gravis
3734 2659 3771 2715 ia

2259 2737 2446 2805 primis
2475 2734 2774 2803 theologus,
2804 2735 2957 2802 cujus
2982 2734 3155 2805 aliqua
3181 2736 3346 2805 rerba
3377 2734 3634 2805 inprolcg.
3660 2747 3769 2805 nutu.

2257 2799 2380 2859 140.
2416 2806 2594 2859 retuli.
2613 2799 2843 2858 Atlducit
2865 2799 3040 2857 autem
3072 2803 3405 2857 Maltlonatus
3429 2799 3558 2857 inter
3578 2799 3773 2855 alioSSS.

2257 2876 2445 2929 Patres
2475 2875 2615 2929 hunc
2645 2875 2814 2942 ipsum
2848 2874 3120 2927 Prudentii
3154 2874 3355 2927 locum.

2330 2946 2383 3001 6.
2426 2947 2478 2998 In
2527 2939 2764 3013 margine
2799 2944 2915 2997 Vat.
2950 2945 2993 2997 A
3022 2944 3266 2997 additum
3300 2951 3417 2999 erat
3447 2943 3599 3002 aliter,
3624 2939 3773 3013 Vina:

2256 3025 2478 3086 potestas
2526 3008 2969 3090 una.'_lta__etiam
3014 3013 3065 3090 in
3125 3014 3273 3090 Pttt.,
3303 3015 3473 3090 _Alett.
3524 3028 3548 3066 a
3593 3008 3773 3090 εεςυιιᾴξ

2259 3078 2440 3153 manu,
2473 3096 2527 3142 et
2549 3090 2600 3141 in
2629 3086 2844 3140 schedis
2874 3085 3195 3142 Graeviauis.
3220 3085 3514 3140 Salmasius
3540 3097 3715 3153 quoque
3738 3078 3773 3132 id

2258 3151 2489 3221 volebat,
2512 3158 2789 3225 quilocum
2815 3156 3034 3210 Ausonii
3053 3155 3359 3219 addiderat,
3390 3155 3615 3225 Majestas
3645 3151 3773 3207 artius,

2258 3229 2397 3280 modi
2426 3229 2635 3281 Sociale
2660 3239 2834 3281 sancto
2860 3227 3067 3295 spiritu,
3092 3237 3147 3279 ut
3170 3228 3219 3279 in
3255 3241 3558 3285 potestssa
3576 3225 3777 3295 corripia-

2262 3306 2367 3361 tur,
2394 3299 2528 3352 sicut
2560 3300 2611 3351 itt
2645 3293 2903 3363 uissus
2937 3314 2968 3348 a
2991 3307 3321 3361 postremum
3360 3296 3427 3347 ab
3463 3293 3671 3348 Ausonio
3691 3306 3776 3363 core

2260 3370 2479 3437 ripitur.
2512 3367 2703 3422 Verum
2735 3366 2865 3437 nihil
2893 3367 3000 3433 agit
3028 3365 3329 3437 Salmasius
3356 3382 3369 3417 :
3396 3361 3783 3437 Ausoniusenim,

2262 3432 2409 3507 sacpe
2440 3439 2555 3492 loco
2583 3437 2819 3507 secundo
2848 3432 3062 3507 iambici
3088 3436 3307 3507 dimetri
3333 3432 3778 3507 spondteuntintrtt:

2262 3498 2362 3561 dit'.
2406 3509 2472 3562 Et
2499 3508 2550 3561 in
2585 3509 2683 3560 hoc
2708 3506 2897 3562 eodem
2941 3505 3168 3571 iambico
3196 3498 3569 3577 preiueridis
3597 3502 3686 3555 ait:
3712 3498 3778 3551 ltei

2263 3578 2447 3633 divina:
2465 3578 2611 3633 conia
2636 3586 2731 3632 est.

2334 3596 2447 3630 mue
2465 3596 2523 3631 co
2560 3596 2611 3630 ta
2636 3596 2731 3632 est.

2334 3647 2388 3703 6.
2419 3646 2476 3702 ltt
2508 3596 2625 3701 ἔπι.
2656 3648 2805 3704 abest
2822 3655 2889 3708 et,
2920 3644 3242 3715 sedvidetur
3262 3646 3495 3715 spatium
3516 3638 3777 3715 abrasionis.

2264 3718 2399 3784 Alt.,
2428 3718 2601 3773 rediit.
2638 3717 2795 3772 Fabr.
2824 3727 2878 3771 et
2908 3714 3049 3780 Gis.,
3080 3717 3209 3769 redit
3236 3708 3442 3786 quietis,
3475 3715 3581 3786 sine
3601 3721 3658 3771 et,
3677 3708 3780 3777 quod

2267 3788 2468 3843 habent
2517 3786 2709 3854 reliqui
2746 3802 2956 3848 omnes,
2994 3785 3409 3854 exceptisVatt.
3459 3785 3651 3839 duobus
3686 3790 3783 3847 quos

2266 3860 2447 3913 laudat
2475 3858 2710 3913 Teolius.
2738 3856 2888 3921 Quod
2913 3866 3086 3926 autem
3113 3858 3432 3924 particulam
3462 3867 3506 3907 et
3535 3861 3783 3926 nunput'a-

2269 3938 2356 3983 tur
2389 3929 2544 3999 hujus
2567 3918 2824 3983 carminis
2862 3925 3090 3995 indoles,
3114 3918 3271 3981 idem
3299 3925 3606 3999 ial’lirmayit.
3637 3918 3722 3999 Sed
3746 3923 3783 3975 nt

2268 4000 2371 4053 hoc
2398 3996 2605 4069 hymno
2647 4000 2842 4067 passim
2890 4006 3196 4063 anapwstus
3230 3998 3403 4066 prima
3451 3996 3570 4050 sede
3601 3996 3784 4062 ponitur,

2268 4068 2409 4139 quod
2436 4068 2651 4122 minime
2678 4075 3150 4139 repugnatmetro.

2343 4139 2430 4193 12.
2460 4138 2711 4207 Virgilius
2739 4130 2839 4191 lib:
2855 4152 2909 4199 ν,
2950 4136 3049 4190 Via:
3082 4140 3273 4208 primos
3300 4137 3505 4208 inopina
3526 4130 3783 4208 quieslaffr

2270 4219 2405 4281 verat
2433 4199 2593 4281 artus“.
2623 4208 2831 4263 Similia
2859 4208 3015 4281 vulgo
3043 4199 3415 4281 apudpoctus.
3446 4199 3620 4281 Cicero
3638 4202 3700 4281 de

2273 4280 2405 4348 vin.,
2430 4280 2633 4343 animus
2658 4294 2832 4343 somno
2857 4275 3136 4332 relaxatus.
3180 4278 3409 4345 Insignis
3440 4286 3518 4330 est
3558 4275 3785 4348 deserit"?

2193 4365 2244 4422 D
2272 4339 2469 4422 somni,
2501 4339 2845 4422 quamipo‘eta
2884 4358 3071 4422 noster
3113 4339 3360 4422 versibus
3398 4348 3507 4422 suis
3541 4339 3786 4422 ουιιιιιξςίτιξτ

2275 4428 2377 4473 tur.
2426 4412 2834 4488 Descriptiones
2878 4418 3061 4472 Somni
3125 4418 3349 4486 ejusque
3401 4419 3582 4471 domus
3624 4412 3786 4475 cullei“

2272 4490 2509 4544 Joannes
2540 4486 2775 4559 Baptista
2804 4486 3097 4559 Gaudutius
3133 4490 3273 4542 ittter
3300 4488 3669 4559 descriptiones
3696 4495 3786 4559 pec.

2273 4562 2422 4614 ticas.
2453 4550 2648 4614 Confer
2674 4560 2830 4613 etiam
2862 4558 3075 4613 Lucret.
3101 4560 3192 4613 lib.
3218 4570 3289 4611 tv‘.
3323 4550 3503 4624 Neque
3524 4550 3786 4606 tnnittetnlus

2271 4640 2353 4686 est
2384 4632 2611 4699 hymnus
2637 4632 2693 4684 S.
2719 4628 3008 4692 Ambrosii,
3035 4629 3166 4681 Deus
3203 4638 3404 4680 creator
3440 4627 3662 4677 (mnium.

2344 4690 2437 4755 l4:
2460 4700 2583 4765 Pro,
2612 4700 2839 4755 sauciata
2867 4690 3079 4753 mallem
3102 4699 3154 4751 in
3182 4700 3359 4768 glossa
3387 4699 3653 4759 vulnerata,
3672 4690 3783 4761 fessa.

2311 4786 2429 4824 llalll
2461 4780 2589 4823 tuta.

2271 4786 2432 4901 quiii:
2461 4786 2716 4903 [sigillum
2745 4840 2943 4904 habent
2972 4838 3137 4899 Aldus
3165 4846 3219 4892 et
3262 4837 3426 4893 Nebr.
3476 4850 3568 4905 pro
3612 4828 3787 4905 potiit“.

2272 4897 2419 4978 quod.
2443 4898 2673 4978 metrum
2715 4897 2897 4980 euigit.
2929 4897 3174 4962 Horatius
3214 4908 3376 4976 epod.
3418 4897 3505 4980 μ’,
3530 4897 3790 4980 P063419

2274 4968 2433 5033 ιἹιωοδ
2461 4991 2513 5032 ut
2545 4982 2588 5032 si
2608 4968 2849 5033 'ducenti’a
2882 4996 3106 5033 somnos.
3136 4968 3420 5043 Suniptum
3539 4991 3598 5026 ex
3627 4968 3789 5023 fabulis.

2273 5051 2376 5105 Sed
2399 5050 2541 5105 licuit
2566 5050 2907 5119 sanctissimo
2930 5064 3101 5116 poeta:
3124 5048 3489 5119 metaphoram
3512 5044 3791 5119 continuare,

2274 5131 2347 5186 et,
2382 5121 2632 5189 quoniam
2661 5122 2781 5173 bibit
2805 5106 2960 5181 dixit,
2985 5106 3417 5189 adderepoclunt
3448 5130 3540 5181 pto
3568 5126 3733 5177 somno.
3753 5106 3791 5169 ltl

2275 5188 2449 5260 glossa
2474 5192 2701 5244 lottasse
2730 5190 3009 5260 legendum
3044 5188 3231 5260 laboris
3254 5189 3590 5260 senatu/itm
3626 5250 3635 5258 .

2349 5238 2449 5315 1‘91"
2472 5238 3387 5323 isitiigtls't.;"asi;;r¢’tantum.
3432 5238 3674 5323 intelligit.
3714 5238 3793 5297 Sed

2276 5344 2371 5384 our
2400 5346 2506 5382 non
2540 5346 2724 5384 verum
2756 5330 2994 5383 dolorem
3028 5344 3147 5381 esse
3178 5328 3441 5391 dicamus,
3486 5324 3795 5396 cujustIﬁl'lS

2278 5383 2451 5453 nullus
2480 5383 2649 5459 estin
2681 5399 3013 5454 dormiente?
3055 5398 3145 5455 Sic
3185 5396 3341 5464 paulo
3386 5383 3501 5463 νόει
3541 5383 3795 5464 multum?!“

2279 5470 2535 5539 voluptas,
2556 5458 2688 5538 quia
2716 5485 2937 5523 somnus
2967 5468 3127 5522 etiam
3167 5458 3450 5539 sanitatem
3476 5458 3712 5518 interdum
3738 5458 3796 5503 iti-

2280 5541 2444 5595 ducit.
2480 5542 2535 5595 ln
2570 5542 2759 5605 llails.,
2783 5540 2932 5608 trgris
2957 5554 3052 5602 pro
3080 5538 3223 5605 wgri.

2471 5585 3057 5687 factum.suis.
3081 5585 3233 5664 "vidit
3272 5606 3386 5662 ο..
3424 5605 3648 5667 sum,
3686 5585 3794 5663 «tuos!

2280 5683 2414 5738 ratio
2445 5682 2695 5737 carminis
2724 5694 2829 5736 non
2862 5682 3077 5750 patitur.
