3998 6182
270 233 384 308 r33

518 352 846 411 Medicabilis
875 350 1138 421 voluptas.

265 454 345 508 25
447 449 606 519 300
629 445 757 509 Sed,
783 445 909 498 dum
943 450 1182 512 pererrat
1210 458 1398 499 omnes

516 538 678 604 Quies
708 535 878 590 amica
904 550 1092 598 venas,

517 628 816 694 Pectusque
854 623 1101 678 feriatum

516 718 695 771 Placat
724 716 932 783 rigante
961 726 1173 779 somno,

449 808 606 864 Liber
635 813 790 876 vagat
819 819 915 872 per
942 813 1105 858 auras

264 903 342 958 30
516 895 723 967 Rapido
754 895 933 964 vigore
953 906 1169 959 sensus,

274 994 283 999 ’
518 989 810 1057 Variasque
834 1001 930 1055 per
960 984 1182 1055 ﬁguras,

514 1080 644 1147 Quae
666 1084 790 1131 sunt
816 1080 1025 1143 operta,
1057 1077 1248 1129 cernit.

441 1173 576 1240 Quia
610 1185 762 1225 mens
786 1168 958 1223 soluta
990 1168 1160 1232 curis,

520 1262 614 1316 Cui
639 1269 722 1315 est
754 1259 908 1328 origo
935 1258 1157 1323 etelum,

262 1355 338 1411 55
518 1353 796 1420 Purusque
820 1350 938 1403 fons
967 1348 1033 1402 ab
1060 1349 1253 1413 aethra,

520 1444 663 1498 Iners
688 1444 868 1511 jacere
908 1440 1096 1494 nescit.

446 1537 649 1591 Imitata
678 1534 1032 1587 multiformes

457 1634 466 1642 '
521 1627 705 1680 Facies
731 1624 833 1678 sibi
864 1623 978 1692 ipsa
1012 1624 1181 1693 lingit,

515 1717 616 1772 Per
643 1730 776 1785 quas
799 1724 1023 1784 repente
1056 1728 1284 1769 currens

264 1809 338 1867 ιο
516 1807 684 1862 Tenui
716 1806 921 1861 fruatur
945 1813 1086 1860 actu.

446 1899 603 1969 301
629 1897 734 1953 Sed
763 1910 920 1951 sensa
945 1896 1302 1949 somniantum

1288 233 1819 295 CATIIESIERINON
1863 235 1947 290 Vl.
1990 234 2172 291 ANTE
2210 226 2508 291 SOHNUM)

1874 353 1923 412 A

1875 1716 1922 1775 Β

3415 229 3525 286 851

2200 350 2387 418 Dispar
2416 349 2601 419 fatigat
2630 349 2846 407 horror.

2196 441 2348 496 Nunc
2370 442 2624 511 splendor
2654 442 2961 510 intererrat,

2196 531 2296 599 Qui
2320 533 2412 587 dat
2439 533 2612 587 futura
2642 549 2821 589 nosse.

1949 619 2020 675 45
2128 622 2451 691 Plerumque
2478 623 2753 692 dissipatis

2197 715 2424 769 Mendax
2455 714 2634 785 imago
2662 719 2806 771 veris

2195 806 2419 860 Animos
2451 821 2646 875 pavore
2666 816 2890 863 IIICBSIOS

2191 892 2428 969 Ambage
2454 899 2590 953 fallit
2610 908 2749 954 atra.

2127 988 2296 1055 Quem
2327 1004 2445 1044 rara
2474 992 2630 1060 culpa
2661 1006 2871 1047 morum

1951 1076 2019 1129 53
2197 1078 2313 1133 Non
2347 1082 2538 1149 polluit
2568 1082 2897 1152 frequenter,

2198 1169 2349 1223 Hunc
2379 1172 2466 1224 lux
2498 1186 2688 1227 serena
2718 1173 2937 1228 vibrans

2197 1261 2358 1331 302
2390 1263 2495 1317 Res
2515 1264 2706 1318 edocet
2729 1263 2979 1319 latentes.

2130 1352 2221 1415 At,
2249 1354 2336 1419 qui
2374 1355 2776 1422 coinquinatum

2199 1443 2355 1497 Vitiis
2384 1460 2477 1500 cor
2510 1446 2775 1516 impiavit,

1950 1531 2021 1588 55
2199 1533 2369 1587 Lusus
2399 1550 2594 1604 pavore
2620 1537 2788 1590 multo

2200 1625 2418 1695 Species
2450 1628 2594 1682 videt
2620 1626 2942 1683 tremendas.

2128 1713 2243 1768 Iloc
2274 1716 2573 1781 patriarcha
2601 1724 2784 1769 noster

2197 1805 2308 1859 Sub
2328 1808 2560 1861 carceris
2582 1816 2772 1861 catena

2204 1896 2443 1953 Geminis
2470 1899 2627 1953 simul
2658 1898 2916 1954 ministris

1554 1984 1842 2040 ϐιοδδιε
1883 1985 2223 2042 VETERES.

332 2080 431 2135 i7.
464 2079 757 2143 Feriatum,
791 2067 1031 2139 otiosum,
1055 2077 1295 2145 quietum,
1331 2074 1374 2131 1.

334 2152 431 2205 55.
454 2149 668 2213 Etbra,
697 2147 958 2218 splendor,
994 2147 1113 2203 Vat.
1138 2148 1205 2200 A.

336 2222 430 2275 36.
459 2221 622 2283 Iners,
657 2218 766 2271 sine
794 2228 925 2275 arte.

333 2292 429 2346 59.
461 2291 563 2344 Per
590 2301 740 2358 quas,
776 2288 947 2354 facies,
979 2286 1021 2340 I.

336 2363 429 2415 41.
461 2355 647 2423 Sensit,
684 2358 1006 2422 neutraliter,
1048 2373 1252 2411 sensum
1296 2372 1508 2420 meum;
1551 2357 1603 2410 in
1650 2355 1844 2426 plurali

264 2446 480 2486 numero
508 2430 630 2552 [urit
655 2428 708 2480 hi
734 2443 944 2491 sensus,
995 2436 1041 2482 et
1084 2428 1188 2483 ha'c
1233 2444 1379 2483 sensa
1428 2438 1605 2483 neutro
1643 2442 1842 2499 genam,

267 2504 307 2552 1.
337 2501 504 2552 Plura
531 2540 544 2552 .
574 2514 664 2552 pro
692 2514 841 2552 sensu
864 2516 882 2552 :
924 2499 1042 2551 hinc
1072 2499 1274 2552 Tullius
1305 2516 1324 2552 :
1354 2496 1487 2552 Caro
1529 2500 1651 2552 laesa
1703 2498 1842 2550 laedit

267 2504 307 2556 I.
337 2496 553 2579 l’lural.
574 2514 664 2568 pro
692 2514 882 2563 sensu;
924 2499 1042 2551 hinc
1072 2499 1279 2579 Tullius
1305 2516 1324 2552 :
1354 2496 1487 2552 Caro
1529 2496 1658 2579 laesa
1703 2498 1845 2579 ltedt't

268 2588 457 2698 scum;
509 2572 582 2625 sic
626 2585 799 2624 verum
848 2585 940 2638 pro
985 2571 1209 2634 veritate,
1250 2573 1453 2642 justum
1495 2585 1586 2641 pro
1618 2570 1841 2640 justitia,

295 2645 389 2699 ἐι.
422 2647 488 2698 Δ.

2022 2078 2113 2135 42.
2145 2079 2367 2145 Horror,
2398 2083 2582 2144 somni,
2610 2081 2653 2135 I.

2020 2148 2108 2201 45.
2140 2149 2426 2223 Splendor,
2457 2155 2580 2207 visio
2605 2168 2846 2223 superna,
2874 2153 2993 2209 Vat.
3019 2152 3085 2208 Α.
3109 2182 3177 2194 ——
3205 2150 3520 2222 Intererrat,

1950 2218 2239 2285 intermeat,
2272 2220 2310 2273 I.

2022 2289 2110 2342 47.
2145 2290 2366 2352 Pavore,
2396 2291 2459 2344 de
2488 2292 2566 2346 vel
2592 2309 2726 2357 cum,
2754 2292 2793 2346 l.

2024 2358 2116 2430 48.
2151 2363 2408 2429 Ambage,
2440 2363 2881 2430 circumventione,
2912 2362 2951 2417 1.

2024 2428 2116 2501 49.
2142 2428 2341 2498 Quem,
2361 2431 2585 2501 aliquem
2613 2435 2798 2498 virum,
2830 2428 2872 2488 Ι.

2022 2500 2112 2555 51.
2140 2502 2381 2563 Vibrans,
2415 2503 2735 2568 illuminans,
2764 2504 2802 2558 I.

2148 2572 2410 2645 l_mpi_avit,
2438 2573 3019 2645 inquinavittcorrupil,
3050 2575 3152 2634 Iso.

2026 2642 2114 2696 57.
2148 2640 2479 2711 Patriarcha,
2503 2640 2719 2715 Ioseph,
2750 2644 2790 2698 I.

1622 2750 2179 2811 COMMENTARIUS.

339 2850 438 2905 21.
470 2849 592 2903 Vat.
619 2848 682 2911 B,
710 2845 892 2916 Prag.,
922 2846 1149 2911 Widm.,
1181 2846 1361 2909 Gold.,
1402 2846 1685 2909 medicalis,
1715 2860 1845 2899 con-

270 2932 351 2976 tra
386 2919 599 2986 regulas
639 2918 815 2970 metri.
873 2918 964 2971 Est
1006 2928 1184 2972 autem
1240 2932 1458 2970 somnus
1509 2916 1840 2979 medicabilis,

272 2993 401 3061 quia
430 2990 844 3061 ant_sanitatem
870 2986 1404 3061 corporisjrcstituit,
1433 2994 1845 3061 aut_e:tm__cnn-

274 3056 481 3117 servat.
506 3059 681 3114 Utitur
714 3058 813 3110 hoc
841 3058 1003 3111 verbo
1027 3058 1246 3109 Ovidius
1269 3071 1363 3123 pro
1386 3071 1451 3107 eo
1471 3056 1553 3109 cui
1581 3056 1842 3110 medicina

1951 2848 2120 2917 imago
2147 2848 2275 2921 v_e_ri_s
2300 2849 2585 2921 dissipatis,
2610 2848 2823 2918 ambage
2857 2849 3020 2921 fallit,
3060 2860 3113 2905 et
3142 2850 3304 2921 lusus
3346 2870 3527 2921 pavore

1952 2920 2132 2970 multo.
2164 2917 2297 2989 Vide
2327 2934 2470 2973 vers.
2504 2920 2625 2981 118,
2662 2917 2799 2983 Quos
2828 2920 2997 2973 creber
3026 2919 3200 2989 implet
3225 2917 3389 2975 error.
3422 2924 3527 2978 Cur

1952 2997 2130 3058 autem
2159 2988 2328 3057 magis
2351 3004 2491 3041 error
2518 3004 2676 3058 quam
2701 2990 2883 3043 horror
2906 2993 2973 3043 sit
2997 2988 3412 3057 praeferendum,
3438 3008 3525 3046 ra-

1955 3057 2150 3111 tionem
2180 3067 2302 3125 p‘eto
2325 3073 2391 3112 ex
2426 3057 2554 3127 ipsis
2578 3060 2862 3115 insomniis
2890 3060 3256 3114 ministrorum
3291 3061 3529 3115 Pharao-

274 3130 524 3186 adhiberi
558 3136 754 3208 potest,
765 3127 1024 3208 “in-epist.
1050 3125 1303 3181 (Euones
1325 3127 1390 3179 ad
1414 3126 1677 3194 Paridem,
1703 3141 1846 3179 amor
1878 3143 1923 3205 ο
1956 3128 2063 3208 gis,
2094 3128 2395 3208 inrquibus.
2425 3125 2555 3208 nihil
2601 3130 2892 3208 apparebat
2935 3129 3209 3208 horridum
3230 3171 3245 3192 ,
3287 3132 3528 3208 quamvis

274 3219 386 3256 non
418 3209 489 3253 est
511 3198 820 3252 medicabilis
847 3196 1032 3251 herbis.

346 3271 446 3324 25.
481 3270 626 3328 Rat.,
656 3284 769 3321 cum
799 3282 896 3333 pro
928 3267 1070 3319 dum.

347 3342 449 3394 27.
474 3338 812 3392 Chamillardi
845 3338 1093 3391 mendum
1121 3334 1387 3402 feriarum.

344 3411 445 3465 29.
474 3410 610 3464 νεα.
650 3411 706 3461 Β.
740 3407 776 3468 Ι,
811 3408 953 3469 Rat.,
986 3406 1165 3468 Gold.,
1198 3406 1380 3472 Fabr.,
1406 3404 1630 3467 Widm.,
1662 3405 1852 3474 Bong.,

273 3489 449 3545 vacat,
468 3480 605 3533 Vatt.
626 3478 687 3543 A,
701 3478 766 3543 0,
787 3477 844 3540 Ρ,
862 3479 925 3543 ρ,
943 3477 1049 3529 duo
1066 3476 1421 3542 Torrentiani,
1440 3487 1547 3531 tres
1563 3475 1850 3542 Heinsiani,

276 3568 441 3623 vagas
470 3566 557 3623 per
583 3565 755 3603 auras.
782 3547 924 3612 Ald.,
955 3547 1162 3623 IIein_s.,
1193 3546 1588 3623 Weitz.,_Put.,
1619 3546 1853 3623 Thua_n.,

276 3617 468 3690 Prwag”
497 3619 631 3682 Gis.,
664 3627 834 3687 vagat,
857 3617 995 3690 quod
1028 3617 1186 3690 etiam
1219 3626 1394 3690 tuetur
1416 3617 1655 3690 Gil‘an‘ius
1683 3618 1734 3690 in
1764 3618 1854 3690 In-

276 3687 415 3746 dice'
445 3690 690 3749 Lucretii,
725 3704 841 3757 pag.
873 3688 1000 3750 425,
1040 3696 1095 3742 ct
1122 3688 1357 3742 Latinius
1386 3689 1437 3741 in
1469 3687 1604 3741 Bibl.
1629 3689 1728 3742 sel.
1763 3688 1855 3741 Vi-

276 3762 402 3816 deri
432 3769 601 3829 potest
646 3760 946 3829 Priscianus
987 3757 1083 3829 lib.
1128 3773 1219 3811 vnt
1249 3799 1263 3821 ,
1301 3758 1389 3827 qui
1434 3760 1501 3813 de
1554 3757 1853 3823 huiusmodi

278 3828 494 3894 verbis,
542 3845 659 3899 qua:
712 3828 837 3883 olim
886 3828 1087 3893 antiqui
1140 3830 1488 3899 usurpabant,
1529 3837 1583 3879 ιιι
1631 3842 1850 3899 auguro,

278 3903 460 3969 opino,
493 3898 715 3962 exsecro,
745 3900 852 3966 agit
876 3898 1315 3967 diligentissime;
1338 3907 1392 3951 et
1410 3898 1645 3969 HNonius,
1674 3898 1853 3969 quide

276 3967 451 4027 verbo
475 3986 600 4038 vago
630 3969 845 4022 adducit
868 3969 1131 4032 Plautum,
1162 3970 1383 4038 Attium,
1410 3967 1715 4031 Pacuvium,
1745 3968 1853 4038 Iin-

278 4042 456 4106 nium,
502 4036 816 4107 Turpilium,
866 4038 1249 4106 Pomponium,
1294 4037 1619 4102 Varronem,
1668 4046 1725 4092 et
1768 4036 1853 4090 his

277 4112 443 4176 longe
473 4111 814 4177 posteriorem
838 4107 1121 4163 Serenum.

351 4181 443 4236 55.
480 4180 699 4233 Fontem
731 4180 939 4248 igneum
971 4179 1265 4231 animarum
1313 4178 1481 4231 Deum
1514 4184 1669 4230 vocat
1696 4187 1851 4245 poeta

280 4256 336 4306 in
372 4253 572 4320 hymno
606 4249 987 4320 Exsequiarum
1011 4264 1150 4302 vers.
1186 4250 1238 4303 1.
1272 4248 1415 4320 Rat.,
1446 4249 1505 4320 ab
1528 4248 1733 4320 aethere,
1756 4249 1849 4320 sed

277 4317 558 4376 inductum
589 4330 671 4373 eSt
697 4319 924 4373 medium
957 4334 983 4370 e
1008 4328 1172 4387 recte,
1203 4329 1261 4372 ut
1290 4318 1380 4371 liat
1407 4319 1468 4371 ab
1497 4317 1681 4384 tet/ira,
1706 4318 1848 4387 quod

278 4401 562 4448 corrector
586 4390 788 4443 videtur
815 4390 1067 4441 voluisse.

354 4464 447 4517 57.
482 4460 627 4514 Mens
648 4458 749 4512 sibi
791 4460 1141 4513 multiformes
1192 4458 1356 4511 facies
1401 4456 1603 4524 ﬁngere
1654 4457 1849 4513 dicitur

1956 3197 2052 3263 ipsi
2084 3199 2228 3252 vultu
2261 3197 2526 3253 tristitiam
2557 3199 2975 3261 manifestarent,
3011 3200 3130 3267 quia
3162 3213 3267 3254 non
3297 3197 3521 3268 eratqui

1955 3268 2515 3338 eainterpretaretur.
2572 3269 2770 3323 Eorum
2804 3285 2931 3324 vero
2978 3270 3348 3338 interpretatio
3373 3270 3526 3324 alteri

1956 3337 2168 3404 quidem
2197 3339 2516 3392 famulorum
2546 3339 2824 3393 horrorem
2869 3337 3370 3401 incussit,’alterum
3401 3356 3527 3395 vero

1955 3408 2149 3478 gaudio
2174 3409 2481 3473 complevit.
2517 3410 2696 3478 Itaque
2722 3409 3039 3463 Prudentius
3061 3410 3241 3477 dispar
3262 3410 3528 3464 somnium

1956 3477 2258 3549 diStinguit,
2290 3487 2345 3532 et
2373 3478 2439 3533 de
2463 3477 2635 3547 primo
2668 3493 2934 3549 nunquam
2976 3479 3134 3533 verba
3169 3481 3406 3533 horroris
3431 3481 3527 3533 ad-

1959 3547 2128 3601 hibuit
2161 3566 2173 3600 :
2202 3548 2251 3603 Ν
2262 3566 2356 3603 unc
2382 3549 2625 3617 splendor
2661 3547 2926 3603 intererrat
2963 3550 3061 3615 Qui
3094 3550 3181 3601 dat
3204 3550 3377 3616 futura
3405 3566 3526 3603 nos-

1956 3619 2261 3690 se...Quem
2308 3636 2425 3673 rara
2451 3622 2602 3684 culpa
2634 3637 2829 3673 morum
2862 3618 2984 3673 Non
3008 3620 3191 3685 polluit
3222 3620 3529 3690 frequenter.

1959 3687 2116 3741 Hunc
2146 3683 2237 3742 lux
2263 3707 2441 3743 serena
2466 3683 2669 3743 vibrans
2700 3691 2796 3743 Res
2837 3683 3015 3742 edocet
3053 3683 3276 3743 latentes.
3310 3683 3529 3746 'Contra

1957 3758 2024 3828 de
2050 3760 2216 3813 altero
2245 3775 2260 3815 ;
2294 3762 2498 3812 Animos
2519 3776 2703 3828 pavore
2734 3769 2932 3812 mlestus
2955 3759 3175 3827 Ambage
3191 3760 3325 3827 fallit
3344 3771 3524 3814 atra...

1954 3827 2121 3898 Lusus
2151 3844 2334 3893 pavore
2363 3827 2524 3881 multo
2554 3828 2758 3898 Species
2776 3829 2907 3898 videt
2933 3828 3237 3882 tremendas.

2026 3896 2116 3951 45.
2141 3898 2354 3953 Somnia
2396 3913 2425 3951 a
2469 3898 2577 3950 Deo
2598 3896 2890 3964 aliquando
2935 3898 3144 3951 immitti
3186 3899 3526 3965 perspicuum

1956 3975 2058 4029 est,
2086 3976 2141 4021 et
2169 3969 2392 4036 plurima
2425 3976 2547 4020 sunt
2586 3968 2639 4019 in
2668 3967 2843 4021 Veteri
2867 3965 3131 4036 Novoque
3176 3968 3526 4022 TeStamento

1955 4035 2222 4104 exempla.
2250 4054 2366 4104 qua:
2390 4038 2659 4091 Dnrantus
2689 4035 2905 4104 collegit
2942 4046 3095 4090 tract.
3122 4036 3190 4089 de
3221 4037 3527 4092 Visionibus

1955 4120 2072 4173 cap.
2100 4108 2153 4162 9.
2184 4107 2357 4177 Eque
2378 4116 2555 4177 autem
2584 4116 2786 4160 certum
2806 4117 2917 4177 est,
2961 4106 3244 4177 insomnia,
3276 4122 3393 4175 qua:
3420 4108 3521 4161 ali-

1955 4176 2167 4244 quando
2198 4176 2321 4231 vera
2350 4176 2615 4242 accidunt,
2646 4176 2910 4232 interdum
2933 4176 2998 4229 ad
3026 4191 3205 4230 casum
3236 4178 3524 4244 pertinere.

1954 4250 2159 4310 Quotus
2185 4249 2326 4301 enim
2351 4248 2572 4316 quisque
2593 4246 2673 4300 vir
2697 4247 2911 4316 sapiens
2934 4247 3011 4300 rei
3036 4246 3223 4300 futurae
3246 4249 3525 4302 veritatem

1954 4317 2227 4370 dormiens
2252 4319 2499 4385 agnovit?
2535 4318 2604 4370 At
2637 4331 2823 4373 omnes
2852 4318 3012 4386 vulgo
3045 4319 3334 4370 somniant.
3383 4317 3523 4383 Quid

1954 4396 2131 4440 autem
2156 4389 2367 4452 mirum,
2392 4388 2433 4441 si
2459 4387 2510 4441 in
2541 4396 2687 4441 tanto
2714 4402 2936 4441 numero
2963 4387 3160 4456 aliquid
3186 4402 3370 4441 verum
3396 4402 3526 4441 con~

1955 4458 2156 4527 tingat?
2184 4458 2344 4511 Recte
2370 4457 2556 4510 Cicero
2585 4457 2677 4527 lib.
2703 4473 2738 4512 tt
2769 4457 2834 4511 de
2862 4455 3092 4510 Divinat.
3116 4472 3236 4524 cap.
3260 4455 3327 4510 59
3352 4473 3365 4509 :
3397 4459 3522 4522 Quis

282 4515 374 4587 ob
400 4515 759 4584 diversitatem
794 4529 1200 4582 insomniorum.
1231 4528 1358 4581 Nam
1387 4515 1845 4583 etsiusomniorum
1875 4515 1927 4576 Ι)
1950 4515 2338 4597 est,vquitotum
2360 4528 2491 4579 diem
2510 4526 2878 4597 jaculansnmt
2904 4515 3484 4597 aliqttando'collinee'l?

278 4615 443 4657 causa
481 4615 583 4653 non
629 4600 799 4651 solum
833 4604 903 4650 sit
939 4600 1167 4660 interna,
1199 4598 1289 4651 Sed
1322 4598 1482 4651 etiam
1514 4605 1754 4663 externa,
1790 4608 1848 4654 ut.

278 4687 345 4726 ex
378 4670 477 4725 SS.
513 4669 756 4724 Patribus
783 4668 1011 4734 esplicat
1043 4668 1099 4722 S.
1126 4668 1357 4721 Thomas
1391 4667 1508 4731 2-2,
1533 4679 1721 4734 quaest.
1753 4670 1843 4737 95,

278 4752 333 4795 et
365 4741 599 4794 Thomas
642 4738 875 4791 Ilurtado
923 4748 1048 4789 tom.
1096 4738 1110 4789 I
1142 4738 1324 4791 Tract.
1356 4737 1575 4801 varior.,
1606 4746 1762 4792 tract.
1790 4740 1844 4804 5,

279 4825 405 4878 cap.
437 4810 492 4872 6,
533 4809 749 4862 resolut.
783 4807 873 4871 56,
902 4823 1048 4860 num.
1077 4808 1215 4861 “55
1252 4818 1307 4861 et
1347 4821 1518 4878 seqq”
1553 4817 1726 4861 tamen
1774 4810 1848 4862 fa-

279 4877 396 4934 cies
424 4880 535 4933 sive
562 4880 756 4947 lignras
794 4887 844 4931 et
881 4880 1246 4944 phantasmata
1289 4890 1439 4930 mens
1470 4877 1581 4943 ipsa
1612 4878 1709 4931 sibi
1743 4879 1850 4932 for-

280 4959 396 5003 mat
428 4967 440 5001 :
471 4949 579 5019 agit
605 4947 746 5019 enim
786 4947 942 5019 etiam
975 4956 1100 5019 tunc
1143 4948 1339 5019 anima.
1400 4947 1616 5019 Videtur
1666 4958 1844 5019 autem

282 5028 439 5088 poeta
474 5016 611 5085 loqui
642 5018 709 5072 de
734 5017 978 5071 omnibus
1001 5017 1297 5086 insomniis,
1335 5017 1579 5086 quamvis
1608 5032 1745 5072 vers.
1776 5016 1847 5073 40

280 5090 446 5154 dicat,
472 5088 635 5141 Tenui
667 5101 906 5141 FRUATUR
930 5096 1065 5140 actu.

352 5159 446 5215 41.
481 5159 625 5220 Rat.,
654 5159 1012 5210 somniantium
1037 5172 1064 5210 a
1096 5171 1255 5211 manu
1278 5156 1468 5226 prima.

353 5229 444 5282 42.
470 5227 710 5297 Conjicio
737 5228 1013 5297 legendum
1032 5242 1151 5282 esse
1173 5244 1311 5280 error
1338 5242 1432 5294 pro
1454 5226 1652 5292 horror,
1677 5241 1847 5297 quan-

284 5299 482 5351 tumvis
506 5312 662 5352 nemo
692 5297 790 5350 hac
817 5296 884 5351 de
910 5313 966 5352 re
991 5297 1328 5351 dubitaverit.
1364 5297 1567 5350 Etenim
1597 5296 1707 5349 erro
1726 5313 1850 5363 pro-

283 5372 396 5435 prie
411 5379 497 5423 est
522 5383 696 5436 vagor,
727 5376 785 5419 ut
815 5367 949 5433 apud
984 5367 1253 5427 Virgilium
1283 5366 1467 5435 egloga
1500 5366 1549 5433 I,
1584 5365 1685 5420 Ille
1710 5383 1847 5422 meas

284 5454 453 5491 errare
476 5437 638 5497 boves,
666 5444 720 5491 et
756 5446 938 5490 noster
983 5448 1136 5506 poeta
1180 5452 1339 5491 versu
1386 5439 1647 5504 sequenti.
1694 5436 1849 5493 Nunc

283 5509 526 5574 splendor
555 5508 840 5560 intererrat.
867 5507 929 5561 Et
959 5508 1199 5576 quamvis
1224 5507 1448 5562 ﬁctionis
1483 5506 1721 5559 nonnihil
1754 5523 1848 5562 ex-

285 5577 437 5644 primi
468 5594 559 5642 per
579 5591 818 5631 errorem
857 5577 1011 5641 velis,
1052 5593 1167 5631 eam
1210 5578 1260 5630 in
1293 5578 1500 5630 somnio
1531 5578 1729 5644 poteris
1753 5592 1846 5644 ag-

286 5662 509 5704 noscere
542 5664 555 5701 :
586 5649 663 5704 sic
710 5662 867 5716 supra
914 5648 1081 5716 ﬁngit.
1127 5647 1260 5702 infra
1300 5648 1585 5713 intererrat,
1629 5647 1845 5702 menan

1986 4587 2110 4720 l"5f.
2152 4596 2362 4650 Vibrare
2384 4612 2478 4666 pro
2500 4587 2716 4665 fulgere.
2732 4587 3003 4667 Virgilius,
3028 4596 3286 4664 Catullus,
3305 4597 3517 4667 Cicero,

2007 4682 2169 4720 naue.

1950 4680 2169 4734 alitque.

2020 4738 2108 4791 52.
2145 4737 2258 4790 Vat.
2285 4736 2350 4801 A,
2379 4736 2680 4807 frequenter,
2712 4752 2871 4807 supra
2898 4736 3209 4795 charactere
3240 4738 3516 4795 minutiori

1951 4807 2187 4873 latentes,
2226 4808 2365 4875 quod
2397 4823 2577 4861 verum
2609 4818 2710 4864 est.

2022 4877 2111 4949 .55.
2139 4876 2305 4931 Aldus
2340 4877 2486 4949 male
2525 4877 2800 4949 conjungit
2833 4878 3005 4949 Atqui.
3045 4876 3297 4933 Horatius
3348 4879 3517 4934 utitur

1951 4946 2116 5001 verbo
2145 4948 2435 5015 coinquino.

2021 5018 2111 5070 54.
2144 5017 2418 5083 Sidonius,
2451 5017 2706 5088 Apuleius
2736 5027 2789 5073 et
2828 5019 2915 5072 alii
2948 5018 3027 5071 usi
3058 5017 3308 5088 sunthoc
3335 5017 3519 5071 verbo.

1950 5084 2160 5152 Festus,
2194 5089 2453 5156 impiatus,
2481 5084 2779 5143 sceleratus.
2811 5089 2929 5142 Rat.
2965 5104 3027 5142 ex
3062 5086 3240 5155 glussa
3286 5102 3382 5155 pro
3425 5088 3521 5138 im-

1950 5158 2105 5235 piavit
2130 5158 2303 5224 posuit
2332 5159 2631 5251 inquinavit.

2024 5228 2081 5251 BL
2140 5228 2235 5251 ο...
2292 5237 2338 5251 ,ι
2376 5229 2395 5251 ι
2420 5239 2466 5251 ..ι
2522 5229 2564 5251 n
2622 5246 2631 5251 -

2022 5228 2109 5282 56.
2140 5228 2256 5282 Rat.
2288 5237 2342 5283 et
2376 5228 2490 5284 Vat.
2521 5229 2585 5295 Q,
2622 5229 2768 5293 vidit,
2808 5232 3136 5294 repugnante
3181 5232 3519 5295 metro,_pro

1948 5297 2103 5352 videt.
2136 5299 2209 5351 De
2238 5300 2517 5365 impiorum
2546 5293 2790 5359 somniis,
2821 5293 3076 5365 terrerem
3110 5293 3515 5365 incutientibus,

1950 5370 2199 5423 Salomon
2227 5364 2347 5434 cap.
2374 5383 2498 5419 xvlu
2529 5367 2680 5432 Sap.,
2715 5379 2855 5419 vers.
2888 5366 2976 5428 17,
3005 5364 3150 5417 Tunc
3174 5366 3412 5417 continuo
3440 5364 3518 5415 vi-

1950 5437 2369 5490 sussomniorum
2390 5438 2644 5488 malorum
2682 5434 3006 5486 turbaverunt
3044 5437 3177 5499 illos,
3222 5444 3267 5487 et
3314 5444 3514 5486 timores

1952 5522 2210 5574 superven
2226 5514 2344 5556 runt
2370 5505 2632 5573 insperati.
2684 5505 2746 5557 Et
2774 5503 2872 5556 .Iob
2903 5518 3020 5572 cap.
3056 5521 3148 5568 vn,
3175 5504 3263 5562 14,
3296 5501 3523 5556 Terrebis

1951 5592 2029 5629 me
2055 5592 2144 5644 per
2167 5576 2381 5637 somnia,
2415 5584 2581 5644 etdper
2604 5575 2813 5628 visiones
2836 5574 3045 5627 horrore
3065 5574 3339 5627 concuties.

2022 5642 2110 5701 59.
2137 5644 2293 5700 Gold.
2337 5654 2391 5701 et
2436 5642 2633 5700 Widm.
2674 5659 2835 5715 supra
2864 5646 3141 5716 magistris.
3187 5644 3333 5713 Alit,
3369 5656 3523 5697 incn-
