  <div class='ocr_page' id='page_1' title='image "/cluster/home/n/w/nwhite01/storage/ocr_20150623/59/hvd.32044073505117/425.png"; bbox 0 0 3998 6182; ppageno 0'>
   <div class='ocr_carea' id='block_1_1' title="bbox 566 254 3738 328">
    <p class='ocr_par' dir='ltr' id='par_1_1' title="bbox 566 254 3738 328">
     <span class='ocr_line' id='line_1_1' title="bbox 566 254 3738 328; baseline 0 -3"><span class='ocrx_word' id='word_1_1' title='bbox 566 267 671 326; x_wconf 80' lang='grc'><strong>855</strong></span> <span class='ocrx_word' id='word_1_2' title='bbox 1671 264 1950 328; x_wconf 78' lang='lat' dir='ltr'><strong>AURELll</strong></span> <span class='ocrx_word' id='word_1_3' title='bbox 1988 254 2352 327; x_wconf 64' lang='lat' dir='ltr'><strong>annumin</strong></span> <span class='ocrx_word' id='word_1_4' title='bbox 2391 270 2713 326; x_wconf 68' lang='lat' dir='ltr'><strong>canum.</strong></span> <span class='ocrx_word' id='word_1_5' title='bbox 3662 268 3738 328; x_wconf 71' lang='lat' dir='ltr'><strong>tm</strong></span> 
     </span>
    </p>
   </div>
   <div class='ocr_carea' id='block_1_2' title="bbox 567 380 1434 455">
    <p class='ocr_par' dir='ltr' id='par_1_2' title="bbox 567 380 1434 455">
     <span class='ocr_line' id='line_1_2' title="bbox 567 380 1434 455; baseline -0.013 -8"><span class='ocrx_word' id='word_1_6' title='bbox 567 392 637 447; x_wconf 78' lang='lat'><strong>60</strong></span> <span class='ocrx_word' id='word_1_7' title='bbox 810 387 1079 455; x_wconf 88' lang='lat' dir='ltr'><strong>lnterpres</strong></span> <span class='ocrx_word' id='word_1_8' title='bbox 1097 380 1434 454; x_wconf 75' lang='lat' dir='ltr'><strong>approbavit.</strong></span> 
     </span>
    </p>
   </div>
   <div class='ocr_carea' id='block_1_3' title="bbox 744 479 1420 547">
    <p class='ocr_par' dir='ltr' id='par_1_3' title="bbox 744 479 1420 547">
     <span class='ocr_line' id='line_1_3' title="bbox 744 479 1420 547; baseline -0.013 -11"><span class='ocrx_word' id='word_1_9' title='bbox 744 479 980 547; x_wconf 87' lang='lat' dir='ltr'><strong>Quorum</strong></span> <span class='ocrx_word' id='word_1_10' title='bbox 1006 488 1253 533; x_wconf 83' lang='lat' dir='ltr'><strong>reversus</strong></span> <span class='ocrx_word' id='word_1_11' title='bbox 1282 488 1420 529; x_wconf 86' lang='lat' dir='ltr'><strong>unus</strong></span> 
     </span>
    </p>
   </div>
   <div class='ocr_carea' id='block_1_4' title="bbox 816 570 1482 641">
    <p class='ocr_par' dir='ltr' id='par_1_4' title="bbox 816 570 1482 641">
     <span class='ocr_line' id='line_1_4' title="bbox 816 570 1482 641; baseline -0.014 -13"><span class='ocrx_word' id='word_1_12' title='bbox 816 574 916 629; x_wconf 87' lang='lat' dir='ltr'><strong>Dat</strong></span> <span class='ocrx_word' id='word_1_13' title='bbox 944 570 1189 641; x_wconf 88' lang='lat' dir='ltr'><strong>poculum</strong></span> <span class='ocrx_word' id='word_1_14' title='bbox 1214 575 1441 638; x_wconf 78' lang='lat' dir='ltr'><strong>tyranno</strong></span> <span class='ocrx_word' id='word_1_15' title='bbox 1473 586 1482 617; x_wconf 93' lang='lat'>:</span> 
     </span>
    </p>
   </div>
   <div class='ocr_carea' id='block_1_5' title="bbox 811 661 1407 728">
    <p class='ocr_par' dir='ltr' id='par_1_5' title="bbox 811 661 1407 728">
     <span class='ocr_line' id='line_1_5' title="bbox 811 661 1407 728; baseline -0.012 -10"><span class='ocrx_word' id='word_1_16' title='bbox 811 662 912 719; x_wconf 86' lang='lat' dir='ltr'><strong>Ast</strong></span> <span class='ocrx_word' id='word_1_17' title='bbox 932 661 1159 715; x_wconf 89' lang='lat' dir='ltr'><strong>alterum</strong></span> <span class='ocrx_word' id='word_1_18' title='bbox 1180 671 1407 728; x_wconf 80' lang='lat' dir='ltr'><strong>rapaces</strong></span> 
     </span>
    </p>
   </div>
   <div class='ocr_carea' id='block_1_6' title="bbox 815 750 1527 809">
    <p class='ocr_par' dir='ltr' id='par_1_6' title="bbox 815 750 1527 809">
     <span class='ocr_line' id='line_1_6' title="bbox 815 750 1527 809; baseline -0.008 0"><span class='ocrx_word' id='word_1_19' title='bbox 815 754 1007 809; x_wconf 82' lang='lat' dir='ltr'><strong>Fixum</strong></span> <span class='ocrx_word' id='word_1_20' title='bbox 1036 759 1229 806; x_wconf 89' lang='lat' dir='ltr'><strong>vorant</strong></span> <span class='ocrx_word' id='word_1_21' title='bbox 1255 750 1527 805; x_wconf 79' lang='lat' dir='ltr'><strong>volucres.</strong></span> 
     </span>
    </p>
   </div>
   <div class='ocr_carea' id='block_1_7' title="bbox 572 843 1378 919">
    <p class='ocr_par' dir='ltr' id='par_1_7' title="bbox 572 843 1378 919">
     <span class='ocr_line' id='line_1_7' title="bbox 572 843 1378 919; baseline -0.012 -13"><span class='ocrx_word' id='word_1_22' title='bbox 572 848 649 906; x_wconf 79' lang='lat'><strong>65‘</strong></span> <span class='ocrx_word' id='word_1_23' title='bbox 745 847 923 919; x_wconf 83' lang='lat' dir='ltr'><strong>Ipsum</strong></span> <span class='ocrx_word' id='word_1_24' title='bbox 952 843 1147 900; x_wconf 88' lang='lat' dir='ltr'><strong>deinde</strong></span> <span class='ocrx_word' id='word_1_25' title='bbox 1175 856 1378 912; x_wconf 90' lang='lat' dir='ltr'><strong>regem,</strong></span> 
     </span>
    </p>
   </div>
   <div class='ocr_carea' id='block_1_8' title="bbox 816 932 1481 1006">
    <p class='ocr_par' dir='ltr' id='par_1_8' title="bbox 816 932 1481 1006">
     <span class='ocr_line' id='line_1_8' title="bbox 816 932 1481 1006; baseline -0.015 -13"><span class='ocrx_word' id='word_1_26' title='bbox 816 935 1077 1006; x_wconf 81' lang='lat' dir='ltr'><strong>Perplexa</strong></span> <span class='ocrx_word' id='word_1_27' title='bbox 1101 932 1481 995; x_wconf 80' lang='lat' dir='ltr'><strong>somniantem,</strong></span> 
     </span>
    </p>
   </div>
   <div class='ocr_carea' id='block_1_9' title="bbox 812 1023 1489 1083">
    <p class='ocr_par' dir='ltr' id='par_1_9' title="bbox 812 1023 1489 1083">
     <span class='ocr_line' id='line_1_9' title="bbox 812 1023 1489 1083; baseline -0.009 0"><span class='ocrx_word' id='word_1_28' title='bbox 812 1027 1017 1083; x_wconf 82' lang='lat' dir='ltr'><strong>Monuit</strong></span> <span class='ocrx_word' id='word_1_29' title='bbox 1039 1024 1233 1079; x_wconf 84' lang='lat' dir='ltr'><strong>famem</strong></span> <span class='ocrx_word' id='word_1_30' title='bbox 1257 1023 1489 1078; x_wconf 85' lang='lat' dir='ltr'><strong>futuram</strong></span> 
     </span>
    </p>
   </div>
   <div class='ocr_carea' id='block_1_10' title="bbox 814 1115 1670 1192">
    <p class='ocr_par' dir='ltr' id='par_1_10' title="bbox 814 1115 1670 1192">
     <span class='ocr_line' id='line_1_10' title="bbox 814 1115 1670 1192; baseline -0.011 -14"><span class='ocrx_word' id='word_1_31' title='bbox 814 1120 973 1192; x_wconf 83' lang='lat'><strong>303</strong></span> <span class='ocrx_word' id='word_1_32' title='bbox 993 1117 1199 1173; x_wconf 85' lang='lat' dir='ltr'><strong>Clausis</strong></span> <span class='ocrx_word' id='word_1_33' title='bbox 1226 1130 1418 1170; x_wconf 83' lang='lat' dir='ltr'><strong>cavere</strong></span> <span class='ocrx_word' id='word_1_34' title='bbox 1445 1115 1670 1170; x_wconf 81' lang='lat' dir='ltr'><strong>acervis.</strong></span> 
     </span>
    </p>
   </div>
   <div class='ocr_carea' id='block_1_11' title="bbox 744 1207 1553 1279">
    <p class='ocr_par' dir='ltr' id='par_1_11' title="bbox 744 1207 1553 1279">
     <span class='ocr_line' id='line_1_11' title="bbox 744 1207 1553 1279; baseline -0.007 -13"><span class='ocrx_word' id='word_1_35' title='bbox 744 1211 869 1267; x_wconf 82' lang='lat' dir='ltr'><strong>Mox</strong></span> <span class='ocrx_word' id='word_1_36' title='bbox 898 1208 1115 1279; x_wconf 58' lang='lat' dir='ltr'><strong>praesul,</strong></span> <span class='ocrx_word' id='word_1_37' title='bbox 1143 1220 1205 1261; x_wconf 90' lang='lat' dir='ltr'><strong>ac</strong></span> <span class='ocrx_word' id='word_1_38' title='bbox 1232 1207 1553 1269; x_wconf 72' lang='lat' dir='ltr'><strong>tetrarches,</strong></span> 
     </span>
    </p>
   </div>
   <div class='ocr_carea' id='block_1_12' title="bbox 573 1296 1581 1371">
    <p class='ocr_par' dir='ltr' id='par_1_12' title="bbox 573 1296 1581 1371">
     <span class='ocr_line' id='line_1_12' title="bbox 573 1296 1581 1371; baseline -0.012 -10"><span class='ocrx_word' id='word_1_39' title='bbox 573 1307 643 1363; x_wconf 90' lang='lat'><strong>70</strong></span> <span class='ocrx_word' id='word_1_40' title='bbox 815 1300 1055 1371; x_wconf 83' lang='lat' dir='ltr'><strong>Regnum</strong></span> <span class='ocrx_word' id='word_1_41' title='bbox 1086 1312 1187 1367; x_wconf 90' lang='lat' dir='ltr'><strong>per</strong></span> <span class='ocrx_word' id='word_1_42' title='bbox 1215 1312 1374 1352; x_wconf 89' lang='lat' dir='ltr'><strong>omne</strong></span> <span class='ocrx_word' id='word_1_43' title='bbox 1398 1296 1581 1365; x_wconf 83' lang='lat' dir='ltr'><strong>jussus</strong></span> 
     </span>
    </p>
   </div>
   <div class='ocr_carea' id='block_1_13' title="bbox 815 1393 1494 1461">
    <p class='ocr_par' dir='ltr' id='par_1_13' title="bbox 815 1393 1494 1461">
     <span class='ocr_line' id='line_1_13' title="bbox 815 1393 1494 1461; baseline -0.015 -8"><span class='ocrx_word' id='word_1_44' title='bbox 815 1396 1029 1453; x_wconf 87' lang='lat' dir='ltr'><strong>Sociam</strong></span> <span class='ocrx_word' id='word_1_45' title='bbox 1058 1404 1242 1449; x_wconf 91' lang='lat' dir='ltr'><strong>tenere</strong></span> <span class='ocrx_word' id='word_1_46' title='bbox 1267 1393 1494 1461; x_wconf 88' lang='lat' dir='ltr'><strong>virgam,</strong></span> 
     </span>
    </p>
   </div>
   <div class='ocr_carea' id='block_1_14' title="bbox 810 1482 1434 1541">
    <p class='ocr_par' dir='ltr' id='par_1_14' title="bbox 810 1482 1434 1541">
     <span class='ocr_line' id='line_1_14' title="bbox 810 1482 1434 1541; baseline -0.011 0"><span class='ocrx_word' id='word_1_47' title='bbox 810 1486 1049 1541; x_wconf 70' lang='lat' dir='ltr'><strong>Domina:</strong></span> <span class='ocrx_word' id='word_1_48' title='bbox 1065 1483 1265 1539; x_wconf 78' lang='lat' dir='ltr'><strong>resedit</strong></span> <span class='ocrx_word' id='word_1_49' title='bbox 1278 1482 1434 1536; x_wconf 67' lang='lat' dir='ltr'><strong>aulae.-</strong></span> 
     </span>
    </p>
   </div>
   <div class='ocr_carea' id='block_1_15' title="bbox 742 1572 1457 1649">
    <p class='ocr_par' dir='ltr' id='par_1_15' title="bbox 742 1572 1457 1649">
     <span class='ocr_line' id='line_1_15' title="bbox 742 1572 1457 1649; baseline -0.01 -14"><span class='ocrx_word' id='word_1_50' title='bbox 742 1579 789 1635; x_wconf 87' lang='grc'>0</span> <span class='ocrx_word' id='word_1_51' title='bbox 816 1592 970 1649; x_wconf 90' lang='lat' dir='ltr'><strong>quam</strong></span> <span class='ocrx_word' id='word_1_52' title='bbox 1004 1576 1261 1647; x_wconf 88' lang='lat' dir='ltr'><strong>profunda</strong></span> <span class='ocrx_word' id='word_1_53' title='bbox 1296 1572 1457 1644; x_wconf 89' lang='lat' dir='ltr'><strong>justis</strong></span> 
     </span>
    </p>
   </div>
   <div class='ocr_carea' id='block_1_16' title="bbox 814 1669 1425 1738">
    <p class='ocr_par' dir='ltr' id='par_1_16' title="bbox 814 1669 1425 1738">
     <span class='ocr_line' id='line_1_16' title="bbox 814 1669 1425 1738; baseline -0.01 -14"><span class='ocrx_word' id='word_1_54' title='bbox 814 1669 1020 1724; x_wconf 87' lang='lat' dir='ltr'><strong>Arcana</strong></span> <span class='ocrx_word' id='word_1_55' title='bbox 1050 1682 1146 1738; x_wconf 92' lang='lat' dir='ltr'><strong>per</strong></span> <span class='ocrx_word' id='word_1_56' title='bbox 1174 1680 1425 1735; x_wconf 89' lang='lat' dir='ltr'><strong>soporem</strong></span> 
     </span>
    </p>
   </div>
   <div class='ocr_carea' id='block_1_17' title="bbox 569 1752 1651 1841">
    <p class='ocr_par' dir='ltr' id='par_1_17' title="bbox 569 1752 1651 1841">
     <span class='ocr_line' id='line_1_17' title="bbox 569 1752 1651 1841; baseline -0.009 -27"><span class='ocrx_word' id='word_1_57' title='bbox 569 1760 640 1817; x_wconf 88' lang='lat'><strong>75</strong></span> <span class='ocrx_word' id='word_1_58' title='bbox 814 1758 1007 1827; x_wconf 83' lang='lat' dir='ltr'><strong>Aperit</strong></span> <span class='ocrx_word' id='word_1_59' title='bbox 1036 1756 1231 1811; x_wconf 91' lang='lat' dir='ltr'><strong>tuenda</strong></span> <span class='ocrx_word' id='word_1_60' title='bbox 1260 1753 1509 1808; x_wconf 78' lang='lat' dir='ltr'><strong>Christus</strong></span> <span class='ocrx_word' id='word_1_61' title='bbox 1540 1752 1555 1805; x_wconf 73' lang='grc' dir='ltr'>ί</span> <span class='ocrx_word' id='word_1_62' title='bbox 1648 1840 1651 1841; x_wconf 11' lang='grc' dir='ltr'><em>ν</em></span> 
     </span>
    </p>
   </div>
   <div class='ocr_carea' id='block_1_18' title="bbox 811 1844 1652 1919">
    <p class='ocr_par' dir='ltr' id='par_1_18' title="bbox 811 1844 1652 1919">
     <span class='ocr_line' id='line_1_18' title="bbox 811 1844 1652 1919; baseline -0.008 -13"><span class='ocrx_word' id='word_1_63' title='bbox 811 1851 979 1919; x_wconf 87' lang='lat' dir='ltr'><strong>Quam</strong></span> <span class='ocrx_word' id='word_1_64' title='bbox 1010 1850 1175 1913; x_wconf 91' lang='lat' dir='ltr'><strong>clara,</strong></span> <span class='ocrx_word' id='word_1_65' title='bbox 1207 1861 1363 1918; x_wconf 73' lang='lat' dir='ltr'><strong>quam</strong></span> <span class='ocrx_word' id='word_1_66' title='bbox 1385 1844 1607 1901; x_wconf 81' lang='lat' dir='ltr'><strong>tacenda</strong></span> <span class='ocrx_word' id='word_1_67' title='bbox 1638 1845 1652 1899; x_wconf 77' lang='grc' dir='ltr'><strong>ι</strong></span> 
     </span>
    </p>
   </div>
   <div class='ocr_carea' id='block_1_19' title="bbox 749 1940 1309 2015">
    <p class='ocr_par' dir='ltr' id='par_1_19' title="bbox 749 1940 1309 2015">
     <span class='ocr_line' id='line_1_19' title="bbox 749 1940 1309 2015; baseline -0.005 -17"><span class='ocrx_word' id='word_1_68' title='bbox 749 1943 1088 2015; x_wconf 84' lang='lat' dir='ltr'><strong>Evangelista</strong></span> <span class='ocrx_word' id='word_1_69' title='bbox 1114 1940 1309 1998; x_wconf 88' lang='lat' dir='ltr'><strong>summi</strong></span> 
     </span>
    </p>
   </div>
   <div class='ocr_carea' id='block_1_20' title="bbox 2166 388 2218 445">
    <p class='ocr_par' dir='ltr' id='par_1_20' title="bbox 2166 388 2218 445">
     <span class='ocr_line' id='line_1_20' title="bbox 2166 388 2218 445; baseline 0 0"><span class='ocrx_word' id='word_1_70' title='bbox 2166 388 2218 445; x_wconf 82' lang='lat' dir='ltr'><strong>A</strong></span> 
     </span>
    </p>
   </div>
   <div class='ocr_carea' id='block_1_21' title="bbox 2179 1758 2226 1819">
    <p class='ocr_par' dir='ltr' id='par_1_21' title="bbox 2179 1758 2226 1819">
     <span class='ocr_line' id='line_1_21' title="bbox 2179 1758 2226 1819; baseline 0 0"><span class='ocrx_word' id='word_1_71' title='bbox 2179 1758 2226 1819; x_wconf 90' lang='grc' dir='ltr'><strong>Β</strong></span> 
     </span>
    </p>
   </div>
   <div class='ocr_carea' id='block_1_22' title="bbox 2493 385 3101 455">
    <p class='ocr_par' dir='ltr' id='par_1_22' title="bbox 2493 385 3101 455">
     <span class='ocr_line' id='line_1_22' title="bbox 2493 385 3101 455; baseline 0 -15"><span class='ocrx_word' id='word_1_72' title='bbox 2493 385 2811 440; x_wconf 88' lang='lat' dir='ltr'><strong>Fidissimus</strong></span> <span class='ocrx_word' id='word_1_73' title='bbox 2838 386 3101 455; x_wconf 79' lang='lat' dir='ltr'><strong>magistri,</strong></span> 
     </span>
    </p>
   </div>
   <div class='ocr_carea' id='block_1_23' title="bbox 2490 475 3139 544">
    <p class='ocr_par' dir='ltr' id='par_1_23' title="bbox 2490 475 3139 544">
     <span class='ocr_line' id='line_1_23' title="bbox 2490 475 3139 544; baseline -0.005 -13"><span class='ocrx_word' id='word_1_74' title='bbox 2490 475 2707 544; x_wconf 81' lang='lat' dir='ltr'><strong>Signata</strong></span> <span class='ocrx_word' id='word_1_75' title='bbox 2738 489 2858 544; x_wconf 61' lang='lat' dir='ltr'><strong>quae</strong></span> <span class='ocrx_word' id='word_1_76' title='bbox 2879 475 3139 541; x_wconf 91' lang='lat' dir='ltr'><strong>latebant,</strong></span> 
     </span>
    </p>
   </div>
   <div class='ocr_carea' id='block_1_24' title="bbox 2245 564 3150 621">
    <p class='ocr_par' dir='ltr' id='par_1_24' title="bbox 2245 564 3150 621">
     <span class='ocr_line' id='line_1_24' title="bbox 2245 564 3150 621; baseline -0.002 0"><span class='ocrx_word' id='word_1_77' title='bbox 2245 565 2313 621; x_wconf 88' lang='lat' dir='ltr'><strong>8O</strong></span> <span class='ocrx_word' id='word_1_78' title='bbox 2491 564 2710 620; x_wconf 80' lang='lat' dir='ltr'><strong>Nebulis</strong></span> <span class='ocrx_word' id='word_1_79' title='bbox 2743 565 2886 620; x_wconf 83' lang='lat' dir='ltr'><strong>videt</strong></span> <span class='ocrx_word' id='word_1_80' title='bbox 2908 568 3150 620; x_wconf 87' lang='lat' dir='ltr'><strong>remotis.</strong></span> 
     </span>
    </p>
   </div>
   <div class='ocr_carea' id='block_1_25' title="bbox 2423 655 3119 726">
    <p class='ocr_par' dir='ltr' id='par_1_25' title="bbox 2423 655 3119 726">
     <span class='ocr_line' id='line_1_25' title="bbox 2423 655 3119 726; baseline -0.001 -16"><span class='ocrx_word' id='word_1_81' title='bbox 2423 655 2601 726; x_wconf 83' lang='lat' dir='ltr'><strong>Ipsum</strong></span> <span class='ocrx_word' id='word_1_82' title='bbox 2626 655 2884 711; x_wconf 83' lang='lat' dir='ltr'><strong>Tonantis</strong></span> <span class='ocrx_word' id='word_1_83' title='bbox 2904 672 3119 725; x_wconf 83' lang='lat' dir='ltr'><strong>agnum,-</strong></span> 
     </span>
    </p>
   </div>
   <div class='ocr_carea' id='block_1_26' title="bbox 2495 750 3188 820">
    <p class='ocr_par' dir='ltr' id='par_1_26' title="bbox 2495 750 3188 820">
     <span class='ocr_line' id='line_1_26' title="bbox 2495 750 3188 820; baseline 0.004 -16"><span class='ocrx_word' id='word_1_84' title='bbox 2495 750 2573 805; x_wconf 90' lang='lat' dir='ltr'><strong>De</strong></span> <span class='ocrx_word' id='word_1_85' title='bbox 2602 751 2748 805; x_wconf 73' lang='lat' dir='ltr'><strong>ctede</strong></span> <span class='ocrx_word' id='word_1_86' title='bbox 2784 760 3188 820; x_wconf 85' lang='lat' dir='ltr'><strong>purpurantem,</strong></span> 
     </span>
    </p>
   </div>
   <div class='ocr_carea' id='block_1_27' title="bbox 2485 842 3095 910">
    <p class='ocr_par' dir='ltr' id='par_1_27' title="bbox 2485 842 3095 910">
     <span class='ocr_line' id='line_1_27' title="bbox 2485 842 3095 910; baseline 0.003 -13"><span class='ocrx_word' id='word_1_87' title='bbox 2485 842 2585 910; x_wconf 87' lang='lat' dir='ltr'><strong>Qui</strong></span> <span class='ocrx_word' id='word_1_88' title='bbox 2612 844 2885 898; x_wconf 88' lang='lat' dir='ltr'><strong>conscium</strong></span> <span class='ocrx_word' id='word_1_89' title='bbox 2934 843 3095 899; x_wconf 83' lang='lat' dir='ltr'><strong>futuri</strong></span> 
     </span>
    </p>
   </div>
   <div class='ocr_carea' id='block_1_28' title="bbox 2497 934 3167 1005">
    <p class='ocr_par' dir='ltr' id='par_1_28' title="bbox 2497 934 3167 1005">
     <span class='ocr_line' id='line_1_28' title="bbox 2497 934 3167 1005; baseline 0 -17"><span class='ocrx_word' id='word_1_90' title='bbox 2497 934 2716 989; x_wconf 87' lang='lat' dir='ltr'><strong>Librum</strong></span> <span class='ocrx_word' id='word_1_91' title='bbox 2747 936 2983 1005; x_wconf 82' lang='lat' dir='ltr'><strong>resignat</strong></span> <span class='ocrx_word' id='word_1_92' title='bbox 3011 950 3167 991; x_wconf 88' lang='lat' dir='ltr'><strong>unus.</strong></span> 
     </span>
    </p>
   </div>
   <div class='ocr_carea' id='block_1_29' title="bbox 2250 1025 3328 1097">
    <p class='ocr_par' dir='ltr' id='par_1_29' title="bbox 2250 1025 3328 1097">
     <span class='ocr_line' id='line_1_29' title="bbox 2250 1025 3328 1097; baseline 0.004 -17"><span class='ocrx_word' id='word_1_93' title='bbox 2250 1027 2319 1080; x_wconf 84' lang='lat'><strong>85</strong></span> <span class='ocrx_word' id='word_1_94' title='bbox 2418 1025 2764 1097; x_wconf 57' lang='lat' dir='ltr'><strong>3oallujus</strong></span> <span class='ocrx_word' id='word_1_95' title='bbox 2806 1040 3017 1079; x_wconf 88' lang='lat' dir='ltr'><strong>manum</strong></span> <span class='ocrx_word' id='word_1_96' title='bbox 3063 1035 3328 1095; x_wconf 84' lang='lat' dir='ltr'><strong>potentem</strong></span> 
     </span>
    </p>
   </div>
   <div class='ocr_carea' id='block_1_30' title="bbox 2496 1116 3252 1188">
    <p class='ocr_par' dir='ltr' id='par_1_30' title="bbox 2496 1116 3252 1188">
     <span class='ocr_line' id='line_1_30' title="bbox 2496 1116 3252 1188; baseline 0.003 -18"><span class='ocrx_word' id='word_1_97' title='bbox 2496 1116 2718 1170; x_wconf 88' lang='lat' dir='ltr'><strong>Gladius</strong></span> <span class='ocrx_word' id='word_1_98' title='bbox 2745 1124 3015 1185; x_wconf 88' lang='lat' dir='ltr'><strong>perarmat</strong></span> <span class='ocrx_word' id='word_1_99' title='bbox 3033 1130 3252 1188; x_wconf 77' lang='lat' dir='ltr'><strong>anceps,</strong></span> 
     </span>
    </p>
   </div>
   <div class='ocr_carea' id='block_1_31' title="bbox 2495 1206 3149 1277">
    <p class='ocr_par' dir='ltr' id='par_1_31' title="bbox 2495 1206 3149 1277">
     <span class='ocr_line' id='line_1_31' title="bbox 2495 1206 3149 1277; baseline 0.002 -16"><span class='ocrx_word' id='word_1_100' title='bbox 2495 1206 2565 1261; x_wconf 87' lang='lat' dir='ltr'><strong>Et</strong></span> <span class='ocrx_word' id='word_1_101' title='bbox 2594 1206 2868 1276; x_wconf 78' lang='lat' dir='ltr'><strong>fulgurans</strong></span> <span class='ocrx_word' id='word_1_102' title='bbox 2898 1207 3149 1277; x_wconf 90' lang='lat' dir='ltr'><strong>utrinque</strong></span> 
     </span>
    </p>
   </div>
   <div class='ocr_carea' id='block_1_32' title="bbox 2497 1295 3250 1364">
    <p class='ocr_par' dir='ltr' id='par_1_32' title="bbox 2497 1295 3250 1364">
     <span class='ocr_line' id='line_1_32' title="bbox 2497 1295 3250 1364; baseline 0.008 -16"><span class='ocrx_word' id='word_1_103' title='bbox 2497 1295 2771 1364; x_wconf 85' lang='lat' dir='ltr'><strong>Duplicem</strong></span> <span class='ocrx_word' id='word_1_104' title='bbox 2802 1296 3036 1351; x_wconf 86' lang='lat' dir='ltr'><strong>minatur</strong></span> <span class='ocrx_word' id='word_1_105' title='bbox 3062 1298 3250 1354; x_wconf 89' lang='lat' dir='ltr'><strong>ictum.</strong></span> 
     </span>
    </p>
   </div>
   <div class='ocr_carea' id='block_1_33' title="bbox 2429 1385 2988 1454">
    <p class='ocr_par' dir='ltr' id='par_1_33' title="bbox 2429 1385 2988 1454">
     <span class='ocr_line' id='line_1_33' title="bbox 2429 1385 2988 1454; baseline 0.005 -15"><span class='ocrx_word' id='word_1_106' title='bbox 2429 1385 2694 1454; x_wconf 71' lang='lat' dir='ltr'><strong>Qumsitor</strong></span> <span class='ocrx_word' id='word_1_107' title='bbox 2722 1387 2812 1441; x_wconf 89' lang='lat' dir='ltr'><strong>ille</strong></span> <span class='ocrx_word' id='word_1_108' title='bbox 2840 1388 2988 1442; x_wconf 88' lang='lat' dir='ltr'><strong>solus</strong></span> 
     </span>
    </p>
   </div>
   <div class='ocr_carea' id='block_1_34' title="bbox 2252 1472 3213 1548">
    <p class='ocr_par' dir='ltr' id='par_1_34' title="bbox 2252 1472 3213 1548">
     <span class='ocr_line' id='line_1_34' title="bbox 2252 1472 3213 1548; baseline 0.004 -16"><span class='ocrx_word' id='word_1_109' title='bbox 2252 1472 2323 1532; x_wconf 80' lang='lat'><strong>90</strong></span> <span class='ocrx_word' id='word_1_110' title='bbox 2500 1477 2813 1547; x_wconf 71' lang='lat' dir='ltr'><strong>Animosque</strong></span> <span class='ocrx_word' id='word_1_111' title='bbox 2841 1479 3213 1548; x_wconf 86' lang='lat' dir='ltr'><strong>corporisque,</strong></span> 
     </span>
    </p>
   </div>
   <div class='ocr_carea' id='block_1_35' title="bbox 2502 1568 3203 1639">
    <p class='ocr_par' dir='ltr' id='par_1_35' title="bbox 2502 1568 3203 1639">
     <span class='ocr_line' id='line_1_35' title="bbox 2502 1568 3203 1639; baseline 0.004 -16"><span class='ocrx_word' id='word_1_112' title='bbox 2502 1568 2769 1639; x_wconf 87' lang='lat' dir='ltr'><strong>Ensisque</strong></span> <span class='ocrx_word' id='word_1_113' title='bbox 2807 1569 2890 1624; x_wconf 85' lang='lat' dir='ltr'><strong>bis</strong></span> <span class='ocrx_word' id='word_1_114' title='bbox 2931 1571 3203 1626; x_wconf 88' lang='lat' dir='ltr'><strong>timendus</strong></span> 
     </span>
    </p>
   </div>
   <div class='ocr_carea' id='block_1_36' title="bbox 2502 1660 3346 1720">
    <p class='ocr_par' dir='ltr' id='par_1_36' title="bbox 2502 1660 3346 1720">
     <span class='ocr_line' id='line_1_36' title="bbox 2502 1660 3346 1720; baseline 0.006 -5"><span class='ocrx_word' id='word_1_115' title='bbox 2502 1660 2679 1715; x_wconf 91' lang='lat' dir='ltr'><strong>Prima</strong></span> <span class='ocrx_word' id='word_1_116' title='bbox 2707 1676 2769 1715; x_wconf 91' lang='lat' dir='ltr'><strong>ac</strong></span> <span class='ocrx_word' id='word_1_117' title='bbox 2810 1664 3044 1717; x_wconf 89' lang='lat' dir='ltr'><strong>secunda</strong></span> <span class='ocrx_word' id='word_1_118' title='bbox 3074 1677 3225 1720; x_wconf 87' lang='lat' dir='ltr'><strong>mors</strong></span> <span class='ocrx_word' id='word_1_119' title='bbox 3248 1672 3346 1720; x_wconf 71' lang='lat' dir='ltr'><strong>cet.</strong></span> 
     </span>
    </p>
   </div>
   <div class='ocr_carea' id='block_1_37' title="bbox 2431 1752 3071 1825">
    <p class='ocr_par' dir='ltr' id='par_1_37' title="bbox 2431 1752 3071 1825">
     <span class='ocr_line' id='line_1_37' title="bbox 2431 1752 3071 1825; baseline 0.005 -18"><span class='ocrx_word' id='word_1_120' title='bbox 2431 1752 2574 1807; x_wconf 88' lang='lat' dir='ltr'><strong>Idem</strong></span> <span class='ocrx_word' id='word_1_121' title='bbox 2607 1762 2785 1809; x_wconf 85' lang='lat' dir='ltr'><strong>tamen</strong></span> <span class='ocrx_word' id='word_1_122' title='bbox 2806 1755 3071 1825; x_wconf 90' lang='lat' dir='ltr'><strong>benignus</strong></span> 
     </span>
    </p>
   </div>
   <div class='ocr_carea' id='block_1_38' title="bbox 2505 1844 3103 1913">
    <p class='ocr_par' dir='ltr' id='par_1_38' title="bbox 2505 1844 3103 1913">
     <span class='ocr_line' id='line_1_38' title="bbox 2505 1844 3103 1913; baseline 0.003 -13"><span class='ocrx_word' id='word_1_123' title='bbox 2505 1844 2657 1900; x_wconf 90' lang='lat' dir='ltr'><strong>Ultor</strong></span> <span class='ocrx_word' id='word_1_124' title='bbox 2686 1847 2920 1901; x_wconf 90' lang='lat' dir='ltr'><strong>retundit</strong></span> <span class='ocrx_word' id='word_1_125' title='bbox 2948 1848 3103 1913; x_wconf 91' lang='lat' dir='ltr'><strong>iram,</strong></span> 
     </span>
    </p>
   </div>
   <div class='ocr_carea' id='block_1_39' title="bbox 2256 1936 3206 2010">
    <p class='ocr_par' dir='ltr' id='par_1_39' title="bbox 2256 1936 3206 2010">
     <span class='ocr_line' id='line_1_39' title="bbox 2256 1936 3206 2010; baseline 0.003 -17"><span class='ocrx_word' id='word_1_126' title='bbox 2256 1936 2326 1993; x_wconf 81' lang='lat'><strong>95</strong></span> <span class='ocrx_word' id='word_1_127' title='bbox 2506 1937 2821 2009; x_wconf 85' lang='lat' dir='ltr'><strong>Paucosque</strong></span> <span class='ocrx_word' id='word_1_128' title='bbox 2856 1954 2964 1995; x_wconf 85' lang='lat' dir='ltr'><strong>non</strong></span> <span class='ocrx_word' id='word_1_129' title='bbox 2994 1939 3206 2010; x_wconf 89' lang='lat' dir='ltr'><strong>piorum</strong></span> 
     </span>
    </p>
   </div>
   <div class='ocr_carea' id='block_1_40' title="bbox 1869 2016 2531 2086">
    <p class='ocr_par' dir='ltr' id='par_1_40' title="bbox 1869 2016 2531 2086">
     <span class='ocr_line' id='line_1_40' title="bbox 1869 2016 2531 2086; baseline 0.002 -3"><span class='ocrx_word' id='word_1_130' title='bbox 1869 2016 2158 2086; x_wconf 67' lang='lat' dir='ltr'><strong>CLOSSAS</strong></span> <span class='ocrx_word' id='word_1_131' title='bbox 2196 2028 2531 2086; x_wconf 77' lang='lat' dir='ltr'><strong>VETERES.</strong></span> 
     </span>
    </p>
   </div>
   <div class='ocr_carea' id='block_1_41' title="bbox 602 2128 1603 2201">
    <p class='ocr_par' dir='ltr' id='par_1_41' title="bbox 602 2128 1603 2201">
     <span class='ocr_line' id='line_1_41' title="bbox 602 2128 1603 2201; baseline -0.01 -14"><span class='ocrx_word' id='word_1_132' title='bbox 602 2192 605 2195; x_wconf 48' lang='grc'>,</span> <span class='ocrx_word' id='word_1_133' title='bbox 633 2129 724 2201; x_wconf 72' lang='lat' dir='ltr'><strong>Gl.</strong></span> <span class='ocrx_word' id='word_1_134' title='bbox 749 2130 916 2194; x_wconf 88' lang='lat' dir='ltr'><strong>Unus,</strong></span> <span class='ocrx_word' id='word_1_135' title='bbox 948 2130 1188 2201; x_wconf 81' lang='lat' dir='ltr'><strong>magister</strong></span> <span class='ocrx_word' id='word_1_136' title='bbox 1218 2128 1603 2201; x_wconf 64' lang='lat' dir='ltr'><strong>pjnc&#39;ernarunt,</strong></span> 
     </span>
    </p>
   </div>
   <div class='ocr_carea' id='block_1_42' title="bbox 636 2192 2145 2324">
    <p class='ocr_par' dir='ltr' id='par_1_42' title="bbox 636 2192 2145 2324">
     <span class='ocr_line' id='line_1_42' title="bbox 636 2192 2145 2324; baseline -0.005 -69"><span class='ocrx_word' id='word_1_137' title='bbox 636 2200 741 2324; x_wconf 34' lang='lat'><strong>62%</strong></span> <span class='ocrx_word' id='word_1_138' title='bbox 760 2192 1055 2324; x_wconf 50' lang='lat' dir='ltr'><strong>&#39;lt&#39;yrznno;</strong></span> <span class='ocrx_word' id='word_1_139' title='bbox 1077 2201 1185 2269; x_wconf 88' lang='lat' dir='ltr'><strong>regi</strong></span> <span class='ocrx_word' id='word_1_140' title='bbox 1219 2192 1512 2262; x_wconf 77' lang='lat' dir='ltr'><strong>Pharaoni,</strong></span> <span class='ocrx_word' id='word_1_141' title='bbox 1562 2195 1602 2249; x_wconf 92' lang='lat' dir='ltr'><strong>l.</strong></span> <span class='ocrx_word' id='word_1_142' title='bbox 1657 2192 1927 2265; x_wconf 74' lang='lat' dir='ltr'><strong>Tyrannus</strong></span> <span class='ocrx_word' id='word_1_143' title='bbox 1969 2192 2145 2249; x_wconf 71' lang='lat' dir='ltr'><strong>Graece</strong></span> 
     </span>
     <span class='ocr_line' id='line_1_43' title="bbox 636 2287 919 2324; baseline 0.004 -1"><span class='ocrx_word' id='word_1_144' title='bbox 636 2287 675 2324; x_wconf 73' lang='grc' dir='ltr'><strong>ις.</strong></span> <span class='ocrx_word' id='word_1_145' title='bbox 748 2288 773 2323; x_wconf 97' lang='lat' dir='ltr'><strong>a</strong></span> <span class='ocrx_word' id='word_1_146' title='bbox 806 2312 819 2324; x_wconf 94' lang='lat'><strong>.</strong></span> <span class='ocrx_word' id='word_1_147' title='bbox 904 2309 919 2324; x_wconf 95' lang='lat'><strong>.</strong></span> 
     </span>
    </p>
   </div>
   <div class='ocr_carea' id='block_1_43' title="bbox 567 2273 919 2326">
    <p class='ocr_par' dir='ltr' id='par_1_43' title="bbox 567 2273 919 2326">
     <span class='ocr_line' id='line_1_44' title="bbox 567 2273 919 2326; baseline 0 -1"><span class='ocrx_word' id='word_1_148' title='bbox 567 2287 675 2326; x_wconf 75' lang='lat' dir='ltr'><strong>rex.</strong></span> <span class='ocrx_word' id='word_1_149' title='bbox 702 2273 819 2324; x_wconf 84' lang='lat' dir='ltr'><strong>Vat.</strong></span> <span class='ocrx_word' id='word_1_150' title='bbox 852 2273 919 2325; x_wconf 84' lang='lat' dir='ltr'><strong>A.</strong></span> 
     </span>
    </p>
   </div>
   <div class='ocr_carea' id='block_1_44' title="bbox 642 2338 1371 2409">
    <p class='ocr_par' dir='ltr' id='par_1_44' title="bbox 642 2338 1371 2409">
     <span class='ocr_line' id='line_1_45' title="bbox 642 2338 1371 2409; baseline -0.007 -13"><span class='ocrx_word' id='word_1_151' title='bbox 642 2340 730 2396; x_wconf 87' lang='lat'><strong>66.</strong></span> <span class='ocrx_word' id='word_1_152' title='bbox 749 2342 1029 2409; x_wconf 79' lang='lat' dir='ltr'><strong>Perplexa,</strong></span> <span class='ocrx_word' id='word_1_153' title='bbox 1061 2340 1299 2405; x_wconf 86' lang='lat' dir='ltr'><strong>obscura,</strong></span> <span class='ocrx_word' id='word_1_154' title='bbox 1324 2338 1371 2393; x_wconf 83' lang='lat' dir='ltr'><strong>l.</strong></span> 
     </span>
    </p>
   </div>
   <div class='ocr_carea' id='block_1_45' title="bbox 637 2409 1353 2479">
    <p class='ocr_par' dir='ltr' id='par_1_45' title="bbox 637 2409 1353 2479">
     <span class='ocr_line' id='line_1_46' title="bbox 637 2409 1353 2479; baseline -0.006 -14"><span class='ocrx_word' id='word_1_155' title='bbox 637 2411 726 2465; x_wconf 85' lang='lat'><strong>69.</strong></span> <span class='ocrx_word' id='word_1_156' title='bbox 764 2412 986 2476; x_wconf 70' lang='lat' dir='ltr'><strong>l’rmsul,</strong></span> <span class='ocrx_word' id='word_1_157' title='bbox 1019 2411 1275 2479; x_wconf 78' lang='lat' dir='ltr'><strong>princeps,</strong></span> <span class='ocrx_word' id='word_1_158' title='bbox 1312 2409 1353 2462; x_wconf 88' lang='grc' dir='ltr'><strong>Ι.</strong></span> 
     </span>
    </p>
   </div>
   <div class='ocr_carea' id='block_1_46' title="bbox 638 2479 1360 2549">
    <p class='ocr_par' dir='ltr' id='par_1_46' title="bbox 638 2479 1360 2549">
     <span class='ocr_line' id='line_1_47' title="bbox 638 2479 1360 2549; baseline -0.004 -15"><span class='ocrx_word' id='word_1_159' title='bbox 638 2482 726 2549; x_wconf 79' lang='grc'><strong>71.</strong></span> <span class='ocrx_word' id='word_1_160' title='bbox 762 2480 999 2547; x_wconf 72' lang='lat' dir='ltr'><strong>Virgam,</strong></span> <span class='ocrx_word' id='word_1_161' title='bbox 1026 2489 1301 2549; x_wconf 82' lang='lat' dir='ltr'><strong>sceptrum,</strong></span> <span class='ocrx_word' id='word_1_162' title='bbox 1320 2479 1360 2532; x_wconf 86' lang='grc'><strong>1.</strong></span> 
     </span>
    </p>
   </div>
   <div class='ocr_carea' id='block_1_47' title="bbox 638 2548 1512 2618">
    <p class='ocr_par' dir='ltr' id='par_1_47' title="bbox 638 2548 1512 2618">
     <span class='ocr_line' id='line_1_48' title="bbox 638 2548 1512 2618; baseline -0.001 -13"><span class='ocrx_word' id='word_1_163' title='bbox 638 2548 727 2605; x_wconf 81' lang='grc'><strong>75.</strong></span> <span class='ocrx_word' id='word_1_164' title='bbox 758 2549 996 2618; x_wconf 81' lang='lat' dir='ltr'><strong>Tuenda,</strong></span> <span class='ocrx_word' id='word_1_165' title='bbox 1024 2548 1260 2615; x_wconf 80' lang='lat' dir='ltr'><strong>videnda,</strong></span> <span class='ocrx_word' id='word_1_166' title='bbox 1291 2549 1407 2604; x_wconf 80' lang='lat' dir='ltr'><strong>Vat.</strong></span> <span class='ocrx_word' id='word_1_167' title='bbox 1446 2550 1512 2604; x_wconf 88' lang='lat' dir='ltr'><strong>A.</strong></span> 
     </span>
    </p>
   </div>
   <div class='ocr_carea' id='block_1_48' title="bbox 2322 2124 3417 2194">
    <p class='ocr_par' dir='ltr' id='par_1_48' title="bbox 2322 2124 3417 2194">
     <span class='ocr_line' id='line_1_49' title="bbox 2322 2124 3417 2194; baseline 0.003 -16"><span class='ocrx_word' id='word_1_168' title='bbox 2322 2125 2413 2179; x_wconf 90' lang='lat'><strong>77.</strong></span> <span class='ocrx_word' id='word_1_169' title='bbox 2450 2125 2812 2194; x_wconf 80' lang='lat' dir='ltr'><strong>Evangelista,</strong></span> <span class='ocrx_word' id='word_1_170' title='bbox 2840 2124 3092 2191; x_wconf 83' lang='lat' dir='ltr'><strong>Joannes,</strong></span> <span class='ocrx_word' id='word_1_171' title='bbox 3126 2125 3249 2181; x_wconf 75' lang='lat' dir='ltr'><strong>Vat.</strong></span> <span class='ocrx_word' id='word_1_172' title='bbox 3282 2129 3345 2182; x_wconf 77' lang='grc' dir='ltr'><strong>Α.</strong></span> <span class='ocrx_word' id='word_1_173' title='bbox 3412 2188 3417 2189; x_wconf 19' lang='grc' dir='ltr'><em>γ</em></span> 
     </span>
    </p>
   </div>
   <div class='ocr_carea' id='block_1_49' title="bbox 2326 2196 3309 2260">
    <p class='ocr_par' dir='ltr' id='par_1_49' title="bbox 2326 2196 3309 2260">
     <span class='ocr_line' id='line_1_50' title="bbox 2326 2196 3309 2260; baseline 0.001 -10"><span class='ocrx_word' id='word_1_174' title='bbox 2326 2196 2418 2251; x_wconf 85' lang='grc'><strong>86.</strong></span> <span class='ocrx_word' id='word_1_175' title='bbox 2453 2196 2693 2260; x_wconf 83' lang='lat' dir='ltr'><strong>Gladius,</strong></span> <span class='ocrx_word' id='word_1_176' title='bbox 2724 2196 2927 2249; x_wconf 83' lang='lat' dir='ltr'><strong>verbum</strong></span> <span class='ocrx_word' id='word_1_177' title='bbox 2968 2196 3215 2259; x_wconf 80' lang='lat' dir='ltr'><strong>Dei,Vat.</strong></span> <span class='ocrx_word' id='word_1_178' title='bbox 3244 2199 3309 2252; x_wconf 82' lang='grc' dir='ltr'><strong>Α.</strong></span> 
     </span>
    </p>
   </div>
   <div class='ocr_carea' id='block_1_50' title="bbox 2324 2265 3472 2337">
    <p class='ocr_par' dir='ltr' id='par_1_50' title="bbox 2324 2265 3472 2337">
     <span class='ocr_line' id='line_1_51' title="bbox 2324 2265 3472 2337; baseline 0.004 -18"><span class='ocrx_word' id='word_1_179' title='bbox 2324 2266 2413 2337; x_wconf 85' lang='grc'><strong>88.</strong></span> <span class='ocrx_word' id='word_1_180' title='bbox 2448 2265 2635 2337; x_wconf 84' lang='lat' dir='ltr'><strong>Ictum,</strong></span> <span class='ocrx_word' id='word_1_181' title='bbox 2658 2268 2845 2319; x_wconf 69' lang='lat' dir='ltr'><strong>animo:</strong></span> <span class='ocrx_word' id='word_1_182' title='bbox 2895 2276 2944 2320; x_wconf 87' lang='lat' dir='ltr'><strong>et</strong></span> <span class='ocrx_word' id='word_1_183' title='bbox 2968 2270 3223 2337; x_wconf 80' lang='lat' dir='ltr'><strong>corporis.</strong></span> <span class='ocrx_word' id='word_1_184' title='bbox 3254 2269 3369 2323; x_wconf 85' lang='lat' dir='ltr'><strong>Vat.</strong></span> <span class='ocrx_word' id='word_1_185' title='bbox 3412 2268 3472 2324; x_wconf 79' lang='grc' dir='ltr'><strong>Α.</strong></span> 
     </span>
    </p>
   </div>
   <div class='ocr_carea' id='block_1_51' title="bbox 2330 2336 3009 2407">
    <p class='ocr_par' dir='ltr' id='par_1_51' title="bbox 2330 2336 3009 2407">
     <span class='ocr_line' id='line_1_52' title="bbox 2330 2336 3009 2407; baseline 0 -16"><span class='ocrx_word' id='word_1_186' title='bbox 2330 2336 2415 2407; x_wconf 88' lang='lat'><strong>89.</strong></span> <span class='ocrx_word' id='word_1_187' title='bbox 2451 2336 2735 2402; x_wconf 80' lang='lat' dir='ltr'><strong>Quaesitor,</strong></span> <span class='ocrx_word' id='word_1_188' title='bbox 2750 2338 2937 2407; x_wconf 77' lang='lat' dir='ltr'><strong>judex.</strong></span> <span class='ocrx_word' id='word_1_189' title='bbox 2968 2337 3009 2391; x_wconf 84' lang='grc' dir='ltr'><strong>Ι.</strong></span> 
     </span>
    </p>
   </div>
   <div class='ocr_carea' id='block_1_52' title="bbox 2325 2406 3651 2479">
    <p class='ocr_par' dir='ltr' id='par_1_52' title="bbox 2325 2406 3651 2479">
     <span class='ocr_line' id='line_1_53' title="bbox 2325 2406 3651 2479; baseline 0.002 -18"><span class='ocrx_word' id='word_1_190' title='bbox 2325 2406 2416 2479; x_wconf 65' lang='lat'><strong>92.</strong></span> <span class='ocrx_word' id='word_1_191' title='bbox 2449 2406 2626 2479; x_wconf 74' lang='lat' dir='ltr'><strong>Prima</strong></span> <span class='ocrx_word' id='word_1_192' title='bbox 2649 2422 2710 2461; x_wconf 91' lang='lat' dir='ltr'><strong>ac</strong></span> <span class='ocrx_word' id='word_1_193' title='bbox 2740 2406 2994 2471; x_wconf 81' lang='lat' dir='ltr'><strong>secunda,</strong></span> <span class='ocrx_word' id='word_1_194' title='bbox 3024 2410 3256 2479; x_wconf 79' lang='lat' dir='ltr'><strong>corporis</strong></span> <span class='ocrx_word' id='word_1_195' title='bbox 3277 2416 3324 2463; x_wconf 89' lang='lat' dir='ltr'><strong>et</strong></span> <span class='ocrx_word' id='word_1_196' title='bbox 3348 2410 3534 2477; x_wconf 68' lang='lat' dir='ltr'><strong>anima,</strong></span> <span class='ocrx_word' id='word_1_197' title='bbox 3565 2406 3651 2465; x_wconf 89' lang='lat' dir='ltr'><strong>lso.</strong></span> 
     </span>
    </p>
   </div>
   <div class='ocr_carea' id='block_1_53' title="bbox 2326 2477 3303 2547">
    <p class='ocr_par' dir='ltr' id='par_1_53' title="bbox 2326 2477 3303 2547">
     <span class='ocr_line' id='line_1_54' title="bbox 2326 2477 3303 2547; baseline 0.001 -15"><span class='ocrx_word' id='word_1_198' title='bbox 2326 2477 2418 2532; x_wconf 81' lang='grc'><strong>95.</strong></span> <span class='ocrx_word' id='word_1_199' title='bbox 2446 2477 2560 2532; x_wconf 79' lang='lat' dir='ltr'><strong>Non</strong></span> <span class='ocrx_word' id='word_1_200' title='bbox 2588 2479 2821 2547; x_wconf 90' lang='lat' dir='ltr'><strong>piorum.</strong></span> <span class='ocrx_word' id='word_1_201' title='bbox 2867 2477 3161 2546; x_wconf 80' lang='lat' dir='ltr'><strong>impiorum,</strong></span> <span class='ocrx_word' id='word_1_202' title='bbox 3196 2479 3303 2535; x_wconf 85' lang='lat' dir='ltr'><strong>lso.</strong></span> 
     </span>
    </p>
   </div>
   <div class='ocr_carea' id='block_1_54' title="bbox 1914 2622 2470 2696">
    <p class='ocr_par' dir='ltr' id='par_1_54' title="bbox 1914 2622 2470 2696">
     <span class='ocr_line' id='line_1_55' title="bbox 1914 2622 2470 2696; baseline -0.009 0"><span class='ocrx_word' id='word_1_203' title='bbox 1914 2622 2470 2696; x_wconf 68' lang='lat' dir='ltr'><strong>COMMENTARIUS.</strong></span> 
     </span>
    </p>
   </div>
   <div class='ocr_carea' id='block_1_55' title="bbox 565 2748 2140 2828">
    <p class='ocr_par' dir='ltr' id='par_1_55' title="bbox 565 2748 2140 2828">
     <span class='ocr_line' id='line_1_56' title="bbox 565 2748 2140 2828; baseline -0.01 -11"><span class='ocrx_word' id='word_1_204' title='bbox 565 2757 717 2828; x_wconf 69' lang='lat' dir='ltr'><strong>(lose,</strong></span> <span class='ocrx_word' id='word_1_205' title='bbox 745 2756 1014 2828; x_wconf 31' lang='lat' dir='ltr'><strong>ministera</strong></span> <span class='ocrx_word' id='word_1_206' title='bbox 1039 2751 1264 2828; x_wconf 71' lang='lat' dir='ltr'><strong>Historia</strong></span> <span class='ocrx_word' id='word_1_207' title='bbox 1294 2759 1546 2828; x_wconf 79' lang='lat' dir='ltr'><strong>narratur</strong></span> <span class='ocrx_word' id='word_1_208' title='bbox 1570 2756 1689 2819; x_wconf 89' lang='lat' dir='ltr'><strong>cap.</strong></span> <span class='ocrx_word' id='word_1_209' title='bbox 1717 2764 1770 2804; x_wconf 89' lang='lat' dir='ltr'><strong>xt</strong></span> <span class='ocrx_word' id='word_1_210' title='bbox 1801 2748 1997 2828; x_wconf 78' lang='lat' dir='ltr'><strong>Cenes.</strong></span> <span class='ocrx_word' id='word_1_211' title='bbox 2028 2750 2140 2828; x_wconf 74' lang='lat' dir='ltr'><strong>Duo</strong></span> 
     </span>
    </p>
   </div>
   <div class='ocr_carea' id='block_1_56' title="bbox 568 2821 2142 2891">
    <p class='ocr_par' dir='ltr' id='par_1_56' title="bbox 568 2821 2142 2891">
     <span class='ocr_line' id='line_1_57' title="bbox 568 2821 2142 2891; baseline -0.008 -6"><span class='ocrx_word' id='word_1_212' title='bbox 568 2831 622 2885; x_wconf 91' lang='lat' dir='ltr'><strong>hi</strong></span> <span class='ocrx_word' id='word_1_213' title='bbox 654 2821 1090 2888; x_wconf 78' lang='lat' dir='ltr'><strong>eranteunucbi;</strong></span> <span class='ocrx_word' id='word_1_214' title='bbox 1121 2823 1255 2877; x_wconf 89' lang='lat' dir='ltr'><strong>alter</strong></span> <span class='ocrx_word' id='word_1_215' title='bbox 1286 2822 1554 2890; x_wconf 86' lang='lat' dir='ltr'><strong>pincernis</strong></span> <span class='ocrx_word' id='word_1_216' title='bbox 1599 2830 1849 2891; x_wconf 60' lang='lat' dir='ltr'><strong>prieerat,</strong></span> <span class='ocrx_word' id='word_1_217' title='bbox 1895 2821 2031 2873; x_wconf 80' lang='lat' dir='ltr'><strong>alter</strong></span> <span class='ocrx_word' id='word_1_218' title='bbox 2063 2821 2142 2886; x_wconf 90' lang='lat' dir='ltr'><strong>pi-</strong></span> 
     </span>
    </p>
   </div>
   <div class='ocr_carea' id='block_1_57' title="bbox 564 2890 2140 2963">
    <p class='ocr_par' dir='ltr' id='par_1_57' title="bbox 564 2890 2140 2963">
     <span class='ocr_line' id='line_1_58' title="bbox 564 2890 2140 2963; baseline -0.008 -8"><span class='ocrx_word' id='word_1_219' title='bbox 564 2900 835 2963; x_wconf 86' lang='lat' dir='ltr'><strong>storibus;</strong></span> <span class='ocrx_word' id='word_1_220' title='bbox 866 2896 953 2951; x_wconf 90' lang='lat' dir='ltr'><strong>hic</strong></span> <span class='ocrx_word' id='word_1_221' title='bbox 991 2896 1248 2963; x_wconf 84' lang='lat' dir='ltr'><strong>pistorum</strong></span> <span class='ocrx_word' id='word_1_222' title='bbox 1289 2891 1565 2961; x_wconf 80' lang='lat' dir='ltr'><strong>magister,</strong></span> <span class='ocrx_word' id='word_1_223' title='bbox 1602 2890 1712 2963; x_wconf 85' lang='lat' dir='ltr'><strong>ille</strong></span> <span class='ocrx_word' id='word_1_224' title='bbox 1762 2892 2140 2963; x_wconf 88' lang='lat' dir='ltr'><strong>pincernarum</strong></span> 
     </span>
    </p>
   </div>
   <div class='ocr_carea' id='block_1_58' title="bbox 565 2961 2143 3033">
    <p class='ocr_par' dir='ltr' id='par_1_58' title="bbox 565 2961 2143 3033">
     <span class='ocr_line' id='line_1_59' title="bbox 565 2961 2143 3033; baseline -0.006 -8"><span class='ocrx_word' id='word_1_225' title='bbox 565 2972 781 3026; x_wconf 87' lang='lat' dir='ltr'><strong>dicitur.-</strong></span> <span class='ocrx_word' id='word_1_226' title='bbox 807 2961 941 3023; x_wconf 29' lang='lat' dir='ltr'><strong>l&#39;linc</strong></span> <span class='ocrx_word' id='word_1_227' title='bbox 968 2961 1158 3033; x_wconf 87' lang='lat' dir='ltr'><strong>aliquis</strong></span> <span class='ocrx_word' id='word_1_228' title='bbox 1182 2963 1429 3017; x_wconf 77' lang='lat' dir='ltr'><strong>ministris</strong></span> <span class='ocrx_word' id='word_1_229' title='bbox 1454 2977 1573 3017; x_wconf 90' lang='lat' dir='ltr'><strong>cum</strong></span> <span class='ocrx_word' id='word_1_230' title='bbox 1605 2962 1846 3031; x_wconf 80' lang='lat' dir='ltr'><strong>legisset,</strong></span> <span class='ocrx_word' id='word_1_231' title='bbox 1887 2961 2143 3032; x_wconf 82' lang='lat' dir='ltr'><strong>magistris</strong></span> 
     </span>
    </p>
   </div>
   <div class='ocr_carea' id='block_1_59' title="bbox 563 3034 1996 3107">
    <p class='ocr_par' dir='ltr' id='par_1_59' title="bbox 563 3034 1996 3107">
     <span class='ocr_line' id='line_1_60' title="bbox 563 3034 1996 3107; baseline -0.008 -10"><span class='ocrx_word' id='word_1_232' title='bbox 563 3043 827 3103; x_wconf 78' lang='lat' dir='ltr'><strong>correxit,</strong></span> <span class='ocrx_word' id='word_1_233' title='bbox 849 3036 989 3107; x_wconf 90' lang='lat' dir='ltr'><strong>quod</strong></span> <span class='ocrx_word' id='word_1_234' title='bbox 1022 3034 1337 3107; x_wconf 82' lang='lat' dir='ltr'><strong>simpliciter</strong></span> <span class='ocrx_word' id='word_1_235' title='bbox 1360 3035 1591 3107; x_wconf 75' lang='lat' dir='ltr'><strong>positum</strong></span> <span class='ocrx_word' id='word_1_236' title='bbox 1623 3034 1863 3104; x_wconf 91' lang='lat' dir='ltr'><strong>ineptum</strong></span> <span class='ocrx_word' id='word_1_237' title='bbox 1890 3041 1996 3087; x_wconf 86' lang='lat' dir='ltr'><strong>est.</strong></span> 
     </span>
    </p>
   </div>
   <div class='ocr_carea' id='block_1_60' title="bbox 637 3096 1599 3173">
    <p class='ocr_par' dir='ltr' id='par_1_60' title="bbox 637 3096 1599 3173">
     <span class='ocr_line' id='line_1_61' title="bbox 637 3096 1599 3173; baseline -0.009 -6"><span class='ocrx_word' id='word_1_238' title='bbox 637 3113 726 3167; x_wconf 79' lang='lat' dir='ltr'><strong>so.</strong></span> <span class='ocrx_word' id='word_1_239' title='bbox 752 3096 978 3169; x_wconf 76' lang='lat' dir='ltr'><strong>w&#39;id&#39;m..</strong></span> <span class='ocrx_word' id='word_1_240' title='bbox 1012 3096 1265 3159; x_wconf 71' lang='grc' dir='ltr'><strong>ιιιριιὶιυεε</strong></span> <span class='ocrx_word' id='word_1_241' title='bbox 1286 3096 1599 3173; x_wconf 75' lang='lat' dir='ltr'><strong>obprobavit.</strong></span> 
     </span>
    </p>
   </div>
   <div class='ocr_carea' id='block_1_61' title="bbox 2318 2744 3756 2818">
    <p class='ocr_par' dir='ltr' id='par_1_61' title="bbox 2318 2744 3756 2818">
     <span class='ocr_line' id='line_1_62' title="bbox 2318 2744 3756 2818; baseline 0.002 -17"><span class='ocrx_word' id='word_1_242' title='bbox 2318 2748 2405 2802; x_wconf 86' lang='lat'><strong>77.</strong></span> <span class='ocrx_word' id='word_1_243' title='bbox 2441 2746 2598 2801; x_wconf 85' lang='lat' dir='ltr'><strong>Notat</strong></span> <span class='ocrx_word' id='word_1_244' title='bbox 2621 2744 2915 2813; x_wconf 87' lang='lat' dir='ltr'><strong>Fabricius,</strong></span> <span class='ocrx_word' id='word_1_245' title='bbox 2972 2746 3318 2818; x_wconf 83' lang='lat' dir='ltr'><strong>Prudentium</strong></span> <span class='ocrx_word' id='word_1_246' title='bbox 3370 2748 3550 2813; x_wconf 88' lang='lat' dir='ltr'><strong>dicere,</strong></span> <span class='ocrx_word' id='word_1_247' title='bbox 3583 2762 3756 2818; x_wconf 77' lang='lat' dir='ltr'><strong>evange-</strong></span> 
     </span>
    </p>
   </div>
   <div class='ocr_carea' id='block_1_62' title="bbox 2244 2817 3756 2885">
    <p class='ocr_par' dir='ltr' id='par_1_62' title="bbox 2244 2817 3756 2885">
     <span class='ocr_line' id='line_1_63' title="bbox 2244 2817 3756 2885; baseline 0 -12"><span class='ocrx_word' id='word_1_248' title='bbox 2244 2818 2422 2874; x_wconf 89' lang='lat' dir='ltr'><strong>listam</strong></span> <span class='ocrx_word' id='word_1_249' title='bbox 2452 2832 2538 2871; x_wconf 89' lang='lat' dir='ltr'><strong>res</strong></span> <span class='ocrx_word' id='word_1_250' title='bbox 2565 2819 2843 2883; x_wconf 76' lang='lat' dir='ltr'><strong>obscuras,</strong></span> <span class='ocrx_word' id='word_1_251' title='bbox 2894 2826 2947 2870; x_wconf 87' lang='lat' dir='ltr'><strong>et</strong></span> <span class='ocrx_word' id='word_1_252' title='bbox 2972 2817 3282 2885; x_wconf 80' lang='lat' dir='ltr'><strong>obsignatas</strong></span> <span class='ocrx_word' id='word_1_253' title='bbox 3324 2819 3372 2873; x_wconf 91' lang='lat' dir='ltr'><strong>in</strong></span> <span class='ocrx_word' id='word_1_254' title='bbox 3400 2820 3529 2873; x_wconf 86' lang='lat' dir='ltr'><strong>clara</strong></span> <span class='ocrx_word' id='word_1_255' title='bbox 3573 2819 3670 2873; x_wconf 85' lang='lat' dir='ltr'><strong>luce</strong></span> <span class='ocrx_word' id='word_1_256' title='bbox 3700 2817 3756 2873; x_wconf 76' lang='lat' dir='ltr'><strong>vi-</strong></span> 
     </span>
    </p>
   </div>
   <div class='ocr_carea' id='block_1_63' title="bbox 2239 2887 3757 2955">
    <p class='ocr_par' dir='ltr' id='par_1_63' title="bbox 2239 2887 3757 2955">
     <span class='ocr_line' id='line_1_64' title="bbox 2239 2887 3757 2955; baseline -0.001 -12"><span class='ocrx_word' id='word_1_257' title='bbox 2239 2890 2409 2947; x_wconf 82' lang='lat' dir='ltr'><strong>disse.</strong></span> <span class='ocrx_word' id='word_1_258' title='bbox 2442 2887 2650 2943; x_wconf 86' lang='lat' dir='ltr'><strong>nebulis</strong></span> <span class='ocrx_word' id='word_1_259' title='bbox 2675 2887 2914 2952; x_wconf 92' lang='lat' dir='ltr'><strong>remotis,</strong></span> <span class='ocrx_word' id='word_1_260' title='bbox 2936 2888 3110 2955; x_wconf 81' lang='lat' dir='ltr'><strong>ipsum</strong></span> <span class='ocrx_word' id='word_1_261' title='bbox 3135 2905 3263 2944; x_wconf 86' lang='lat' dir='ltr'><strong>vero</strong></span> <span class='ocrx_word' id='word_1_262' title='bbox 3288 2889 3552 2954; x_wconf 69' lang='lat' dir='ltr'><strong>Joannem,</strong></span> <span class='ocrx_word' id='word_1_263' title='bbox 3571 2905 3620 2944; x_wconf 90' lang='lat' dir='ltr'><strong>se</strong></span> <span class='ocrx_word' id='word_1_264' title='bbox 3637 2891 3757 2943; x_wconf 79' lang='lat' dir='ltr'><strong>fuisse</strong></span> 
     </span>
    </p>
   </div>
   <div class='ocr_carea' id='block_1_64' title="bbox 2243 2957 3755 3029">
    <p class='ocr_par' dir='ltr' id='par_1_64' title="bbox 2243 2957 3755 3029">
     <span class='ocr_line' id='line_1_65' title="bbox 2243 2957 3755 3029; baseline -0.002 -15"><span class='ocrx_word' id='word_1_265' title='bbox 2243 2961 2297 3014; x_wconf 89' lang='lat' dir='ltr'><strong>in</strong></span> <span class='ocrx_word' id='word_1_266' title='bbox 2329 2960 2518 3029; x_wconf 88' lang='lat' dir='ltr'><strong>spiritu</strong></span> <span class='ocrx_word' id='word_1_267' title='bbox 2547 2957 2652 3029; x_wconf 84' lang='lat' dir='ltr'><strong>vel,</strong></span> <span class='ocrx_word' id='word_1_268' title='bbox 2696 2966 2753 3011; x_wconf 90' lang='lat' dir='ltr'><strong>ut</strong></span> <span class='ocrx_word' id='word_1_269' title='bbox 2801 2959 3129 3013; x_wconf 82' lang='lat' dir='ltr'><strong>recentiores</strong></span> <span class='ocrx_word' id='word_1_270' title='bbox 3190 2959 3472 3028; x_wconf 88' lang='lat' dir='ltr'><strong>loquuntur</strong></span> <span class='ocrx_word' id='word_1_271' title='bbox 3506 2963 3553 3013; x_wconf 85' lang='lat' dir='ltr'><strong>in</strong></span> <span class='ocrx_word' id='word_1_272' title='bbox 3593 2960 3755 3020; x_wconf 70' lang='lat' dir='ltr'><strong>exstasi.</strong></span> 
     </span>
    </p>
   </div>
   <div class='ocr_carea' id='block_1_65' title="bbox 2247 3028 3753 3096">
    <p class='ocr_par' dir='ltr' id='par_1_65' title="bbox 2247 3028 3753 3096">
     <span class='ocr_line' id='line_1_66' title="bbox 2247 3028 3753 3096; baseline -0.004 -10"><span class='ocrx_word' id='word_1_273' title='bbox 2247 3030 2550 3093; x_wconf 88' lang='lat' dir='ltr'><strong>Sedulium,</strong></span> <span class='ocrx_word' id='word_1_274' title='bbox 2597 3028 2710 3082; x_wconf 75' lang='lat' dir='ltr'><strong>hmc</strong></span> <span class='ocrx_word' id='word_1_275' title='bbox 2739 3029 2911 3096; x_wconf 89' lang='lat' dir='ltr'><strong>ipsum</strong></span> <span class='ocrx_word' id='word_1_276' title='bbox 2948 3030 3210 3083; x_wconf 86' lang='lat' dir='ltr'><strong>Joannem</strong></span> <span class='ocrx_word' id='word_1_277' title='bbox 3263 3031 3455 3084; x_wconf 75' lang='lat' dir='ltr'><strong>vidisse</strong></span> <span class='ocrx_word' id='word_1_278' title='bbox 3495 3030 3541 3084; x_wconf 91' lang='lat' dir='ltr'><strong>in</strong></span> <span class='ocrx_word' id='word_1_279' title='bbox 3585 3029 3753 3091; x_wconf 77' lang='lat' dir='ltr'><strong>somnis,</strong></span> 
     </span>
    </p>
   </div>
   <div class='ocr_carea' id='block_1_66' title="bbox 2242 3099 3754 3170">
    <p class='ocr_par' dir='ltr' id='par_1_66' title="bbox 2242 3099 3754 3170">
     <span class='ocr_line' id='line_1_67' title="bbox 2242 3099 3754 3170; baseline -0.001 -16"><span class='ocrx_word' id='word_1_280' title='bbox 2242 3100 2388 3170; x_wconf 85' lang='lat' dir='ltr'><strong>quod</strong></span> <span class='ocrx_word' id='word_1_281' title='bbox 2412 3099 2667 3153; x_wconf 84' lang='lat' dir='ltr'><strong>Nebrissa</strong></span> <span class='ocrx_word' id='word_1_282' title='bbox 2694 3108 2847 3152; x_wconf 85' lang='lat' dir='ltr'><strong>antea</strong></span> <span class='ocrx_word' id='word_1_283' title='bbox 2885 3109 3184 3153; x_wconf 90' lang='lat' dir='ltr'><strong>monuerat.</strong></span> <span class='ocrx_word' id='word_1_284' title='bbox 3219 3102 3289 3154; x_wconf 80' lang='lat' dir='ltr'><strong>At</strong></span> <span class='ocrx_word' id='word_1_285' title='bbox 3320 3100 3614 3155; x_wconf 84' lang='lat' dir='ltr'><strong>Prudentius</strong></span> <span class='ocrx_word' id='word_1_286' title='bbox 3635 3099 3754 3153; x_wconf 76' lang='lat' dir='ltr'><strong>etiam</strong></span> 
     </span>
    </p>
   </div>
   <div class='ocr_carea' id='block_1_67' title="bbox 637 3164 3758 3247">
    <p class='ocr_par' dir='ltr' id='par_1_67' title="bbox 637 3164 3758 3247">
     <span class='ocr_line' id='line_1_68' title="bbox 637 3164 3758 3247; baseline -0.004 -9"><span class='ocrx_word' id='word_1_287' title='bbox 637 3164 727 3237; x_wconf 76' lang='lat' dir='ltr'><strong>6i.</strong></span> <span class='ocrx_word' id='word_1_288' title='bbox 757 3182 904 3247; x_wconf 86' lang='lat' dir='ltr'><strong>Put.,</strong></span> <span class='ocrx_word' id='word_1_289' title='bbox 942 3164 1058 3231; x_wconf 66' lang='lat' dir='ltr'><strong>Vat.</strong></span> <span class='ocrx_word' id='word_1_290' title='bbox 1107 3174 1152 3230; x_wconf 79' lang='grc' dir='ltr'>Α</span> <span class='ocrx_word' id='word_1_291' title='bbox 1183 3164 1455 3247; x_wconf 71' lang='lat' dir='ltr'><strong>supra,_et</strong></span> <span class='ocrx_word' id='word_1_292' title='bbox 1496 3177 1695 3247; x_wconf 85' lang='lat' dir='ltr'><strong>Oxon.,</strong></span> <span class='ocrx_word' id='word_1_293' title='bbox 1737 3189 2020 3247; x_wconf 72' lang='lat' dir='ltr'><strong>regressus.</strong></span> <span class='ocrx_word' id='word_1_294' title='bbox 2068 3172 2142 3227; x_wconf 87' lang='lat' dir='ltr'><strong>lla</strong></span> <span class='ocrx_word' id='word_1_295' title='bbox 2172 3164 2218 3228; x_wconf 90' lang='lat' dir='ltr'><strong><em>C</em></strong></span> <span class='ocrx_word' id='word_1_296' title='bbox 2250 3164 2339 3247; x_wconf 77' lang='lat' dir='ltr'><strong>per</strong></span> <span class='ocrx_word' id='word_1_297' title='bbox 2358 3185 2593 3247; x_wconf 75' lang='lat' dir='ltr'><strong>soporem</strong></span> <span class='ocrx_word' id='word_1_298' title='bbox 2619 3170 2879 3247; x_wconf 73' lang='lat' dir='ltr'><strong>visionem</strong></span> <span class='ocrx_word' id='word_1_299' title='bbox 2913 3170 3462 3247; x_wconf 67' lang='lat' dir='ltr'><strong>accidisse_aflirma_t,</strong></span> <span class='ocrx_word' id='word_1_300' title='bbox 3509 3178 3558 3225; x_wconf 91' lang='lat' dir='ltr'><strong>ut</strong></span> <span class='ocrx_word' id='word_1_301' title='bbox 3582 3186 3635 3225; x_wconf 82' lang='lat' dir='ltr'><strong>ex</strong></span> <span class='ocrx_word' id='word_1_302' title='bbox 3660 3184 3758 3247; x_wconf 59' lang='lat' dir='ltr'><strong>pr}-</strong></span> 
     </span>
    </p>
   </div>
   <div class='ocr_carea' id='block_1_68' title="bbox 560 3244 2141 3320">
    <p class='ocr_par' dir='ltr' id='par_1_68' title="bbox 560 3244 2141 3320">
     <span class='ocr_line' id='line_1_69' title="bbox 560 3244 2141 3320; baseline -0.006 -14"><span class='ocrx_word' id='word_1_303' title='bbox 560 3251 708 3307; x_wconf 70' lang='lat' dir='ltr'><strong>V’att.</strong></span> <span class='ocrx_word' id='word_1_304' title='bbox 738 3244 909 3320; x_wconf 81' lang='lat' dir='ltr'><strong>major</strong></span> <span class='ocrx_word' id='word_1_305' title='bbox 939 3261 1064 3320; x_wconf 66' lang='lat' dir='ltr'><strong>pars</strong></span> <span class='ocrx_word' id='word_1_306' title='bbox 1090 3245 1226 3316; x_wconf 88' lang='lat' dir='ltr'><strong>apud</strong></span> <span class='ocrx_word' id='word_1_307' title='bbox 1252 3244 1515 3320; x_wconf 65' lang='lat' dir='ltr'><strong>Tedium,</strong></span> <span class='ocrx_word' id='word_1_308' title='bbox 1559 3246 1658 3320; x_wconf 64' lang='lat' dir='ltr'><strong>sed</strong></span> <span class='ocrx_word' id='word_1_309' title='bbox 1698 3244 1965 3320; x_wconf 77' lang='lat' dir='ltr'><strong>nonnulli_</strong></span> <span class='ocrx_word' id='word_1_310' title='bbox 1989 3259 2141 3320; x_wconf 70' lang='lat' dir='ltr'><strong>prte-</strong></span> 
     </span>
    </p>
   </div>
   <div class='ocr_carea' id='block_1_69' title="bbox 564 3313 2140 3385">
    <p class='ocr_par' dir='ltr' id='par_1_69' title="bbox 564 3313 2140 3385">
     <span class='ocr_line' id='line_1_70' title="bbox 564 3313 2140 3385; baseline -0.006 -9"><span class='ocrx_word' id='word_1_311' title='bbox 564 3313 877 3377; x_wconf 82' lang='lat' dir='ltr'><strong>stantissimi</strong></span> <span class='ocrx_word' id='word_1_312' title='bbox 901 3313 1100 3373; x_wconf 79' lang='lat' dir='ltr'><strong>habent</strong></span> <span class='ocrx_word' id='word_1_313' title='bbox 1125 3313 1375 3370; x_wconf 77' lang='lat' dir='ltr'><strong>reversus.</strong></span> <span class='ocrx_word' id='word_1_314' title='bbox 1406 3315 1463 3369; x_wconf 92' lang='lat' dir='ltr'><strong>ld</strong></span> <span class='ocrx_word' id='word_1_315' title='bbox 1501 3315 1662 3370; x_wconf 88' lang='lat' dir='ltr'><strong>etiam</strong></span> <span class='ocrx_word' id='word_1_316' title='bbox 1696 3316 1898 3385; x_wconf 87' lang='lat' dir='ltr'><strong>placuit</strong></span> <span class='ocrx_word' id='word_1_317' title='bbox 1927 3313 2140 3385; x_wconf 85' lang='lat' dir='ltr'><strong>Gallan-</strong></span> 
     </span>
    </p>
   </div>
   <div class='ocr_carea' id='block_1_70' title="bbox 562 3384 2140 3453">
    <p class='ocr_par' dir='ltr' id='par_1_70' title="bbox 562 3384 2140 3453">
     <span class='ocr_line' id='line_1_71' title="bbox 562 3384 2140 3453; baseline -0.003 -9"><span class='ocrx_word' id='word_1_318' title='bbox 562 3392 651 3445; x_wconf 91' lang='lat' dir='ltr'><strong>dio</strong></span> <span class='ocrx_word' id='word_1_319' title='bbox 672 3408 792 3447; x_wconf 91' lang='lat' dir='ltr'><strong>cum</strong></span> <span class='ocrx_word' id='word_1_320' title='bbox 821 3391 944 3446; x_wconf 89' lang='lat' dir='ltr'><strong>edd.</strong></span> <span class='ocrx_word' id='word_1_321' title='bbox 975 3388 1093 3442; x_wconf 83' lang='lat' dir='ltr'><strong>Ald.</strong></span> <span class='ocrx_word' id='word_1_322' title='bbox 1122 3395 1176 3441; x_wconf 91' lang='lat' dir='ltr'><strong>et</strong></span> <span class='ocrx_word' id='word_1_323' title='bbox 1207 3386 1475 3453; x_wconf 73' lang='lat' dir='ltr'><strong>Torntes.,</strong></span> <span class='ocrx_word' id='word_1_324' title='bbox 1505 3395 1561 3439; x_wconf 91' lang='lat' dir='ltr'><strong>et</strong></span> <span class='ocrx_word' id='word_1_325' title='bbox 1596 3384 1884 3440; x_wconf 85' lang='lat' dir='ltr'><strong>tenuerunt</strong></span> <span class='ocrx_word' id='word_1_326' title='bbox 1930 3384 2049 3439; x_wconf 89' lang='lat' dir='ltr'><strong>Gis.</strong></span> <span class='ocrx_word' id='word_1_327' title='bbox 2085 3394 2140 3440; x_wconf 89' lang='lat' dir='ltr'><strong>et</strong></span> 
     </span>
    </p>
   </div>
   <div class='ocr_carea' id='block_1_71' title="bbox 567 3460 2136 3594">
    <p class='ocr_par' dir='ltr' id='par_1_71' title="bbox 567 3460 2136 3594">
     <span class='ocr_line' id='line_1_72' title="bbox 567 3460 2136 3594; baseline -0.003 -10"><span class='ocrx_word' id='word_1_328' title='bbox 567 3460 737 3584; x_wconf 46' lang='lat'><strong>“16%.;</strong></span> <span class='ocrx_word' id='word_1_329' title='bbox 745 3502 969 3584; x_wconf 50' lang='lat' dir='ltr'><strong>.Genesis</strong></span> <span class='ocrx_word' id='word_1_330' title='bbox 988 3541 1107 3594; x_wconf 88' lang='lat' dir='ltr'><strong>cap.</strong></span> <span class='ocrx_word' id='word_1_331' title='bbox 1127 3524 1223 3579; x_wconf 90' lang='lat' dir='ltr'><strong>cit.</strong></span> <span class='ocrx_word' id='word_1_332' title='bbox 1248 3538 1391 3577; x_wconf 89' lang='lat' dir='ltr'><strong>vers.</strong></span> <span class='ocrx_word' id='word_1_333' title='bbox 1416 3524 1501 3585; x_wconf 76' lang='lat' dir='ltr'><strong>i7.</strong></span> <span class='ocrx_word' id='word_1_334' title='bbox 1520 3523 1805 3594; x_wconf 79' lang='lat' dir='ltr'><strong>Suspendet</strong></span> <span class='ocrx_word' id='word_1_335' title='bbox 1828 3532 1875 3578; x_wconf 91' lang='lat' dir='ltr'><strong>te</strong></span> <span class='ocrx_word' id='word_1_336' title='bbox 1899 3524 1950 3577; x_wconf 86' lang='lat' dir='ltr'><strong>in</strong></span> <span class='ocrx_word' id='word_1_337' title='bbox 1969 3539 2136 3593; x_wconf 80' lang='lat' dir='ltr'><strong>cruce,</strong></span> 
     </span>
    </p>
   </div>
   <div class='ocr_carea' id='block_1_72' title="bbox 563 3594 1534 3656">
    <p class='ocr_par' dir='ltr' id='par_1_72' title="bbox 563 3594 1534 3656">
     <span class='ocr_line' id='line_1_73' title="bbox 563 3594 1534 3656; baseline -0.006 0"><span class='ocrx_word' id='word_1_338' title='bbox 563 3607 609 3656; x_wconf 87' lang='lat' dir='ltr'><strong>et</strong></span> <span class='ocrx_word' id='word_1_339' title='bbox 634 3600 926 3653; x_wconf 86' lang='lat' dir='ltr'><strong>lacerabunt</strong></span> <span class='ocrx_word' id='word_1_340' title='bbox 953 3594 1179 3649; x_wconf 79' lang='lat' dir='ltr'><strong>volucres</strong></span> <span class='ocrx_word' id='word_1_341' title='bbox 1201 3608 1374 3646; x_wconf 85' lang='lat' dir='ltr'><strong>carnes</strong></span> <span class='ocrx_word' id='word_1_342' title='bbox 1402 3602 1534 3650; x_wconf 88' lang='lat' dir='ltr'><strong>tuas.</strong></span> 
     </span>
    </p>
   </div>
   <div class='ocr_carea' id='block_1_73' title="bbox 633 3663 1857 3738">
    <p class='ocr_par' dir='ltr' id='par_1_73' title="bbox 633 3663 1857 3738">
     <span class='ocr_line' id='line_1_74' title="bbox 633 3663 1857 3738; baseline -0.004 -15"><span class='ocrx_word' id='word_1_343' title='bbox 633 3669 721 3723; x_wconf 86' lang='lat'><strong>66.</strong></span> <span class='ocrx_word' id='word_1_344' title='bbox 755 3670 896 3738; x_wconf 84' lang='lat' dir='ltr'><strong>Lege</strong></span> <span class='ocrx_word' id='word_1_345' title='bbox 916 3667 1051 3738; x_wconf 73' lang='lat' dir='ltr'><strong>hanc</strong></span> <span class='ocrx_word' id='word_1_346' title='bbox 1080 3665 1507 3738; x_wconf 31' lang='lat' dir='ltr'><strong>historiam‘eap.</strong></span> <span class='ocrx_word' id='word_1_347' title='bbox 1542 3680 1631 3718; x_wconf 81' lang='lat' dir='ltr'><strong>xu</strong></span> <span class='ocrx_word' id='word_1_348' title='bbox 1656 3663 1857 3738; x_wconf 65' lang='lat' dir='ltr'><strong>Genes.</strong></span> 
     </span>
    </p>
   </div>
   <div class='ocr_carea' id='block_1_74' title="bbox 632 3734 2134 3803">
    <p class='ocr_par' dir='ltr' id='par_1_74' title="bbox 632 3734 2134 3803">
     <span class='ocr_line' id='line_1_75' title="bbox 632 3734 2134 3803; baseline -0.003 -10"><span class='ocrx_word' id='word_1_349' title='bbox 632 3739 720 3793; x_wconf 88' lang='lat'><strong>67.</strong></span> <span class='ocrx_word' id='word_1_350' title='bbox 750 3734 895 3803; x_wconf 72' lang='lat' dir='ltr'><strong>Pui.,</strong></span> <span class='ocrx_word' id='word_1_351' title='bbox 934 3736 1107 3790; x_wconf 90' lang='lat' dir='ltr'><strong>Oxon.</strong></span> <span class='ocrx_word' id='word_1_352' title='bbox 1157 3749 1276 3789; x_wconf 92' lang='lat' dir='ltr'><strong>cum</strong></span> <span class='ocrx_word' id='word_1_353' title='bbox 1332 3734 1467 3788; x_wconf 83' lang='lat' dir='ltr'><strong>aliis</strong></span> <span class='ocrx_word' id='word_1_354' title='bbox 1491 3734 1761 3789; x_wconf 90' lang='lat' dir='ltr'><strong>nonnullis</strong></span> <span class='ocrx_word' id='word_1_355' title='bbox 1813 3734 2134 3801; x_wconf 89' lang='lat' dir='ltr'><strong>Heinsianis,</strong></span> 
     </span>
    </p>
   </div>
   <div class='ocr_carea' id='block_1_75' title="bbox 562 3803 2134 3876">
    <p class='ocr_par' dir='ltr' id='par_1_75' title="bbox 562 3803 2134 3876">
     <span class='ocr_line' id='line_1_76' title="bbox 562 3803 2134 3876; baseline -0.003 -13"><span class='ocrx_word' id='word_1_356' title='bbox 562 3808 781 3876; x_wconf 83' lang='lat' dir='ltr'><strong>Weitz.,</strong></span> <span class='ocrx_word' id='word_1_357' title='bbox 824 3807 968 3861; x_wconf 84' lang='lat' dir='ltr'><strong>Vatt.</strong></span> <span class='ocrx_word' id='word_1_358' title='bbox 1002 3811 1067 3870; x_wconf 86' lang='lat' dir='ltr'><strong>A,</strong></span> <span class='ocrx_word' id='word_1_359' title='bbox 1109 3804 1171 3867; x_wconf 85' lang='grc' dir='ltr'><strong>Β.</strong></span> <span class='ocrx_word' id='word_1_360' title='bbox 1203 3803 1354 3876; x_wconf 49' lang='grc' dir='ltr'><strong>Ο,ηο</strong></span> <span class='ocrx_word' id='word_1_361' title='bbox 1390 3813 1444 3859; x_wconf 89' lang='lat' dir='ltr'><strong>et</strong></span> <span class='ocrx_word' id='word_1_362' title='bbox 1476 3806 1495 3860; x_wconf 90' lang='lat' dir='ltr'><strong>l</strong></span> <span class='ocrx_word' id='word_1_363' title='bbox 1532 3819 1715 3873; x_wconf 87' lang='lat' dir='ltr'><strong>supra,</strong></span> <span class='ocrx_word' id='word_1_364' title='bbox 1759 3805 1951 3874; x_wconf 87' lang='lat' dir='ltr'><strong>Prag.,</strong></span> <span class='ocrx_word' id='word_1_365' title='bbox 1987 3805 2134 3870; x_wconf 59' lang='lat' dir='ltr'><strong>Rau,</strong></span> 
     </span>
    </p>
   </div>
   <div class='ocr_carea' id='block_1_76' title="bbox 562 3874 2137 3943">
    <p class='ocr_par' dir='ltr' id='par_1_76' title="bbox 562 3874 2137 3943">
     <span class='ocr_line' id='line_1_77' title="bbox 562 3874 2137 3943; baseline -0.003 -8"><span class='ocrx_word' id='word_1_366' title='bbox 562 3880 737 3943; x_wconf 79' lang='lat' dir='ltr'><strong>Siclt.,</strong></span> <span class='ocrx_word' id='word_1_367' title='bbox 768 3874 1036 3933; x_wconf 74' lang='lat' dir='ltr'><strong>Giselinus</strong></span> <span class='ocrx_word' id='word_1_368' title='bbox 1065 3890 1184 3930; x_wconf 88' lang='lat' dir='ltr'><strong>cum</strong></span> <span class='ocrx_word' id='word_1_369' title='bbox 1217 3874 1453 3929; x_wconf 89' lang='lat' dir='ltr'><strong>editione</strong></span> <span class='ocrx_word' id='word_1_370' title='bbox 1480 3875 1846 3929; x_wconf 86' lang='lat' dir='ltr'><strong>Daventriensi</strong></span> <span class='ocrx_word' id='word_1_371' title='bbox 1878 3875 2137 3943; x_wconf 75' lang='lat' dir='ltr'><strong>antiquis-</strong></span> 
     </span>
    </p>
   </div>
   <div class='ocr_carea' id='block_1_77' title="bbox 560 3944 2137 4014">
    <p class='ocr_par' dir='ltr' id='par_1_77' title="bbox 560 3944 2137 4014">
     <span class='ocr_line' id='line_1_78' title="bbox 560 3944 2137 4014; baseline -0.001 -12"><span class='ocrx_word' id='word_1_372' title='bbox 560 3951 718 4013; x_wconf 85' lang='lat' dir='ltr'><strong>sima,</strong></span> <span class='ocrx_word' id='word_1_373' title='bbox 742 3950 959 4002; x_wconf 78' lang='lat' dir='ltr'><strong>monuit.</strong></span> <span class='ocrx_word' id='word_1_374' title='bbox 988 3946 1153 4001; x_wconf 84' lang='lat' dir='ltr'><strong>Aldus</strong></span> <span class='ocrx_word' id='word_1_375' title='bbox 1181 3953 1234 3999; x_wconf 90' lang='lat' dir='ltr'><strong>et</strong></span> <span class='ocrx_word' id='word_1_376' title='bbox 1261 3944 1375 4000; x_wconf 84' lang='lat' dir='ltr'><strong>Gis.</strong></span> <span class='ocrx_word' id='word_1_377' title='bbox 1402 3946 1427 3998; x_wconf 79' lang='grc'><strong>1</strong></span> <span class='ocrx_word' id='word_1_378' title='bbox 1454 3946 1610 4008; x_wconf 89' lang='lat' dir='ltr'><strong>edit.,</strong></span> <span class='ocrx_word' id='word_1_379' title='bbox 1639 3947 1795 3999; x_wconf 84' lang='lat' dir='ltr'><strong>novit.</strong></span> <span class='ocrx_word' id='word_1_380' title='bbox 1817 3945 1931 3999; x_wconf 86' lang='lat' dir='ltr'><strong>Non</strong></span> <span class='ocrx_word' id='word_1_381' title='bbox 1956 3945 2137 4014; x_wconf 75' lang='lat' dir='ltr'><strong>inepte</strong></span> 
     </span>
    </p>
   </div>
   <div class='ocr_carea' id='block_1_78' title="bbox 561 4015 2137 4087">
    <p class='ocr_par' dir='ltr' id='par_1_78' title="bbox 561 4015 2137 4087">
     <span class='ocr_line' id='line_1_79' title="bbox 561 4015 2137 4087; baseline -0.001 -17"><span class='ocrx_word' id='word_1_382' title='bbox 561 4021 717 4073; x_wconf 81' lang='lat' dir='ltr'><strong>movit</strong></span> <span class='ocrx_word' id='word_1_383' title='bbox 746 4020 1023 4087; x_wconf 85' lang='lat' dir='ltr'><strong>amplexus</strong></span> <span class='ocrx_word' id='word_1_384' title='bbox 1050 4025 1134 4070; x_wconf 90' lang='lat' dir='ltr'><strong>est</strong></span> <span class='ocrx_word' id='word_1_385' title='bbox 1164 4015 1463 4083; x_wconf 85' lang='lat' dir='ltr'><strong>Fabricius,</strong></span> <span class='ocrx_word' id='word_1_386' title='bbox 1491 4016 1593 4069; x_wconf 88' lang='lat' dir='ltr'><strong>hoc</strong></span> <span class='ocrx_word' id='word_1_387' title='bbox 1619 4026 1722 4081; x_wconf 89' lang='lat' dir='ltr'><strong>est,</strong></span> <span class='ocrx_word' id='word_1_388' title='bbox 1767 4017 2014 4069; x_wconf 85' lang='lat' dir='ltr'><strong>movendo</strong></span> <span class='ocrx_word' id='word_1_389' title='bbox 2040 4018 2137 4069; x_wconf 86' lang='lat' dir='ltr'><strong>im-</strong></span> 
     </span>
    </p>
   </div>
   <div class='ocr_carea' id='block_1_79' title="bbox 558 4086 2133 4160">
    <p class='ocr_par' dir='ltr' id='par_1_79' title="bbox 558 4086 2133 4160">
     <span class='ocr_line' id='line_1_80' title="bbox 558 4086 2133 4160; baseline -0.003 -16"><span class='ocrx_word' id='word_1_390' title='bbox 558 4091 708 4155; x_wconf 76' lang='lat' dir='ltr'><strong>oulit,</strong></span> <span class='ocrx_word' id='word_1_391' title='bbox 738 4086 1095 4160; x_wconf 79' lang='lat' dir='ltr'><strong>persuadendo</strong></span> <span class='ocrx_word' id='word_1_392' title='bbox 1115 4087 1376 4160; x_wconf 85' lang='lat' dir='ltr'><strong>coegit,_et</strong></span> <span class='ocrx_word' id='word_1_393' title='bbox 1396 4087 1444 4139; x_wconf 87' lang='lat' dir='ltr'><strong>id</strong></span> <span class='ocrx_word' id='word_1_394' title='bbox 1472 4087 1665 4160; x_wconf 77' lang='lat' dir='ltr'><strong>legitur</strong></span> <span class='ocrx_word' id='word_1_395' title='bbox 1690 4088 1741 4140; x_wconf 95' lang='lat' dir='ltr'><strong>in</strong></span> <span class='ocrx_word' id='word_1_396' title='bbox 1772 4086 1889 4140; x_wconf 81' lang='lat' dir='ltr'><strong>Vat.</strong></span> <span class='ocrx_word' id='word_1_397' title='bbox 1923 4086 1986 4139; x_wconf 93' lang='grc' dir='ltr'><strong>Ο.</strong></span> <span class='ocrx_word' id='word_1_398' title='bbox 2018 4087 2133 4160; x_wconf 80' lang='lat' dir='ltr'><strong>Non</strong></span> 
     </span>
    </p>
   </div>
   <div class='ocr_carea' id='block_1_80' title="bbox 560 4156 2137 4228">
    <p class='ocr_par' dir='ltr' id='par_1_80' title="bbox 560 4156 2137 4228">
     <span class='ocr_line' id='line_1_81' title="bbox 560 4156 2137 4228; baseline -0.002 -15"><span class='ocrx_word' id='word_1_399' title='bbox 560 4156 748 4215; x_wconf 81' lang='lat' dir='ltr'><strong>dubito</strong></span> <span class='ocrx_word' id='word_1_400' title='bbox 769 4161 897 4228; x_wconf 89' lang='lat' dir='ltr'><strong>quin</strong></span> <span class='ocrx_word' id='word_1_401' title='bbox 926 4173 1049 4213; x_wconf 88' lang='lat' dir='ltr'><strong>vera</strong></span> <span class='ocrx_word' id='word_1_402' title='bbox 1081 4156 1243 4211; x_wconf 86' lang='lat' dir='ltr'><strong>lectio</strong></span> <span class='ocrx_word' id='word_1_403' title='bbox 1268 4157 1337 4208; x_wconf 90' lang='lat' dir='ltr'><strong>sit</strong></span> <span class='ocrx_word' id='word_1_404' title='bbox 1358 4159 1571 4228; x_wconf 83' lang='lat' dir='ltr'><strong>monuit.</strong></span> <span class='ocrx_word' id='word_1_405' title='bbox 1604 4156 1882 4225; x_wconf 71' lang='lat' dir='ltr'><strong>()orruptm</strong></span> <span class='ocrx_word' id='word_1_406' title='bbox 1905 4158 2137 4211; x_wconf 86' lang='lat' dir='ltr'><strong>nonnul-</strong></span> 
     </span>
    </p>
   </div>
   <div class='ocr_carea' id='block_1_81' title="bbox 561 4227 2133 4284">
    <p class='ocr_par' dir='ltr' id='par_1_81' title="bbox 561 4227 2133 4284">
     <span class='ocr_line' id='line_1_82' title="bbox 561 4227 2133 4284; baseline -0.001 -1"><span class='ocrx_word' id='word_1_407' title='bbox 561 4230 625 4283; x_wconf 69' lang='lat' dir='ltr'><strong>las</strong></span> <span class='ocrx_word' id='word_1_408' title='bbox 670 4227 839 4284; x_wconf 80' lang='lat' dir='ltr'><strong>Plauti</strong></span> <span class='ocrx_word' id='word_1_409' title='bbox 887 4228 1152 4283; x_wconf 80' lang='lat' dir='ltr'><strong>editiones</strong></span> <span class='ocrx_word' id='word_1_410' title='bbox 1191 4227 1517 4280; x_wconf 88' lang='lat' dir='ltr'><strong>contrarium</strong></span> <span class='ocrx_word' id='word_1_411' title='bbox 1557 4241 1799 4281; x_wconf 89' lang='lat' dir='ltr'><strong>errorem</strong></span> <span class='ocrx_word' id='word_1_412' title='bbox 1843 4235 2133 4281; x_wconf 90' lang='lat' dir='ltr'><strong>tenuerunt</strong></span> 
     </span>
    </p>
   </div>
   <div class='ocr_carea' id='block_1_82' title="bbox 559 4296 2130 4366">
    <p class='ocr_par' dir='ltr' id='par_1_82' title="bbox 559 4296 2130 4366">
     <span class='ocr_line' id='line_1_83' title="bbox 559 4296 2130 4366; baseline -0.001 -13"><span class='ocrx_word' id='word_1_413' title='bbox 559 4301 755 4353; x_wconf 82' lang='lat' dir='ltr'><strong>monuit</strong></span> <span class='ocrx_word' id='word_1_414' title='bbox 800 4299 923 4352; x_wconf 85' lang='lat' dir='ltr'><strong>mihi</strong></span> <span class='ocrx_word' id='word_1_415' title='bbox 971 4312 1067 4366; x_wconf 90' lang='lat' dir='ltr'><strong>pro</strong></span> <span class='ocrx_word' id='word_1_416' title='bbox 1094 4298 1247 4349; x_wconf 87' lang='lat' dir='ltr'><strong>movit</strong></span> <span class='ocrx_word' id='word_1_417' title='bbox 1277 4335 1292 4359; x_wconf 95' lang='lat'><strong>,</strong></span> <span class='ocrx_word' id='word_1_418' title='bbox 1339 4296 1559 4350; x_wconf 81' lang='lat' dir='ltr'><strong>Trucul.</strong></span> <span class='ocrx_word' id='word_1_419' title='bbox 1599 4306 1706 4351; x_wconf 90' lang='lat' dir='ltr'><strong>act.</strong></span> <span class='ocrx_word' id='word_1_420' title='bbox 1757 4312 1833 4362; x_wconf 83' lang='lat' dir='ltr'><strong>tv,</strong></span> <span class='ocrx_word' id='word_1_421' title='bbox 1885 4311 2038 4353; x_wconf 86' lang='lat' dir='ltr'><strong>scen.</strong></span> <span class='ocrx_word' id='word_1_422' title='bbox 2079 4299 2130 4361; x_wconf 81' lang='grc'><strong>1,</strong></span> 
     </span>
    </p>
   </div>
   <div class='ocr_carea' id='block_1_83' title="bbox 563 4366 2129 4436">
    <p class='ocr_par' dir='ltr' id='par_1_83' title="bbox 563 4366 2129 4436">
     <span class='ocr_line' id='line_1_84' title="bbox 563 4366 2129 4436; baseline -0.001 -13"><span class='ocrx_word' id='word_1_423' title='bbox 563 4368 734 4423; x_wconf 84' lang='lat' dir='ltr'><strong>Unum</strong></span> <span class='ocrx_word' id='word_1_424' title='bbox 780 4372 976 4422; x_wconf 86' lang='lat' dir='ltr'><strong>animos</strong></span> <span class='ocrx_word' id='word_1_425' title='bbox 1027 4368 1177 4419; x_wconf 81' lang='lat' dir='ltr'><strong>movit</strong></span> <span class='ocrx_word' id='word_1_426' title='bbox 1230 4366 1390 4430; x_wconf 88' lang='lat' dir='ltr'><strong>mihi,</strong></span> <span class='ocrx_word' id='word_1_427' title='bbox 1447 4382 1751 4436; x_wconf 89' lang='lat' dir='ltr'><strong>quanquam</strong></span> <span class='ocrx_word' id='word_1_428' title='bbox 1803 4367 1893 4421; x_wconf 88' lang='lat' dir='ltr'><strong>alii</strong></span> <span class='ocrx_word' id='word_1_429' title='bbox 1926 4367 2129 4435; x_wconf 83' lang='lat' dir='ltr'><strong>legunt,</strong></span> 
     </span>
    </p>
   </div>
   <div class='ocr_carea' id='block_1_84' title="bbox 563 4436 2129 4506">
    <p class='ocr_par' dir='ltr' id='par_1_84' title="bbox 563 4436 2129 4506">
     <span class='ocr_line' id='line_1_85' title="bbox 563 4436 2129 4506; baseline -0.001 -13"><span class='ocrx_word' id='word_1_430' title='bbox 563 4438 731 4493; x_wconf 86' lang='lat' dir='ltr'><strong>Unum</strong></span> <span class='ocrx_word' id='word_1_431' title='bbox 760 4441 960 4493; x_wconf 87' lang='lat' dir='ltr'><strong>animus</strong></span> <span class='ocrx_word' id='word_1_432' title='bbox 988 4438 1178 4491; x_wconf 86' lang='lat' dir='ltr'><strong>monuit</strong></span> <span class='ocrx_word' id='word_1_433' title='bbox 1208 4453 1307 4491; x_wconf 91' lang='lat' dir='ltr'><strong>me.</strong></span> <span class='ocrx_word' id='word_1_434' title='bbox 1334 4436 1519 4491; x_wconf 85' lang='lat' dir='ltr'><strong>Mirum</strong></span> <span class='ocrx_word' id='word_1_435' title='bbox 1551 4446 1633 4491; x_wconf 85' lang='lat' dir='ltr'><strong>est</strong></span> <span class='ocrx_word' id='word_1_436' title='bbox 1662 4446 1839 4490; x_wconf 89' lang='lat' dir='ltr'><strong>autem</strong></span> <span class='ocrx_word' id='word_1_437' title='bbox 1871 4440 2009 4506; x_wconf 90' lang='lat' dir='ltr'><strong>quod</strong></span> <span class='ocrx_word' id='word_1_438' title='bbox 2033 4454 2129 4491; x_wconf 87' lang='lat' dir='ltr'><strong>au-</strong></span> 
     </span>
    </p>
   </div>
   <div class='ocr_carea' id='block_1_85' title="bbox 2245 3240 3759 3310">
    <p class='ocr_par' dir='ltr' id='par_1_85' title="bbox 2245 3240 3759 3310">
     <span class='ocr_line' id='line_1_86' title="bbox 2245 3240 3759 3310; baseline -0.002 -14"><span class='ocrx_word' id='word_1_439' title='bbox 2245 3240 2453 3296; x_wconf 84' lang='lat' dir='ltr'><strong>cedenti</strong></span> <span class='ocrx_word' id='word_1_440' title='bbox 2474 3241 2691 3307; x_wconf 87' lang='lat' dir='ltr'><strong>str0pha</strong></span> <span class='ocrx_word' id='word_1_441' title='bbox 2717 3240 2777 3292; x_wconf 87' lang='lat' dir='ltr'><strong>lit</strong></span> <span class='ocrx_word' id='word_1_442' title='bbox 2796 3240 3155 3309; x_wconf 88' lang='lat' dir='ltr'><strong>perspicuum.</strong></span> <span class='ocrx_word' id='word_1_443' title='bbox 3177 3241 3245 3295; x_wconf 86' lang='lat' dir='ltr'><strong>Et</strong></span> <span class='ocrx_word' id='word_1_444' title='bbox 3265 3242 3520 3309; x_wconf 88' lang='lat' dir='ltr'><strong>Sedulius,</strong></span> <span class='ocrx_word' id='word_1_445' title='bbox 3542 3259 3669 3310; x_wconf 84' lang='lat' dir='ltr'><strong>quem</strong></span> <span class='ocrx_word' id='word_1_446' title='bbox 3687 3240 3759 3294; x_wconf 80' lang='lat' dir='ltr'><strong>Fa-</strong></span> 
     </span>
    </p>
   </div>
   <div class='ocr_carea' id='block_1_86' title="bbox 2246 3312 3757 3377">
    <p class='ocr_par' dir='ltr' id='par_1_86' title="bbox 2246 3312 3757 3377">
     <span class='ocr_line' id='line_1_87' title="bbox 2246 3312 3757 3377; baseline -0.003 -10"><span class='ocrx_word' id='word_1_447' title='bbox 2246 3312 2446 3368; x_wconf 87' lang='lat' dir='ltr'><strong>bricius</strong></span> <span class='ocrx_word' id='word_1_448' title='bbox 2474 3312 2730 3375; x_wconf 89' lang='lat' dir='ltr'><strong>nominat,</strong></span> <span class='ocrx_word' id='word_1_449' title='bbox 2751 3312 3072 3377; x_wconf 84' lang='lat' dir='ltr'><strong>estipsemet</strong></span> <span class='ocrx_word' id='word_1_450' title='bbox 3099 3313 3477 3368; x_wconf 88' lang='lat' dir='ltr'><strong>Prudentiusin</strong></span> <span class='ocrx_word' id='word_1_451' title='bbox 3505 3312 3757 3374; x_wconf 70' lang='lat' dir='ltr'><strong>Dittoclimo,</strong></span> 
     </span>
    </p>
   </div>
   <div class='ocr_carea' id='block_1_87' title="bbox 2243 3381 3759 3453">
    <p class='ocr_par' dir='ltr' id='par_1_87' title="bbox 2243 3381 3759 3453">
     <span class='ocr_line' id='line_1_88' title="bbox 2243 3381 3759 3453; baseline -0.002 -16"><span class='ocrx_word' id='word_1_452' title='bbox 2243 3384 2385 3447; x_wconf 79' lang='lat' dir='ltr'><strong>mind</strong></span> <span class='ocrx_word' id='word_1_453' title='bbox 2415 3381 2688 3453; x_wconf 81' lang='lat' dir='ltr'><strong>Fabricius</strong></span> <span class='ocrx_word' id='word_1_454' title='bbox 2719 3383 2939 3436; x_wconf 88' lang='lat' dir='ltr'><strong>Sedulio</strong></span> <span class='ocrx_word' id='word_1_455' title='bbox 2995 3383 3238 3438; x_wconf 86' lang='lat' dir='ltr'><strong>ascribit.</strong></span> <span class='ocrx_word' id='word_1_456' title='bbox 3283 3385 3512 3453; x_wconf 82' lang='lat' dir='ltr'><strong>Intelligo</strong></span> <span class='ocrx_word' id='word_1_457' title='bbox 3533 3426 3545 3449; x_wconf 90' lang='lat'><strong>,</strong></span> <span class='ocrx_word' id='word_1_458' title='bbox 3577 3382 3759 3453; x_wconf 83' lang='lat' dir='ltr'><strong>Pruden-</strong></span> 
     </span>
    </p>
   </div>
   <div class='ocr_carea' id='block_1_88' title="bbox 2244 3451 3758 3522">
    <p class='ocr_par' dir='ltr' id='par_1_88' title="bbox 2244 3451 3758 3522">
     <span class='ocr_line' id='line_1_89' title="bbox 2244 3451 3758 3522; baseline -0.003 -15"><span class='ocrx_word' id='word_1_459' title='bbox 2244 3456 2375 3507; x_wconf 89' lang='lat' dir='ltr'><strong>tium</strong></span> <span class='ocrx_word' id='word_1_460' title='bbox 2406 3453 2632 3522; x_wconf 85' lang='lat' dir='ltr'><strong>mystice</strong></span> <span class='ocrx_word' id='word_1_461' title='bbox 2653 3451 2893 3520; x_wconf 85' lang='lat' dir='ltr'><strong>loqui,et</strong></span> <span class='ocrx_word' id='word_1_462' title='bbox 2914 3453 3150 3506; x_wconf 84' lang='lat' dir='ltr'><strong>exstasin</strong></span> <span class='ocrx_word' id='word_1_463' title='bbox 3183 3469 3377 3509; x_wconf 86' lang='lat' dir='ltr'><strong>vocare</strong></span> <span class='ocrx_word' id='word_1_464' title='bbox 3405 3451 3641 3509; x_wconf 87' lang='lat' dir='ltr'><strong>somnum.</strong></span> <span class='ocrx_word' id='word_1_465' title='bbox 3663 3452 3758 3522; x_wconf 74' lang='lat' dir='ltr'><strong>Vide</strong></span> 
     </span>
    </p>
   </div>
   <div class='ocr_carea' id='block_1_89' title="bbox 2242 3521 3755 3590">
    <p class='ocr_par' dir='ltr' id='par_1_89' title="bbox 2242 3521 3755 3590">
     <span class='ocr_line' id='line_1_90' title="bbox 2242 3521 3755 3590; baseline -0.005 -11"><span class='ocrx_word' id='word_1_466' title='bbox 2242 3525 2298 3579; x_wconf 88' lang='lat' dir='ltr'><strong>S.</strong></span> <span class='ocrx_word' id='word_1_467' title='bbox 2327 3521 2655 3577; x_wconf 84' lang='lat' dir='ltr'><strong>Bernardum</strong></span> <span class='ocrx_word' id='word_1_468' title='bbox 2682 3537 2849 3585; x_wconf 74' lang='lat' dir='ltr'><strong>seun.</strong></span> <span class='ocrx_word' id='word_1_469' title='bbox 2877 3522 2949 3576; x_wconf 76' lang='lat'><strong>5‘2</strong></span> <span class='ocrx_word' id='word_1_470' title='bbox 2982 3524 3037 3576; x_wconf 89' lang='lat' dir='ltr'><strong>in</strong></span> <span class='ocrx_word' id='word_1_471' title='bbox 3065 3526 3273 3578; x_wconf 84' lang='lat' dir='ltr'><strong>cantica</strong></span> <span class='ocrx_word' id='word_1_472' title='bbox 3300 3566 3315 3586; x_wconf 89' lang='lat'><strong>,</strong></span> <span class='ocrx_word' id='word_1_473' title='bbox 3359 3527 3432 3577; x_wconf 86' lang='lat' dir='ltr'><strong>De</strong></span> <span class='ocrx_word' id='word_1_474' title='bbox 3462 3539 3659 3586; x_wconf 71' lang='lat' dir='ltr'><strong>excessit,</strong></span> <span class='ocrx_word' id='word_1_475' title='bbox 3693 3521 3755 3590; x_wconf 72' lang='lat' dir='ltr'><strong>qui</strong></span> 
     </span>
    </p>
   </div>
   <div class='ocr_carea' id='block_1_90' title="bbox 2242 3593 3758 3664">
    <p class='ocr_par' dir='ltr' id='par_1_90' title="bbox 2242 3593 3758 3664">
     <span class='ocr_line' id='line_1_91' title="bbox 2242 3593 3758 3664; baseline -0.002 -18"><span class='ocrx_word' id='word_1_476' title='bbox 2242 3594 2602 3658; x_wconf 81' lang='lat' dir='ltr'><strong>contemplatio</strong></span> <span class='ocrx_word' id='word_1_477' title='bbox 2644 3593 2833 3646; x_wconf 84' lang='lat' dir='ltr'><strong>dicitur</strong></span> <span class='ocrx_word' id='word_1_478' title='bbox 2857 3632 2873 3660; x_wconf 92' lang='lat'><strong>,</strong></span> <span class='ocrx_word' id='word_1_479' title='bbox 2915 3594 2967 3647; x_wconf 87' lang='lat' dir='ltr'><strong>in</strong></span> <span class='ocrx_word' id='word_1_480' title='bbox 3003 3610 3103 3662; x_wconf 89' lang='lat' dir='ltr'><strong>qua</strong></span> <span class='ocrx_word' id='word_1_481' title='bbox 3144 3608 3371 3663; x_wconf 79' lang='lat' dir='ltr'><strong>sponsus</strong></span> <span class='ocrx_word' id='word_1_482' title='bbox 3413 3596 3528 3663; x_wconf 73' lang='lat' dir='ltr'><strong>facit</strong></span> <span class='ocrx_word' id='word_1_483' title='bbox 3563 3594 3758 3664; x_wconf 79' lang='lat' dir='ltr'><strong>quiescere</strong></span> 
     </span>
    </p>
   </div>
   <div class='ocr_carea' id='block_1_91' title="bbox 2241 3665 2624 3728">
    <p class='ocr_par' dir='ltr' id='par_1_91' title="bbox 2241 3665 2624 3728">
     <span class='ocr_line' id='line_1_92' title="bbox 2241 3665 2624 3728; baseline -0.003 -11"><span class='ocrx_word' id='word_1_484' title='bbox 2241 3665 2489 3728; x_wconf 85' lang='lat' dir='ltr'><strong>animam,</strong></span> <span class='ocrx_word' id='word_1_485' title='bbox 2519 3674 2624 3717; x_wconf 90' lang='lat' dir='ltr'><strong>etc.</strong></span> 
     </span>
    </p>
   </div>
   <div class='ocr_carea' id='block_1_92' title="bbox 2311 3730 3759 3803">
    <p class='ocr_par' dir='ltr' id='par_1_92' title="bbox 2311 3730 3759 3803">
     <span class='ocr_line' id='line_1_93' title="bbox 2311 3730 3759 3803; baseline -0.006 -15"><span class='ocrx_word' id='word_1_486' title='bbox 2311 3734 2402 3788; x_wconf 88' lang='lat'><strong>86.</strong></span> <span class='ocrx_word' id='word_1_487' title='bbox 2447 3734 2617 3789; x_wconf 83' lang='lat' dir='ltr'><strong>Locus</strong></span> <span class='ocrx_word' id='word_1_488' title='bbox 2637 3742 2720 3787; x_wconf 78' lang='lat' dir='ltr'><strong>est</strong></span> <span class='ocrx_word' id='word_1_489' title='bbox 2764 3748 2828 3788; x_wconf 81' lang='lat' dir='ltr'><strong>ex</strong></span> <span class='ocrx_word' id='word_1_490' title='bbox 2859 3748 2977 3802; x_wconf 84' lang='lat' dir='ltr'><strong>cap.</strong></span> <span class='ocrx_word' id='word_1_491' title='bbox 3010 3749 3026 3787; x_wconf 85' lang='grc' dir='ltr'>ι</span> <span class='ocrx_word' id='word_1_492' title='bbox 3058 3734 3309 3803; x_wconf 87' lang='lat' dir='ltr'><strong>Apocal.,</strong></span> <span class='ocrx_word' id='word_1_493' title='bbox 3334 3751 3472 3791; x_wconf 87' lang='lat' dir='ltr'><strong>vers.</strong></span> <span class='ocrx_word' id='word_1_494' title='bbox 3515 3734 3591 3800; x_wconf 77' lang='grc'><strong>16,</strong></span> <span class='ocrx_word' id='word_1_495' title='bbox 3618 3731 3673 3786; x_wconf 86' lang='lat' dir='ltr'><strong>Et</strong></span> <span class='ocrx_word' id='word_1_496' title='bbox 3692 3730 3759 3781; x_wconf 81' lang='lat' dir='ltr'><strong>lm-</strong></span> 
     </span>
    </p>
   </div>
   <div class='ocr_carea' id='block_1_93' title="bbox 2241 3803 3759 3876">
    <p class='ocr_par' dir='ltr' id='par_1_93' title="bbox 2241 3803 3759 3876">
     <span class='ocr_line' id='line_1_94' title="bbox 2241 3803 3759 3876; baseline -0.002 -19"><span class='ocrx_word' id='word_1_497' title='bbox 2241 3803 2383 3858; x_wconf 84' lang='lat' dir='ltr'><strong>bebat</strong></span> <span class='ocrx_word' id='word_1_498' title='bbox 2406 3806 2457 3858; x_wconf 84' lang='lat' dir='ltr'><strong>in</strong></span> <span class='ocrx_word' id='word_1_499' title='bbox 2481 3806 2687 3858; x_wconf 75' lang='lat' dir='ltr'><strong>dextera</strong></span> <span class='ocrx_word' id='word_1_500' title='bbox 2706 3821 2798 3857; x_wconf 87' lang='lat' dir='ltr'><strong>sua</strong></span> <span class='ocrx_word' id='word_1_501' title='bbox 2818 3806 2993 3857; x_wconf 86' lang='lat' dir='ltr'><strong>stellas</strong></span> <span class='ocrx_word' id='word_1_502' title='bbox 3015 3817 3203 3876; x_wconf 84' lang='lat' dir='ltr'><strong>septem</strong></span> <span class='ocrx_word' id='word_1_503' title='bbox 3228 3823 3247 3860; x_wconf 92' lang='lat'><strong><em>:</em></strong></span> <span class='ocrx_word' id='word_1_504' title='bbox 3275 3818 3322 3859; x_wconf 88' lang='lat' dir='ltr'><strong>et</strong></span> <span class='ocrx_word' id='word_1_505' title='bbox 3345 3809 3407 3860; x_wconf 86' lang='lat' dir='ltr'><strong>de</strong></span> <span class='ocrx_word' id='word_1_506' title='bbox 3448 3823 3529 3876; x_wconf 79' lang='lat' dir='ltr'><strong>ore</strong></span> <span class='ocrx_word' id='word_1_507' title='bbox 3562 3803 3759 3876; x_wconf 17' lang='lat' dir='ltr'><strong>ejitsngla-</strong></span> 
     </span>
    </p>
   </div>
   <div class='ocr_carea' id='block_1_94' title="bbox 2239 3874 3757 3945">
    <p class='ocr_par' dir='ltr' id='par_1_94' title="bbox 2239 3874 3757 3945">
     <span class='ocr_line' id='line_1_95' title="bbox 2239 3874 3757 3945; baseline -0.003 -17"><span class='ocrx_word' id='word_1_508' title='bbox 2239 3877 2355 3928; x_wconf 86' lang='lat' dir='ltr'><strong>dius</strong></span> <span class='ocrx_word' id='word_1_509' title='bbox 2381 3886 2595 3945; x_wconf 87' lang='lat' dir='ltr'><strong>utraque</strong></span> <span class='ocrx_word' id='word_1_510' title='bbox 2628 3887 2770 3940; x_wconf 87' lang='lat' dir='ltr'><strong>parte</strong></span> <span class='ocrx_word' id='word_1_511' title='bbox 2808 3885 2988 3929; x_wconf 86' lang='lat' dir='ltr'><strong>acutus</strong></span> <span class='ocrx_word' id='word_1_512' title='bbox 3026 3875 3213 3929; x_wconf 76' lang='lat' dir='ltr'><strong>exibat.</strong></span> <span class='ocrx_word' id='word_1_513' title='bbox 3267 3878 3482 3931; x_wconf 78' lang='lat' dir='ltr'><strong>Miratur</strong></span> <span class='ocrx_word' id='word_1_514' title='bbox 3500 3874 3757 3945; x_wconf 68' lang='lat' dir='ltr'><strong>Chanaillar-</strong></span> 
     </span>
    </p>
   </div>
   <div class='ocr_carea' id='block_1_95' title="bbox 2237 3944 3753 4015">
    <p class='ocr_par' dir='ltr' id='par_1_95' title="bbox 2237 3944 3753 4015">
     <span class='ocr_line' id='line_1_96' title="bbox 2237 3944 3753 4015; baseline -0.005 -15"><span class='ocrx_word' id='word_1_515' title='bbox 2237 3948 2340 4000; x_wconf 89' lang='lat' dir='ltr'><strong>dus</strong></span> <span class='ocrx_word' id='word_1_516' title='bbox 2367 3961 2466 3999; x_wconf 91' lang='lat' dir='ltr'><strong>cur</strong></span> <span class='ocrx_word' id='word_1_517' title='bbox 2496 3945 2813 3999; x_wconf 83' lang='lat' dir='ltr'><strong>Prudentius</strong></span> <span class='ocrx_word' id='word_1_518' title='bbox 2870 3960 3082 3998; x_wconf 88' lang='lat' dir='ltr'><strong>manum</strong></span> <span class='ocrx_word' id='word_1_519' title='bbox 3135 3946 3316 4015; x_wconf 90' lang='lat' dir='ltr'><strong>gladio</strong></span> <span class='ocrx_word' id='word_1_520' title='bbox 3346 3956 3585 4001; x_wconf 84' lang='lat' dir='ltr'><strong>armatam</strong></span> <span class='ocrx_word' id='word_1_521' title='bbox 3632 3944 3753 4002; x_wconf 78' lang='lat' dir='ltr'><strong>dicat,</strong></span> 
     </span>
    </p>
   </div>
   <div class='ocr_carea' id='block_1_96' title="bbox 2234 4015 3757 4085">
    <p class='ocr_par' dir='ltr' id='par_1_96' title="bbox 2234 4015 3757 4085">
     <span class='ocr_line' id='line_1_97' title="bbox 2234 4015 3757 4085; baseline -0.005 -15"><span class='ocrx_word' id='word_1_522' title='bbox 2234 4031 2359 4070; x_wconf 90' lang='lat' dir='ltr'><strong>cum</strong></span> <span class='ocrx_word' id='word_1_523' title='bbox 2417 4031 2481 4070; x_wconf 77' lang='lat' dir='ltr'><strong>ex</strong></span> <span class='ocrx_word' id='word_1_524' title='bbox 2534 4031 2629 4070; x_wconf 87' lang='lat' dir='ltr'><strong>ore</strong></span> <span class='ocrx_word' id='word_1_525' title='bbox 2673 4016 2888 4085; x_wconf 92' lang='lat' dir='ltr'><strong>prodire</strong></span> <span class='ocrx_word' id='word_1_526' title='bbox 2923 4015 3153 4084; x_wconf 85' lang='lat' dir='ltr'><strong>gladium</strong></span> <span class='ocrx_word' id='word_1_527' title='bbox 3207 4016 3438 4071; x_wconf 81' lang='lat' dir='ltr'><strong>Joannes</strong></span> <span class='ocrx_word' id='word_1_528' title='bbox 3476 4015 3757 4085; x_wconf 56' lang='lat' dir='ltr'><strong>affirmet.“</strong></span> 
     </span>
    </p>
   </div>
   <div class='ocr_carea' id='block_1_97' title="bbox 2240 4084 3755 4162">
    <p class='ocr_par' dir='ltr' id='par_1_97' title="bbox 2240 4084 3755 4162">
     <span class='ocr_line' id='line_1_98' title="bbox 2240 4084 3755 4162; baseline -0.003 -21"><span class='ocrx_word' id='word_1_529' title='bbox 2240 4087 2561 4162; x_wconf 80' lang='lat' dir='ltr'><strong>Prudentius</strong></span> <span class='ocrx_word' id='word_1_530' title='bbox 2582 4084 2934 4162; x_wconf 79' lang='lat' dir='ltr'><strong>progressum</strong></span> <span class='ocrx_word' id='word_1_531' title='bbox 2957 4085 3119 4162; x_wconf 79' lang='lat' dir='ltr'><strong>gladii</strong></span> <span class='ocrx_word' id='word_1_532' title='bbox 3148 4101 3210 4162; x_wconf 83' lang='lat' dir='ltr'><strong>e_x_</strong></span> <span class='ocrx_word' id='word_1_533' title='bbox 3234 4102 3331 4141; x_wconf 85' lang='lat' dir='ltr'><strong>ore</strong></span> <span class='ocrx_word' id='word_1_534' title='bbox 3358 4089 3423 4140; x_wconf 85' lang='lat' dir='ltr'><strong>ad</strong></span> <span class='ocrx_word' id='word_1_535' title='bbox 3458 4099 3644 4162; x_wconf 80' lang='lat' dir='ltr'><strong>manum</strong></span> <span class='ocrx_word' id='word_1_536' title='bbox 3664 4084 3755 4162; x_wconf 53' lang='lat' dir='ltr'><strong>atti-</strong></span> 
     </span>
    </p>
   </div>
   <div class='ocr_carea' id='block_1_98' title="bbox 2238 4152 3753 4226">
    <p class='ocr_par' dir='ltr' id='par_1_98' title="bbox 2238 4152 3753 4226">
     <span class='ocr_line' id='line_1_99' title="bbox 2238 4152 3753 4226; baseline -0.003 -18"><span class='ocrx_word' id='word_1_537' title='bbox 2238 4159 2334 4226; x_wconf 83' lang='lat' dir='ltr'><strong>git.</strong></span> <span class='ocrx_word' id='word_1_538' title='bbox 2370 4159 2423 4211; x_wconf 92' lang='lat' dir='ltr'><strong>In</strong></span> <span class='ocrx_word' id='word_1_539' title='bbox 2450 4174 2543 4211; x_wconf 92' lang='lat' dir='ltr'><strong>ore</strong></span> <span class='ocrx_word' id='word_1_540' title='bbox 2570 4152 2819 4213; x_wconf 73' lang='lat' dir='ltr'><strong>Christus</strong></span> <span class='ocrx_word' id='word_1_541' title='bbox 2858 4152 3031 4225; x_wconf 79' lang='lat' dir='ltr'><strong>gestat</strong></span> <span class='ocrx_word' id='word_1_542' title='bbox 3073 4156 3328 4222; x_wconf 78' lang='lat' dir='ltr'><strong>gladium,</strong></span> <span class='ocrx_word' id='word_1_543' title='bbox 3371 4167 3429 4212; x_wconf 91' lang='lat' dir='ltr'><strong>ut</strong></span> <span class='ocrx_word' id='word_1_544' title='bbox 3452 4156 3644 4211; x_wconf 82' lang='lat' dir='ltr'><strong>verbum</strong></span> <span class='ocrx_word' id='word_1_545' title='bbox 3672 4152 3753 4215; x_wconf 78' lang='lat' dir='ltr'><strong>Dei,</strong></span> 
     </span>
    </p>
   </div>
   <div class='ocr_carea' id='block_1_99' title="bbox 2236 4226 3752 4294">
    <p class='ocr_par' dir='ltr' id='par_1_99' title="bbox 2236 4226 3752 4294">
     <span class='ocr_line' id='line_1_100' title="bbox 2236 4226 3752 4294; baseline -0.006 -13"><span class='ocrx_word' id='word_1_546' title='bbox 2236 4228 2347 4282; x_wconf 87' lang='lat' dir='ltr'><strong>sive</strong></span> <span class='ocrx_word' id='word_1_547' title='bbox 2374 4229 2630 4282; x_wconf 87' lang='lat' dir='ltr'><strong>sententia</strong></span> <span class='ocrx_word' id='word_1_548' title='bbox 2663 4229 2716 4281; x_wconf 88' lang='lat' dir='ltr'><strong>in</strong></span> <span class='ocrx_word' id='word_1_549' title='bbox 2742 4236 2981 4280; x_wconf 84' lang='lat' dir='ltr'><strong>extremo</strong></span> <span class='ocrx_word' id='word_1_550' title='bbox 3004 4226 3204 4294; x_wconf 88' lang='lat' dir='ltr'><strong>judicio</strong></span> <span class='ocrx_word' id='word_1_551' title='bbox 3234 4228 3493 4283; x_wconf 87' lang='lat' dir='ltr'><strong>indicetur</strong></span> <span class='ocrx_word' id='word_1_552' title='bbox 3520 4246 3530 4279; x_wconf 92' lang='lat'><strong>:</strong></span> <span class='ocrx_word' id='word_1_553' title='bbox 3561 4228 3605 4279; x_wconf 92' lang='lat' dir='ltr'><strong>in</strong></span> <span class='ocrx_word' id='word_1_554' title='bbox 3632 4234 3752 4275; x_wconf 76' lang='lat' dir='ltr'><strong>manu</strong></span> 
     </span>
    </p>
   </div>
   <div class='ocr_carea' id='block_1_100' title="bbox 2238 4294 3754 4365">
    <p class='ocr_par' dir='ltr' id='par_1_100' title="bbox 2238 4294 3754 4365">
     <span class='ocr_line' id='line_1_101' title="bbox 2238 4294 3754 4365; baseline -0.005 -12"><span class='ocrx_word' id='word_1_555' title='bbox 2238 4312 2386 4362; x_wconf 86' lang='lat' dir='ltr'><strong>vero,</strong></span> <span class='ocrx_word' id='word_1_556' title='bbox 2420 4308 2477 4351; x_wconf 92' lang='lat' dir='ltr'><strong>ut</strong></span> <span class='ocrx_word' id='word_1_557' title='bbox 2505 4310 2819 4365; x_wconf 73' lang='lat' dir='ltr'><strong>progressus</strong></span> <span class='ocrx_word' id='word_1_558' title='bbox 2848 4297 2897 4348; x_wconf 92' lang='lat' dir='ltr'><strong>in</strong></span> <span class='ocrx_word' id='word_1_559' title='bbox 2932 4299 3202 4364; x_wconf 83' lang='lat' dir='ltr'><strong>puniendo</strong></span> <span class='ocrx_word' id='word_1_560' title='bbox 3237 4299 3556 4354; x_wconf 80' lang='lat' dir='ltr'><strong>ostendatur.</strong></span> <span class='ocrx_word' id='word_1_561' title='bbox 3584 4294 3754 4349; x_wconf 81' lang='lat' dir='ltr'><strong>Psalmo</strong></span> 
     </span>
    </p>
   </div>
   <div class='ocr_carea' id='block_1_101' title="bbox 2236 4364 3754 4438">
    <p class='ocr_par' dir='ltr' id='par_1_101' title="bbox 2236 4364 3754 4438">
     <span class='ocr_line' id='line_1_102' title="bbox 2236 4364 3754 4438; baseline -0.005 -16"><span class='ocrx_word' id='word_1_562' title='bbox 2236 4383 2327 4433; x_wconf 85' lang='lat' dir='ltr'><strong>vn,</strong></span> <span class='ocrx_word' id='word_1_563' title='bbox 2357 4364 2586 4438; x_wconf 66' lang='lat' dir='ltr'><strong>gladium</strong></span> <span class='ocrx_word' id='word_1_564' title='bbox 2606 4383 2757 4422; x_wconf 85' lang='lat' dir='ltr'><strong>suum</strong></span> <span class='ocrx_word' id='word_1_565' title='bbox 2788 4367 3022 4419; x_wconf 78' lang='lat' dir='ltr'><strong>vibrabit.</strong></span> <span class='ocrx_word' id='word_1_566' title='bbox 3053 4368 3221 4423; x_wconf 82' lang='lat' dir='ltr'><strong>Exodi</strong></span> <span class='ocrx_word' id='word_1_567' title='bbox 3248 4384 3336 4435; x_wconf 86' lang='lat' dir='ltr'><strong>xv,</strong></span> <span class='ocrx_word' id='word_1_568' title='bbox 3391 4366 3652 4438; x_wconf 75' lang='lat' dir='ltr'><strong>Evaginabo</strong></span> <span class='ocrx_word' id='word_1_569' title='bbox 3672 4364 3754 4435; x_wconf 78' lang='lat' dir='ltr'><strong>gla-</strong></span> 
     </span>
    </p>
   </div>
   <div class='ocr_carea' id='block_1_102' title="bbox 2236 4437 3752 4506">
    <p class='ocr_par' dir='ltr' id='par_1_102' title="bbox 2236 4437 3752 4506">
     <span class='ocr_line' id='line_1_103' title="bbox 2236 4437 3752 4506; baseline -0.004 -16"><span class='ocrx_word' id='word_1_570' title='bbox 2236 4441 2380 4491; x_wconf 85' lang='lat' dir='ltr'><strong>dium</strong></span> <span class='ocrx_word' id='word_1_571' title='bbox 2416 4455 2615 4504; x_wconf 86' lang='lat' dir='ltr'><strong>meum;</strong></span> <span class='ocrx_word' id='word_1_572' title='bbox 2656 4438 2925 4506; x_wconf 80' lang='lat' dir='ltr'><strong>inter/ieiet</strong></span> <span class='ocrx_word' id='word_1_573' title='bbox 2955 4452 3040 4491; x_wconf 89' lang='lat' dir='ltr'><strong>eos</strong></span> <span class='ocrx_word' id='word_1_574' title='bbox 3086 4455 3273 4492; x_wconf 76' lang='lat' dir='ltr'><strong>manus</strong></span> <span class='ocrx_word' id='word_1_575' title='bbox 3312 4455 3442 4493; x_wconf 84' lang='lat' dir='ltr'><strong>mea.</strong></span> <span class='ocrx_word' id='word_1_576' title='bbox 3474 4438 3595 4492; x_wconf 81' lang='lat' dir='ltr'><strong>Vide</strong></span> <span class='ocrx_word' id='word_1_577' title='bbox 3627 4437 3752 4487; x_wconf 81' lang='lat' dir='ltr'><strong>inter-</strong></span> 
     </span>
    </p>
   </div>
   <div class='ocr_carea' id='block_1_103' title="bbox 559 4506 2435 4600">
    <p class='ocr_par' dir='ltr' id='par_1_103' title="bbox 559 4506 2435 4600">
     <span class='ocr_line' id='line_1_104' title="bbox 559 4506 2435 4600; baseline -0.001 -36"><span class='ocrx_word' id='word_1_578' title='bbox 559 4518 677 4564; x_wconf 89' lang='lat' dir='ltr'><strong>ctor</strong></span> <span class='ocrx_word' id='word_1_579' title='bbox 700 4509 1000 4600; x_wconf 70' lang='lat' dir='ltr'><strong>dictionarii</strong></span> <span class='ocrx_word' id='word_1_580' title='bbox 1032 4506 1383 4600; x_wconf 55' lang='lat' dir='ltr'><strong>Taprine‘nsis</strong></span> <span class='ocrx_word' id='word_1_581' title='bbox 1422 4524 1484 4561; x_wconf 86' lang='lat' dir='ltr'><strong>ex</strong></span> <span class='ocrx_word' id='word_1_582' title='bbox 1528 4506 1656 4600; x_wconf 44' lang='lat' dir='ltr'><strong>hoc-</strong></span> <span class='ocrx_word' id='word_1_583' title='bbox 2016 4517 2131 4562; x_wconf 85' lang='lat' dir='ltr'><strong>tan-</strong></span> <span class='ocrx_word' id='word_1_584' title='bbox 2156 4539 2210 4600; x_wconf 68' lang='grc' dir='ltr'><strong>Β</strong></span> <span class='ocrx_word' id='word_1_585' title='bbox 2237 4520 2435 4600; x_wconf 49' lang='grc' dir='ltr'><strong>ρνῗξςεετιἸ</strong></span> 
     </span>
    </p>
   </div>
   <div class='ocr_carea' id='block_1_104' title="bbox 596 4576 2126 4648">
    <p class='ocr_par' dir='ltr' id='par_1_104' title="bbox 596 4576 2126 4648">
     <span class='ocr_line' id='line_1_105' title="bbox 596 4576 2126 4648; baseline 0 -15"><span class='ocrx_word' id='word_1_586' title='bbox 596 4594 715 4633; x_wconf 88' lang='lat' dir='ltr'><strong>uam</strong></span> <span class='ocrx_word' id='word_1_587' title='bbox 745 4580 1074 4648; x_wconf 84' lang='lat' dir='ltr'><strong>exploratum</strong></span> <span class='ocrx_word' id='word_1_588' title='bbox 1108 4576 1409 4642; x_wconf 77' lang='lat' dir='ltr'><strong>tradiderit,</strong></span> <span class='ocrx_word' id='word_1_589' title='bbox 1434 4593 1609 4631; x_wconf 83' lang='lat' dir='ltr'><strong>moneo</strong></span> <span class='ocrx_word' id='word_1_590' title='bbox 1631 4577 1915 4631; x_wconf 87' lang='lat' dir='ltr'><strong>admittere</strong></span> <span class='ocrx_word' id='word_1_591' title='bbox 1945 4592 2126 4633; x_wconf 90' lang='lat' dir='ltr'><strong>casum</strong></span> 
     </span>
    </p>
   </div>
   <div class='ocr_carea' id='block_1_105' title="bbox 552 4596 2126 4717">
    <p class='ocr_par' dir='ltr' id='par_1_105' title="bbox 552 4596 2126 4717">
     <span class='ocr_line' id='line_1_106' title="bbox 596 4596 2126 4648; baseline 0 -15"><span class='ocrx_word' id='word_1_592' title='bbox 596 4596 715 4633; x_wconf 87' lang='lat' dir='ltr'><strong>uam</strong></span> <span class='ocrx_word' id='word_1_593' title='bbox 745 4596 1074 4648; x_wconf 80' lang='lat' dir='ltr'><strong>exploratum</strong></span> <span class='ocrx_word' id='word_1_594' title='bbox 1108 4596 1409 4642; x_wconf 72' lang='grc' dir='ltr'><strong>ιτεωιαυτιι,</strong></span> <span class='ocrx_word' id='word_1_595' title='bbox 1434 4596 1609 4631; x_wconf 83' lang='lat' dir='ltr'><strong>moneo</strong></span> <span class='ocrx_word' id='word_1_596' title='bbox 1631 4596 1915 4631; x_wconf 85' lang='lat' dir='ltr'><strong>aumtttere</strong></span> <span class='ocrx_word' id='word_1_597' title='bbox 1945 4596 2126 4633; x_wconf 87' lang='lat' dir='ltr'><strong>casum</strong></span> 
     </span>
     <span class='ocr_line' id='line_1_107' title="bbox 552 4596 2126 4717; baseline 0 -14"><span class='ocrx_word' id='word_1_598' title='bbox 552 4596 743 4714; x_wconf 59' lang='lat' dir='ltr'><strong>gandi,</strong></span> <span class='ocrx_word' id='word_1_599' title='bbox 779 4650 931 4717; x_wconf 88' lang='lat' dir='ltr'><strong>cujus</strong></span> <span class='ocrx_word' id='word_1_600' title='bbox 966 4649 1283 4701; x_wconf 82' lang='lat' dir='ltr'><strong>auctmitate</strong></span> <span class='ocrx_word' id='word_1_601' title='bbox 1312 4648 1425 4714; x_wconf 84' lang='lat' dir='ltr'><strong>alii,</strong></span> <span class='ocrx_word' id='word_1_602' title='bbox 1461 4663 1569 4701; x_wconf 90' lang='lat' dir='ltr'><strong>non</strong></span> <span class='ocrx_word' id='word_1_603' title='bbox 1608 4648 1863 4713; x_wconf 87' lang='lat' dir='ltr'><strong>inspectis</strong></span> <span class='ocrx_word' id='word_1_604' title='bbox 1911 4649 2126 4715; x_wconf 91' lang='lat' dir='ltr'><strong>optimis</strong></span> 
     </span>
    </p>
   </div>
   <div class='ocr_carea' id='block_1_106' title="bbox 559 4717 2129 4786">
    <p class='ocr_par' dir='ltr' id='par_1_106' title="bbox 559 4717 2129 4786">
     <span class='ocr_line' id='line_1_108' title="bbox 559 4717 2129 4786; baseline 0 -13"><span class='ocrx_word' id='word_1_605' title='bbox 559 4719 879 4773; x_wconf 86' lang='lat' dir='ltr'><strong>editionibus</strong></span> <span class='ocrx_word' id='word_1_606' title='bbox 908 4727 961 4771; x_wconf 90' lang='lat' dir='ltr'><strong>et</strong></span> <span class='ocrx_word' id='word_1_607' title='bbox 983 4720 1332 4786; x_wconf 91' lang='lat' dir='ltr'><strong>interpretum</strong></span> <span class='ocrx_word' id='word_1_608' title='bbox 1358 4720 1571 4771; x_wconf 89' lang='lat' dir='ltr'><strong>monitis</strong></span> <span class='ocrx_word' id='word_1_609' title='bbox 1588 4717 1697 4785; x_wconf 90' lang='lat' dir='ltr'><strong>jam</strong></span> <span class='ocrx_word' id='word_1_610' title='bbox 1735 4717 1859 4771; x_wconf 90' lang='lat' dir='ltr'><strong>inde</strong></span> <span class='ocrx_word' id='word_1_611' title='bbox 1882 4732 1911 4770; x_wconf 91' lang='lat' dir='ltr'><strong>a</strong></span> <span class='ocrx_word' id='word_1_612' title='bbox 1938 4719 2129 4773; x_wconf 76' lang='lat' dir='ltr'><strong>Came-</strong></span> 
     </span>
    </p>
   </div>
   <div class='ocr_carea' id='block_1_107' title="bbox 554 4787 2122 4856">
    <p class='ocr_par' dir='ltr' id='par_1_107' title="bbox 554 4787 2122 4856">
     <span class='ocr_line' id='line_1_109' title="bbox 554 4787 2122 4856; baseline 0.001 -15"><span class='ocrx_word' id='word_1_613' title='bbox 554 4790 699 4842; x_wconf 86' lang='lat' dir='ltr'><strong>rario</strong></span> <span class='ocrx_word' id='word_1_614' title='bbox 726 4788 990 4856; x_wconf 85' lang='lat' dir='ltr'><strong>repetitis,</strong></span> <span class='ocrx_word' id='word_1_615' title='bbox 1023 4787 1308 4842; x_wconf 88' lang='lat' dir='ltr'><strong>obscuram</strong></span> <span class='ocrx_word' id='word_1_616' title='bbox 1352 4789 1480 4841; x_wconf 86' lang='lat' dir='ltr'><strong>mihi</strong></span> <span class='ocrx_word' id='word_1_617' title='bbox 1528 4787 1677 4841; x_wconf 89' lang='lat' dir='ltr'><strong>litem</strong></span> <span class='ocrx_word' id='word_1_618' title='bbox 1717 4789 1996 4843; x_wconf 87' lang='lat' dir='ltr'><strong>intendere</strong></span> <span class='ocrx_word' id='word_1_619' title='bbox 2026 4803 2122 4843; x_wconf 83' lang='lat' dir='ltr'><strong>vo-</strong></span> 
     </span>
    </p>
   </div>
   <div class='ocr_carea' id='block_1_108' title="bbox 556 4856 2124 4927">
    <p class='ocr_par' dir='ltr' id='par_1_108' title="bbox 556 4856 2124 4927">
     <span class='ocr_line' id='line_1_110' title="bbox 556 4856 2124 4927; baseline 0 -15"><span class='ocrx_word' id='word_1_620' title='bbox 556 4857 767 4912; x_wconf 85' lang='lat' dir='ltr'><strong>luerunt</strong></span> <span class='ocrx_word' id='word_1_621' title='bbox 788 4874 850 4912; x_wconf 86' lang='lat' dir='ltr'><strong>ac</strong></span> <span class='ocrx_word' id='word_1_622' title='bbox 872 4860 1115 4927; x_wconf 85' lang='lat' dir='ltr'><strong>probare,</strong></span> <span class='ocrx_word' id='word_1_623' title='bbox 1147 4873 1288 4926; x_wconf 60' lang='lat' dir='ltr'><strong>atque</strong></span> <span class='ocrx_word' id='word_1_624' title='bbox 1308 4859 1459 4923; x_wconf 75' lang='lat' dir='ltr'><strong>facile</strong></span> <span class='ocrx_word' id='word_1_625' title='bbox 1489 4856 1698 4911; x_wconf 74' lang='lat' dir='ltr'><strong>defendi</strong></span> <span class='ocrx_word' id='word_1_626' title='bbox 1726 4872 1883 4923; x_wconf 90' lang='lat' dir='ltr'><strong>posse</strong></span> <span class='ocrx_word' id='word_1_627' title='bbox 1902 4859 2124 4913; x_wconf 83' lang='lat' dir='ltr'><strong>verbum</strong></span> 
     </span>
    </p>
   </div>
   <div class='ocr_carea' id='block_1_109' title="bbox 556 4927 2123 4989">
    <p class='ocr_par' dir='ltr' id='par_1_109' title="bbox 556 4927 2123 4989">
     <span class='ocr_line' id='line_1_111' title="bbox 556 4927 2123 4989; baseline 0.002 -9"><span class='ocrx_word' id='word_1_628' title='bbox 556 4943 734 4980; x_wconf 86' lang='lat' dir='ltr'><strong>moneo</strong></span> <span class='ocrx_word' id='word_1_629' title='bbox 760 4941 879 4981; x_wconf 90' lang='lat' dir='ltr'><strong>cum</strong></span> <span class='ocrx_word' id='word_1_630' title='bbox 930 4927 1107 4980; x_wconf 85' lang='lat' dir='ltr'><strong>dativo</strong></span> <span class='ocrx_word' id='word_1_631' title='bbox 1134 4927 1427 4989; x_wconf 67' lang='lat' dir='ltr'><strong>cohaerere,</strong></span> <span class='ocrx_word' id='word_1_632' title='bbox 1458 4942 1521 4981; x_wconf 87' lang='lat' dir='ltr'><strong>ac</strong></span> <span class='ocrx_word' id='word_1_633' title='bbox 1550 4928 1836 4981; x_wconf 90' lang='lat' dir='ltr'><strong>secundam</strong></span> <span class='ocrx_word' id='word_1_634' title='bbox 1880 4930 2123 4983; x_wconf 87' lang='lat' dir='ltr'><strong>vocalem</strong></span> 
     </span>
    </p>
   </div>
   <div class='ocr_carea' id='block_1_110' title="bbox 556 4996 2123 5065">
    <p class='ocr_par' dir='ltr' id='par_1_110' title="bbox 556 4996 2123 5065">
     <span class='ocr_line' id='line_1_112' title="bbox 556 4996 2123 5065; baseline 0.001 -14"><span class='ocrx_word' id='word_1_635' title='bbox 556 5000 609 5051; x_wconf 91' lang='lat' dir='ltr'><strong>in</strong></span> <span class='ocrx_word' id='word_1_636' title='bbox 642 4998 835 5065; x_wconf 80' lang='lat' dir='ltr'><strong>potitur</strong></span> <span class='ocrx_word' id='word_1_637' title='bbox 863 5011 981 5052; x_wconf 90' lang='lat' dir='ltr'><strong>esse</strong></span> <span class='ocrx_word' id='word_1_638' title='bbox 1006 5011 1363 5050; x_wconf 89' lang='lat' dir='ltr'><strong>communem.</strong></span> <span class='ocrx_word' id='word_1_639' title='bbox 1395 4997 1496 5063; x_wconf 86' lang='lat' dir='ltr'><strong>Qui</strong></span> <span class='ocrx_word' id='word_1_640' title='bbox 1533 4998 1578 5051; x_wconf 89' lang='lat' dir='ltr'><strong>si</strong></span> <span class='ocrx_word' id='word_1_641' title='bbox 1620 4996 1990 5053; x_wconf 82' lang='lat' dir='ltr'><strong>defensionem</strong></span> <span class='ocrx_word' id='word_1_642' title='bbox 2022 5000 2123 5053; x_wconf 54' lang='lat' dir='ltr'><strong>ali.</strong></span> 
     </span>
    </p>
   </div>
   <div class='ocr_carea' id='block_1_111' title="bbox 554 5066 2121 5136">
    <p class='ocr_par' dir='ltr' id='par_1_111' title="bbox 554 5066 2121 5136">
     <span class='ocr_line' id='line_1_113' title="bbox 554 5066 2121 5136; baseline 0.001 -16"><span class='ocrx_word' id='word_1_643' title='bbox 554 5083 714 5136; x_wconf 85' lang='lat' dir='ltr'><strong>quam</strong></span> <span class='ocrx_word' id='word_1_644' title='bbox 746 5076 952 5121; x_wconf 88' lang='lat' dir='ltr'><strong>tentare</strong></span> <span class='ocrx_word' id='word_1_645' title='bbox 993 5066 1179 5131; x_wconf 85' lang='lat' dir='ltr'><strong>velint,</strong></span> <span class='ocrx_word' id='word_1_646' title='bbox 1225 5067 1381 5136; x_wconf 88' lang='lat' dir='ltr'><strong>aliam</strong></span> <span class='ocrx_word' id='word_1_647' title='bbox 1421 5068 1559 5120; x_wconf 86' lang='lat' dir='ltr'><strong>viam</strong></span> <span class='ocrx_word' id='word_1_648' title='bbox 1604 5068 1854 5122; x_wconf 86' lang='lat' dir='ltr'><strong>insistere</strong></span> <span class='ocrx_word' id='word_1_649' title='bbox 1904 5067 2121 5134; x_wconf 87' lang='lat' dir='ltr'><strong>debent,</strong></span> 
     </span>
    </p>
   </div>
   <div class='ocr_carea' id='block_1_112' title="bbox 557 5135 1769 5206">
    <p class='ocr_par' dir='ltr' id='par_1_112' title="bbox 557 5135 1769 5206">
     <span class='ocr_line' id='line_1_114' title="bbox 557 5135 1769 5206; baseline 0 -16"><span class='ocrx_word' id='word_1_650' title='bbox 557 5135 729 5205; x_wconf 86' lang='lat' dir='ltr'><strong>neque</strong></span> <span class='ocrx_word' id='word_1_651' title='bbox 756 5148 956 5199; x_wconf 87' lang='lat' dir='ltr'><strong>tamen.</strong></span> <span class='ocrx_word' id='word_1_652' title='bbox 986 5136 1124 5204; x_wconf 90' lang='lat' dir='ltr'><strong>quod</strong></span> <span class='ocrx_word' id='word_1_653' title='bbox 1144 5135 1362 5203; x_wconf 84' lang='lat' dir='ltr'><strong>volunt,</strong></span> <span class='ocrx_word' id='word_1_654' title='bbox 1395 5146 1769 5206; x_wconf 90' lang='lat' dir='ltr'><strong>assequentur.</strong></span> 
     </span>
    </p>
   </div>
   <div class='ocr_carea' id='block_1_113' title="bbox 626 5206 2129 5278">
    <p class='ocr_par' dir='ltr' id='par_1_113' title="bbox 626 5206 2129 5278">
     <span class='ocr_line' id='line_1_115' title="bbox 626 5206 2129 5278; baseline 0.001 -15"><span class='ocrx_word' id='word_1_655' title='bbox 626 5208 716 5278; x_wconf 82' lang='lat'><strong>68.</strong></span> <span class='ocrx_word' id='word_1_656' title='bbox 750 5208 850 5278; x_wconf 89' lang='lat' dir='ltr'><strong>Pro</strong></span> <span class='ocrx_word' id='word_1_657' title='bbox 885 5208 1136 5261; x_wconf 87' lang='lat' dir='ltr'><strong>frumenti</strong></span> <span class='ocrx_word' id='word_1_658' title='bbox 1182 5209 1405 5262; x_wconf 92' lang='lat' dir='ltr'><strong>cumulis</strong></span> <span class='ocrx_word' id='word_1_659' title='bbox 1449 5223 1655 5261; x_wconf 80' lang='lat' dir='ltr'><strong>acervos</strong></span> <span class='ocrx_word' id='word_1_660' title='bbox 1691 5206 2004 5278; x_wconf 89' lang='lat' dir='ltr'><strong>simpliciter</strong></span> <span class='ocrx_word' id='word_1_661' title='bbox 2032 5223 2129 5278; x_wconf 80' lang='lat' dir='ltr'><strong>po-</strong></span> 
     </span>
    </p>
   </div>
   <div class='ocr_carea' id='block_1_114' title="bbox 552 5276 1531 5341">
    <p class='ocr_par' dir='ltr' id='par_1_114' title="bbox 552 5276 1531 5341">
     <span class='ocr_line' id='line_1_116' title="bbox 552 5276 1531 5341; baseline 0.001 -11"><span class='ocrx_word' id='word_1_662' title='bbox 552 5276 679 5331; x_wconf 89' lang='lat' dir='ltr'><strong>suit.</strong></span> <span class='ocrx_word' id='word_1_663' title='bbox 712 5276 850 5333; x_wconf 89' lang='lat' dir='ltr'><strong>Usus</strong></span> <span class='ocrx_word' id='word_1_664' title='bbox 872 5278 1117 5332; x_wconf 89' lang='lat' dir='ltr'><strong>similiter</strong></span> <span class='ocrx_word' id='word_1_665' title='bbox 1143 5286 1227 5333; x_wconf 91' lang='lat' dir='ltr'><strong>est</strong></span> <span class='ocrx_word' id='word_1_666' title='bbox 1254 5278 1531 5341; x_wconf 64' lang='lat' dir='ltr'><strong>Horatius.</strong></span> 
     </span>
    </p>
   </div>
   <div class='ocr_carea' id='block_1_115' title="bbox 624 5346 2129 5418">
    <p class='ocr_par' dir='ltr' id='par_1_115' title="bbox 624 5346 2129 5418">
     <span class='ocr_line' id='line_1_117' title="bbox 624 5346 2129 5418; baseline 0.002 -17"><span class='ocrx_word' id='word_1_667' title='bbox 624 5346 711 5401; x_wconf 77' lang='lat'><strong>72.</strong></span> <span class='ocrx_word' id='word_1_668' title='bbox 738 5348 813 5402; x_wconf 87' lang='lat' dir='ltr'><strong>Ex</strong></span> <span class='ocrx_word' id='word_1_669' title='bbox 837 5348 1079 5418; x_wconf 90' lang='lat' dir='ltr'><strong>hoc_loco</strong></span> <span class='ocrx_word' id='word_1_670' title='bbox 1102 5347 1341 5403; x_wconf 89' lang='lat' dir='ltr'><strong>nonnulli</strong></span> <span class='ocrx_word' id='word_1_671' title='bbox 1378 5349 1632 5418; x_wconf 83' lang='lat' dir='ltr'><strong>colligunt</strong></span> <span class='ocrx_word' id='word_1_672' title='bbox 1662 5348 1767 5413; x_wconf 90' lang='lat' dir='ltr'><strong>vel,</strong></span> <span class='ocrx_word' id='word_1_673' title='bbox 1793 5358 1851 5401; x_wconf 91' lang='lat' dir='ltr'><strong>ut</strong></span> <span class='ocrx_word' id='word_1_674' title='bbox 1889 5358 2035 5404; x_wconf 88' lang='lat' dir='ltr'><strong>recte</strong></span> <span class='ocrx_word' id='word_1_675' title='bbox 2055 5349 2129 5404; x_wconf 88' lang='lat' dir='ltr'><strong>ait</strong></span> 
     </span>
    </p>
   </div>
   <div class='ocr_carea' id='block_1_116' title="bbox 553 5414 2129 5486">
    <p class='ocr_par' dir='ltr' id='par_1_116' title="bbox 553 5414 2129 5486">
     <span class='ocr_line' id='line_1_118' title="bbox 553 5414 2129 5486; baseline 0.003 -17"><span class='ocrx_word' id='word_1_676' title='bbox 553 5414 823 5471; x_wconf 79' lang='lat' dir='ltr'><strong>Fabricius</strong></span> <span class='ocrx_word' id='word_1_677' title='bbox 852 5419 903 5472; x_wconf 92' lang='lat' dir='ltr'><strong>in</strong></span> <span class='ocrx_word' id='word_1_678' title='bbox 931 5416 1230 5473; x_wconf 86' lang='lat' dir='ltr'><strong>Comment.</strong></span> <span class='ocrx_word' id='word_1_679' title='bbox 1263 5427 1406 5486; x_wconf 90' lang='lat' dir='ltr'><strong>poet.</strong></span> <span class='ocrx_word' id='word_1_680' title='bbox 1433 5414 1658 5482; x_wconf 58' lang='lat' dir='ltr'><strong>Cli&#39;rist.,</strong></span> <span class='ocrx_word' id='word_1_681' title='bbox 1712 5420 2003 5481; x_wconf 87' lang='lat' dir='ltr'><strong>somniant,</strong></span> <span class='ocrx_word' id='word_1_682' title='bbox 2036 5422 2129 5475; x_wconf 79' lang='lat' dir='ltr'><strong>Jo-</strong></span> 
     </span>
    </p>
   </div>
   <div class='ocr_carea' id='block_1_117' title="bbox 550 5488 2130 5559">
    <p class='ocr_par' dir='ltr' id='par_1_117' title="bbox 550 5488 2130 5559">
     <span class='ocr_line' id='line_1_119' title="bbox 550 5488 2130 5559; baseline 0.003 -20"><span class='ocrx_word' id='word_1_683' title='bbox 550 5488 773 5555; x_wconf 86' lang='lat' dir='ltr'><strong>scphum</strong></span> <span class='ocrx_word' id='word_1_684' title='bbox 804 5488 872 5542; x_wconf 90' lang='lat' dir='ltr'><strong>ab</strong></span> <span class='ocrx_word' id='word_1_685' title='bbox 902 5502 1065 5542; x_wconf 85' lang='lat' dir='ltr'><strong>uxore</strong></span> <span class='ocrx_word' id='word_1_686' title='bbox 1107 5504 1321 5559; x_wconf 91' lang='lat' dir='ltr'><strong>quoque</strong></span> <span class='ocrx_word' id='word_1_687' title='bbox 1365 5489 1661 5544; x_wconf 86' lang='lat' dir='ltr'><strong>Pharaonis</strong></span> <span class='ocrx_word' id='word_1_688' title='bbox 1708 5488 1875 5545; x_wconf 90' lang='lat' dir='ltr'><strong>fuisse</strong></span> <span class='ocrx_word' id='word_1_689' title='bbox 1924 5492 2130 5546; x_wconf 85' lang='lat' dir='ltr'><strong>sollici-</strong></span> 
     </span>
    </p>
   </div>
   <div class='ocr_carea' id='block_1_118' title="bbox 549 5563 737 5611">
    <p class='ocr_par' dir='ltr' id='par_1_118' title="bbox 549 5563 737 5611">
     <span class='ocr_line' id='line_1_120' title="bbox 549 5563 737 5611; baseline 0.027 -4"><span class='ocrx_word' id='word_1_690' title='bbox 549 5563 737 5611; x_wconf 81' lang='lat' dir='ltr'><strong>talum.</strong></span> 
     </span>
    </p>
   </div>
   <div class='ocr_carea' id='block_1_119' title="bbox 590 5626 2125 5705">
    <p class='ocr_par' dir='ltr' id='par_1_119' title="bbox 590 5626 2125 5705">
     <span class='ocr_line' id='line_1_121' title="bbox 590 5626 2125 5705; baseline 0.008 -28"><span class='ocrx_word' id='word_1_691' title='bbox 590 5627 706 5705; x_wconf 48' lang='lat'><strong>.76.</strong></span> <span class='ocrx_word' id='word_1_692' title='bbox 739 5627 792 5681; x_wconf 91' lang='lat' dir='ltr'><strong>In</strong></span> <span class='ocrx_word' id='word_1_693' title='bbox 826 5626 940 5705; x_wconf 72' lang='lat' dir='ltr'><strong>vat.</strong></span> <span class='ocrx_word' id='word_1_694' title='bbox 973 5628 1039 5693; x_wconf 84' lang='lat' dir='ltr'><strong>A,</strong></span> <span class='ocrx_word' id='word_1_695' title='bbox 1075 5628 1268 5705; x_wconf 77' lang='lat' dir='ltr'><strong>clausa,</strong></span> <span class='ocrx_word' id='word_1_696' title='bbox 1297 5642 1456 5696; x_wconf 87' lang='lat' dir='ltr'><strong>supra</strong></span> <span class='ocrx_word' id='word_1_697' title='bbox 1478 5628 1555 5683; x_wconf 74' lang='lat' dir='ltr'><strong>rel</strong></span> <span class='ocrx_word' id='word_1_698' title='bbox 1581 5630 1746 5705; x_wconf 77' lang='lat' dir='ltr'><strong>clara.</strong></span> <span class='ocrx_word' id='word_1_699' title='bbox 1775 5630 2005 5689; x_wconf 84' lang='lat' dir='ltr'><strong>Pulean.</strong></span> <span class='ocrx_word' id='word_1_700' title='bbox 2028 5647 2125 5704; x_wconf 91' lang='lat' dir='ltr'><strong>pro</strong></span> 
     </span>
    </p>
   </div>
   <div class='ocr_carea' id='block_1_120' title="bbox 546 5691 1675 5769">
    <p class='ocr_par' dir='ltr' id='par_1_120' title="bbox 546 5691 1675 5769">
     <span class='ocr_line' id='line_1_122' title="bbox 546 5691 1675 5769; baseline 0.004 -21"><span class='ocrx_word' id='word_1_701' title='bbox 546 5691 758 5751; x_wconf 82' lang='lat' dir='ltr'><strong>diversa</strong></span> <span class='ocrx_word' id='word_1_702' title='bbox 787 5691 1068 5769; x_wconf 84' lang='lat' dir='ltr'><strong>scriptura,</strong></span> <span class='ocrx_word' id='word_1_703' title='bbox 1101 5691 1290 5753; x_wconf 79' lang='lat' dir='ltr'><strong>tuenda</strong></span> <span class='ocrx_word' id='word_1_704' title='bbox 1317 5691 1414 5768; x_wconf 78' lang='lat' dir='ltr'><strong>pro</strong></span> <span class='ocrx_word' id='word_1_705' title='bbox 1437 5700 1675 5753; x_wconf 81' lang='lat' dir='ltr'><strong>tacenda.</strong></span> 
     </span>
    </p>
   </div>
   <div class='ocr_carea' id='block_1_121' title="bbox 2305 4574 3753 4649">
    <p class='ocr_par' dir='ltr' id='par_1_121' title="bbox 2305 4574 3753 4649">
     <span class='ocr_line' id='line_1_123' title="bbox 2305 4574 3753 4649; baseline -0.003 -17"><span class='ocrx_word' id='word_1_706' title='bbox 2305 4580 2392 4634; x_wconf 79' lang='lat'><strong>89.</strong></span> <span class='ocrx_word' id='word_1_707' title='bbox 2432 4579 2575 4644; x_wconf 60' lang='grc' dir='ltr'><strong>ηπ,</strong></span> <span class='ocrx_word' id='word_1_708' title='bbox 2605 4579 2869 4649; x_wconf 70' lang='lat' dir='ltr'><strong>quwsitus,</strong></span> <span class='ocrx_word' id='word_1_709' title='bbox 2897 4577 3057 4633; x_wconf 88' lang='lat' dir='ltr'><strong>male.</strong></span> <span class='ocrx_word' id='word_1_710' title='bbox 3082 4578 3440 4648; x_wconf 67' lang='lat' dir='ltr'><strong>Virgiliuslib.</strong></span> <span class='ocrx_word' id='word_1_711' title='bbox 3466 4595 3531 4643; x_wconf 72' lang='lat' dir='ltr'><strong>vr,</strong></span> <span class='ocrx_word' id='word_1_712' title='bbox 3554 4574 3753 4642; x_wconf 70' lang='grc' dir='ltr'><strong>ρηιεςὶιοτ</strong></span> 
     </span>
    </p>
   </div>
   <div class='ocr_carea' id='block_1_122' title="bbox 2233 4647 2829 4703">
    <p class='ocr_par' dir='ltr' id='par_1_122' title="bbox 2233 4647 2829 4703">
     <span class='ocr_line' id='line_1_124' title="bbox 2233 4647 2829 4703; baseline -0.002 -2"><span class='ocrx_word' id='word_1_713' title='bbox 2233 4647 2407 4701; x_wconf 69' lang='lat' dir='ltr'><strong>Minos</strong></span> <span class='ocrx_word' id='word_1_714' title='bbox 2437 4647 2623 4703; x_wconf 83' lang='lat' dir='ltr'><strong>urnam</strong></span> <span class='ocrx_word' id='word_1_715' title='bbox 2644 4660 2829 4702; x_wconf 86' lang='lat' dir='ltr'><strong>movet.</strong></span> 
     </span>
    </p>
   </div>
   <div class='ocr_carea' id='block_1_123' title="bbox 2302 4717 3751 4787">
    <p class='ocr_par' dir='ltr' id='par_1_123' title="bbox 2302 4717 3751 4787">
     <span class='ocr_line' id='line_1_125' title="bbox 2302 4717 3751 4787; baseline -0.006 -16"><span class='ocrx_word' id='word_1_716' title='bbox 2302 4719 2392 4775; x_wconf 73' lang='lat'><strong>92.</strong></span> <span class='ocrx_word' id='word_1_717' title='bbox 2435 4720 2779 4785; x_wconf 60' lang='lat' dir='ltr'><strong>Di-sumptum</strong></span> <span class='ocrx_word' id='word_1_718' title='bbox 2810 4734 2875 4774; x_wconf 83' lang='lat' dir='ltr'><strong>ex</strong></span> <span class='ocrx_word' id='word_1_719' title='bbox 2910 4723 3077 4787; x_wconf 79' lang='lat' dir='ltr'><strong>Apoc.</strong></span> <span class='ocrx_word' id='word_1_720' title='bbox 3129 4735 3219 4783; x_wconf 68' lang='lat' dir='ltr'><strong>xx,</strong></span> <span class='ocrx_word' id='word_1_721' title='bbox 3253 4720 3342 4779; x_wconf 72' lang='grc' dir='ltr'><strong>Ν,</strong></span> <span class='ocrx_word' id='word_1_722' title='bbox 3397 4719 3463 4774; x_wconf 85' lang='lat' dir='ltr'><strong>Et</strong></span> <span class='ocrx_word' id='word_1_723' title='bbox 3504 4717 3751 4787; x_wconf 78' lang='lat' dir='ltr'><strong>infernth</strong></span> 
     </span>
    </p>
   </div>
   <div class='ocr_carea' id='block_1_124' title="bbox 2232 4788 3751 4912">
    <p class='ocr_par' dir='ltr' id='par_1_124' title="bbox 2232 4788 3751 4912">
     <span class='ocr_line' id='line_1_126' title="bbox 2232 4788 3751 4912; baseline -0.004 -72"><span class='ocrx_word' id='word_1_724' title='bbox 2232 4804 2370 4912; x_wconf 58' lang='lat' dir='ltr'><strong>mor;</strong></span> <span class='ocrx_word' id='word_1_725' title='bbox 2395 4792 2533 4843; x_wconf 85' lang='lat' dir='ltr'><strong>missi</strong></span> <span class='ocrx_word' id='word_1_726' title='bbox 2568 4800 2686 4844; x_wconf 86' lang='lat' dir='ltr'><strong>sunt</strong></span> <span class='ocrx_word' id='word_1_727' title='bbox 2726 4791 2780 4843; x_wconf 85' lang='lat' dir='ltr'><strong>in</strong></span> <span class='ocrx_word' id='word_1_728' title='bbox 2817 4796 3057 4861; x_wconf 78' lang='lat' dir='ltr'><strong>stagnum</strong></span> <span class='ocrx_word' id='word_1_729' title='bbox 3097 4789 3251 4860; x_wconf 84' lang='lat' dir='ltr'><strong>ignis.</strong></span> <span class='ocrx_word' id='word_1_730' title='bbox 3287 4788 3417 4844; x_wconf 77' lang='lat' dir='ltr'><strong>ch</strong></span> <span class='ocrx_word' id='word_1_731' title='bbox 3455 4799 3525 4843; x_wconf 83' lang='lat' dir='ltr'><strong>est</strong></span> <span class='ocrx_word' id='word_1_732' title='bbox 3556 4802 3671 4840; x_wconf 83' lang='lat' dir='ltr'><strong>mors</strong></span> <span class='ocrx_word' id='word_1_733' title='bbox 3693 4797 3751 4834; x_wconf 77' lang='grc' dir='ltr'><strong>κ·</strong></span> 
     </span>
     <span class='ocr_line' id='line_1_127' title="bbox 2232 4873 3427 4912; baseline 0.008 -1"><span class='ocrx_word' id='word_1_734' title='bbox 2232 4873 2326 4911; x_wconf 74' lang='lat' dir='ltr'><strong>cun</strong></span> <span class='ocrx_word' id='word_1_735' title='bbox 2370 4877 2422 4912; x_wconf 91' lang='lat' dir='ltr'><strong>a.</strong></span> <span class='ocrx_word' id='word_1_736' title='bbox 3426 4890 3427 4899; x_wconf 86' lang='lat'>‘</span> 
     </span>
    </p>
   </div>
   <div class='ocr_carea' id='block_1_125' title="bbox 2228 4873 3427 4914">
    <p class='ocr_par' dir='ltr' id='par_1_125' title="bbox 2228 4873 3427 4914">
     <span class='ocr_line' id='line_1_128' title="bbox 2228 4873 3427 4914; baseline 0.002 -4"><span class='ocrx_word' id='word_1_737' title='bbox 2228 4873 2422 4914; x_wconf 83' lang='lat' dir='ltr'><strong>cuncta.</strong></span> <span class='ocrx_word' id='word_1_738' title='bbox 3426 4890 3427 4899; x_wconf 57' lang='grc' dir='ltr'>π</span> 
     </span>
    </p>
   </div>
   <div class='ocr_carea' id='block_1_126' title="bbox 2300 4928 3749 5002">
    <p class='ocr_par' dir='ltr' id='par_1_126' title="bbox 2300 4928 3749 5002">
     <span class='ocr_line' id='line_1_129' title="bbox 2300 4928 3749 5002; baseline -0.008 -17"><span class='ocrx_word' id='word_1_739' title='bbox 2300 4931 2388 4985; x_wconf 82' lang='grc'><strong>95.</strong></span> <span class='ocrx_word' id='word_1_740' title='bbox 2426 4930 2788 5002; x_wconf 84' lang='lat' dir='ltr'><strong>Nebrissensis</strong></span> <span class='ocrx_word' id='word_1_741' title='bbox 2816 4929 3037 4999; x_wconf 84' lang='lat' dir='ltr'><strong>exponit</strong></span> <span class='ocrx_word' id='word_1_742' title='bbox 3077 4945 3303 4992; x_wconf 66' lang='lat' dir='ltr'><strong>paucos,</strong></span> <span class='ocrx_word' id='word_1_743' title='bbox 3340 4930 3427 4999; x_wconf 85' lang='lat' dir='ltr'><strong>qui</strong></span> <span class='ocrx_word' id='word_1_744' title='bbox 3449 4928 3625 5002; x_wconf 76' lang='lat' dir='ltr'><strong>scilicet</strong></span> <span class='ocrx_word' id='word_1_745' title='bbox 3662 4928 3749 5002; x_wconf 69' lang='lat' dir='ltr'><strong>sunt</strong></span> 
     </span>
    </p>
   </div>
   <div class='ocr_carea' id='block_1_127' title="bbox 2228 4998 3746 5067">
    <p class='ocr_par' dir='ltr' id='par_1_127' title="bbox 2228 4998 3746 5067">
     <span class='ocr_line' id='line_1_130' title="bbox 2228 4998 3746 5067; baseline -0.003 -14"><span class='ocrx_word' id='word_1_746' title='bbox 2228 5000 2645 5055; x_wconf 80' lang='lat' dir='ltr'><strong>immedicabiles.</strong></span> <span class='ocrx_word' id='word_1_747' title='bbox 2673 4998 2999 5066; x_wconf 87' lang='lat' dir='ltr'><strong>Interpretor</strong></span> <span class='ocrx_word' id='word_1_748' title='bbox 3017 5002 3209 5055; x_wconf 87' lang='lat' dir='ltr'><strong>medios</strong></span> <span class='ocrx_word' id='word_1_749' title='bbox 3234 5003 3372 5055; x_wconf 87' lang='lat' dir='ltr'><strong>inter</strong></span> <span class='ocrx_word' id='word_1_750' title='bbox 3388 5003 3498 5067; x_wconf 87' lang='lat' dir='ltr'><strong>pios</strong></span> <span class='ocrx_word' id='word_1_751' title='bbox 3518 5008 3567 5051; x_wconf 87' lang='lat' dir='ltr'><strong>et</strong></span> <span class='ocrx_word' id='word_1_752' title='bbox 3584 4998 3746 5067; x_wconf 54' lang='lat' dir='ltr'><strong>impios</strong></span> 
     </span>
    </p>
   </div>
   <div class='ocr_carea' id='block_1_128' title="bbox 2228 5059 3751 5139">
    <p class='ocr_par' dir='ltr' id='par_1_128' title="bbox 2228 5059 3751 5139">
     <span class='ocr_line' id='line_1_131' title="bbox 2228 5059 3751 5139; baseline -0.008 -15"><span class='ocrx_word' id='word_1_753' title='bbox 2228 5071 2433 5125; x_wconf 86' lang='lat' dir='ltr'><strong>scilicet</strong></span> <span class='ocrx_word' id='word_1_754' title='bbox 2468 5071 2558 5138; x_wconf 88' lang='lat' dir='ltr'><strong>qui</strong></span> <span class='ocrx_word' id='word_1_755' title='bbox 2589 5085 2759 5139; x_wconf 91' lang='lat' dir='ltr'><strong>neque</strong></span> <span class='ocrx_word' id='word_1_756' title='bbox 2791 5059 3072 5126; x_wconf 79' lang='lat' dir='ltr'><strong>sanctitate</strong></span> <span class='ocrx_word' id='word_1_757' title='bbox 3114 5059 3567 5138; x_wconf 50' lang='lat' dir='ltr'><strong>emittenl,&#39;neqtte</strong></span> <span class='ocrx_word' id='word_1_758' title='bbox 3606 5059 3751 5119; x_wconf 80' lang='lat' dir='ltr'><strong>inlide-</strong></span> 
     </span>
    </p>
   </div>
   <div class='ocr_carea' id='block_1_129' title="bbox 2228 5140 3748 5210">
    <p class='ocr_par' dir='ltr' id='par_1_129' title="bbox 2228 5140 3748 5210">
     <span class='ocr_line' id='line_1_132' title="bbox 2228 5140 3748 5210; baseline -0.006 -18"><span class='ocrx_word' id='word_1_759' title='bbox 2228 5140 2393 5195; x_wconf 88' lang='lat' dir='ltr'><strong>litalis</strong></span> <span class='ocrx_word' id='word_1_760' title='bbox 2422 5142 2647 5195; x_wconf 86' lang='lat' dir='ltr'><strong>crimine</strong></span> <span class='ocrx_word' id='word_1_761' title='bbox 2679 5180 2696 5206; x_wconf 89' lang='lat'><strong>,</strong></span> <span class='ocrx_word' id='word_1_762' title='bbox 2740 5148 2832 5194; x_wconf 88' lang='lat' dir='ltr'><strong>aut</strong></span> <span class='ocrx_word' id='word_1_763' title='bbox 2885 5142 3005 5196; x_wconf 91' lang='lat' dir='ltr'><strong>aliis</strong></span> <span class='ocrx_word' id='word_1_764' title='bbox 3054 5141 3378 5210; x_wconf 81' lang='lat' dir='ltr'><strong>gravissimis</strong></span> <span class='ocrx_word' id='word_1_765' title='bbox 3414 5140 3748 5208; x_wconf 56' lang='lat' dir='ltr'><strong>apprimuntur.</strong></span> 
     </span>
    </p>
   </div>
   <div class='ocr_carea' id='block_1_130' title="bbox 2230 5211 3747 5281">
    <p class='ocr_par' dir='ltr' id='par_1_130' title="bbox 2230 5211 3747 5281">
     <span class='ocr_line' id='line_1_133' title="bbox 2230 5211 3747 5281; baseline 0.003 -17"><span class='ocrx_word' id='word_1_766' title='bbox 2230 5212 2319 5264; x_wconf 88' lang='lat' dir='ltr'><strong>Ait</strong></span> <span class='ocrx_word' id='word_1_767' title='bbox 2340 5212 2499 5279; x_wconf 86' lang='lat' dir='ltr'><strong>igitur</strong></span> <span class='ocrx_word' id='word_1_768' title='bbox 2524 5223 2699 5280; x_wconf 89' lang='lat' dir='ltr'><strong>poeta,</strong></span> <span class='ocrx_word' id='word_1_769' title='bbox 2732 5211 2900 5265; x_wconf 89' lang='lat' dir='ltr'><strong>Deum</strong></span> <span class='ocrx_word' id='word_1_770' title='bbox 2921 5212 3050 5280; x_wconf 88' lang='lat' dir='ltr'><strong>pati,</strong></span> <span class='ocrx_word' id='word_1_771' title='bbox 3084 5213 3257 5279; x_wconf 86' lang='lat' dir='ltr'><strong>perire</strong></span> <span class='ocrx_word' id='word_1_772' title='bbox 3283 5224 3479 5281; x_wconf 84' lang='lat' dir='ltr'><strong>paucos</strong></span> <span class='ocrx_word' id='word_1_773' title='bbox 3502 5219 3662 5281; x_wconf 69' lang='lat' dir='ltr'><strong>eorum</strong></span> <span class='ocrx_word' id='word_1_774' title='bbox 3680 5214 3747 5281; x_wconf 61' lang='lat' dir='ltr'><strong>CII“</strong></span> 
     </span>
    </p>
   </div>
   <div class='ocr_carea' id='block_1_131' title="bbox 2230 5270 3747 5351">
    <p class='ocr_par' dir='ltr' id='par_1_131' title="bbox 2230 5270 3747 5351">
     <span class='ocr_line' id='line_1_134' title="bbox 2230 5270 3747 5351; baseline -0.001 -19"><span class='ocrx_word' id='word_1_775' title='bbox 2230 5270 2474 5351; x_wconf 70' lang='lat' dir='ltr'><strong>catholici</strong></span> <span class='ocrx_word' id='word_1_776' title='bbox 2514 5270 2659 5346; x_wconf 79' lang='lat' dir='ltr'><strong>sunt,</strong></span> <span class='ocrx_word' id='word_1_777' title='bbox 2685 5270 2737 5335; x_wconf 82' lang='lat' dir='ltr'><strong>et</strong></span> <span class='ocrx_word' id='word_1_778' title='bbox 2785 5270 3048 5350; x_wconf 73' lang='lat' dir='ltr'><strong>siquando</strong></span> <span class='ocrx_word' id='word_1_779' title='bbox 3083 5270 3133 5335; x_wconf 83' lang='lat' dir='ltr'><strong>in</strong></span> <span class='ocrx_word' id='word_1_780' title='bbox 3176 5270 3388 5351; x_wconf 72' lang='lat' dir='ltr'><strong>peccata</strong></span> <span class='ocrx_word' id='word_1_781' title='bbox 3430 5278 3660 5351; x_wconf 72' lang='lat' dir='ltr'><strong>incidunt.</strong></span> <span class='ocrx_word' id='word_1_782' title='bbox 3698 5270 3747 5351; x_wconf 66' lang='lat' dir='ltr'><strong>fle</strong></span> 
     </span>
    </p>
   </div>
   <div class='ocr_carea' id='block_1_132' title="bbox 2232 5341 3747 5423">
    <p class='ocr_par' dir='ltr' id='par_1_132' title="bbox 2232 5341 3747 5423">
     <span class='ocr_line' id='line_1_135' title="bbox 2232 5341 3747 5423; baseline 0.002 -21"><span class='ocrx_word' id='word_1_783' title='bbox 2232 5350 2317 5423; x_wconf 86' lang='lat' dir='ltr'><strong>his</strong></span> <span class='ocrx_word' id='word_1_784' title='bbox 2342 5352 2526 5423; x_wconf 81' lang='lat' dir='ltr'><strong>dolere</strong></span> <span class='ocrx_word' id='word_1_785' title='bbox 2554 5360 2609 5423; x_wconf 83' lang='lat' dir='ltr'><strong>et</strong></span> <span class='ocrx_word' id='word_1_786' title='bbox 2639 5341 3003 5423; x_wconf 58' lang='lat' dir='ltr'><strong>paenitentiam</strong></span> <span class='ocrx_word' id='word_1_787' title='bbox 3057 5341 3217 5420; x_wconf 67' lang='lat' dir='ltr'><strong>agere</strong></span> <span class='ocrx_word' id='word_1_788' title='bbox 3262 5354 3492 5405; x_wconf 88' lang='lat' dir='ltr'><strong>student.</strong></span> <span class='ocrx_word' id='word_1_789' title='bbox 3536 5341 3747 5423; x_wconf 59' lang='lat' dir='ltr'><strong>Portoli‘</strong></span> 
     </span>
    </p>
   </div>
   <div class='ocr_carea' id='block_1_133' title="bbox 2230 5416 3749 5491">
    <p class='ocr_par' dir='ltr' id='par_1_133' title="bbox 2230 5416 3749 5491">
     <span class='ocr_line' id='line_1_136' title="bbox 2230 5416 3749 5491; baseline -0.007 -17"><span class='ocrx_word' id='word_1_790' title='bbox 2230 5422 2340 5474; x_wconf 87' lang='lat' dir='ltr'><strong>cuit</strong></span> <span class='ocrx_word' id='word_1_791' title='bbox 2360 5416 2651 5475; x_wconf 71' lang='lat' dir='ltr'><strong>Prudentia</strong></span> <span class='ocrx_word' id='word_1_792' title='bbox 2672 5425 2741 5475; x_wconf 90' lang='lat' dir='ltr'><strong>ita</strong></span> <span class='ocrx_word' id='word_1_793' title='bbox 2754 5422 3058 5477; x_wconf 86' lang='lat' dir='ltr'><strong>existimare</strong></span> <span class='ocrx_word' id='word_1_794' title='bbox 3079 5416 3145 5476; x_wconf 79' lang='lat' dir='ltr'><strong>de</strong></span> <span class='ocrx_word' id='word_1_795' title='bbox 3172 5423 3251 5476; x_wconf 88' lang='lat' dir='ltr'><strong>sui</strong></span> <span class='ocrx_word' id='word_1_796' title='bbox 3276 5430 3381 5476; x_wconf 87' lang='lat' dir='ltr'><strong>tem</strong></span> <span class='ocrx_word' id='word_1_797' title='bbox 3392 5423 3526 5488; x_wconf 85' lang='lat' dir='ltr'><strong>poris</strong></span> <span class='ocrx_word' id='word_1_798' title='bbox 3543 5416 3749 5491; x_wconf 39' lang='lat' dir='ltr'><strong>Christus</strong></span> 
     </span>
    </p>
   </div>
   <div class='ocr_carea' id='block_1_134' title="bbox 2232 5492 3746 5563">
    <p class='ocr_par' dir='ltr' id='par_1_134' title="bbox 2232 5492 3746 5563">
     <span class='ocr_line' id='line_1_137' title="bbox 2232 5492 3746 5563; baseline -0.001 -19"><span class='ocrx_word' id='word_1_799' title='bbox 2232 5493 2316 5544; x_wconf 87' lang='lat' dir='ltr'><strong>nis</strong></span> <span class='ocrx_word' id='word_1_800' title='bbox 2344 5492 2639 5556; x_wconf 84' lang='lat' dir='ltr'><strong>catholicis,</strong></span> <span class='ocrx_word' id='word_1_801' title='bbox 2666 5506 2800 5559; x_wconf 88' lang='lat' dir='ltr'><strong>quos</strong></span> <span class='ocrx_word' id='word_1_802' title='bbox 2825 5493 2967 5547; x_wconf 83' lang='lat' dir='ltr'><strong>serio</strong></span> <span class='ocrx_word' id='word_1_803' title='bbox 2994 5492 3059 5545; x_wconf 90' lang='lat' dir='ltr'><strong>ad</strong></span> <span class='ocrx_word' id='word_1_804' title='bbox 3089 5493 3247 5546; x_wconf 85' lang='lat' dir='ltr'><strong>vitam</strong></span> <span class='ocrx_word' id='word_1_805' title='bbox 3273 5500 3519 5563; x_wconf 63' lang='lat' dir='ltr'><strong>mternam</strong></span> <span class='ocrx_word' id='word_1_806' title='bbox 3540 5494 3746 5563; x_wconf 27' lang='lat' dir='ltr'><strong>‘t‘natlmfl</strong></span> 
     </span>
    </p>
   </div>
   <div class='ocr_carea' id='block_1_135' title="bbox 2231 5557 3744 5633">
    <p class='ocr_par' dir='ltr' id='par_1_135' title="bbox 2231 5557 3744 5633">
     <span class='ocr_line' id='line_1_138' title="bbox 2231 5557 3744 5633; baseline -0.008 -18"><span class='ocrx_word' id='word_1_807' title='bbox 2231 5576 2297 5615; x_wconf 86' lang='lat' dir='ltr'><strong>ex</strong></span> <span class='ocrx_word' id='word_1_808' title='bbox 2315 5571 2471 5633; x_wconf 83' lang='lat' dir='ltr'><strong>parte</strong></span> <span class='ocrx_word' id='word_1_809' title='bbox 2490 5557 2816 5633; x_wconf 83' lang='lat' dir='ltr'><strong>contendere</strong></span> <span class='ocrx_word' id='word_1_810' title='bbox 2838 5564 3134 5627; x_wconf 84' lang='lat' dir='ltr'><strong>constabat,</strong></span> <span class='ocrx_word' id='word_1_811' title='bbox 3159 5562 3393 5633; x_wconf 76' lang='lat' dir='ltr'><strong>quamvis</strong></span> <span class='ocrx_word' id='word_1_812' title='bbox 3408 5558 3554 5633; x_wconf 75' lang='lat' dir='ltr'><strong>inulti</strong></span> <span class='ocrx_word' id='word_1_813' title='bbox 3571 5557 3744 5633; x_wconf 53' lang='lat' dir='ltr'><strong>insigni.</strong></span> 
     </span>
    </p>
   </div>
   <div class='ocr_carea' id='block_1_136' title="bbox 2230 5621 3746 5698">
    <p class='ocr_par' dir='ltr' id='par_1_136' title="bbox 2230 5621 3746 5698">
     <span class='ocr_line' id='line_1_139' title="bbox 2230 5621 3746 5698; baseline -0.004 -14"><span class='ocrx_word' id='word_1_814' title='bbox 2230 5642 2283 5685; x_wconf 94' lang='lat' dir='ltr'><strong>et</strong></span> <span class='ocrx_word' id='word_1_815' title='bbox 2314 5621 2527 5685; x_wconf 79' lang='lat' dir='ltr'><strong>heroica</strong></span> <span class='ocrx_word' id='word_1_816' title='bbox 2559 5631 2753 5698; x_wconf 60' lang='lat' dir='ltr'><strong>pietate</strong></span> <span class='ocrx_word' id='word_1_817' title='bbox 2783 5648 2886 5686; x_wconf 92' lang='lat' dir='ltr'><strong>non</strong></span> <span class='ocrx_word' id='word_1_818' title='bbox 2913 5621 3231 5687; x_wconf 74' lang='lat' dir='ltr'><strong>eminerent.</strong></span> <span class='ocrx_word' id='word_1_819' title='bbox 3264 5630 3483 5684; x_wconf 75' lang='lat' dir='ltr'><strong>Gravius</strong></span> <span class='ocrx_word' id='word_1_820' title='bbox 3508 5628 3628 5679; x_wconf 86' lang='lat' dir='ltr'><strong>libro</strong></span> <span class='ocrx_word' id='word_1_821' title='bbox 3654 5621 3746 5698; x_wconf 52' lang='grc' dir='ltr'><strong>Μετ’</strong></span> 
     </span>
    </p>
   </div>
   <div class='ocr_carea' id='block_1_137' title="bbox 2233 5687 3746 5772">
    <p class='ocr_par' dir='ltr' id='par_1_137' title="bbox 2233 5687 3746 5772">
     <span class='ocr_line' id='line_1_140' title="bbox 2233 5687 3746 5772; baseline -0.003 -20"><span class='ocrx_word' id='word_1_822' title='bbox 2233 5714 2309 5753; x_wconf 70' lang='grc' dir='ltr'><strong>ιω</strong></span> <span class='ocrx_word' id='word_1_823' title='bbox 2340 5700 2406 5755; x_wconf 83' lang='lat' dir='ltr'><strong>de</strong></span> <span class='ocrx_word' id='word_1_824' title='bbox 2430 5687 2680 5758; x_wconf 73' lang='lat' dir='ltr'><strong>Paradiso</strong></span> <span class='ocrx_word' id='word_1_825' title='bbox 2706 5714 2862 5772; x_wconf 88' lang='lat' dir='ltr'><strong>caput</strong></span> <span class='ocrx_word' id='word_1_826' title='bbox 2887 5703 3080 5771; x_wconf 85' lang='lat' dir='ltr'><strong>adjecit</strong></span> <span class='ocrx_word' id='word_1_827' title='bbox 3106 5702 3174 5759; x_wconf 89' lang='lat' dir='ltr'><strong>de</strong></span> <span class='ocrx_word' id='word_1_828' title='bbox 3219 5701 3404 5772; x_wconf 87' lang='lat' dir='ltr'><strong>majori</strong></span> <span class='ocrx_word' id='word_1_829' title='bbox 3438 5706 3639 5753; x_wconf 85' lang='lat' dir='ltr'><strong>numero</strong></span> <span class='ocrx_word' id='word_1_830' title='bbox 3660 5687 3746 5743; x_wconf 57' lang='grc' dir='ltr'><strong>δύο</strong></span> 
     </span>
    </p>
   </div>
  </div>
