3998 6182
297 367 405 421 δίιὸ

474 475 587 530 Non
616 473 829 528 usitatis
855 479 1006 525 ortus
1036 471 1121 524 hic
1152 471 1449 535 natalibus,

540 565 716 619 Oblita
748 563 901 617 lactis
924 562 1035 631 jam
1066 562 1207 615 vieto
1237 561 1287 614 in
1321 570 1535 629 pectore

542 656 727 711 Matris
756 655 981 709 tetendit
1006 666 1158 707 serus
1186 651 1362 707 infans
1389 652 1550 708 ubera
1579 669 1593 705 :

542 746 702 818 315
723 744 829 800 Nec
856 755 981 799 ante
1012 755 1165 813 partu
1196 744 1264 798 de
1292 744 1446 799 senili
1476 743 1675 799 eﬂ'usns
1701 754 1777 799 εει
1796 785 1813 810 ,

290 847 361 893 tit)
541 842 709 903 Qaam
737 833 1052 903 praedicaret
1080 832 1336 902 virginem
1370 834 1586 901 plenam
1616 833 1747 890 Deo.

477 931 603 985 i’ost
630 930 681 981 in
716 935 958 997 patentes
985 927 1075 980 ille
1102 926 1449 988 solitudines,

546 1018 789 1072 Amictus
818 1016 973 1070 hirtis
1002 1014 1293 1069 bestiarum
1325 1013 1583 1082 pellibus,

547 1110 759 1163 Setisve
780 1115 980 1169 tectus,
1012 1104 1220 1174 hispida
1245 1114 1303 1159 et
1334 1104 1582 1173 lanugine
1602 1145 1619 1170 ,

554 1198 812 1262 Secessit,
836 1196 1065 1251 horrens
1095 1194 1381 1264 inquinari,
1410 1208 1473 1248 ac
1503 1194 1670 1264 pollui

294 1292 369 1347 65
546 1286 933 1344 Contaminatis
956 1283 1270 1355 oppidorum
1304 1285 1561 1339 moribus.

1318 359 1851 415 CATHEMERINON
1898 359 2001 413 ιιι.
2036 359 2521 416 ιΕιυΝΑΝτιυιι.

1898 476 1946 533 Α

3445 357 3549 412 816

2150 475 2261 530 illic
2289 475 2460 529 dicata
2496 488 2682 540 parcus
2710 474 3037 528 abstinentia

2233 564 2420 618 Petunt
2439 609 2452 631 ,
2483 566 2767 633 cibumque
2796 565 2878 618 vir
2905 578 3107 619 severae
3138 564 3413 620 industria:

2232 656 2289 708 ln
2318 668 2491 733 usque
2515 670 2692 709 serum
2722 655 3343 723 respuebatvesperum,

2231 746 2459 800 Parvum
2493 746 2715 801 locustis
2735 789 2748 813 ,
2778 755 2832 800 et
2860 746 3097 800 favorum
3128 749 3412 814 agrestium

1981 838 2052 892 70
2229 840 2390 911 316
2411 841 2636 910 Liquore
2659 849 2866 910 pastum
2893 840 3100 908 corpori
3126 849 3306 894 suetus
3334 840 3480 896 dare.

2162 928 2414 984 Hortator
2444 932 2532 985 ille
2565 931 2800 1000 primus,
2831 939 2884 983 et
2909 929 3096 984 doctor
3126 944 3278 983 nova:

2234 1018 2353 1071 Fuit
2380 1020 2569 1075 salutis
2604 1038 2615 1071 :
2652 1034 2770 1073 nam
2804 1028 3012 1073 sacrato
3041 1020 3092 1073 in
3125 1019 3343 1074 ﬂumine

2234 1106 2487 1162 Veterum
2519 1111 2691 1175 piatas
2720 1110 2845 1163 lavit
2872 1123 3114 1163 errorum
3147 1117 3299 1163 notas
3328 1122 3343 1162 :

2237 1199 2344 1255 Sed
2374 1202 2533 1255 tincta
2564 1210 2841 1270 postquam
2888 1199 3125 1254 membra
3170 1200 3552 1273 defaecaverat,

1987 1288 2060 1343 75
2237 1290 2387 1346 Ctelo
2416 1291 2684 1362 refulgens
2713 1292 2965 1347 inﬂuebat
2992 1291 3239 1360 Spiritus.

1597 1374 1882 1430 GLOSS/E
1925 1377 2257 1437 VETERES.

367 1470 461 1525 56.
502 1470 615 1527 Non
642 1468 873 1534 usitatis,
902 1466 1142 1521 insolitis.
1164 1495 1236 1506 —
1256 1465 1437 1530 Ortus,
1470 1476 1621 1520 natus
1650 1476 1745 1529 est,
1771 1466 1876 1521 lso.

369 1542 464 1597 57.
503 1541 618 1597 Jam
645 1542 809 1605 vieto,
827 1538 1015 1603 vetulo,
1046 1546 1268 1603 maturo,
1293 1539 1525 1606 antiquo,
1554 1537 1742 1591 viribus
1772 1538 1881 1607 pri-

294 1611 761 1747 mgi.li’atentes,
790 1687 979 1742 uastas,
1008 1676 1236 1747 amplas,
1268 1675 1314 1729 Ι.

2057 1472 2145 1544 67.
2181 1472 2480 1544 industriae.
2505 1475 2809 1544 diligentias,
2841 1474 2880 1529 l.

2057 1542 2147 1619 (i9.
2171 1543 2441 1619 Locustis,
2465 1542 2755 1619 locustaest
2778 1560 2939 1619 genus
2967 1545 3071 1600 avis
3093 1544 3319 1619 digitalis
3339 1547 3553 1619 tangim-

1986 1612 2123 1665 diuis
2150 1614 2259 1667 acri
2303 1603 2493 1674 volatu,
2522 1618 2610 1668 sed
2641 1603 2855 1667 decidvua
2881 1615 3001 1668 cito.
3032 1644 3096 1658 -—-
3121 1603 3555 1683 Favorum,"non

1984 1698 2157 1756 revera
2187 1684 2288 1737 me!
2312 1685 2634 1750 comedebat,
2664 1686 2751 1738 sed
2785 1686 3074 1756 confricata
3116 1686 3241 1753 {alia
3282 1686 3553 1756 cujusdam

371 1745 757 1831 (BL-Secum,
786 1763 1016 1803 seorsum
1050 1745 1273 1801 recessit.
1313 1773 1382 1785 -—
1416 1745 1652 1801 liorrens
1672 1784 1685 1810 ,
1725 1761 1877 1815 θερα-
1911 1772 1960 1831 Β
1980 1751 2134 1831 ligni,
2161 1770 2276 1831 qua:
2296 1767 2496 1831 gratum
2519 1745 2750 1831 saporem
2774 1745 3023 1831 habebant
3048 1745 3177 1807 veiut
3196 1745 3402 1831 _mel,_'l.

296 1838 462 1945 milia
478 1821 846 1959 1δυρίἁοιύιιξ,
876 1887 1183 1959 populorum
1201 1927 1213 1948 ,
1245 1885 1288 1941 Ι.

365 1961 463 2018 66.
495 1955 712 2023 Parcus,
737 1955 972 2028 amictus,
1002 1958 1279 2023 abstinens,
1311 1955 1351 2011 l.

2060 1824 2147 1876 75.
2178 1823 2374 1891 Ptalas,
2399 1824 2710 1877 immundus.
2740 1853 2807 1862 -—-
2829 1824 3012 1886 Notas,
3040 1825 3286 1886 maculas,
3320 1826 3359 1878 Ι.

2057 1891 2146 1946 74.
2165 1892 2547 1961 Deiazcaveral,
2569 1894 2810 1965 expiavit,
2826 1896 3105 1960 mandavit,
3118 1895 3498 1964 puriﬁcarerat,
3517 1894 3556 1950 1.

1662 2043 2223 2102 COMMENTARIUS.

294 2143 581 2212 amplexus
606 2150 790 2196 contra
822 2140 964 2212 leges
984 2139 1255 2212 carminis.
1284 2137 1406 2192 Ald.
1438 2146 1494 2193 et
1521 2139 1707 2194 cmteri
1736 2145 1885 2194 recte

296 2209 445 2267 saeve.
487 2212 544 2266 In
578 2212 720 2276 Rat.,
753 2209 1019 2280 quiquam,
1047 2209 1143 2265 sed
1170 2216 1468 2265 correctum
1500 2223 1664 2264 manu
1697 2223 1885 2264 recen—

293 2282 429 2338 tiori
450 2283 742 2351 quicquam.

375 2346 473 2407 57.
517 2346 660 2404 vsa.
697 2350 765 2415 Β,
798 2348 851 2413 1,
897 2348 1080 2418 Prag.,
1111 2348 1257 2415 Rat.,
1280 2348 1506 2415 Widm.,
1534 2346 1690 2401 Gold.
1724 2362 1885 2417 supra

296 2424 490 2493 vigata.
511 2421 736 2493 ᾲΒοιις.ὲ
751 2420 912 2493 vigeto
940 2420 993 2471 in
1018 2434 1232 2488 corpore
1260 2433 1359 2489 pro
1402 2419 1621 2493 uietgin
1663 2428 1883 2493 pectore.

292 2488 589 2546 Terentius
617 2488 674 2544 in
698 2488 957 2543 Eunucho
978 2498 1079 2542 act.
1108 2504 1181 2553 tv,
1208 2504 1365 2543 scena
1387 2494 1421 2544 4
1448 2508 1460 2541 :
1487 2488 1589 2541 Hic
1611 2496 1682 2541 est
1704 2490 1887 2550 vietus,

294 2570 765 2625 vetus,veternosus
786 2575 954 2612 senem.
968 2557 1140 2612 Varro
1162 2560 1253 2613 lib.
1272 2574 1322 2612 tv
1344 2558 1575 2628 deLing.
1590 2558 1890 2614 Lat.:Viere

294 2643 377 2685 est
400 2632 619 2695 vincire,
646 2646 677 2682 a
738 2645 801 2682 uo
830 2638 903 2682 est
928 2630 981 2682 in
1003 2628 1157 2682 Asoto
1189 2628 1376 2693 Ennii,
1406 2629 1554 2683 Ibant
1581 2644 1729 2681 mane
1756 2631 1889 2683 viere

296 2702 562 2751 veneriam
592 2646 856 2751 comitant.
892 2699 1023 2751 Hinc
1050 2699 1208 2751 vietus
1237 2701 1451 2751 nroorie
1478 2698 1676 2751 ﬂexus.
1708 2707 1764 2751 et
1795 2714 1889 2751 per

296 2702 562 2754 veneriam
592 2698 856 2753 corollam.
892 2699 1023 2769 Hinc
1050 2699 1208 2753 vietus
1237 2701 1451 2769 proprie
1478 2698 1676 2762 ﬂexus,
1708 2707 1764 2752 et
1795 2714 1890 2766 per

295 2770 711 2825 translationem
745 2768 1053 2837 languidus.
1083 2768 1567 2837 Nonnulliputant,
1598 2770 1888 2822 secundam

301 2843 365 2893 in
394 2841 525 2893 vieto
551 2854 671 2894 esse
703 2838 921 2893 brevem
963 2853 1029 2893 ex
1054 2837 1254 2893 Horatii
1282 2855 1439 2894 versu
1468 2840 1568 2893 oda
1600 2838 1666 2891 12
1693 2839 1888 2907 Epod.,

299 2911 414 2975 Qui
441 2908 599 2962 sudor
627 2909 866 2979 vietis,iet
889 2924 1039 2979 quam
1062 2910 1229 2979 malus
1260 2910 1478 2979 undique
1502 2907 1770 2979 membris;
1797 2910 1889 2964 sed

299 2990 457 3033 recte
488 2987 637 3033 notat
667 2978 954 3032 Ricciolius
979 2978 1091 3047 ind.
1125 2978 1180 3043 2,
1214 2994 1331 3031 eam
1362 2978 1583 3047 produci
1618 2993 1646 3031 a
1674 2978 1885 3041 Plauto,

296 3048 598 3113 Terentio,
627 3047 875 3101 Lucretio
917 3057 971 3102 et
996 3046 1313 3113 Prudentia,
1350 3046 1468 3102 eum
1497 3052 1564 3100 sit
1593 3063 1620 3100 a
1649 3049 1779 3111 vieo,
1816 3065 1890 3112 es,

296 3120 457 3186 irini,
476 3118 685 3172 vietum.
720 3116 967 3171 Horatius
998 3118 1241 3171 excusari
1271 3126 1446 3185 potest
1474 3118 1542 3171 ob
1571 3119 1889 3186 synaeresin,

297 3198 367 3242 ut
398 3188 666 3243 secundus
693 3201 788 3255 pes
815 3188 885 3240 sit
914 3186 1216 3256 spondaaus.
1246 3188 1560 3255 Quintianus
1586 3191 1709 3243 Stoa
1742 3201 1889 3241 com-

301 3273 533 3313 munem
562 3271 682 3312 esse
712 3264 879 3326 putat.

377 3328 472 3383 58.
519 3328 688 3382 Aldus
719 3325 991 3381 mendose
1038 3325 1242 3381 verbera
1285 3342 1380 3397 pro
1420 3327 1593 3395 ubera,
1642 3326 1720 3381 uti
1745 3340 1891 3382 vers.

310 3413 463 3464 δρα..
491 3406 702 3450 necante
722 3410 930 3466 pronec
959 3407 1098 3450 ante.

380 3468 478 3521 59.
525 3465 759 3521 Breviar.
790 3465 947 3531 Moz.,
978 3467 1138 3523 male.
1167 3474 1285 3519 ante
1311 3476 1533 3535 partum.

379 3537 476 3591 60.
505 3536 625 3606 Vat.
658 3538 699 3588 Α
732 3550 759 3588 a
781 3537 967 3606 .prima
1000 3551 1159 3590 manu
1181 3575 1198 3603 ,
1230 3538 1511 3605 praedicare
1532 3577 1545 3603 ,
1572 3536 1715 3606 quod
1751 3544 1898 3592 recte

301 3617 395 3662 est
429 3594 793 3660 emendatumf

382 3676 477 3731 65.
514 3676 632 3729 Vat.
665 3676 740 3738 Β,
782 3676 1023 3743 setisque,
1057 3691 1163 3728 non
1192 3675 1352 3732 male.
1382 3675 1435 3729 lu
1468 3676 1611 3743 “aL,
1647 3676 1767 3733 Vat.
1798 3675 1817 3730 l
1844 3684 1899 3731 et

306 3745 480 3800 Gold.
503 3745 656 3800 deest
684 3755 762 3810 et;
789 3744 882 3799 sed
908 3746 1065 3799 debet
1092 3745 1236 3813 addi,
1264 3756 1319 3799 ut
1346 3746 1533 3802 melius
1560 3747 1743 3802 sensui
1771 3761 1900 3801 con-

305 3816 559 3886 sulatur,
581 3830 770 3883 nempe
792 3815 1000 3886 Itispida
1028 3825 1098 3886 et_
1113 3815 1374 3886 lanugine.

382 3885 483 3941 64.
513 3884 581 3938 Et
602 3882 789 3953 pro’ac
818 3882 935 3938 Vat.
967 3886 1033 3951 A,
1059 3882 1199 3949 Gis.,
1228 3882 1277 3941 et
1309 3885 1459 3940 Tcol.

381 3955 481 4009 68.
506 3955 573 4007 In
594 3970 777 4022 usque,
806 3963 863 4008 ut
891 3953 959 4006 ad
989 3969 1148 4025 usque
1167 3964 1222 4009 et
1246 3955 1305 4007 ab
1332 3971 1506 4023 usque.

390 4026 484 4080 69.
521 4025 791 4079 Giselinus
829 4040 1009 4094 parum
1040 4023 1185 4092 prius
1219 4025 1462 4079 ediderat
1490 4037 1613 4094 cum
1654 4023 1813 4094 Aldo,
1844 4032 1901 4078 ut

309 4097 437 4165 ipse
460 4096 552 4159 ait,
582 4094 781 4165 inepte.
804 4092 1097 4162 Castigavit
1126 4102 1310 4165 postea
1339 4109 1551 4165 parvum
1571 4092 1897 4157 duriuscule,

310 4163 375 4220 ut
414 4164 853 4234 ipsirt-idebatur,
901 4174 959 4234 et
982 4163 1302 4231 conjiciebat
1328 4163 1431 4234 legi
1475 4178 1635 4234 posse
1664 4179 1895 4234 parcum,

309 4234 471 4301 quod
519 4233 736 4288 Heinsio
780 4249 884 4286 non
925 4233 1263 4301 displicebat.
1311 4234 1365 4287 In
1393 4233 1517 4287 Vat.
1563 4233 1602 4286 P
1640 4242 1695 4288 et
1740 4233 1896 4288 Brev.

314 4305 492 4365 Μυκη
544 4319 747 4372 parum.
780 4302 1029 4357 Heinsius
1070 4318 1190 4357 cum
1220 4301 1336 4358 solo
1366 4304 1484 4358 Put.
1517 4319 1692 4357 rarum
1735 4303 1899 4372 elegit

316 4320 492 4365 ιιυκ..
579 4320 747 4356 arum.
783 4320 1029 4357 neinsrus
1070 4320 1190 4357 cum
1220 4320 1336 4358 suto
1369 4320 1484 4358 rut.
1517 4320 1692 4357 rarum
1735 4320 1897 4372 elegit

314 4390 423 4444 pro
471 4320 774 4441 inlcequemi
815 4374 969 4444 victu.
1024 4372 1240 4427 Teolius
1288 4374 1564 4444 Heinsium
1602 4372 1897 4444 exscribit,

314 4442 802 4513 iquamyisrmnvsu
831 4443 1059 4513 omnium
1086 4459 1211 4511 pene
1238 4444 1393 4497 codd.
1432 4442 1572 4496 Vatt.
1605 4459 1711 4513 esse
1738 4442 1903 4513 lateas

315 4511 434 4567 tur.
482 4512 587 4567 Sed
608 4527 727 4567 cum
756 4512 933 4566 caiteri
962 4511 1234 4569 Heinsiani
1263 4524 1459 4582 praeter
1480 4512 1776 4579 Oxonium,
1810 4512 1899 4580 qui

320 4583 490 4636 habet
536 4597 755 4651 parum,
801 4582 977 4650 legant
1019 4598 1264 4651 parvum,
1296 4583 1711 4651 sdbmreantque
1758 4582 1899 4645 Lat.,

320 4653 523 4718 nostri,
578 4662 631 4705 et
672 4651 973 4713 Weitsiani,
1021 4651 1121 4706 hoc
1150 4662 1417 4708 tenemus.
1459 4652 1531 4704 lta
1562 4651 1811 4706 Sedulius
1847 4654 1899 4706 in

322 4722 533 4791 hymno
558 4722 901 4784 abecetlario,
936 4722 999 4775 Et
1049 4723 1176 4774 lacte
1219 4738 1374 4785 parvo
1421 4735 1594 4789 pastus
1622 4731 1694 4776 est
1721 4762 1735 4786 ,
1777 4738 1897 4775 nam

1991 2138 2253 2209 mundos,
2292 2147 2349 2194 et
2373 2140 2596 2204 vetitos;
2643 2140 2736 2195 sed
2776 2154 2911 2209 quos
2934 2140 3166 2196 Joannes
3209 2140 3458 2205 esitaret,
3504 2152 3559 2199 ut

1988 2206 2290 2279 libertatem
2323 2210 2679 2279 evangelicam
2699 2206 2806 2277 jam
2836 2221 2943 2263 tum
2969 2213 3206 2265 doceret.
3239 2212 3364 2276 Quis
3390 2214 3522 2265 enim
3544 2254 3560 2276 ,

1989 2276 2179 2347 inquit,
2212 2278 2441 2343 dubitat,
2465 2276 2745 2333 'Joannein
2773 2279 3061 2346 Baptistam
3105 2279 3429 2335 Calvinistam
3473 2296 3561 2335 aut

1989 2347 2342 2420 Eumer-anum
2364 2350 2556 2418 fuisse?
2579 2350 2832 2416 Quamvis
2858 2360 3033 2405 autem
3058 2351 3172 2415 alii,
3200 2350 3486 2420 Entltymio
3508 2366 3562 2406 et

1991 2416 2393 2488 TheOpbylacto
2421 2420 2805 2483 referentibus,
2844 2421 3058 2488 herbas,
3086 2422 3173 2474 alii
3216 2416 3561 2489 pyra'silves-

1991 2488 2116 2559 tria,
2139 2489 2227 2559 alii
2250 2491 2498 2544 arborum
2518 2490 2889 2558 trondiumque
2916 2494 3150 2545 Summas
3179 2488 3355 2558 partes
3375 2532 3388 2553 ,
3422 2495 3562 2559 quod

1997 2557 2299 2629 Nicephoro
2327 2560 2550 2627 placuit,
2584 2557 2818 2615 lucustas
2859 2575 2979 2615 esse
3004 2557 3333 2629 putaverint;
3366 2557 3563 2616 Maklo~

1993 2638 2146 2699 natus
2177 2628 2292 2699 ipse
2328 2644 2447 2683 cum
2474 2629 2734 2699 Origene,
2766 2628 3339 2696 llilario,’Ambrosio,
3386 2632 3564 2699 Augu-

1991 2697 2155 2770 stino,
2188 2697 2866 2770 Chirysostomo',aliisi1ue
2899 2699 3299 2770 fereromnibus
3332 2697 3565 2767 antiquis

1994 2767 2376 2835 interpretibus
2418 2769 2687 2834 animalia,
2712 2767 2823 2824 sive
2869 2769 3120 2833 aliiculas,
3147 2783 3279 2836 quas
3306 2771 3435 2833 dixi,
3484 2771 3564 2825 in-

1995 2846 2337 2905 terpretatur.
2383 2839 2535 2905 Quod
2579 2838 2769 2893 attinet
2808 2838 2874 2892 ad
2914 2839 3135 2893 alteram
3178 2842 3565 2906 quaestionem,

1995 2909 2098 2960 mel
2131 2908 2375 2961 siivestre
2416 2910 2638 2977 exponit
2661 2923 2811 2973 esse,
2840 2911 2980 2977 quod
3011 2923 3139 2975 apes
3168 2908 3218 2960 in
3248 2908 3413 2977 silvas
3442 2925 3565 2962 avo-

1995 2979 2167 3030 lantes
2199 2978 2250 3032 in
2281 2976 2533 3032 arborum
2557 2978 2783 3041 truncis,
2807 2976 2896 3030 aut
2917 2977 2970 3031 in
2999 2977 3203 3045 rupium
3235 2976 3437 3031 ﬁssuris
3461 2981 3565 3033 ειυ-

1996 3046 2223 3100 borant:
2257 3047 2398 3115 quod
2429 3049 2481 3102 in
2530 3047 2841 3112 Palaestina,
2868 3046 3003 3100 lacte
3026 3056 3081 3100 et
3108 3046 3267 3100 melle
3294 3059 3566 3111 manante,

1996 3126 2047 3168 ut
2072 3130 2132 3169 ea
2157 3117 2369 3172 terrain
2395 3117 2563 3171 sacris
2586 3116 2800 3170 Litteris
2823 3124 3063 3177 vocatur,
3093 3120 3309 3169 omnino
3338 3118 3563 3171 creden-

1995 3185 2122 3239 dum
2150 3197 2232 3240 est
2260 3187 2540 3242 accidisse.
2571 3188 2682 3240 Non
2713 3195 2891 3240 autem
2932 3187 3139 3254 probat,
3169 3185 3427 3253 ejusmodi
3460 3190 3565 3242 mel

1997 3254 2162 3310 fuisse
2191 3271 2429 3311 amarum
2460 3265 2514 3310 et
2544 3256 2625 3310 ori
2658 3258 2910 3321 insuave,
2956 3271 3016 3309 ac
3046 3256 3211 3308 multo
3239 3255 3416 3309 minus
3458 3273 3564 3311 non

1998 3324 2165 3380 fuisse
2184 3341 2368 3380 verum
2394 3328 2518 3391 mel,
2545 3328 2636 3381 sed
2661 3341 2835 3379 rorem
2866 3325 3151 3395 quemdam
3179 3340 3283 3392 quo
3310 3325 3566 3392 Joannes,

1924 3423 1969 3486 ο
2000 3402 2058 3486 ut
2102 3395 2226 3450 olim
2256 3396 2487 3486 populus
2536 3396 2878 3486 indeslertis,
2906 3397 3071 3486 alitus
3098 3396 3282 3486 fuerit;
3323 3397 3569 3486 ll'abanus

2002 3466 2213 3521 Maurus
2256 3463 2402 3521 tenet
2435 3466 2570 3520 hanc
2600 3466 2936 3527 sententiam,
2969 3466 3073 3519 mel
3105 3480 3213 3533 quo
3251 3467 3307 3519 S.
3337 3463 3571 3522 Joannes

2001 3536 2317 3607 pascebatur
2331 3537 2493 3607 fuisse
2512 3538 2639 3592 folia
2656 3536 2905 3591 arborum
2920 3535 3145 3590 candida
3162 3543 3214 3589 et
3232 3544 3411 3591 tenera
3430 3553 3570 3607 quae,

2002 3606 2249 3675 manibus
2271 3606 2561 3665 confricata
2589 3617 2642 3663 et
2668 3610 2787 3661 trita
2806 3649 2821 3674 ,
2849 3610 3067 3661 odorem
3091 3617 3148 3660 et
3172 3622 3415 3675 saporem
3439 3611 3573 3662 mel-

2003 3673 2154 3729 litum
2185 3676 2519 3732 exhiberem.
2553 3678 2657 3732 Alii
2690 3673 3000 3731 existimant
3034 3690 3154 3730 esse
3184 3673 3460 3731 hutnorem
3507 3692 3573 3731 ex

2000 3744 2253 3800 arborum
2284 3748 2425 3802 foliis
2446 3747 2750 3810 collectum,
2804 3747 2891 3800 alii
2922 3746 3024 3799 mel
3055 3746 3287 3799 ericenm
3315 3787 3329 3811 ,
3379 3746 3447 3801 de
3469 3763 3573 3814 quo

2004 3814 2197 3868 Pliniu~
2227 3817 2319 3870 lib.
2345 3832 2419 3882 χι,
2444 3831 2561 3885 cap.
2593 3817 2678 3877 16,
2703 3833 2767 3869 ex
2790 3817 2933 3870 erica
2954 3814 3144 3869 frutice
3166 3818 3407 3868 autumni
3438 3825 3574 3870 tem-

2003 3898 2133 3954 pore
2165 3885 2405 3939 ﬂorente.
2432 3883 2628 3939 Confer
2655 3885 2961 3939 Cornelium
2992 3900 3019 3954 a
3055 3885 3252 3953 Lepide
3277 3885 3347 3938 ad
3368 3901 3487 3954 cap.
3515 3901 3572 3940 ιιι

2004 3953 2213 4018 Mattb.,
2244 3965 2297 4010 et
2322 3970 2464 4008 vers.
2496 3956 2595 4008 H7
2622 3965 2676 4009 et
2698 3956 2800 4010 tts
2819 3953 3121 4007 Dittocbmi.

2071 4023 2163 4077 70.
2194 4026 2356 4078 Error
2383 4032 2466 4078 est
2498 4024 2614 4078 Aldi
2641 4025 2865 4092 corporis
2895 4031 3051 4078 vetus.

2071 4093 2161 4147 72.
2216 4094 2485 4150 Giselinus
2515 4094 2567 4149 in
2596 4093 2714 4148 cod.
2757 4093 3123 4147 Daventriensi
3167 4093 3447 4148 lectionem
3494 4095 3572 4148 in-

2002 4164 2176 4225 venit,
2202 4179 2360 4233 quam
2390 4164 2477 4219 vel
2521 4174 2909 4233 asqueaptam,
2944 4164 3025 4233 vel
3065 4161 3337 4217 meliorem
3369 4163 3572 4233 vulgari

2002 4231 2360 4297 existimabat,
2384 4235 2588 4289 scilicet
2617 4252 2630 4287 :
2675 4232 2923 4287 Hortator
2946 4231 3030 4284 illi
3058 4232 3285 4300 primus,
3318 4243 3365 4286 et
3396 4231 3573 4286 doctor

2002 4319 2143 4357 novw
2171 4304 2399 4367 Salutis,
2445 4312 2595 4371 atque
2621 4304 2799 4373 gratia!
2826 4304 3001 4355 doctor
3034 4318 3195 4356 nocte.
3249 4301 3573 4373 lnblterano

2002 4373 2214 4441 codice,
2244 4376 2331 4443 qui
2363 4374 2470 4428 dux
2498 4374 2594 4427 t'uEt
2623 4372 2856 4427 Gisclino
2891 4374 2955 4426 ad
2982 4386 3108 4427 suas
3138 4372 3569 4439 emendationes,

2004 4444 2220 4497 mutilus
2264 4452 2382 4498 erat
2412 4445 2496 4497 liic
2528 4444 2697 4499 locus.
2749 4445 2873 4498 llaec
2910 4444 3140 4496 varietas
3178 4444 3421 4497 lectionis
3467 4460 3573 4500 non

2003 4522 2083 4566 est
2122 4514 2353 4569 indicata
2411 4529 2583 4584 neque
2635 4529 2664 4567 a
2706 4512 2960 4578 Wcitzio,
3008 4526 3181 4581 neque
3208 4514 3275 4568 ab
3319 4513 3570 4579 Heinsio,

2004 4596 2175 4653 neque
2201 4602 2229 4636 ει
2262 4585 2672 4638 recentioribus.

2070 4652 2158 4708 75.
2187 4655 2333 4717 Ald.,
2358 4654 2544 4719 Ncbr.,
2572 4653 2723 4718 Urb.,
2748 4652 2866 4705 Val.
2896 4653 2961 4719 Ο,
2988 4652 3142 4708 Brev.
3174 4653 3337 4718 Moz.,
3355 4662 3574 4706 ueterum

2007 4724 2184 4785 iietas.
2218 4726 2359 4779 Vait.
2395 4727 2454 4788 li,
2488 4725 2525 4789 I,
2561 4723 2713 4793 Prag.
2748 4723 2890 4787 llat.,
2922 4722 3100 4789 Gold.,
3130 4723 3326 4787 Vidm.,
3352 4723 3453 4778 We
3478 4732 3573 4789 ιι,

322 4786 530 4863 modico
575 4805 869 4863 pr0_parvo
920 4793 1037 4845 sine
1053 4792 1178 4863 ¥ul|a
1210 4786 1529 4863 necessitate
1572 4800 1902 4848 correctores
1930 4786 1982 4846 D
2004 4794 2085 4863 pie
2128 4804 2381 4861 vetustas;
2428 4786 2629 4848 Hailsb.
2664 4786 2857 4863 contra
2880 4786 3136 4863 'Anieiruin
3163 4786 3443 4863 ,retustas
3475 4786 3573 4861 pie.

327 4862 655 4929 hymnorum
688 4861 1025 4914 invexerunt.
1053 4861 1251 4929 Duplex
1283 4862 1367 4914 bic
1396 4864 1566 4914 oritur
1589 4870 1901 4915 controver-

322 4932 406 4985 sia
456 4947 470 4981 :
511 4931 707 4994 altera,
739 4931 969 4996 locustw,
999 4932 1190 5000 quibus
1230 4930 1288 4986 S.
1311 4931 1541 4985 Joannes
1567 4931 1899 4993 vescebatur,

323 5001 597 5055 luet-inme
613 5014 779 5069 genus
805 5000 940 5067 avis,
969 5016 1035 5053 an
1062 5000 1262 5065 berbat;
1286 5001 1471 5064 altera,
1500 5014 1566 5052 an
1588 5015 1772 5053 verum
1798 5002 1903 5054 mel

320 5071 566 5123 Joannes
604 5070 917 5125 comederit.
962 5069 1185 5123 Plurimi
1215 5080 1449 5124 veterum
1488 5070 1897 5133 existimarunt,

325 5140 528 5193 herbas
572 5139 734 5193 fuisse
773 5139 1079 5209 huiusmodi
1120 5141 1359 5209 locustas.
1398 5140 1456 5194 S.
1496 5139 1746 5193 Paulinus
1786 5154 1902 5192 car-

321 5210 478 5263 mine
497 5211 527 5264 5
553 5210 618 5264 de
643 5209 699 5264 S.
719 5208 924 5264 Joanne
946 5209 1207 5277 Baptism:
1240 5208 1534 5263 Prtebebant
1563 5211 1745 5261 victum
1778 5210 1906 5276 faci-

322 5280 431 5331 lem
458 5280 707 5332 silvestria
732 5279 906 5343 mella,
940 5277 1222 5347 Pomaque,
1255 5288 1302 5330 et
1330 5280 1529 5332 incultis
1558 5289 1719 5332 enatis
1739 5280 1905 5331 cauti-

326 5353 427 5401 bus
445 5349 628 5402 Ιιενὺιε.
656 5349 801 5402 Alios
816 5350 1025 5403 omitto.
1040 5350 1139 5413 Qui
1160 5349 1538 5402 animadvertat
1552 5388 1564 5407 .
1583 5347 1899 5402 animalcnla

324 5423 554 5471 locustas
574 5418 712 5471 dicta
737 5417 906 5471 chit.
935 5434 1054 5485 cap.
1088 5433 1161 5481 at,
1190 5418 1254 5470 21
1289 5428 1341 5471 et
1364 5418 1454 5481 2‘2,
1486 5418 1624 5470 inter
1653 5418 1899 5473 animalia

322 5486 531 5540 munda
554 5487 841 5551 revenseri,
867 5496 921 5542 et
941 5490 1163 5540 aliorum
1189 5487 1502 5554 populorum
1525 5488 1666 5539 hunc
1691 5503 1901 5556 quoque

321 5557 499 5609 fuisse
550 5556 763 5618 cibum,
813 5559 896 5610 vis
946 5557 1242 5620 dubitabit,
1275 5558 1402 5624 quin
1444 5558 1527 5609 bis
1573 5558 1900 5610 animalibus

318 5628 392 5679 S.
417 5624 647 5679 Joannes
666 5626 1004 5681 victitaverit.
1022 5628 1252 5679 Joannes
1274 5626 1602 5679 Maldonatus
1622 5625 1676 5679 in
1698 5641 1818 5693 cap.
1841 5642 1895 5681 nt

314 5694 515 5747 Matth.
546 5695 824 5750 haereticos
850 5697 1133 5751 nonnullos
1169 5697 1435 5765 exagitat,
1473 5696 1614 5764 quod
1664 5697 1895 5750 locustas

310 5778 553 5819 cancros
576 5766 808 5821 marinos
824 5766 1151 5829 interpretati
1176 5765 1391 5832 fuerint,
1420 5767 1534 5836 lege
1556 5766 1769 5836 quidem
1793 5766 1893 5820 int-

2008 4861 2315 4933 Legendum
2362 4877 2445 4919 cst
2473 4878 2591 4917 cum
2621 4861 2945 4933 Heinsianis,
2976 4863 3167 4933 Boiig.,
3198 4862 3342 4917 Wid.
3376 4879 3575 4933 supra,

2010 4931 2154 5003 Gis.,
2174 4944 2395 4987 veterum
2426 4934 2591 5003 piatas-
2613 4948 2630 4987 :
2651 4932 2792 5001 quod
2820 4931 3028 4998 reperio
3050 4932 3102 4986 in
3134 4934 3311 4997 Μαί..
3342 4932 3483 4988 Vult.
3511 4936 3574 4998 Ο,

2011 5002 2071 5056 Ρ.
2113 5002 2363 5058 Nebrissa
2404 5002 2776 5073 suspicabatur
2819 5012 2977 5055 vietus
3006 5012 3120 5073 ,rut
3166 5018 3321 5071 supra
3353 5003 3575 5073 i'ietohin

2012 5084 2243 5139 pectore;
2272 5075 2355 5127 vel
2385 5070 2545 5141 pietas
2576 5073 2909 5137 interjcCIive
2940 5072 3186 5139 po.-itum,
3217 5070 3268 5123 ut
3297 5071 3437 5138 apud
3465 5070 3576 5123 Vir-

2010 5142 2213 5211 gilium,
2248 5142 2365 5196 Heu
2392 5145 2570 5211 pietas,
2597 5143 2697 5196 heu
2719 5142 2885 5210 prisca
2908 5142 3067 5206 ﬁdes!

2082 5212 2169 5265 75.
2204 5207 2458 5280 Spiritum
2510 5207 2749 5266 sanctum
2783 5227 2942 5279 super
2970 5212 3104 5280 alios
3127 5248 3143 5273 ,
3183 5222 3315 5276 quos
3342 5207 3574 5280 Joannes

2011 5278 2333 5349 baptizabat,
2367 5284 2551 5351 specie
2578 5282 2768 5334 visibili
2791 5278 3132 5351 descendisse
3156 5296 3261 5331 non
3294 5279 3574 5351 reete_c_ol«

2012 5346 2149 5420 liges
2170 5368 2233 5406 ex
2268 5346 2368 5405 line
2398 5346 2537 5405 loco.
2571 5351 2698 5403 Vide
2723 5348 3095 5420 enminent._ad
3116 5363 3263 5420 vers.
3296 5361 3413 5420 seq.
3445 5346 3574 5420 Nar-

2012 5417 2270 5475 rationcm
2304 5420 2659 5488 Ainpbilucliii
2692 5421 2741 5470 in
2772 5420 2884 5470 Vita
2918 5418 2973 5471 S.
3008 5417 3224 5488 Basilii,
3255 5417 3387 5469 alias
3413 5417 3572 5488 etiam

2006 5490 2071 5543 ad
2094 5489 2380 5544 Jordanem
2412 5485 2710 5541 columbam
2742 5488 2969 5553 Spiritus
3005 5487 3173 5539 sancti
3205 5485 3570 5552 descendisse,

2007 5560 2252 5627 rejiciunt
2269 5558 2549 5627 Baronius,
2569 5566 2622 5627 et
2638 5568 2818 5609 eontra
2842 5555 3179 5627 Franciscum
3192 5554 3573 5627 Combelisituu

2009 5624 2357 5682 Bollandiani.
2387 5624 2519 5680 Vide
2542 5626 2901 5683 Commentar.
2920 5626 3140 5683 Victorii
3169 5624 3235 5681 de
3256 5645 3408 5689 amco
3428 5652 3571 5687 imm-

2003 5716 2088 5753 lliO
2121 5707 2284 5754 vctcr.
2316 5696 2518 5752 Christ.
