4068 6190
350 346 457 402 819

348 450 452 517 100
591 461 918 531 Paulumque
937 461 1077 518 dicta
1099 461 1336 517 substitit
1363 463 1649 518 sententia.

520 550 707 606 lunam
734 552 1046 621 prepbetam
1072 551 1215 606 mitis
1243 552 1384 606 ultor
1411 552 1631 618 excitat,

589 640 767 696 Poena
794 639 1122 696 imminentis
1146 641 1252 697 iret
1273 649 1329 695 ut
1357 641 1703 710 praenuntius.

587 731 690 785 Sed
722 740 905 787 nosset
931 731 1024 788 ille
1045 746 1167 785 cum
1194 731 1458 786 minacem
1483 729 1721 800 iudicem

588 822 815 879 Servare
836 825 1011 888 malle,
1041 838 1199 894 quam
1223 824 1381 881 ferire
1419 839 1482 879 ac
1506 823 1739 893 plectere
1759 861 1775 888 ,

587 914 803 971 Tectam
829 916 1055 971 latenter
1084 915 1248 971 vertit
1276 917 1331 971 in
1351 916 1584 971 Tharsos
1610 913 1811 984 fugam.

514 1006 721 1062 Cclsam
746 1007 949 1077 paratis
976 1007 1227 1076 pontibus
1253 1006 1463 1063 scandit
1488 1015 1656 1061 ratem
1683 1022 1695 1059 :

590 1097 704 1151 Udo
734 1096 970 1152 revincta
998 1096 1122 1151 fune
1152 1099 1344 1167 puppis
1370 1097 1617 1151 solvitur.

595 1187 706 1242 Itur
737 1202 833 1256 per
850 1188 1018 1242 altum
1046 1203 1059 1240 :
1094 1187 1155 1241 fit
1183 1186 1539 1256 procellosum
1570 1199 1738 1241 mare.

584 1275 720 1331 Tum
749 1290 908 1332 causa
946 1277 1075 1332 tanti
1107 1278 1361 1347 qumritur
1391 1276 1610 1346 periculi
1637 1293 1652 1330 :

582 1365 711 1421 Sors
739 1367 795 1420 in
822 1366 1060 1435 fugacem
1091 1368 1252 1420 missa
1282 1373 1456 1420 vatem
1482 1364 1700 1421 decidit.

513 1453 696 1510 iussus
720 1456 894 1525 perire
920 1457 1067 1511 solus
1088 1471 1119 1510 e
1145 1454 1351 1512 cunctis
1375 1471 1529 1524 reus,

582 1546 743 1617 Cujus
770 1547 949 1603 voluta
971 1549 1175 1604 crimen
1200 1564 1333 1604 urna
1357 1559 1732 1617 expresserat,

584 1636 831 1708 Praeceps
861 1646 1086 1705 rotatur,
1119 1648 1173 1694 et
1191 1638 1456 1709 profundo
1483 1640 1835 1709 immergitur.

584 1728 743 1798 320
764 1728 1028 1797 Exceptus
1056 1728 1178 1784 inde
1207 1728 1454 1784 belluinis
1481 1729 1748 1797 faucibus,

586 1820 703 1874 Δινί
732 1821 941 1889 capacis
966 1821 1117 1876 vivus
1147 1820 1390 1875 hauritur
1410 1835 1596 1889 specu.

557 1907 844 1964 ransmissa
874 1911 1065 1978 raptim
1092 1908 1267 1978 przeda
1297 1923 1478 1963 cassos
1506 1908 1745 1965 dentium

585 1999 762 2056 Eludit
784 2000 938 2068 ictus,
967 2000 1301 2057 incruentam
1332 2001 1670 2058 transvolans

343 913 444 969 105

341 1363 443 1421 110

339 1817 447 1873 115

1367 343 1898 401 CATHEMERINON
1942 342 2050 397 VII.
2081 341 2279 399 JEJUN
2292 342 2562 397 :XNTIUM.

1941 466 1996 525 Δ

1933 1822 1982 1883 Β

3494 344 3596 401 856

2267 459 2488 524 impune
2521 459 2786 524 linguam;
2819 472 2886 510 ne
2916 465 3177 512 retentam
3211 458 3480 514 mordicus

2267 549 2436 603 Ullam
2455 547 2681 602 molares
2706 546 3033 602 dissecarent
3054 546 3219 613 uvidi,

2266 642 2340 696 Os
2364 654 2524 695 omne
2554 638 2762 703 transit,
2801 646 2857 693 et
2882 638 3117 709 palatum
3148 641 3405 708 praeterit.

2193 734 2385 792 Ternis
2413 734 2640 798 dierum,
2666 748 2728 788 ac
2754 733 2986 788 noctium
3011 732 3353 801 processibus

2277 826 2470 882 Mansit
2499 824 2674 880 ferino
2696 823 2981 879 devoratus
3004 833 3238 891 gutture.
3261 894 3267 900 .

2270 916 2495 971 Errabat
2533 915 2643 970 illic
2668 929 2763 984 per
2795 914 3024 969 latebras
3055 914 3353 977 viscerum;

2174 1020 2177 1025 ‘
2264 1003 2477 1061 Ventris
2499 1006 2799 1060 maeandros
2820 1005 3129 1060 circumibat
3160 1005 3365 1059 tortiles

2264 1099 2521 1165 Anltclus,
2544 1101 2683 1154 extis
2714 1100 2853 1157 intus
2881 1098 3247 1154 mstuantibus.
3400 1082 3405 1091 ’

2194 1188 2426 1244 intactus
2448 1189 2570 1244 exin
2601 1189 2957 1245 tertizenoctis
2986 1190 3101 1243 vice

2268 1278 2489 1333 Monstri
2516 1280 2777 1335 vomentis
2809 1278 3020 1348 pellitur
3038 1279 3377 1347 singultibus,

2271 1371 2429 1442 321
2451 1371 2564 1438 Qua
2582 1370 2930 1424 murmuranti
2962 1370 3068 1425 fine
3096 1371 3287 1425 fluctus
3313 1370 3586 1438 frangitur,

2263 1460 2552 1529 Salsosque
2579 1459 2816 1514 candens
2836 1474 3021 1528 spuma
3051 1460 3228 1515 tundit
3251 1460 3508 1529 pumices,

2268 1549 2525 1605 Ructatus
2551 1550 2678 1615 exit,
2703 1563 2867 1619 seque
2891 1559 3157 1605 servatum
3182 1560 3378 1619 stupet.

2193 1641 2251 1698 in
2285 1640 2548 1696 Ninivitas
2578 1655 2638 1695 se
2662 1648 2882 1695 coactus
2913 1638 3115 1709 percito

2260 1731 2458 1787 Grcssu
2490 1730 2748 1796 reflectit;
2770 1745 2904 1800 quos
2926 1740 2984 1785 ut
3012 1731 3229 1800 increpa
3240 1743 3411 1795 verat,

2260 1819 2514 1875 Pudenda
2541 1833 2736 1874 censor
2762 1819 3027 1887 imputans
3056 1818 3367 1889 opprobria,

2264 1913 2560 1981 lmpeudet,
2594 1912 2785 1982 inquit,
2817 1913 2896 1967 ira
2925 1911 3121 1967 summi
3150 1912 3374 1968 vindic‘s
3396 1951 3411 1976 ,

2293 2003 2596 2074 Urbemque
2625 2004 2839 2059 flamma
2875 2018 2999 2059 mox
3032 2002 3330 2060 cremabit:
3363 2003 3565 2058 credite

2024 641 2123 699 120

2020 1099 2123 1156 125

2020 1551 2126 1609 150

2011 2003 2115 2061 155

1643 2131 1925 2191 GLOSSIE
1963 2134 2296 2192 VETERES.

411 2243 533 2296 104.
562 2242 819 2304 Plectere,
850 2242 1050 2305 punire,
1091 2242 1194 2295 lso.

410 2311 532 2386 105.
566 2312 899 2386 fr_t_'l‘harsos,
939 2327 1055 2364 cum
1089 2311 1337 2367 debuisset
1365 2312 1604 2386 navigare
1632 2314 1868 2371 Ninivem
1891 2360 1907 2386 ,

332 2384 468 2452 fugit
496 2382 549 2434 in
586 2382 823 2447 Tharsos,
856 2380 895 2435 1.

404 2450 534 2507 108.
560 2452 658 2505 Per
685 2452 872 2515 altum,
903 2450 1322 2520 profunditatem,
1347 2451 1389 2509 1.

407 2522 533 2575 110.
563 2521 771 2581 Vatem,
801 2524 1131 2588 praphetam,
1166 2520 1207 2578 Ι.

409 2591 534 2645 115.
554 2591 795 2658 Capacis,
819 2592 1040 2663 vasti.—
1054 2590 1248 2659 Specu,
1272 2591 1462 2646 scilicet
1480 2593 1907 2663 in.—llauritur,

329 2663 574 2725 sumitur,
606 2669 835 2723 voratur,
870 2661 970 2714 lso.

404 2730 528 2805 110.
560 2730 792 2805 Ιξξψεξιιι,
818 2730 1071 2805 velociter.
1090 2761 1159 2805 ᾖ
1182 2732 1390 2805 cassos,
1428 2750 1631 2805 vacuos,
1661 2734 1701 2789 Ι.

404 2800 531 2856 117.
562 2799 757 2869 Eludit,
799 2800 1005 2872 decipit,
1038 2802 1196 2871 fallit,
1227 2803 1269 2859 ι.

2090 2248 2215 2304 118.
2244 2249 2528 2316 Mordicus,
2560 2251 2880 2314 mordaciter,
2915 2251 2956 2305 1.

2090 2320 2190 2373 119
2241 2319 2412 2394 lividi,
2440 2322 2577 2394 uvidi
2610 2323 2849 2394 dicuntur
2876 2322 3117 2387 molares,
3140 2322 3261 2394 quia
3288 2339 3483 2389 semper
3502 2341 3560 2377 sa

2017 2389 2120 2441 liva
2149 2389 2467 2455 perluuntur,
2498 2390 2615 2443 Vat.
2642 2391 2705 2444 Α.

1988 2492 1996 2503 ι
2090 2458 2211 2512 124.
2244 2458 2555 2521 meandros,
2592 2476 2835 2524 recessus,
2861 2469 3074 2528 secreta,
3103 2460 3140 2514 Ι.

2088 2529 2210 2582 1‘26.
2246 2529 2397 2590 Exin,
2432 2545 2570 2594 mox,
2599 2529 2701 2582 lso.

2091 2599 2214 2653 131.
2261 2598 2491 2661 Percito,
2523 2599 2701 2662 veloci,
2725 2598 2765 2652 l.

2083 2668 2204 2742 ςζιξ.
2237 2668 2460 2742 gensor,
2481 2667 2660 2742 iudet}.
2697 2692 2768 2742 -_-a-
2796 2667 3087 2742 Imputans,
3120 2684 3413 2738 numerans,
3444 2670 3480 2725 l.

2084 2736 2205 2793 155.
2234 2736 2491 2806 Credite,
2513 2738 2670 2805 mihi,
2705 2738 2744 2792 Ι.

1691 2895 2246 2955 COMMENTARIUS.

402 3025 528 3101 100.
560 3027 612 3081 1η
634 3027 787 3101 Prag.
818 3028 967 3097 prius
997 3028 1227 3099 paulum,
1259 3027 1353 3084 sed
1395 3028 1575 3101 inepte
1595 3028 1790 3087 factum
1820 3043 1904 3087 est

323 3096 617 3167 paululum,
651 3096 1005 3153 cui’metrum'
1034 3108 1313 3167 repugnat.

400 3166 525 3239 1‘01.
552 3167 757 3239 ilymno
782 3168 840 3233 6,
878 3183 1018 3223 vers.
1052 3168 1141 3232 95,
1174 3166 1434 3239 benignus
1459 3171 1612 3225 ultor.
1645 3170 1733 3225 Sic
1763 3186 1905 3225 nunc

321 3236 466 3289 mitis
490 3237 667 3359 bulltor,
711 3247 765 3293 et
817 3254 976 3307 supra
1030 3239 1226 3308 fulmen
1274 3236 1711 3311 mansuefactum,
1743 3250 1906 3296 terror

321 3322 483 3359 exora
520 3324 533 3358 ι
562 3324 621 3359 18.

320 3322 621 3360 εποναοιιιε.

400 3378 523 3431 105.
560 3376 739 3430 llcins.
766 3392 887 3431 cum
913 3378 1059 3445 Put.,
1092 3378 1324 3440 Thuan.,
1357 3378 1564 3440 Noms.,
1593 3394 1699 3435 uno
1725 3379 1903 3445 Torr.,

319 3448 499 3500 Oxon.
526 3447 595 3517 in
626 3459 816 3512 marg.,
852 3449 939 3501 ille
964 3451 1071 3516 qui.
1104 3448 1247 3515 Ald.,
1287 3448 1422 3516 Gis.,
1463 3448 1682 3517 Wcitz.,
1728 3461 1783 3505 et
1813 3466 1905 3506 no-

320 3517 449 3580 stri,
476 3516 562 3569 ille
582 3534 716 3570 cum.
751 3518 918 3583 Itott.,
943 3518 1029 3571 ille
1058 3520 1203 3572 dum.

398 3585 522 3642 101.
556 3587 893 3661 Burmannus
915 3599 1044 3642 tom.
1078 3588 1563 3661 lAntholog.,pag.
1590 3590 1901 3661 756,conji-

314 3657 397 3711 cit
424 3674 484 3709 ac
512 3659 740 3726 perdere,
771 3659 892 3726 quia
928 3657 1420 3727 prmccditservafe.

259 3728 263 3731 ‘
398 3728 520 3784 105.
556 3728 808 3793 Quaenam
849 3730 918 3782 sit
962 3728 1076 3782 haec
1103 3730 1310 3796 civitas,
1356 3747 1459 3785 non
1490 3745 1589 3785 una
1617 3738 1702 3784 est
1741 3730 1905 3785 inter-

314 3807 538 3868 pretum
568 3800 851 3851 sententia.
886 3799 987 3853 Alii
1018 3799 1285 3854 civitatem
1314 3799 1534 3863 Ciliciaz,
1563 3801 1651 3855 alii
1678 3800 1901 3855 Cartha-

313 3867 525 3935 ginem,
559 3868 644 3921 alii
673 3868 929 3933 Afrirarn,
961 3868 1051 3922 alii
1082 3883 1230 3924 mare
1264 3870 1705 3926 Mediterraneum
1733 3871 1901 3925 inter-

314 3947 635 4009 pretantur;
688 3938 929 3993 nonnulli
984 3938 1146 3993 India:
1174 3942 1444 4009 regionem
1498 3942 1682 3996 volunt
1734 3956 1895 4004 esse,

312 4007 565 4079 quidam_
582 4008 888 4063 Tartessum
919 4010 969 4063 in
1009 4007 1279 4079 Hispania.
1312 4010 1612 4066 Probabilis
1652 4011 1781 4065 mihi
1818 4021 1901 4065 est

310 4079 506 4143 Opinio
539 4077 799 4133 Bonirerii
828 4079 879 4133 in
922 4081 1061 4134 notis
1092 4077 1157 4135 ad
1185 4081 1581 4135 Onomasticum
1610 4080 1820 4135 urbium
1846 4089 1900 4135 et

312 4148 564 4219 locorum
598 4162 764 4219 sacre
794 4149 1104 4219 Scriptum,
1148 4154 1248 4205 boe
1292 4151 1508 4205 nomine
1546 4152 1796 4205 universe
1824 4150 1900 4203 si-

308 4217 558 4289 gnificari
581 4232 649 4289 ea
680 4218 793 4289 loca
818 4234 936 4287 qua?
962 4217 1184 4274 navibus
1210 4221 1343 4276 adiri
1371 4229 1594 4289 possunt
1611 4229 1666 4276 et
1689 4219 1893 4287 solent,

309 4286 434 4341 sive
458 4287 640 4341 insulae
665 4288 794 4349 sint,
820 4286 934 4343 sive
965 4290 1076 4344 loca
1109 4286 1487 4345 transmarina.

392 4358 516 4411 108.
547 4357 720 4421 Sich.,
749 4359 846 4412 iter
867 4373 963 4426 pro
984 4361 1104 4421 itur,
1131 4360 1305 4414 minus
1331 4363 1488 4415 bene.

388 4428 515 4483 109.
547 4426 806 4484 Weitzius
844 4438 898 4483 et
932 4427 1187 4484 Cellarius
1224 4431 1406 4485 nescio
1451 4430 1538 4485 ubi
1594 4429 1895 4486 invenerint

307 4514 472 4550 causa
506 4509 668 4553 tanta.

388 4568 511 4621 114.
547 4568 659 4622 Non
681 4567 871 4623 desunt
900 4568 1212 4635 interpretes
1229 4567 1317 4637 qui
1342 4576 1459 4623 cete
1484 4567 1611 4624 illud
1634 4568 1892 4625 baltenam

305 4638 481 4691 fuisse
509 4638 798 4701 afﬁrmem,
837 4639 956 4692 aliis
1011 4639 1449 4707 repugnantibus,
1497 4638 1637 4708 quod
1688 4640 1890 4697 halama

303 4707 533 4761 arctimi
559 4709 627 4762 sit
655 4716 885 4775 gutture,
914 4723 1071 4775 quam
1102 4717 1159 4761 ut
1187 4707 1457 4764 hominem
1489 4707 1751 4776 integrum
1778 4710 1893 4778 glu-

306 4780 417 4831 tire
448 4778 637 4845 possit.
674 4778 989 4831 Prudentius
1036 4780 1192 4846 paulo
1248 4787 1366 4847 post
1409 4778 1539 4834 dicit
1585 4778 1811 4832 dentium
1840 4788 1894 4833 et

300 4849 569 4911 molares,
613 4848 753 4915 quod
798 4848 1015 4901 balzenis
1060 4851 1347 4905 convenire
1390 4848 1631 4903 nonnulli
1670 4859 1882 4917 negant.

301 4918 415 4971 Alii
478 4933 582 4972 non
614 4917 772 4971 unius
818 4917 1013 4985 speciei
1055 4918 1288 4975 balzcnas
1335 4934 1454 4975 esse
1498 4918 1788 4985 affirmant,
1829 4928 1884 4974 et

300 4988 449 5059 alias
480 4988 695 5059 quidem
723 4988 880 5059 nullo
906 4987 1085 5053 dente,
1110 4990 1241 5045 alias
1268 4990 1444 5055 unico,
1475 4990 1608 5043 alias
1640 4990 1881 5059 pluribus

297 5057 546 5129 gaudere
583 5058 812 5113 tradunt.
844 5057 962 5112 Ceti
998 5061 1211 5114 nomine
1251 5075 1437 5115 omnes
1467 5057 1881 5129 pisces‘majoris

295 5128 589 5193 cujusdam
610 5197 618 5199 _
637 5129 790 5183 molis
816 5129 1220 5199 comprehendi,
1249 5132 1444 5199 passim
1468 5128 1733 5185 traditur.
1764 5131 1877 5184 Pis-

296 5188 426 5280 cein
447 5197 747 5280 grandem,
773 5199 863 5268 qui
891 5188 1081 5280 lanam
1124 5188 1416 5280 devoravit,
1448 5200 1608 5280 fuisse
1636 5202 1874 5280 curn-qui

296 5267 603 5339 citat-curias
622 5267 839 5339 dicitur,
870 5270 1041 5339 Amulli
1071 5270 1354 5339 opinantur
1393 5289 1405 5323 :
1452 5270 1605 5338 cujus
1642 5267 1871 5338 effigiem

292 5336 530 5410 exbibet
557 5337 948 5410 _Alt_l_rovandus
995 5340 1086 5393 lib.
1109 5336 1208 5395 xm
1228 5382 1242 5407 ,
1273 5355 1393 5410 cap.
1420 5340 1485 5395 12
1510 5336 1578 5395 de
1612 5336 1875 5395 Piscibus.

379 5406 503 5461 115.
556 5407 612 5461 In
647 5408 763 5462 Vat.
798 5411 866 5471 A,
899 5410 1123 5475 Itaritur,
1156 5424 1186 5461 a
1219 5406 1385 5475 veteri
1414 5426 1592 5464 manu.

379 5476 504 5532 119.
538 5476 683 5545 Ald.,
708 5478 847 5543 Gis.,
879 5478 1034 5534 Fabr.
1062 5487 1118 5533 et
1153 5479 1241 5533 alii
1266 5495 1389 5532 cum
1431 5480 1583 5533 Brev.
1616 5479 1775 5542 Moz.,
1800 5482 1873 5537 vi-

291 5548 438 5617 vidi,
484 5548 622 5617 quod
673 5548 1033 5603 Nc-brissensis
1078 5551 1456 5617 interpretatur
1492 5550 1662 5615 vividi,
1714 5553 1873 5606 acuti.

296 5615 450 5693 Vatt.
480 5615 522 5693 A_
550 5630 601 5672 et
626 5618 896 5693 BA,__Prag_.,
926 5618 1082 5693 Rat._,
1115 5615 1291 5674 Heins.
1325 5634 1443 5693 cum
1485 5620 1869 5693 duobusrretu-

286 5686 553 5758 stissimis
584 5690 741 5741 uvidi.
769 5686 994 5751 ln’Put.,
1026 5689 1357 5758 disseparent.
1398 5689 1514 5743 Vat.
1542 5686 1621 5753 Ἀ,
1658 5690 1869 5744 dissica-

288 5764 441 5817 rent,
474 5754 590 5813 Vat.
626 5758 687 5822 Β.
717 5758 1026 5814 desecarcut.
1059 5754 1180 5827 Offa
1216 5759 1381 5831 accipi
1411 5759 1549 5817 solet
1583 5773 1680 5829 pro
1701 5761 1869 5822 quali-

2006 3030 2096 3084 bet
2135 3028 2551 3100 massainformi
2589 3041 2709 3098 qua:
2737 3027 2790 3083 in
2819 3042 2881 3083 os
2918 3028 3170 3098 injicitur.
3199 3028 3326 3100 Ejus
3351 3030 3556 3088 diminu

2011 3103 2175 3155 litium
2216 3098 2397 3165 ofella.

2080 3171 2201 3223 121.
2235 3169 2425 3234 Hails.,
2456 3168 2803 3238 praecessibus,
2836 3183 3136 3236 perperam.

2079 3241 2201 3294 121.
2239 3238 2401 3304 Ald.,
2437 3238 2624 3301 Nebr.,
2656 3238 2794 3305 Gis.,
2819 3238 2983 3292 notri
3012 3249 3065 3292 et
3100 3238 3379 3293 Weitziani
3418 3240 3553 3295 codd

2012 3322 2207 3376 printer
2230 3308 2432 3363 Widm.
2463 3309 2515 3362 in
2540 3316 2705 3373 textu,
2742 3308 2892 3362 Brev.
2929 3308 3085 3371 Μυκη
3118 3307 3424 3362 Gallandins
3455 3326 3573 3367 cum

2012 3379 2269 3441 Tornacs,
2300 3394 2522 3433 recessus
2575 3393 2672 3445 pro
2718 3378 3003 3432 maeandros
3034 3394 3053 3431 :
3084 3378 3136 3431 in
3183 3379 3377 3433 Widm.
3411 3380 3570 3434 etiam

2009 3450 2074 3501 ad
2103 3452 2395 3518 marginem
2430 3444 2672 3503 recessus.
2701 3447 2893 3518 Weitz.
2926 3457 2979 3502 et
3002 3447 3245 3518 [leinsius
3268 3464 3388 3504 cum
3435 3444 3577 3517 Put.,

2009 3516 2419 3584 UXun.,‘Nom.,
2448 3518 2571 3572 Ret.
2615 3529 2667 3572 et
2694 3533 2801 3571 uno
2824 3516 2980 3572 Torr.
3010 3516 3129 3571 Vat.
3160 3519 3205 3586 ρ
3225 3529 3278 3573 et
3324 3521 3475 3576 Alex.
3512 3521 3577 3575 ad

2003 3602 2176 3654 oram,
2208 3591 2516 3652 mwnndros,
2567 3586 2706 3657 quod
2747 3587 2914 3657 magis
2946 3587 3157 3657 placet:
3207 3604 3327 3641 nam
3355 3607 3578 3644 recessus

2006 3658 2216 3714 videtur
2246 3660 2444 3727 glossa,
2480 3656 2856 3712 aut’correctio
2894 3656 3134 3726 alicujus,
3167 3658 3256 3724 qui
3282 3661 3580 3714 mamndros

2044 3730 2231 3783 rimam
2263 3728 2558 3795 producere
2585 3727 2797 3790 scierit,
2824 3742 2995 3795 neque
3033 3728 3501 3793 animadverterit,
3549 3747 3577 3784 a

2005 3744 2294 3851 Brudeittio
2327 3807 2622 3851 correutam
2656 3796 2852 3851 hvmno
2889 3798 2941 3851 6.
2971 3812 3112 3851 vers.
3148 3799 3264 3851 112.
3302 3800 3355 3851 In
3401 3800 3574 3851 Eam..

2049 3799 2294 3854 rudentio
2327 3807 2622 3869 correptam
2656 3796 2865 3869 hymno_
2889 3798 2941 3860 6,
2971 3812 3112 3852 vers.
3148 3799 3264 3851 112.
3302 3800 3355 3853 In
3401 3800 3574 3869 Egm.,

2002 3870 2186 3922 ventris
2210 3884 2431 3923 recessus
2455 3866 2640 3919 tortilis
2659 3906 2675 3926 ,
2698 3866 2701 3867 ⁷
2721 3866 2868 3934 quasi
2897 3876 3081 3922 venter
3110 3869 3301 3923 tortilis
3330 3866 3569 3936 dicatur;

2002 3954 2107 3993 non
2134 3941 2323 4007 placet.
2357 3939 2460 3991 Pro
2488 3936 2782 3988 circumibat
2813 3936 2900 4007 alii
2938 3936 3103 4007 edunt
3129 3938 3393 3991 circuibat.

2076 4010 2196 4065 1‘26.
2242 4008 2377 4072 Alt.,
2408 4015 2463 4062 et
2498 4020 2528 4059 a
2560 4020 2722 4060 manu
2750 4006 2921 4075 prima
2966 4006 3145 4076 Egm.,
3169 4008 3356 4073 virent;
3385 4007 3574 4063 melius

2000 4094 2124 4132 υιεε.

2072 4148 2196 4202 127.
2248 4145 2542 4201 Evomentis
2582 4149 2695 4202 sive
2749 4144 2997 4210 Altinius,
3040 4145 3152 4198 sive
3198 4144 3574 4213 Egmondanus

2036 4218 2207 4282 otius;
2241 4233 2344 4272 non
2361 4218 2502 4271 enim
2533 4217 2677 4272 clare
2717 4216 2922 4268 locutus
2951 4225 3032 4269 est
3071 4214 3337 4269 lleiusius.
3384 4217 3560 4282 Eques

2051 4290 2267 4342 ictorius
2310 4289 2364 4341 in
2409 4287 2574 4350 prima
2607 4287 2779 4341 littera
2821 4283 3207 4339 dissertatiOnis
3238 4284 3571 4353 philologiae

1998 4358 2438 4426 exprimicuravit
2456 4356 2647 4412 Jonam
2676 4355 2985 4421 prophetam
3017 4370 3083 4409 ex
3100 4363 3308 4409 vetusta
3333 4370 3565 4426 gemma,

1997 4424 2254 4497 expansis
2281 4428 2541 4497 elatisque
2563 4425 2807 4482 manibus
2832 4433 3221 4497 erumpentem,
3246 4434 3301 4480 et
3322 4424 3435 4481 fere
3456 4441 3569 4481 nte-

1996 4494 2140 4553 dium
2170 4494 2555 4567 prominentem
2582 4497 2651 4551 ab
2673 4510 2766 4550 ore
2793 4494 2919 4567 ceti.

2069 4563 2189 4623 129'.
2223 4569 2467 4623 Mendum
2495 4567 2615 4621 Vat.
2643 4567 2688 4621 A
2712 4566 2894 4619 cadens
2923 4572 3216 4619 correctum
3253 4571 3334 4618 est
3355 4608 3369 4632 ,
3403 4575 3460 4620 ut
3496 4563 3571 4620 sit

1995 4638 2237 4692 candens.
2269 4637 2421 4704 Apud
2447 4638 2731 4693 Minucium
2761 4633 2990 4689 Felicem
3013 4635 3176 4705 aliqui
3224 4634 3404 4704 legunt
3437 4653 3450 4689 :
3484 4633 3568 4689 ll:i

1993 4723 2178 4761 arenas
2197 4709 2412 4761 extimas
2435 4749 2449 4771 ,
2492 4708 2625 4763 velut
2652 4713 2893 4777 sterneret
2920 4703 3231 4777 ambulacro,
3264 4703 3567 4777 perfundens

1995 4777 2122 4831 lenis
2150 4780 2289 4830 unda
2318 4777 2570 4831 tendebat.
2614 4776 2715 4832 Mii
2746 4774 3030 4829 restituunt
3059 4773 3316 4827 tundebat.
3350 4773 3566 4830 Elmen-

1994 4846 2230 4903 horstius
2259 4846 2476 4901 adducit
2493 4845 2861 4915 auctoritatem
2894 4844 2953 4899 S.
3005 4844 3332 4915 Hieronymi,
3363 4846 3452 4913 qui
3495 4850 3569 4899 sl-

1992 4917 2188 4972 militer
2214 4932 2280 4971 eo
2302 4919 2465 4973 verbo
2507 4920 2692 4981 utitur,
2734 4923 2790 4969 et
2834 4914 2975 4968 hunc
3019 4913 3216 4968 locum
3244 4913 3559 4980 Prudentii;

1986 4988 2082 5041 sed
2113 4998 2341 5042 metrum
2375 4988 2615 5049 corrupit
2662 4999 2768 5038 uno
2804 4984 2966 5038 verbo
3010 4993 3255 5039 mutato:
3285 4984 3563 5053 Salsmqne

1989 5059 2208 5129 candens
2229 5074 2409 5129 spuma
2437 5053 3109 5129 tunditAsiliees._0u;elius
3152 5071 3388 5129 errorem
3422 5064 3566 5109 tran—

1982 5128 2213 5196 scripsit.
2240 5123 2375 5195 Quid
2406 5142 2536 5196 ergo
2564 5126 2777 5189 mirum,
2802 5124 2852 5196 isi
2889 5123 3028 5196 olim
3053 5125 3327 5196 monachis
3358 5134 3560 5179 tantum

1983 5193 2315 5259 florentibus,
2338 5193 2599 5266 ejusmodi
2644 5195 2865 5249 maculas
2892 5193 3554 5266 Prudentio‘adlugscrint,

1977 5276 2033 5321 et
2061 5283 2129 5322 ex
2155 5285 2258 5324 uno
2285 5269 2337 5323 in
2365 5262 2507 5323 aliud
2537 5266 2808 5334 exemplar
2839 5263 3300 5334 permanarerint't
3324 5262 3399 5334 De
3428 5279 3559 5317 milia

1981 5347 2036 5391 et
2057 5340 2303 5393 candenti
2354 5353 2539 5405 spuma
2596 5330 2850 5390 fluctuum
2897 5330 3061 5386 multa
3105 5331 3177 5386 ibi
3208 5332 3558 5405 Ouzelius,_et

1980 5408 2121 5533 nihil:
2145 5400 2476 5479 frequentius
2507 5404 2647 5475 apud
2675 5412 2858 5474 poetas
2889 5415 3048 5473 quam
3097 5408 3438 5472 tempestates
3464 5400 3553 5456 dc-

1980 5492 2080 5533 Βοη
2123 5495 2232 5533 ere.

1977 5492 2080 5533 801³1
2088 5492 2232 5535 nere.

2050 5550 2171 5603 151.
2204 5547 2397 5615 Aliqui.
2434 5544 2699 5599 Ninevitas
2727 5541 2985 5615 scribunt.

2050 5618 2170 5672 151.
2218 5611 2337 5670 Vat.
2370 5617 2428 5672 Β,
2453 5616 2683 5685 judicis,
2717 5612 2813 5685 sed
2843 5611 3052 5685 videtur
3100 5611 3268 5685 fuisse
3319 5613 3555 5685 vindicis.

1979 5687 2098 5768 flat.
2138 5687 2356 5810 ett‘alius
2403 5682 2520 5742 var.
2563 5684 2708 5756 apud
2735 5682 2921 5753 Teol.,
2951 5683 3166 5756 iudicis.
3197 5683 3352 5746 Brcv.
3396 5684 3554 5755 £01.,

1979 5773 2141 5810 iumen
2182 5774 2193 5809 l
2222 5793 2237 5810 ι

1976 5766 2237 5827 impendit.
