4068 6190
559 330 651 383 35;!
1648 320 1924 376 AURELII
1966 322 2119 377 Pl'lUI

2223 322 2334 375 lTll
2369 321 2690 377 CAHMINA.

2151 442 2203 499 Α
2234 433 2332 489 1ὄο

732 438 948 506 Apicem
980 436 1228 503 deinceps
1248 433 1400 488 ardui
1430 432 1627 489 montis
1654 434 1813 502 petit,

808 526 1027 580 Visurus
1052 526 1173 579 inde
1194 523 1567 592 conglobatum
1601 523 1824 578 turbida

805 618 1023 671 Primum
1048 617 1238 679 ruina),
1263 615 1429 670 cladis
1457 623 1511 669 et
1533 613 1662 668 dirae
1682 625 1907 675 struem,

800 708 991 760 'l‘ectus
1020 704 1240 773 ﬂagellis
1268 703 1543 758 multinodi
1566 703 1840 773 germinis,

797 796 928 850 Nato
949 807 1003 849 et
1025 804 1241 864 repente
1273 793 1550 863 perfruens
1572 793 1903 847 umbraculo.

689 890 848 958 322
875 887 980 941 Sed
1010 896 1196 942 moesta
1225 895 1504 954 postquam
1531 884 1719 938 civitas
1743 884 1936 937 vulnus
1963 884 2085 938 novi

799 977 980 1030 llausit
1001 976 1222 1039 doloris,
1252 976 1382 1028 heu!
1408 989 1712 1043 supremum
1741 973 1983 1043 palpitat.

796 1068 1024 1122 CurSant
1057 1081 1148 1136 per
1180 1065 1352 1133 ampla
1380 1063 1739 1133 congregatim
1765 1064 1960 1119 muenia

786 1159 961 1224 Plebs,
993 1168 1047 1212 et
1066 1166 1304 1222 senatus,
1345 1158 1517 1211 omnis
1546 1164 1675 1210 mtis
1696 1156 1912 1219 civium,

796 1250 1009 1305 Palicos
1031 1250 1302 1317 juventus,
1329 1248 1594 1315 ejulantes
1617 1246 1849 1301 feminae.

726 1341 906 1395 Placet
949 1340 1262 1394 frementem
1296 1338 1523 1406 publicis
1552 1337 1769 1405 jejuniis

796 1432 1018 1486 Placare
1048 1430 1318 1485 Christum
1344 1446 1358 1481 :
1388 1441 1505 1482 mos
1532 1426 1720 1483 edendi
1745 1427 2033 1496 spernitur.

795 1524 1026 1577 Glaucus
1055 1522 1280 1576 amictus
1311 1520 1483 1575 induit
1508 1520 1796 1574 monTlibus

796 1615 1038 1668 Matrona
1077 1613 1327 1683 demptis,
1358 1626 1562 1681 proque
1588 1625 1818 1681 gemma,
1848 1619 1903 1666 et
1948 1613 2123 1669 serico

561 798 655 852 H0

554 1251 652 1304 11ἔὶ

3702 317 3810 373 85ἶ

2507 432 2724 485 Crincm
2754 431 3007 485 ﬂuentem
3032 428 3282 485 sordidus
3306 427 3507 498 spargit
3533 426 3692 481 cinis.

2372 520 2630 590 Squalent
2657 519 2886 574 recincta
2914 528 3061 574 veste
3088 517 3273 589 pullati
3304 525 3515 586 patres,

2475 612 2730 680 Setasque
2762 612 3014 681 plangens
3036 610 3189 663 turba
3218 609 3381 664 sumit
3411 609 3645 663 textiles.

2479 715 2697 784 [inpexa
2729 716 2865 770 villis
2894 715 3045 785 virgo
3073 711 3406 777 bestialibus,

2480 816 2728 885 Nigrante
2758 816 2964 870 vultum
3004 813 3237 881 contegit
3267 812 3548 874 velamine,

2478 914 2666 969 iacens
2697 912 2872 968 arenis
2902 920 2954 967 et
2976 927 3105 981 puer
3132 909 3480 981 provolvitur.

2478 1016 2637 1087 323
2667 1016 2777 1071 Rex
2812 1017 2925 1085 ipse
2949 1014 3089 1070 Coos
3117 1021 3430 1069 aestuantem
3459 1013 3660 1067 murice

2472 1117 2683 1171 Litanam
2713 1116 2919 1172 revulsa
2949 1116 3244 1185 dissipabat
3270 1115 3454 1180 libula,

2470 1217 2722 1272 Gemmas
2747 1217 3001 1280 virentes,
3030 1225 3082 1271 et
3115 1215 3325 1285 lapillos
3352 1214 3559 1279 sutiles,

2475 1317 2684 1387 insigne
2710 1316 2895 1371 frontis
2921 1317 3149 1371 exuebat
3179 1316 3446 1370 vinculum

2479 1418 2643 1486 Turpi
2676 1417 2896 1487 capillos
2924 1417 3208 1487 impeditus
3238 1417 3471 1486 pulvere.

2406 1519 2591 1575 Nullus
2621 1519 2861 1585 bibendi,
2894 1533 3052 1572 nemo
3078 1518 3323 1572 vescendi
3354 1533 3592 1572 memor:

2486 1617 2675 1687 Jejuna
2701 1632 2913 1674 mensas
2945 1617 3111 1689 pubes
3138 1618 3311 1673 omnis
3330 1618 3587 1688 liquerat:

2232 913 2333 967 155

2231 1417 2337 1475 160

1855 1704 2144 1764 GLOSSE
2185 1708 2531 1768 VETERES.

620 1795 739 1849 158.
768 1795 997 1859 Strucm,
1021 1797 1324 1866 congeriem,
1355 1794 1647 1866 cumulum,
1679 1796 1720 1849 l.

623 1866 742 1988 13‘9.
810 1866 1087 1935 Flagellis,
1125 1865 1372 1920 surculis.
1423 1882 1511 1906 -·
1543 1865 1846 1935 Germinis,
1895 1868 2132 1923 cucurbi-

550 1944 633 2000 ια’,
696 1974 709 1986 .

621 2004 741 2059 HQ.
775 2005 978 2069 Hausit,
1019 2005 1228 2071 aud-ivit,
1266 2005 1304 2060 Ι.

603 2076 739 2197 Ἠῗ.
771 2075 1128 2144 Frementem,
1158 2078 1477 2131 irascentem.
1519 2107 1589 2117 —
1616 2075 1869 2146 Publicis,
1904 2078 2124 2149 manife-

603 2161 661 2197 18.
711 2160 791 2197 SO.

550 2154 661 2205 stts,
689 2154 791 2199 lso.

617 2214 740 2286 118.
771 2214 1021 2286 Glaucus,
1050 2218 1244 2286 nigros,
1271 2232 1423 2269 canos
1443 2259 1458 2281 ,
1480 2214 1587 2283 lso.

631 2284 752 2358 151.
773 2284 966 2341 Bullati
991 2326 1007 2352 ,
1022 2284 1175 2341 aliter
1196 2286 1407 2358 pullati,
1434 2286 1600 2339 itlduti
1620 2329 1634 2350 ,
1659 2287 2122 2358 ornati,gemmati.

549 2351 743 2429 Pulla_ti
774 2358 854 2429 ,i.
887 2373 932 2410 e.
967 2351 1131 2429 nigri;
1170 2351 1256 2429 qui
1284 2359 1335 2429 in
1364 2356 1753 2429 luctu‘vestibus
1780 2351 1940 2429 nigris
1966 2369 2121 2413 utun-

548 2438 650 2478 tur.
680 2423 836 2479 Pulla
856 2428 1003 2481 vestis
1022 2423 1407 2497 nigra'dicitur,
1436 2426 1553 2479 inde
1574 2427 1754 2495 pullati
1786 2423 1974 2495 ptitres,
2003 2430 2040 2482 i.
2072 2445 2117 2483 e.

2160 1803 2208 1864 Β
2233 1803 2396 1872 nigri,
2428 1803 2467 1858 Ι.

2311 1874 2434 1927 152.
2471 1872 2731 1941 Setasque
2751 1914 2766 1937 ,
2798 1872 2980 1927 ciliciis
3004 1873 3366 1936 induebantur,
3396 1872 3499 1931 lso.

2312 1942 2434 1998 156.
2465 1942 2625 2008 Coos,
2656 1942 2879 1998 Graecos.
2912 1943 3138 2008 Coensis,
3167 1947 3229 1997 ab
3252 1945 3418 1998 insula
3442 1943 3529 1997 ubi
3553 1942 3816 2007 nascitur,

2240 2010 2284 2065 1.
2317 2011 2420 2066 Coa
2450 2023 2523 2066 est
2552 2012 2725 2066 insula
2754 2015 2840 2066 ubi
2870 2015 3062 2081 optima
3109 2030 3333 2082 purpura
3371 2012 3637 2076 invenitur,
3684 2011 3815 2064 Val.

2237 2082 2302 2135 A.
2333 2112 2402 2122 —
2439 2082 2797 2145 tEstuantem,
2834 2086 3194 2138 ostendentem.
3228 2112 3301 2124 —
3331 2083 3574 2148 Murices,
3609 2098 3817 2149 purpu-

2234 2167 2369 2226 ram,
2379 2170 2635 2226 purpura:
2660 2155 2872 2226 regalis,
2887 2153 2917 2226 Vl
2926 2192 2940 2206 .

2305 2223 2428 2295 157.
2484 2222 2733 2295 Laertam,
2766 2224 2981 2295 pallium
3006 2223 3412 2295 imperatorum,
3446 2238 3599 2295 genus
3636 2222 3819 2285 testis,

2230 2293 2468 2361 pallium.
2494 2322 2564 2334 —
2590 2294 2913 2362 Dissipabat,
2943 2294 3222 2357 scindebat,
3256 2292 3297 2346 Ι.

2314 2362 2434 2419 160.
2467 2361 2773 2434 lmpedittts,
2806 2362 3047 2433 ftedatus,
3077 2363 3383 2434 maculatus,
3413 2361 3460 2419 l.

1900 2517 2465 2577 COMMENTARIUS.

619 2609 739 2692 ιζξϐ.
788 2608 1391 2692 Αιὰηβεὶηάειῃιῑηυε
1424 2609 1593 2692 bene;
1623 2608 1843 2692 reliqui,
1867 2612 2122 2692 deinceps.

546 2677 780 2801 Tltl‘OlillS,
811 2679 1013 2801 tiicscio,
1054 2693 1119 2733 an
1150 2677 1273 2733 data
1299 2692 1461 2748 opera
1502 2679 1701 2745 deinde,
1733 2677 1939 2735 nullum
1970 2677 2114 2737 enim

546 2764 576 2801 τι
618 2760 736 2801 eant
762 2763 822 2801 co
869 2788 882 2801 .

546 2760 736 2811 attegat
762 2760 882 2801 cna.

618 2820 740 2874 157.
774 2818 950 2885 Prag.,
986 2819 1277 2883 turbidum;
1306 2818 1394 2873 alii
1424 2818 1660 2874 turbida}.

616 2890 739 2943 159.
769 2888 985 2951 Weitz.,
1012 2888 1150 2953 Gis.,
1201 2890 1376 2953 Teol.,
1412 2888 1552 2946 Vatt.
1594 2891 1654 2956 Β,
1705 2888 1747 2951 1,
1781 2888 1839 2958 Ρ,
1869 2890 1934 2958 ρ,
1966 2889 2118 2951 Urb.,

551 2958 697 3023 Rat.,
729 2960 998 3012 multinodi
1022 2977 1034 3011 :
1060 2960 1200 3028 quod
1231 2958 1489 3013 Cellarius
1532 2961 1810 3027 amplexus
1849 2970 1953 3024 est,
1996 2962 2118 3028 quia

546 3028 759 3082 suavius
807 3029 1091 3097 profertur,
1140 3039 1194 3085 et
1243 3030 1498 3098 Apuleius
1539 3044 1665 3083 usus
1707 3037 1793 3083 est
1831 3032 2124 3085 multinodis

546 3100 914 3163 voluminibus,
959 3100 1256 3154 multinodis
1314 3100 1517 3153 ictibus.
1563 3100 1683 3154 Vat.
1732 3099 1797 3161 0,
1840 3100 2120 3164 mendose,

546 3168 865 3231 multimodi,
899 3168 1038 3236 quod
1073 3177 1245 3224 exstat
1291 3173 1451 3224 etiam
1482 3171 1533 3222 in
1567 3169 1719 3225 Brev.
1751 3170 1891 3224 Moz.
1943 3170 2122 3226 Codex

546 3238 722 3303 Alcm,
754 3248 807 3292 ct
1000 3240 1292 3293 multinodis
1314 3254 1339 3293 a
1369 3240 1690 3306 multinodis,
1738 3242 2038 3304 multinode,
2071 3253 2129 3295 ut
2157 3211 2198 3272 Ε

545 3309 784 3372 trinodis,
808 3309 1005 3380 enodis.
1038 3310 1180 3365 Idem
1226 3311 1401 3380 Egm.,
1429 3319 1485 3366 et
1517 3311 1713 3376 Palat.,
1767 3319 1823 3365 et
1847 3311 1947 3365 ltoc
1973 3327 2126 3366 com-

548 3380 772 3450 probant
800 3377 921 3433 Ald.
954 3392 1007 3432 et
1036 3381 1123 3449 qui
1153 3377 1366 3435 cum'eo
1390 3381 1574 3450 legunt
1619 3381 1935 3435 multimodis
1981 3396 2127 3436 men-

545 3447 675 3519 dose
706 3465 719 3500 :
749 3464 855 3519 non
872 3450 1019 3519 enim
1052 3447 1246 3517 patitur
1273 3447 1511 3514 carmen,
1542 3450 1621 3503 uti
1653 3466 1719 3504 ne
1740 3466 1824 3519 ine
1868 3452 2126 3504 multimo-

544 3518 619 3571 di.
675 3518 816 3585 quod
868 3518 1119 3585 Pragensi
1169 3520 1381 3572 insedit.
1440 3520 1731 3584 Cellarius,
1788 3528 1841 3574 et
1887 3536 2007 3574 eum
2059 3536 2125 3575 eo

544 3586 758 3639 Teolius
786 3587 1059 3658 lleittsium
1099 3598 1345 3652 arguunt,
1386 3589 1524 3658 quod
1555 3590 1599 3641 is
1626 3591 1901 3658 negaverit
1928 3591 2122 3646 cnodus

543 3666 598 3709 et
625 3657 855 3709 trinodus
895 3656 1019 3710 dici.
1060 3658 1129 3711 At
1167 3656 1413 3712 Heinsius
1438 3658 1605 3715 edidit
1633 3656 1928 3722 multinodi,
1961 3671 2124 3715 etsu-

546 3727 651 3778 lum
680 3728 751 3779 ait
773 3726 823 3779 in
856 3727 995 3781 notis
1028 3744 1042 3780 :
1075 3727 1165 3781 Sic
1205 3728 1345 3780 clava
1372 3743 1614 3783 'rntnoots
1659 3731 1840 3797 poetis,
1891 3747 1994 3784 non
2028 3732 2119 3783 tri-

466 3806 467 3815 ‘
545 3798 698 3867 nodo,
728 3805 776 3849 et
816 3811 985 3850 ENODE
1034 3798 1248 3867 lignum.
1291 3797 1419 3852 Vide
1448 3813 1566 3867 cap.
1595 3815 1645 3855 tv
1674 3798 1843 3865 Jonze,
1868 3814 2010 3854 vers.
2065 3801 2116 3856 6.

548 3866 733 3920 Verior
765 3867 975 3920 videtur
1003 3866 1289 3933 sententia,
1343 3866 1581 3922 fruticem
1630 3869 1890 3925 llcbraire
1915 3870 2116 3925 dictum

540 3938 817 4008 quiqunion
859 3945 1062 3991 tantum
1112 3940 1255 3991 nasci
1298 3939 1348 3991 in
1386 3939 1663 3993 Palaestina
1695 3955 1711 4003 ;
1754 3940 1879 3995 hinc
1904 3941 2073 3995 Graeci
2100 3983 2115 4008 ,

540 4007 731 4074 quibus
762 4006 862 4061 hoc
891 4008 1170 4077 virgultum
1216 4010 1450 4078 ignotum
1480 4021 1616 4073 erat,
1653 4013 1965 4064 cucurbitam
1994 4006 2117 4066 ver;

541 4086 737 4149 terunt,
787 4078 844 4132 S.
895 4078 1247 4149 Hieronymus
1296 4080 1554 4149 liederam,
1606 4081 1689 4134 cui
1745 4083 1972 4135 similius
2012 4090 2114 4136 est.

542 4148 613 4198 lix
649 4148 865 4214 picturis
895 4148 1147 4216 antiquis,
1182 4149 1268 4202 ubi
1290 4148 1454 4203 Jonas
1494 4149 1595 4204 sub
1622 4151 1815 4205 arbore
1840 4152 2117 4207 dormiens

538 4217 840 4288 exhibetur,
874 4218 1013 4273 utin
1042 4218 1182 4271 vitro
1231 4218 1447 4287 antiquo
1490 4220 1615 4272 olim
1649 4222 1820 4275 musei
1860 4222 2111 4288 Victorii,

539 4286 710 4339 solum
735 4289 994 4357 arguitur,
1025 4298 1243 4342 auctore
1268 4306 1296 4340 u
1343 4286 1562 4356 pictura:
1603 4290 1655 4343 in
1688 4290 1786 4344 hac
1814 4293 1896 4345 vel
1930 4292 1981 4344 in
2012 4286 2114 4343 alia

545 4358 707 4410 luisse
759 4358 1044 4418 sententia.
1111 4359 1239 4412 \‘ide
1291 4360 1718 4414 dissertationem
1770 4361 1988 4416 Victorii
2045 4360 2113 4415 de

534 4437 737 4501 septem
762 4427 1169 4501 dormientibus,
1200 4429 1286 4501 qui
1334 4428 1599 4501 incassum
1637 4439 1863 4501 conatur
1894 4445 2112 4501 persua-

539 4497 689 4561 dere,
717 4499 1031 4555 auctoritate
1055 4500 1170 4552 vi.ri
1196 4497 1276 4551 sui
1305 4500 1541 4567 antiqui,
1565 4515 1671 4566 quo
1692 4500 1855 4554 Jonas
1890 4497 1991 4555 sub
2020 4516 2111 4554 cu-

534 4568 737 4639 curbita
780 4576 1214 4637 repraesentatur,
1268 4570 1405 4623 hanc
1434 4570 1783 4639 quiestiouem
1825 4572 1979 4626 facile
2021 4571 2111 4626 dc-
2144 4576 2194 4636 ι)
2218 4568 2508 4627 comment.
2537 4575 2604 4627 de
2634 4573 2836 4636 Servis,

537 4638 695 4691 liniri.

612 4709 733 4763 HO.
783 4709 963 4779 Prag.,
1006 4711 1316 4779 perfruente,
1349 4708 1628 4765 mendose.
1653 4710 1808 4765 Brev.
1842 4710 2001 4777 Moz.,
2030 4710 2113 4763 hic

532 4789 577 4828 εί
612 4788 835 4843 repente.

606 4847 628 4897 1
652 4848 727 4900 i2.
764 4849 915 4900 Brev.
947 4847 1103 4907 M07...
1131 4847 1291 4913 male,
1316 4851 1457 4902 auxit
1492 4863 1588 4916 pro
1614 4850 1804 4905 hausit.

608 4916 729 4971 145.
760 4918 984 4981 Widm.,
1017 4920 1327 4987 congregati,
1359 4934 1465 4972 non
1496 4920 1565 4973 ita
1598 4921 1753 4975 bene.

764 4987 952 5059 llails.,
982 4986 1381 5059 palln'ns;7forl.e
1409 4992 1611 5059 palans.

610 5058 731 5110 H7.
768 5058 1005 5110 Latinius
1036 5057 1561 5114 dillicnltatetu'hanc
1591 5062 1785 5113 excitat
1814 5078 1825 5110 :
1858 5061 1922 5112 At
1958 5062 2107 5116 Chri-

530 5137 638 5198 stus
680 5128 908 5198 nondum
945 5138 1092 5184 natus
1133 5137 1276 5198 erat.
1310 5129 1434 5180 Eam
1476 5135 1729 5198 prmcepit
1756 5144 1818 5184 ac
1865 5130 2110 5186 dissulvit

535 5197 799 5250 Nebrissa.
838 5199 967 5252 Vide
996 5212 1133 5249 vers.
1167 5197 1236 5251 68
1268 5197 1448 5267 hymni
1476 5204 1525 5252 4.

604 5268 725 5321 150.
763 5269 881 5321 Ald.
902 5313 916 5336 ,
947 5268 1182 5321 sordibus
1212 5283 1332 5321 cum
1365 5267 1483 5321 Vat.
1515 5270 1557 5323 A
1583 5279 1633 5323 et
1664 5269 1805 5322 aliis.

608 5339 733 5391 151.
773 5339 951 5392 lleins.
983 5354 1101 5391 cum
1154 5338 1296 5403 Put.,
1344 5338 1551 5393 Thnan.
1604 5349 1658 5391 et
1701 5340 1840 5404 aliis,
1891 5340 2108 5408 pullati,

532 5410 668 5471 quod
703 5408 899 5461 habent
944 5410 1103 5461 etiam
1164 5410 1353 5463 nostri.
1412 5408 1603 5462 Weitz.
1666 5425 1786 5463 cum
1845 5410 2007 5462 Hails.
2055 5420 2109 5464 et

532 5480 713 5545 eum,
745 5479 942 5533 bullati.
974 5479 1263 5549 Utramque
1288 5478 1566 5532 lectionem
1595 5479 1800 5537 videtur
1825 5480 1909 5534 lso
1935 5494 2103 5549 agno—

534 5556 690 5602 visse.
728 5549 827 5601 Pro
853 5551 1076 5601 recincta
1105 5548 1294 5615 aliquis
1320 5550 1513 5600 relicta.

608 5620 726 5672 152.
764 5620 906 5683 llat.,
936 5629 1139 5679 turma;
1169 5620 1357 5672 melius
1386 5619 1552 5674 turba.

609 5691 728 5741 153.
780 5688 997 5742 Vossius
1035 5688 1433 5759 etillorricbius
1460 5691 1885 5759 prosrripserant
1917 5705 2101 5745 vocem

538 5758 786 5816 bestiolis;
814 5774 930 5812 eam
976 5773 1040 5813 ex
1092 5757 1380 5813 Prudentio
1409 5757 1898 5816 llcllat'iusszeculo
1955 5775 2105 5815 teneo

2228 2615 2490 2668 reSIituit.

2298 2684 2422 2739 15’s.
2456 2685 2572 2739 Vat.
2606 2685 2646 2739 A
2674 2698 2773 2753 pro
2805 2683 2923 2753 div.
2958 2682 3106 2753 lect.,
3158 2675 3675 2753 ingrati._Camen
3722 2679 3815 2729 ssi-

2225 2765 2402 2820 grante
2443 2756 2622 2823 exigit.
2671 2747 2870 2824 Hymn.
2900 2751 2936 2805 ἓ
2974 2747 3368 2821 Ρειιὶει.,’νειιε.
3395 2747 3519 2813 579,
3568 2747 3821 2818 πίςναηιι

2227 2826 2318 2876 sub
2348 2826 2612 2877 velamine.

2298 2894 2420 2948 l56.
2455 2896 2567 2947 Vat.
2622 2894 2682 2956 Β,
2729 2892 2914 2963 Prag.,
2955 2891 3101 2963 Bat.,
3147 2889 3321 2963 Sicini,
3364 2886 3820 2963 Gold.,_Hails.,

2240 2962 2434 3033 Bung.,
2463 2964 2607 3018 Wid.
2640 2964 2702 3018 ad
2743 2955 2909 3018 oram
2933 2955 3105 3015 Chios.
3137 2960 3239 3014 Alii
3265 2960 3417 3033 Coos,
3455 2955 3588 3026 quod
3618 2972 3822 3033 verum

2233 3043 2315 3086 est
2340 3027 2502 3088 {nam
2530 3036 2772 3090 celebres
2797 3041 2952 3089 erant
2982 3039 3157 3087 vestes
3185 3030 3530 3093 tenuissimas,
3558 3040 3687 3095 qua:
3723 3027 3821 3082 lie-

2234 3103 2359 3157 bant
2393 3105 2443 3157 in
2493 3106 2662 3159 insula
2698 3105 2827 3159 Coo.
2881 3103 3013 3157 Vide
3058 3100 3238 3161 0vid.,
3282 3098 3526 3165 Proper.,
3571 3107 3629 3149 et
3679 3100 3821 3152 alios

2234 3183 2439 3245 poetas.
2474 3175 2627 3243 Prag.
2662 3175 2714 3229 in
2743 3189 2877 3245 mar.
2908 3172 3071 3245 Chaos
3101 3169 3296 3245 indicat
3324 3169 3426 3245 huc
3458 3168 3627 3235 ipsum
3656 3166 3819 3245 Coos.

2239 3238 2355 3298 Vat.
2383 3246 2452 3305 A,
2480 3238 2695 3305 murice,
2720 3244 2813 3298 sed
2839 3241 3122 3298 recentiori
3155 3256 3311 3294 manu
3344 3238 3533 3292 laetum
3558 3238 3820 3291 murices.

2233 3314 2368 3369 Puto
2394 3314 2496 3369 Coo
2525 3326 2817 3368 wstuantem
2862 3314 3073 3379 murice,
3125 3310 3266 3380 quod
3306 3310 3358 3362 in
3401 3308 3508 3380 suis
3532 3308 3821 3375 exempla-

2234 3384 2382 3439 ribus
2433 3384 2753 3439 Torrentius
2807 3378 3157 3448 invenit,“
3186 3378 3546 3448 castigandum
3589 3380 3818 3433 censuit

2230 3452 2334 3506 Coo
2384 3463 2742 3511 extenuantem
2796 3456 3004 3508 murice.
3074 3449 3198 3505 Mihi
3253 3447 3357 3503 non
3416 3447 3668 3514 displicet
3726 3449 3817 3501 illa

2230 3524 2391 3578 lectio
2435 3527 2597 3579 etiam
2644 3526 2761 3578 sine
2802 3522 3171 3583 castigatione.
3214 3520 3421 3574 Etenim
3460 3516 3817 3583 Prudentius,

2226 3595 2367 3666 quod
2398 3595 2450 3648 in
2482 3595 2660 3666 verbis
2690 3595 2892 3666 Graecis
2930 3588 3280 3666 laceresolet
3312 3588 3611 3666 VirgiliIIS.__
3633 3589 3817 3666 inter-

2224 3656 2351 3717 dum
2386 3665 2626 3719 vocalem
2652 3664 2892 3717 ultimam
2929 3678 3039 3732 per
3066 3659 3369 3732 dialmphen
3415 3674 3518 3732 non
3544 3656 3725 3732 elidit.
3760 3669 3816 3711 et

2225 3731 2328 3787 hoc
2363 3735 2483 3787 loco
2514 3736 2749 3787 imitatus
2781 3725 2989 3787 videtur
3028 3730 3155 3785 illud
3198 3725 3249 3783 tv
3282 3727 3519 3789 lEneitL,
3549 3725 3817 3794 Tyrioque

2222 3804 2430 3856 ardebat
2448 3806 2634 3856 murice
2659 3804 2811 3856 lazna.
2839 3802 3193 3856 Nihilominus
3219 3800 3464 3853 lleinsins
3487 3797 3815 3861 lectionem,

2221 3889 2378 3946 quam
2411 3874 2623 3946 codices
2645 3880 2955 3946 constanter
2992 3880 3238 3946 tuentur,
3264 3868 3541 3946 vindicare
3580 3870 3817 3946 satagit,

2224 3936 2465 4010 pluribus
2509 3944 2685 3998 allatis
2731 3942 2992 4011 exemplis
3030 3957 3096 3995 ex
3140 3938 3428 3993 Prudentia
3460 3945 3515 4011 et
3544 3936 3817 4011 _a_liis,’ut

2219 4008 2438 4067 testuarc
2456 4016 2615 4076 sitim,
2647 4029 2873 4078 cursum,
2894 4008 3103 4071 iustum,
3128 4024 3341 4073 annum,
3362 4017 3416 4061 et
3440 4008 3660 4069 similia,
3686 4024 3815 4075 qua:

2219 4085 2486 4149 existimo,
2532 4083 2776 4137 nonnihil
2817 4096 2937 4137 esse
2967 4081 3179 4135 diversa
3204 4094 3233 4132 a
3265 4094 3323 4132 re
3356 4087 3537 4149 nostra
3576 4088 3815 4132 trstuare

2218 4147 2545 4218 muricesset
2573 4163 2628 4207 ut
2654 4152 2967 4217 concedam,
2994 4151 3096 4205 dici
3130 4164 3306 4219 posse,
3337 4147 3555 4219 dubium
3581 4161 3816 4219 semper

2220 4224 2347 4277 mihi
2394 4226 2519 4287 erit,
2577 4239 2643 4277 an
2688 4221 3010 4277 Prudentius
3058 4217 3434 4280 itl‘maluerit,
3490 4231 3653 4283 qnam
3691 4217 3807 4271 Coo

2216 4302 2513 4348 azstuantem
2552 4295 2763 4348 murice.
2815 4290 3173 4346 Locnmhuuc
3197 4289 3429 4341 imitatus
3449 4296 3531 4340 est
3557 4287 3811 4341 Alcimus

2216 4363 2405 4418 Avitus
2436 4364 2529 4418 lib.
2558 4379 2630 4433 tv,
2672 4361 2893 4433 Projicit
2916 4363 3032 4414 hinc
3052 4358 3541 4433 sceptrumllinqu’t
3571 4357 3811 4433 subliine

2216 4435 2459 4498 tribunal,
2494 4432 2667 4486 Pallia
2696 4427 2970 4485 blattarum
3008 4440 3179 4500 spreto
3218 4428 3466 4500 diﬁbulat
3510 4441 3669 4500 auro,
3706 4427 3808 4500 Sf-

2217 4503 2324 4556 rica
2353 4496 2656 4572 despiciens.
2683 4502 2757 4556 De
2786 4502 2944 4555 iibnla
2973 4496 3220 4553 vestiaria
3244 4496 3363 4552 vide
3389 4496 3703 4567 Pignoriutn
3751 4497 3806 4551 in

2908 4586 2990 4627 att.
3022 4572 3109 4627 78.

2295 4586 3167 4697 Tillinti'mieomiisilaiinifém
3212 4636 3622 4707 signiﬁcandum
3673 4651 3804 4704 Spe-

2217 4719 2382 4775 ctant,
2410 4707 2640 4767 scindere
2664 4721 2866 4779 vestem,
2889 4726 3129 4763 coronam
3154 4709 3603 4779 regiamiabjicerc,
3628 4707 3805 4761 cinere

2217 4783 2433 4849 capillos
2486 4778 2859 4851 conspergere.’
2896 4779 3183 4851 Paschalis
3226 4778 3294 4851 de
3326 4778 3560 4851 Coronis
3598 4791 3666 4829 ex
3717 4779 3803 4831 his

2216 4847 2459 4907 versibus
2487 4847 2675 4920 probat
2703 4847 2856 4906 usum
2902 4849 3186 4919 abiiciendi
3218 4847 3469 4920 diadema
3511 4848 3565 4900 in
3599 4862 3804 4920 magno

2216 4922 2394 4991 aliquo
2429 4917 2653 4985 dolore;
2699 4932 2757 4976 ut
2791 4917 3049 4991 etiamin
3092 4927 3339 4991 metuex
3378 4918 3503 4991 aliis
3547 4917 3805 4991 versibus

2216 4988 2412 5059 Apoth.
2441 5033 2456 5059 ,
2502 4992 2622 5060 Ipse
2653 5008 2849 5062 quoque
2901 4990 3169 5045 exanimis.
3216 4988 3341 5043 Vide
3385 4988 3504 5056 ejus
3546 5002 3672 5055 cap.
3708 4988 3806 5048 11.

2211 5062 2305 5116 lib.
2334 5078 2387 5115 x.

2283 5131 2407 5186 160.
2442 5131 2713 5185 Paschalis
2738 5130 2946 5200 legebat
2973 5129 3261 5199 impeditos,
3294 5136 3348 5183 et
3376 5125 3559 5197 inepte
3586 5129 3807 5180 monuit

2211 5200 2492 5269 legendum
2530 5202 2831 5267 impediens.

2287 5271 2408 5325 161.
2440 5266 2755 5339 Agobardus
2794 5272 2843 5323 in
2886 5270 2974 5323 lib.
3022 5268 3298 5339 adversus
3321 5266 3647 5339 Amalarinm
3700 5267 3811 5319 lms

2211 5356 2400 5394 versus
2427 5336 2647 5409 allegat,
2678 5351 2729 5394 et
2753 5342 3242 5409 interpretationem
3275 5336 3548 5390 Prudentii
3568 5337 3765 5409 laudat
3792 5356 3808 5390 :

2214 5412 2254 5461 Α
2286 5413 2469 5481 majori
2496 5407 2733 5477 usquead
2758 5412 3021 5463 minorem.
3057 5408 3297 5481 Videlfccl
3330 5423 3487 5481 usque
3506 5408 3575 5458 ad
3596 5407 3811 5481 lacten-

2212 5489 2330 5546 trm,
2360 5476 2493 5534 sicut
2526 5476 2813 5543 senserunt,
2859 5482 2946 5547 qui
2985 5481 3047 5531 de
3088 5478 3184 5530 hac
3222 5476 3472 5547 laudabili
3496 5476 3814 5545 pauitantia

2208 5552 2425 5603 scribere
2453 5552 2719 5605 uoluerunt
2742 5564 2762 5603 :
2784 5567 2810 5602 e
2832 5546 3012 5617 quibus
3043 5565 3176 5601 unus
3209 5546 3545 5608 Prudentius,
3586 5548 3660 5598 rir
3696 5547 3810 5599 do-

2209 5630 2337 5677 ctus.
2370 5621 2584 5680 Nullus,
2618 5622 2800 5689 inquit,
2826 5619 3050 5683 bibendi,
3075 5628 3181 5672 etc.

2290 5690 2405 5745 162.
2442 5687 2754 5759 Agoltardns
2787 5692 2886 5745 Ioc.
2920 5690 3011 5743 cit.
3048 5704 3143 5757 pro
3173 5689 3337 5759 omnis
3381 5687 3542 5759 habet
3588 5704 3805 5759 annus,

2211 5762 2348 5825 quod
2389 5755 2560 5817 exstat
2612 5764 2662 5817 in
2713 5761 2828 5816 Vat.
2873 5760 2937 5829 A,
2990 5755 3138 5830 ugm.
3187 5769 3239 5813 et
3280 5758 3469 5813 Wcits.
3516 5755 3687 5809 l’ubss
3723 5773 3804 5811 an
