4068 6190
332 295 439 351 853

578 402 717 470 Quin
741 411 797 460 et
820 407 1009 471 negato
1033 400 1168 456 lacte
1197 400 1517 469 vagientium

580 493 731 548 Flctu
759 491 1071 547 madescunt
1094 490 1427 559 parvulorum
1459 491 1708 545 cunulae:

334 585 437 641 165
582 584 745 655 324
760 583 988 639 Succum
1023 581 1235 651 papilla:
1266 595 1422 649 parca
1453 581 1630 635 nutris
1661 579 1900 650 derogat.

508 678 713 744 Greges
741 684 794 731 et
822 676 966 743 ipsos
986 673 1190 728 claudit
1209 674 1580 728 armentalium

584 768 767 823 Solers
789 766 1023 820 virorum
1046 778 1196 831 cura,
1225 779 1292 820 ne
1313 779 1501 833 vagum
1532 777 1695 832 pecus

577 859 861 928 Contingat
891 871 984 911 ore
1013 855 1281 910 rorulenta
1312 854 1573 925 gramina,

580 948 769 1002 Polum
791 947 1077 1015 strepentis
1104 961 1238 1000 neve
1268 945 1431 999 fontis
1461 945 1702 1008 hauriat;

583 1040 775 1095 Vacuis
795 1038 1024 1108 querela:
1047 1044 1339 1107 personant
1368 1034 1717 1104 przesepibus.

512 1133 745 1189 Mollitus
769 1131 870 1195 his,
894 1138 949 1185 et
971 1128 1184 1195 talibus,
1216 1129 1429 1185 brevem
1465 1128 1603 1183 Deus

582 1225 719 1279 Iram
750 1220 1005 1286 refrenat,
1035 1230 1337 1288 temperans
1366 1218 1641 1272 oraculum

582 1314 813 1382 Prosper
840 1310 1116 1366 sinistrum
1147 1326 1159 1361 :
1191 1322 1357 1378 prona
1387 1321 1508 1361 nam
1532 1306 1814 1361 clementia

587 1403 737 1459 Haud
767 1401 1054 1457 difficulter
1081 1398 1381 1469 supplicum
1404 1398 1705 1453 mortalium

591 1494 760 1551 Solvit
788 1501 1017 1556 reatum,
1049 1491 1213 1561 lltquc
1238 1489 1431 1544 fautrix
1462 1488 1718 1545 flentium.

508 1586 614 1644 Sed
643 1599 738 1639 cur
767 1591 988 1637 vetustte
1014 1580 1188 1652 gentis
1214 1579 1518 1650 exemplum
1546 1580 1771 1649 loquor?

580 1677 792 1732 Pridem
814 1674 1029 1730 caducis
1055 1688 1178 1729 cum
1201 1682 1451 1743 gravatus
1478 1671 1697 1728 artubus

578 1766 755 1832 Jesus,
783 1764 963 1820 dicato
986 1750 1149 1819 corde
1170 1761 1524 1833 ieiunaverit:

335 1045 437 1099 I70

339 1498 448 1553 I75

1346 284 1879 345 CATlIEMERINON
1923 282 2032 340 VII.
2070 282 2552 343 JEJUNANTIUM.

3474 283 3592 341 85t

2242 401 2694 469 Prmnuncupatus
2718 411 2814 453 ore
2845 398 2935 468 qui
2964 397 3279 466 prophetico

2251 494 2411 564 325
2435 488 2743 545 Emmanuel
2768 498 2869 555 est,
2900 489 3012 542 sive
3039 501 3295 541 NOBISCUII
3326 486 3466 543 Deus

2179 581 2278 649 Qui
2304 594 2504 650 corpus
2529 579 2667 634 istud
2700 580 2863 634 molle
2893 578 3225 641 naturaliter,

2251 672 2585 741 Captumque
2609 671 2730 725 laxo
2759 671 2859 725 sub
2889 669 3217 736 voluptatum
3243 668 3391 738 jugo,

2258 763 2479 817 Virtutis
2505 769 2653 816 arcta
2683 761 2799 828 lege
2827 759 2950 814 fecit
2980 759 3228 823 liberum,

2256 854 2634 924 Emancipator
2663 853 2950 909 servientis
2979 851 3275 921 plasmatis,

2259 944 2548 1016 ltegnantis
2574 953 2700 1000 ante
2730 943 2899 999 victor
2928 952 2979 998 et
3010 939 3297 1013 cupidinis.

2183 1040 2492 1108 Inhospitali
2522 1055 2755 1111 namque
2784 1051 3025 1097 secretus
3054 1040 3196 1104 loco,

2254 1134 2442 1199 Quinis
2471 1133 2660 1190 diebus
2679 1134 2845 1190 octies
2870 1133 3190 1197 labentibus,

2254 1224 2464 1279 Nullam
2495 1224 2738 1280 ciborum
2766 1225 3053 1279 vindicavit
3086 1224 3327 1294 gratiam,

2256 1313 2503 1369 Firmans
2532 1316 2731 1370 salubri
2757 1315 2965 1371 scilicet
2985 1315 3189 1385 jejunio

2256 1405 2361 1459 Vas
2384 1407 2697 1475 appetendis
2727 1407 3047 1462 imbecillum
3070 1407 3297 1478 gaudiis.

2190 1496 2411 1550 Miratur
2435 1497 2623 1563 hostis,
2656 1512 2814 1568 posse
2838 1498 3021 1553 limum
3059 1498 3297 1553 tabidum

2257 1586 2487 1642 Tantum
2516 1588 2714 1644 laboris
2742 1588 3027 1657 sustinere,
3060 1603 3123 1643 ac
3150 1587 3376 1657 perpeti.

2258 1677 2421 1748 326
2455 1678 2709 1749 Explorat
2736 1688 2852 1735 arte
2880 1680 3179 1736 sciscitator
3207 1680 3419 1746 callida,

2256 1767 2468 1826 Deusne
2493 1770 2748 1826 membris
2775 1771 2843 1826 sit
2868 1780 3113 1841 receptus
3142 1771 3328 1826 terreis
3352 1788 3366 1823 :

2010 493 2108 548 180

2012 946 2113 1003 185

2012 1401 2112 1459 190

1636 1852 1918 1910 GLOSSIE
1960 1855 2294 1915 VETERES.

405 1954 528 2009 161.
558 1949 799 2015 Cutiulze,
828 1946 1099 2009 cunabula,
1134 1946 1174 2001 I.

406 2026 530 2077 168.
561 2020 869 2087 Rurulenla,
904 2018 1133 2081 humida,
1164 2016 1265 2071 Iso.

405 2094 530 2148 169.
564 2084 883 2158 Strepcntis,
911 2088 1216 2157 ebullientis,
1246 2085 1524 2158 bullientis,
1549 2084 1586 2138 I.

406 2164 531 2218 179.
560 2156 867 2223 Οτςιοῐιιιιιῐι,
889 2156 1209 2228 responsum,
1246 2156 1461 2228 minam.

407 2235 530 2287 175.
559 2232 811 2298 Prosper,
843 2221 1200 2300 propitius._—-
1222 2227 1534 2292 Sinistrum,
1566 2223 1837 2287 minacem,
1861 2221 1901 2277 I.

405 2302 529 2357 175.
563 2300 796 2357 Fautrix.
828 2297 1083 2368 adjutrix,
1118 2297 1222 2351 Iso.

407 2374 530 2427 181.
561 2370 719 2424 Molle
749 2364 1081 2434 naturaliter,
1122 2366 1258 2437 quod
1298 2365 1603 2420 naturaliter
1646 2364 1909 2433 infirmum

334 2452 407 2497 est
438 2452 484 2496 et
515 2441 716 2513 fragile,
744 2440 783 2493 Ι.

2081 1948 2201 2005 184.
2235 1951 2633 2022 Emancipator,
2667 1952 2931 2018 liberator,
2966 1952 3207 2005 domitor.
3240 1981 3309 1991 —-
3341 1951 3574 2006 Plasma-

2009 2021 2099 2083 tis,
2131 2024 2383 2090 corporis,
2410 2024 2446 2076 Ι.

2080 2090 2201 2145 185.
2238 2090 2537 2160 Cupidinis,
2555 2094 2674 2162 quia
2696 2093 3007 2159 cupidinem,
3037 2106 3152 2161 quia
3170 2100 3320 2145 antea
3342 2093 3580 2162 regnat-at

2008 2160 2060 2212 in
2093 2162 2401 2231 hominibus,
2432 2168 2539 2229 ipse
2568 2160 2744 2216 devicit
2777 2164 2995 2231 penitus,
3026 2161 3065 2217 1.

2081 2230 2204 2285 188.
2242 2230 2562 2295 VindiCavit,
2592 2230 2879 2297 usurpavit,
2909 2232 2947 2285 I.

2083 2299 2206 2354 190.
2239 2300 2478 2365 Cauiliis,
2509 2303 2807 2364 caelestibus,
2839 2318 2941 2355 non
2968 2302 3319 2367 strenlaribus,
3358 2300 3399 2355 I.

2088 2369 2209 2426 191.
2242 2370 2522 2436 Tabidum,
2557 2372 2904 2439 tabescentem,
2937 2371 2976 2427 I.

1699 2521 2258 2581 COMMENTARIUS.

334 2623 489 2695 pubis
527 2620 811 2695 scribatur,
845 2631 1029 2695 parum
1066 2616 1325 2695 interest,
1349 2614 1642 2695 dummon
1680 2623 1910 2695 constet,

336 2685 583 2747 ultimam
614 2692 715 2743 hoc
742 2689 859 2742 loco
884 2687 1103 2756 corripi.
1136 2687 1398 2742 Cellarius
1421 2695 1604 2740 monet
1628 2685 1911 2756 legendum

335 2768 544 2835 jejuna,
578 2775 681 2835 non
701 2760 932 2830 jejunus,
975 2754 1114 2826 quod
1159 2764 1485 2827 postremum
1525 2770 1556 2811 a
1589 2754 1803 2812 nemine
1835 2754 1915 2809 dic

334 2845 483 2889 ctum
516 2846 658 2885 I‘IOVI.

414 2904 537 2957 165.
573 2899 689 2953 Vat.
730 2899 793 2953 Α.
842 2896 986 2961 Put.,
1024 2895 1249 2962 Ambr.,
1299 2896 1497 2959 Oxon.,
1545 2896 1725 2962 Alex.,
1779 2908 1916 2949 unus

335 2972 620 3029 Turrent.,
652 2967 837 3030 Weit.,
866 2966 1006 3027 PaL,
1040 2967 1229 3035 Bung.,
1258 2967 1483 3037 Hailsb.,
1512 2968 1745 3037 derogat.
1767 2966 1916 3037 Alte-

336 3058 460 3097 rum
504 3042 718 3107 denegat
754 3038 891 3106 sapit
929 3037 1191 3107 glossam;
1245 3036 1383 3106 quod
1433 3044 1608 3091 tamen
1637 3036 1825 3091 exstat
1861 3036 1913 3107 in

2017 2617 2388 2689 aliquamesse
2412 2616 2696 2689 invectam,
2722 2632 2878 2688 quam
2910 2627 2966 2673 ut
2985 2617 3335 2689 quadraginta
3367 2618 3514 2674 hora:
3536 2620 3585 2676 in

2017 2687 2364 2757 quadraginta
2394 2687 2512 2743 dies
2537 2687 2746 2743 fuerint
2768 2687 3068 2744 conversae.

2091 2757 2239 2840 187.“
2239 2756 2502 2840 I_.oqpitur_
2514 2757 2586 2840 de
2612 2759 2961 2840 quadraginta
2989 2759 3210 2840 dieb_us,_
3229 2759 3422 2840 quibus
3452 2759 3587 2829 jeju-

2018 2828 2166 2899 navit
2202 2826 2444 2881 Christus
2489 2826 2765 2899 Dominus.
2814 2826 2939 2885 llaec
2973 2830 3149 2883 omnii
3195 2826 3363 2885 babes
3390 2826 3517 2899 cap;
3541 2843 3590 2884 iv

2019 2896 2205 2952 Matth.
2230 2907 2283 2952 et
2303 2911 2423 2962 cap.
2455 2912 2506 2950 IV
2532 2897 2659 2951 Luc.

2094 2969 2215 3023 188.
2251 2967 2483 3021 Gratiam
2513 2967 2739 3020 ciborum
2759 2966 3011 3022 Nebrissa
3048 2966 3426 3037 interpretatur
3462 2982 3588 3022 sua-

2020 3039 2259 3093 vitatem.
2285 3037 2385 3091 llic
2404 3037 2659 3103 accipitur
2681 3052 2777 3106 pro
2801 3052 3045 3102 munere,
3068 3038 3270 3102 favore,
3308 3038 3590 3102 beneficio,

343 3114 489 3165 Vatt.
525 3112 584 3173 lt,
628 3103 668 3176 I,
711 3103 888 3178 Prag.,
923 3103 1069 3171 Ald.,
1091 3103 1492 3178 rGis.,‘llailsb.
1521 3121 1715 3178 supra,
1766 3113 1821 3160 et
1851 3103 1913 3178 in
2021 3109 2159 3177 quod
2189 3107 2343 3161 nobis
2372 3103 2835 3162 conlerturJVide
2885 3108 3069 3178 hymn.
3114 3109 3175 3163 11
3220 3122 3363 3163 vers.
3391 3109 3445 3164 5.
3477 3107 3593 3163 Heu

337 3184 501 3236 Brev.
528 3174 661 3234 Moz.
685 3174 930 3242 Constat,
973 3176 1307 3248 Agohardum
1345 3177 1449 3231 loc.
1487 3176 1578 3248 cit.
1610 3175 1800 3244 legisse
1827 3174 1913 3248 de-
1943 3182 1988 3244 C
2019 3174 2171 3247 quam
2198 3179 2431 3248 fugacem
2458 3180 2692 3247 gratiam.

338 3263 514 3323 rogat.
549 3248 763 3323 Teulius
792 3243 1170 3323 legites'mss.
1203 3245 1438 3314 derogat,
1483 3254 1539 3303 et
1568 3247 1620 3323 iu_
1648 3243 1920 3323 impressis

338 3314 429 3375 ait'
442 3336 564 3375 esse
581 3321 815 3389 denegat.
839 3317 1446 3389 Sedutrumqueexstat
1476 3327 1583 3371 tam
1610 3317 1663 3369 in
1689 3314 1919 3389 impres-

341 3392 421 3444 sis
466 3405 630 3460 quam
643 3383 731 3460 ⁸ἱιῐ
753 3401 883 3441 mss.
922 3387 1126 3460 IIeins.,
1169 3383 1309 3451 Cel.,
1354 3386 1550 3460 Citam:
1576 3393 1697 3455 post
1729 3383 1919 3449 Veitz.,

342 3455 580 3528 derogat.
613 3457 798 3512 Noms.
827 3472 954 3511 vero
977 3458 1191 3528 abnegat
1216 3471 1337 3512 cum
1365 3455 1484 3528 Vat.
1516 3456 1581 3521 ρ.

423 3523 546 3584 166.
576 3530 629 3583 In
670 3528 770 3581 Ox.
794 3570 809 3590 ,
848 3523 1215 3580 armentarium
1259 3526 1425 3596 quasi
1456 3523 1920 3581 armentariorum.

348 3601 610 3664 Virgilius
640 3607 691 3651 et
719 3598 1057 3650 armentarius
1086 3603 1142 3650 et
1161 3595 1454 3651 armentalis
1484 3599 1666 3652 utitur.

430 3670 555 3723 168.
582 3668 804 3722 Vossius
833 3675 886 3720 et
915 3666 1003 3720 alii
1028 3676 1308 3734 negarunt,
1334 3666 1574 3720 Latinam
1598 3679 1783 3720 vocem
1806 3676 1926 3717 esse

350 3740 672 3793 rorulentus.
706 3737 779 3790 Ea
804 3737 883 3790 usi
923 3744 1047 3789 sunt
1074 3735 1389 3800 Columella,
1422 3737 1645 3801 Plinius,
1684 3735 1923 3789 Solinus.

425 3810 553 3863 169.
584 3808 748 3863 Aldus
774 3806 975 3859 diserte
1000 3805 1260 3869 hauriant,
1278 3807 1419 3875 quod
1442 3807 1493 3860 in
1515 3806 1723 3861 Tbuan.
1746 3813 1799 3858 et
1823 3802 1923 3856 Ox.

349 3891 627 3948 repertum
660 3875 877 3948 Heinsio
904 3876 1120 3948 placuit.
1167 3876 1272 3948 Sed
1301 3891 1421 3948 cum
1449 3875 1784 3948 praecesserit
1807 3889 1928 3926 con-

350 3946 539 4019 tingat,
569 3957 625 4019 et
652 3946 949 4019 ingreliquis
965 3946 1032 4000 sit
1054 3946 1281 4019 hauriat,
1309 3946 1408 4019 hoc
1433 3947 1678 4019 prmfero.

428 4014 558 4074 173.
587 4014 1096 4082 Plerique‘prosper,
1125 4016 1262 4083 quod
1299 4015 1499 4083 optime
1542 4014 1776 4069 cohaeret
1802 4026 1925 4066 cum

355 4090 531 4145 verbo
561 4087 800 4156 sequenti
829 4086 1114 4139 sinistrum.
1146 4082 1205 4140 In
1223 4082 1781 4156 duobuslleinsianis
1810 4096 1929 4148 pro-

356 4176 527 4227 spere,
557 4154 696 4228 quod
726 4170 909 4228 parum
930 4156 1192 4228 congruit.
1222 4154 1279 4228 In
1300 4170 1405 4209 uno
1426 4155 1677 4228 Torren.,
1700 4162 1925 4228 propter.

357 4223 658 4307 Sichardus
688 4224 911 4294 margini
946 4223 1213 4307 apposuit,
1243 4225 1473 4307 Propter;
1485 4224 1669 4307 habent
1698 4223 1930 4307 nonnulli

356 4301 583 4363 codices,
612 4306 853 4366 tanquam
874 4311 1087 4366 prapere
1106 4296 1266 4366 dicas.
1297 4294 1407 4349 Gis.
1440 4296 1476 4348 2
1498 4294 1649 4357 edit.,
1691 4306 1930 4366 propere;

358 4372 413 4423 in
441 4370 469 4423 1
496 4361 623 4424 edit.
651 4361 753 4420 hoc
773 4361 942 4434 ipsum
972 4361 1037 4420 ad
1058 4380 1231 4430 oram,
1257 4365 1309 4420 in
1334 4373 1482 4419 textu
1514 4361 1746 4434 prosper.
1767 4361 1927 4418 Brev.

360 4441 527 4501 Mor",
558 4438 741 4501 Fabr.,
774 4437 963 4506 Bong.,
995 4451 1228 4506 propere.

2096 3248 2217 3302 190.
2249 3250 2453 3313 Corpus
2484 3256 2639 3302 vocat
2664 3248 2849 3302 anima:
2877 3264 2986 3311 vas,
3034 3248 3109 3303 uti
3145 3247 3203 3304 S.
3245 3248 3498 3303 Paulinus
3525 3247 3593 3302 de

2022 3318 2169 3374 obitu
2191 3317 2332 3373 Celsi
2360 3316 2533 3389 :ASola
2556 3318 2855 3389 resurgendi
2877 3327 3321 3389 carogerceptura
3347 3319 3593 3389 vigorem,

2028 3389 2154 3454 Quae
2175 3387 2444 3441 rationalis
2464 3404 2550 3442 vas
2579 3387 2765 3441 aninia:
2789 3388 2957 3455 fuerit.
3002 3387 3081 3441 Es
3113 3389 3133 3442 1
3160 3387 3412 3443 Thessali
3437 3403 3507 3452 iv,
3537 3388 3594 3455 ι,

2028 3458 2095 3515 Ut
2136 3461 2263 3513 sciat
2296 3461 2638 3527 unusquisque
2673 3467 2891 3528 vestrum
2927 3474 3015 3513 vas
3060 3474 3210 3528 suum
3246 3459 3504 3528 possidere
3542 3458 3595 3510 in

2024 3529 2426 3595 sanctiﬁcatione
2449 3535 2497 3583 et
2528 3528 2739 3581 honore.
2766 3527 2985 3597 Lupius,
3016 3536 3147 3583 tom.
3176 3527 3218 3591 I,
3250 3527 3471 3584 dissert.
3502 3528 3594 3593 11,

2026 3616 2145 3669 pag.
2168 3598 2274 3653 205
2298 3606 2352 3669 et
2375 3612 2549 3668 seqq..
2586 3598 2771 3666 probat
2796 3598 2976 3669 multis
2997 3598 3284 3669 exemplis,
3314 3598 3519 3653 animas
3542 3597 3597 3669 in

2026 3665 2286 3737 sepulcris
2315 3665 2740 3737 Christianorum
2771 3668 2872 3722 sub
2899 3665 3263 3723 columbarum
3309 3669 3486 3736 specie
3514 3665 3597 3723 ef.-

2029 3736 2149 3807 lingi
2181 3753 2347 3808 prope
2368 3752 2464 3791 vas
2503 3736 2642 3807 quod
2668 3738 2969 3808 symbolum
2995 3747 3077 3808 est
3102 3739 3362 3808 corporis,
3406 3737 3601 3808 utiun-

2028 3806 2203 3862 lumba
2230 3806 2531 3879 symbolum
2559 3816 2641 3879 est
2669 3806 2880 3879 animae.
2909 3807 3043 3879 Vide
3058 3806 3252 3879 Apotb.
3271 3821 3411 3861 vers.
3436 3806 3599 3879 1025,

2028 3889 2081 3932 et
2117 3876 2408 3947 Hamartig.
2438 3893 2580 3931 vers.
2616 3877 2739 3929 281.
2782 3878 2837 3929 In
2863 3877 3013 3947 cado
3056 3878 3163 3930 vini
3205 3890 3399 3944 corpus
3437 3876 3599 3947 etiam

2030 3944 2423 4015 repraesentari,
2452 3947 2601 4016 quasi
2633 3947 2768 4016 vino,
2786 3945 2965 4016 anima
2996 3947 3414 4016 exprimeretur,
3459 3944 3603 4003 idem.

2030 4014 2566 4140 Lupiugssuspicatus
2612 4026 2711 4070 est.
2758 4015 2889 4071 Vide
2928 4024 3216 4072 comment.
3260 4015 3326 4070 ad
3357 4014 3543 4086 hymn.
3568 4016 3603 4071 9

2032 4102 2173 4140 vers.
2284 4126 2295 4136 .

2032 4102 2173 4141 vers.
2206 4102 2295 4140 κδ.

2106 4154 2375 4227 191.Νρη
2415 4154 2585 4227 semel
2609 4153 2932 4227 Prudentius
2965 4155 3140 4209 limum
3163 4154 3231 4212 de
3254 4168 3481 4227 corpore
3505 4154 3601 4212 bui-

2033 4240 2191 4280 manu
2212 4225 2364 4291 dixit,
2392 4225 2529 4294 quod
2558 4241 2620 4278 ex
2647 4225 2757 4294 luto
2786 4223 3005 4281 factum.

2107 4295 2231 4351 191.
2266 4295 2383 4349 Vat.
2419 4298 2485 4363 A,
2518 4293 2792 4359 mendose,
2826 4296 2891 4349 sit
2920 4302 3161 4349 recertus.
3200 4295 3328 4351 Mira
3358 4293 3454 4353 Dei
3477 4308 3603 4364 pro:

2033 4366 2267 4421 videntia
2292 4365 2485 4420 factum
2509 4373 2592 4420 est
2628 4375 2685 4417 ut
2722 4366 3036 4436 mysterium
3072 4364 3454 4436 Incarnationis
3483 4364 3602 4436 dia.

2035 4437 2160 4491 bolo
2194 4436 2482 4501 celaretur,
2521 4436 2678 4504 eique
2718 4433 2932 4503 ignotus
2968 4442 3114 4490 esset
3155 4444 3340 4503 partus
3370 4433 3604 4503 Virginis

437 4510 563 4600 1.725.
600 4503 1213 4600 AridquVeiAtq'Bongq
1264 4503 1430 4600 Go‘l’d.‘
1468 4519 1522 4600 an
1547 4504 1712 4600 pii-ima
1751 4519 1929 4600 minuit,
1962 4541 2014 4600 Β
2037 4506 2288 4600 (Ii‘eiparae.
2312 4505 2629 4600 rlia-tionem
2756 4505 2956 4600 lgnatii.
2981 4504 3239 4600 martyris
3270 4504 3605 4600 aliorumque

360 4579 479 4634 Gis’.
506 4582 529 4633 1
564 4576 717 4640 eilit.,
745 4575 861 4629 Vat.
887 4578 953 4647 ᾼ,
998 4573 1294 4647 supplicem.
1334 4574 1455 4630 Vat.
1483 4574 1544 4639 Β,
1576 4573 1755 4644 Prag.,
1787 4576 1931 4643 Rat.,

364 4648 526 4702 Gold.
557 4660 739 4711 supra,
762 4644 1069 4715 supplicum.
1098 4644 1105 4647 ⁷
1178 4714 1185 4715 7
1468 4713 1477 4715 Α
1551 4699 1557 4708 ,

439 4718 564 4773 178.
598 4713 833 4771 Verbum
850 4713 1090 4785 jejunare
1111 4714 1282 4769 solum
1306 4713 1572 4785 reperitur
1595 4714 1733 4783 apud
1763 4714 1937 4770 eccle-

2045 4573 2278 4641 Patrum,
2311 4575 2579 4629 Christum
2609 4588 2638 4627 a
2676 4573 2994 4642 desponsata
3019 4573 3359 4643 conceptum,
3404 4583 3461 4629 ut
3490 4573 3607 4643 ejus

2044 4656 2192 4701 ortus
2218 4661 2279 4700 ex
2317 4645 2522 4713 virgine
2547 4645 2810 4698 celaretur
2839 4644 3072 4708 diabulo,
3116 4644 3387 4711 explicant
3419 4652 3475 4698 et
3510 4645 3606 4698 de-

2043 4715 2264 4769 fendunt
2286 4715 2533 4770 Petavius
2560 4714 2756 4785 aliique
2777 4713 3030 4785 theologi.
3061 4716 3171 4771 Hoc
3192 4713 3604 4784 signumdatum

363 4789 616 4841 siasticos
649 4783 957 4855 scriptores,
1008 4784 1415 4851 Tertullianum,
1463 4784 1843 4855 Hieronymum
1887 4792 1942 4840 et
2045 4786 2217 4839 fuerat
2240 4784 2571 4856 advenientis
2591 4783 2813 4856 Messias.
2836 4783 2989 4839 Isaia:
3009 4799 3234 4856 cap.vn,
3251 4783 3604 4856 ’11’etseqq._:_

362 4860 523 4910 alios.
666 4894 669 4895 ν

441 4927 568 4982 179.
612 4927 967 4994 Prwnuncupo
1004 4940 1067 4980 ex
1102 4924 1345 4995 analogia
1386 4923 1693 4995 formatum,
1747 4924 1941 4981 Exem-

366 4998 516 5063 plum
547 4997 817 5063 antiquius
844 4996 1014 5049 deest.

439 5066 563 5118 181.
594 5068 785 5121 Cham.
814 5063 979 5119 edidit
1008 5080 1191 5131 corpus
1216 5063 1369 5118 illud.

447 5136 567 5188 I84.
597 5136 804 5205 Thuan.
835 5135 1020 5189 scribit
1046 5136 1434 5205 ecmancipator.

439 5206 565 5261 186.
603 5204 758 5260 Vides
785 5206 1043 5272 originem
1073 5203 1753 5273 jejunii‘quadragesimalis
1776 5222 1790 5259 :
1816 5220 1935 5260 nam

362 5275 507 5329 infra
530 5291 669 5331 vers.
703 5275 824 5337 196,
870 5274 986 5327 Hoc
1012 5291 1103 5328 nos
1127 5290 1413 5340 sequamur.
1457 5275 1800 5343 Binghamus,
1848 5277 1939 5344 qui

363 5345 466 5397 lib.
500 5361 608 5411 XXI,
638 5360 757 5414 cap.
790 5346 813 5399 1
843 5346 1047 5413 Antiq.,
1078 5353 1273 5409 tuetur,
1309 5344 1580 5414 probabile
1608 5360 1747 5411 esse,
1786 5346 1939 5400 initio

357 5414 625 5482 jejunium
658 5413 824 5469 fuisse
851 5416 920 5469 40
950 5414 1222 5478 horarum,
1251 5428 1354 5467 non
1380 5413 1451 5467 40
1470 5413 1699 5475 dierum,
1729 5417 1795 5469 ad
1823 5418 1936 5471 haec

357 5495 421 5536 ct
447 5485 637 5538 similia
653 5485 750 5540 SS.
777 5485 988 5538 Patrum
1010 5484 1173 5538 verba
1196 5484 1363 5537 noluit
1381 5484 1615 5537 animum
1638 5485 1939 5540 advertere.

356 5553 537 5622 Leges
569 5556 703 5621 ipsa;
730 5556 1149 5625 imperatorum,
1184 5568 1335 5625 quas,
1360 5554 1424 5605 ad
1458 5567 1603 5625 yers.
1650 5555 1716 5608 14
1760 5557 1941 5625 hymni

353 5621 497 5693 seq.
527 5621 863 5688 exhibemus,
900 5621 1245 5693 quadraginta
1285 5622 1398 5677 dies
1451 5621 1615 5677 fuisse
1659 5621 1937 5680 testantur.

356 5692 626 5758 Equidem
649 5695 827 5759 potius
854 5692 1196 5761 crediderim,
1231 5694 1282 5750 in
1314 5693 1537 5761 jejuniis
1565 5695 1936 5759 remissionem

2046 4856 2114 4909 Et
2137 4855 2324 4921 adjecit
2353 4853 2598 4908 Dominus
2619 4855 2756 4921 loqui
2794 4855 2862 4908 ad
2887 4852 3090 4921 Actias;
3126 4856 3300 4908 dicens
3325 4868 3344 4910 :
3368 4852 3507 4908 Pete
3520 4852 3609 4908 tibi

2041 4927 2249 4997 signum
2274 4940 2304 4976 a
2332 4923 2686 4997 Domino‘Deo
2726 4924 3181 4997 tug.....__Propter
3210 4924 3303 4997 hoc
3331 4923 3471 4977 dabit
3500 4922 3608 4997 Do-

2043 4993 2209 5049 minus
2232 4996 2341 5066 ipse
2358 4996 2496 5048 vobis
2525 4994 2745 5066 signum.
2768 4993 2897 5049 Ecce
2921 4993 3081 5066 Virgo
3101 4996 3345 5066 concipiet
3376 4994 3609 5066 etpariet

2046 5066 2230 5128 ﬁlium.
2255 5063 2492 5136 'Quzerat
2513 5063 2705 5136 aliquis
2732 5067 2888 5136 quale
2916 5063 3035 5120 hoc'
3049 5065 3184 5136 signi
3223 5063 3398 5136 genus
3424 5063 3605 5136 fuerit,

2043 5138 2109 5204 si,
2144 5144 2201 5188 ut
2227 5146 2409 5202 partus
2434 5132 2668 5204 Virginis
2698 5134 2964 5189 celaretur
3003 5132 3243 5195 diabolo,
3268 5147 3329 5204 ea
3371 5132 3607 5204 losopho

2041 5200 2157 5260 erat
2185 5200 2668 5274 désponsatanua
2691 5206 2833 5258 enim
2859 5208 3064 5259 ratione
3089 5202 3293 5274 Hebraei
3315 5216 3379 5255 ex
3402 5200 3607 5274 virgine

2042 5286 2222 5331 natum
2246 5271 2424 5329 Jesum
2448 5274 2587 5329 scire
2616 5274 2905 5338 poterant?
2938 5274 3082 5329 Hanc
3105 5271 3451 5341 quaestionem
3470 5271 3607 5341 dno-

2042 5346 2141 5417 bus
2178 5345 2422 5417 distichis
2474 5343 2689 5417 quidam
2737 5343 3046 5417 complexus
3089 5340 3173 5396 εει
3220 5350 3273 5417 et
3308 5340 3603 5417 .disnsolvit:

2050 5408 2343 5482 Virgin'eum
2368 5408 2566 5482 partum
2602 5413 2825 5482 signum,
2853 5408 3128 5482 pignusque
3166 5410 3345 5482 salutis
3378 5408 3607 5482 Promis:

2044 5503 2112 5540 sae
2141 5477 2376 5536 Hebraeis
2392 5498 2496 5535 esse
2528 5477 2669 5550 Deus
2696 5477 2873 5550 coluit.
2907 5477 3017 5544 'Qui
3044 5477 3197 5535 nosse
3241 5479 3295 5533 id
3335 5477 3606 5550 poterant?

2043 5554 2224 5607 mon’ti
2265 5553 2306 5605 si
2334 5566 2512 5619 nempe
2537 5548 2717 5619 Mariae
2755 5547 2821 5601 In
2848 5551 3061 5614 vultum,
3094 5561 3141 5604 et
3178 5547 3346 5603 mores
3388 5548 3609 5619 Virginis

2042 5624 2367 5690 inspicerent.
2401 5618 2551 5686 Quod
2582 5618 2907 5690 epigramma
2947 5622 2998 5675 in
3035 5622 3255 5690 gratiam
3287 5620 3357 5673 cl.
3388 5618 3604 5686 Joseplii

2044 5689 2396 5758 BuStinzuria,
2438 5704 2601 5760 quem.
2634 5689 2915 5748 immaturo
2950 5689 3134 5748 Iuncre
3187 5703 3354 5759 nuper
3395 5696 3622 5757 raptum.
