4068 6190
551 276 658 332 855

554 398 659 453 I95
796 399 922 464 Sed,
953 400 1222 469 increpata
1252 398 1456 464 fraude,
1480 406 1601 467 post
1619 407 1825 468 tergum
1847 398 1973 453 ruit.

728 490 840 544 Iluc
868 504 966 543 nos
987 505 1273 559 sequamur
1299 490 1528 558 quisque
1545 501 1688 543 nunc
1717 503 1815 557 pro
1844 487 2065 545 viribus.

797 580 947 648 Quod
973 579 1272 635 consecrati
1292 588 1349 634 tu
1377 579 1629 648 magister
1650 577 1916 647 dogmatis

794 671 923 725 Tuis
948 671 1162 737 dedisu,
1194 668 1427 735 Christe,
1452 669 1827 735 sectatoribus,

798 762 867 817 Ut
892 777 1012 817 cum
1038 762 1260 815 vorandi
1287 761 1479 816 vicerit
1504 759 1806 826 libidinem,

798 850 928 911 Late
958 850 1248 920 triumphet
1269 850 1559 917 imperator
1585 848 1849 927 spiritus.‘

727 941 839 999 Iloc
864 952 965 1006 est,
992 942 1134 1011 quod
1158 944 1257 997 atri
1282 943 1418 997 livor
1440 942 1610 996 hostis
1632 940 1851 1005 invidet,

798 1032 979 1087 Mundi
1004 1032 1218 1101 polique
1244 1031 1386 1101 quod
1409 1032 1736 1102 gubernator
1761 1030 1967 1099 probat,

552 851 660 904 206

801 1125 1001 1180 Altaris
1036 1139 1187 1178 aram
1212 1122 1354 1193 quod
1382 1122 1513 1178 facit
1544 1122 1877 1191 placabilem,

798 1215 948 1281 Quod
979 1214 1294 1270 dormientis
1319 1214 1519 1270 excitat
1544 1212 1725 1267 cordis
1753 1211 1932 1276 fidem,

551 1306 655 1362 205
793 1306 951 1376 327
973 1306 1123 1372 Quod
1146 1305 1498 1374 limataegram
1514 1311 1788 1373 pectorum
1810 1301 2123 1371 rubiginem.

730 1395 951 1467 Per‘l‘usa
981 1412 1085 1449 non
1116 1395 1194 1451 sic
1222 1410 1379 1449 amne
1409 1394 1622 1448 ﬂamma
1648 1392 2022 1463 exstinguitur,

800 1485 910 1539 Nec
935 1485 1013 1539 sic
1040 1485 1248 1539 calente
1274 1484 1390 1539 sole
1421 1483 1696 1538 tabescunt
1722 1482 1892 1545 nives,

803 1575 870 1631 Ut
897 1575 1223 1631 turbidarum
1249 1575 1439 1630 scabra
1466 1574 1738 1644 culparum
1765 1588 1918 1642 seges

799 1665 1049 1721 Vanescit
1076 1666 1216 1721 almo
1245 1666 1367 1719 trita
1397 1665 1498 1720 sub
1520 1663 1747 1733 jejunio,

803 1755 860 1810 Si
892 1755 1080 1809 blanda
1110 1769 1322 1824 semper
1350 1754 1637 1810 misceatur
1664 1753 1906 1823 largitas.

730 1845 825 1900 Est
853 1832 1049 1915 quippe
1075 1854 1129 1900 et
1154 1845 1287 1900 illud
1318 1844 1516 1915 grande
1546 1844 1756 1898 virtutis
1779 1860 1950 1914 genus

798 1932 1024 2003 Operire
1053 1934 1244 2001 nudos,
1277 1932 1576 2004 indigentes
1601 1946 1842 2004 pascere,

554 1755 661 1810 210

1613 287 1893 359 Αυκειιι
1932 285 2295 345 PRUDENTII
2335 287 2703 345 CARMINA.‘

2141 406 2195 464 Δ

2221 575 2330 631 315

2224 1031 2333 1086 ⁸2ὶο

2160 1758 2207 1834 Β

3678 292 3775 346 836

2467 397 2636 464 Opem
2661 396 2944 466 benignam
2974 396 3115 452 ferre
3137 396 3567 469 supplicantibus,

2468 485 2638 541 Unam
2668 501 2959 556 paremque
2984 489 3145 543 sortis
3174 490 3420 546 humana:
3445 492 3608 548 vicem

2470 576 2612 631 Inter
2642 585 2889 645 potentes
2916 585 3078 648 atque
3104 594 3301 650 egenos
3329 582 3541 639 ducere.

2398 668 2541 722 Satis
2568 668 2755 723 beatus
2782 670 3008 739 quisque
3031 669 3272 725 dextram
3299 674 3519 741 porrigit

2470 757 2669 813 Laudis
2693 773 2965 827 rapacem,
2992 760 3266 829 prodigam
3293 766 3546 832 pecunia,

2468 849 2628 918 Cujus
2653 850 2868 904 sinistra
2895 852 3051 907 dulce
3076 852 3270 908 factum
3301 857 3519 911 neseiat.

2470 941 2623 995 Illum
2648 956 2911 1010 perennes
2938 943 3177 1012 protinus
3204 946 3474 1014 complent
3493 962 3625 1017 opes

2476 1032 2720 1102 Ditatque
2746 1032 2950 1088 fructus
2971 1033 3301 1091 fenerantem
3329 1040 3637 1109 eentuplex.

2388 1167 2549 1239 328
2589 1167 2721 1223 VIII.
2769 1167 3046 1225 llYMNUS
3082 1168 3252 1226 POST
3295 1170 3636 1228 JEJUNIUII.

2403 1299 2635 1367 Christe,
2664 1313 2941 1356 servorum
2964 1300 3207 1369 regimen
3234 1311 3465 1367 tuorum,

2406 1389 2654 1444 Mollibus
2679 1390 2768 1459 qui
2799 1404 2896 1446 nos
2925 1391 3210 1445 moderans
3242 1391 3489 1459 habenis,

2404 1481 2620 1549 Leniter
2645 1481 2842 1549 frems,
2873 1481 3119 1552 facilique
3142 1491 3328 1553 septas

2690 1572 2831 1643 Lege
2860 1587 3098 1643 coerces,

2231 1667 2267 1723 5
2407 1664 2525 1733 Ipse
2550 1678 2671 1720 cum
2700 1672 2919 1735 portans
2947 1679 3083 1720 onus
3111 1665 3421 1735 impeditura

2407 1756 2680 1826 Corporis,
2708 1755 2877 1811 duros
2902 1757 3086 1812 tuleris
3115 1757 3344 1825 labores,

2407 1846 2575 1917 Major
2601 1846 2889 1915 exemplis,
2921 1846 3149 1902 famulos
3170 1847 3399 1903 remisso

2693 1936 2949 2008 Dogmata
2978 1938 3184 2008 palpas.

1857 2021 2144 2081 GLOSSAS
2180 2024 2522 2086 VETERES.

626 2142 750 2197 198.
783 2141 1164 2204 Sectatoribus,
1193 2138 1479 2204 discipul's,
1516 2136 1557 2190 l.

623 2213 750 2267 201.
786 2212 894 2265 lloc
922 2220 1027 2278 est,
1066 2220 1118 2262 ut
1149 2210 1256 2278 ipse
1285 2206 1557 2278 triumphet
1578 2221 1731 2276 super
1770 2221 2012 2274 carnem;
2040 2210 2129 2276 je-

556 2284 775 2351 itmium.
802 2310 872 2321 -—-
903 2282 1081 2343 Livor,
1108 2277 1320 2342 inuidia,
1346 2277 1385 2351 l‘.

627 2352 750 2405 205'.
776 2351 972 2404 Altaris
990 2365 1157 2411 aram,
1180 2365 1324 2401 arant
1344 2344 1763 2415 ﬁdei—Aram,
1782 2346 2066 2417 planitiem,
2085 2345 2127 2402 l.

623 2422 749 2474 ΞΜ.
783 2420 990 2484 Itidem,
1013 2419 1337 2481 oblationem,
1378 2417 1418 2469 l.

623 2489 750 2544 205.
792 2490 982 2548 Litnat,
1012 2486 1474 2559 purgat._mttudat,
1503 2484 1545 2539 Ι.
1574 2514 1644 2526 —
1673 2485 1954 2543 Factorum
1982 2484 2128 2543 rubi-

555 2560 755 2628 ginem,
788 2554 1019 2626 corporis
1043 2556 1299 2625 contagia,
1332 2554 1488 2628 Prag.

626 2629 753 2681 206.
776 2628 987 2692 'Anrne,
1020 2642 1132 2679 cum
1161 2641 1316 2694 aqua,
1346 2626 1388 2678 l.

622 2699 752 2751 207.
791 2696 1026 2763 Calente,
1057 2695 1287 2759 ardente,
1316 2694 1354 2747 Ι.

623 2768 749 2827 208.
790 2762 1020 2834 Scabra,
1041 2781 1243 2834 aspera,
1273 2764 1389 2818 Vat.
1421 2766 1463 2819 Δ
1494 2772 1549 2820 et
1574 2762 1678 2819 lso.

2305 2140 2432 2211 ξω.
2474 2137 2735 2211 Largitas,
2767 2141 3105 2211 elemosyna,
3135 2139 3257 2195 Vat.
3287 2140 3355 2195 Δ.

2307 2208 2432 2267 215.
2480 2208 2705 2276 Ducere,
2731 2208 3003 2273 aestimare,
3029 2211 3130 2263 lsu.
3650 2268 3655 2275 ,

2306 2278 2435 2335 220.
2476 2279 2849 2340 Fenerantem,
2884 2281 3027 2348 fenus
3047 2278 3406 2345 acquirentem,
3436 2279 3542 2336 lso.

2306 2348 2363 2405 5.
2404 2349 2738 2416 lmpeditum,
2768 2348 2917 2403 ualde
2942 2360 3229 2418 gravatum,
3258 2350 3298 2403 ι.

2306 2420 2360 2471 6.
2403 2418 2629 2489 Tuleris,
2660 2420 2925 2489 patereris,
2957 2419 2997 2489 l._

2306 2489 2358 2544 "l.
2401 2486 2669 2555 Remisso,
2684 2490 2797 2551 levi,
2823 2487 2962 2557 laxo,
2990 2486 3033 2543 l.

2231 2628 2287 2683 ά,
2398 2558 2608 2683 l;alpas,
2639 2558 2813 2614 leviter
2833 2559 3016 2630 tangis,
3040 2557 3221 2613 leniter
3248 2567 3457 2626 tractas,
3482 2559 3643 2629 fores,
3667 2560 3797 2613 blatt-

2268 2645 2383 2683 ms.
2445 2665 2461 2683 .

2268 2645 2383 2693 ms,
2421 2645 2461 2683 ι.

2304 2700 2359 2755 9.
2401 2698 2579 2765 Rotat,
2609 2714 2682 2752 sc.
2706 2700 2842 2770 jam.
2867 2697 3309 2768 —Submissum,
3340 2699 3669 2765 inclinatum,
3702 2698 3797 2755 Iso.

1933 2854 2495 2912 COMMENTARIUS.

555 2951 710 3004 amici
751 2949 1012 3019 lugemus,
1063 2947 1190 3004 olim
1219 2947 1441 3019 factum,
1494 2947 1579 3002 vel
1621 2948 1722 3019 hac
1759 2946 1827 3019 de
1861 2961 2019 3003 causa
2048 2947 2135 3003 hic
2237 2955 2295 3019 et
2323 2946 2464 3019 illico
2490 2959 2556 2999 ex
2584 2942 2776 3019 Matth.
2800 2958 2920 3019 cap.
2955 2959 3045 3019 Vh,
3094 2944 3284 2997 nesciat
3311 2943 3524 3019 sinistra
3562 2952 3659 2996 tua
3687 2944 3800 3013 quid

556 3020 753 3085 placuit
797 3018 1067 3083 inserere,
1120 3028 1178 3072 ut
1225 3018 1361 3073 bene
1418 3018 1645 3074 merenti
1701 3018 2131 3089 qualemcunque

556 3090 695 3144 lianc
725 3089 1031 3143 memoriam
1062 3102 1454 3143 consecrarem.

2234 3018 2392 3086 faciat
2420 3016 2628 3069 dextera
2654 3016 2779 3086 tua?
2814 3014 2947 3086 Quia
2978 3014 3316 3086 eleemosyna
3344 3014 3556 3086 quidem
3576 3029 3698 3086 non
3727 3024 3801 3069 est

2235 3082 2472 3141 iacienda
2497 3126 2513 3150 ,
2560 3086 2699 3140 sicut
2724 3084 3017 3154 hypocrita;
3046 3082 3241 3154 faciunt
3265 3123 3279 3146 ,
3323 3092 3383 3137 ut
3406 3083 3802 3151 honori/imiter

550 3166 554 3171 ’
627 3162 750 3215 195.
781 3160 931 3223 ρηυά
961 3158 1260 3213 Mazochius
1298 3169 1429 3213 tom.
1464 3158 1529 3213 Ill
1554 3158 1700 3227 Spic.
1731 3157 1868 3213 Bibl.
1901 3172 2127 3215 censue—
2152 3149 2199 3212 C
2229 3155 2292 3210 ab
2348 3149 2672 3227 hominibus;
2723 3149 2819 3227 sed
2858 3153 3213 3227 nihilominus
3262 3154 3376 3208 laus
3412 3149 3641 3227 semper
3690 3154 3801 3227 inde

552 3230 644 3298 erit,
685 3229 1027 3284 Prudentium
1063 3230 1165 3282 hoc
1202 3229 1320 3283 loco
1367 3244 1551 3283 verum
1584 3229 1789 3297 lapsum
1829 3228 2028 3283 diaboli
2072 3230 2125 3282 in

557 3309 763 3369 tergum
793 3298 1082 3363 afﬁrmare,
1108 3308 1164 3353 et
1185 3313 1289 3354 non
1320 3299 1654 3369 solumiquod
1693 3298 1937 3369 diabolus
1964 3298 2123 3369 Chri-

554 3368 693 3423 stum
716 3369 1017 3438 reliquerit,
1050 3384 1155 3423 non
1190 3369 1449 3438 probatur
1467 3368 1675 3433 'I‘eolin,
1712 3368 1843 3422 mihi
1877 3384 1984 3425 non
2012 3368 2126 3427 dis.

555 3440 735 3507 plicet.
768 3437 945 3507 Aliqui
974 3439 1216 3506 legerunt
1237 3440 1288 3493 in
1318 3437 1530 3503 Matth.,
1559 3439 1655 3491 Alii
1682 3447 1839 3491 retro.

630 3508 754 3562 196.
781 3509 964 3578 Prag.,
990 3508 1149 3575 male,
1176 3524 1447 3576 sequamur
1477 3509 1841 3578 unusquisque.

633 3579 753 3632 197.
794 3576 934 3640 l\ld.,
961 3585 1064 3628 tum
1096 3592 1191 3646 pro
1226 3589 1279 3629 tu
1305 3578 1563 3646 magister.

627 3648 751 3701 19:).
782 3646 1000 3717 Heinsio
1023 3645 1186 3717 magis
1211 3646 1381 3717 placet
1394 3645 1611 3717 picerint
1636 3661 1755 3717 cum
1784 3646 2126 3717 solnAmbr.,

558 3716 717 3784 idque
759 3716 928 3785 secuti
970 3723 1096 3769 sunt
1119 3712 1251 3771 Ceil.
1299 3724 1354 3771 et
1390 3714 1542 3770 Teol.
1588 3715 1692 3773 Sed
1732 3725 1878 3772 recte
1930 3712 2124 3785 uicerit,

559 3786 765 3840 scilicet
791 3784 1025 3849 spiritus.

627 3857 750 3928 2‘03.
788 3855 1004 3910 Veteres
1029 3854 1494 3928 diceliantaltaria
1516 3870 1635 3913 esse
1667 3865 1870 3913 tantum
1900 3874 2128 3928 supero-

559 3941 675 3980 rtnn
696 3926 949 3989 deorum,
992 3925 1060 3978 ab
1092 3925 1370 3979 altitudine
1409 3929 1701 3993 nominata,
1744 3942 1867 3982 aras
1904 3925 2127 3987 deorum

548 3996 716 4057 etiam
772 3995 1084 4061 inferorum,
1137 3994 1457 4049 Prudentius
1500 4012 1646 4051 aram
1690 3998 1875 4053 altaris
1922 4008 2127 4064 partem

557 4066 880 4120 sanctiorem
908 4079 1049 4133 |esse
1092 4066 1283 4119 innuit.
1345 4064 1479 4118 Vide
1521 4066 1865 4122 Berthaldum
1912 4069 1981 4126 de
2024 4070 2128 4125 Ara

550 4152 677 4207 cap.
707 4136 761 4194 2.
804 4135 893 4201 qui
938 4150 1003 4190 ex
1042 4133 1334 4202 Prudentio
1364 4135 1524 4191 docet
1552 4153 1700 4192 aram
1742 4137 1909 4194 fuisse
1946 4141 2132 4196 altaris

555 4206 977 4260 fundamentum.

628 4274 773 4329 205;
801 4274 919 4328 Vat.
951 4274 1028 4338 A,
1074 4275 1300 4345 corporis
1315 4290 1335 4339 ;
1376 4274 1426 4329 in
1476 4276 1754 4345 margine,
1803 4277 1907 4331 Alii
1948 4278 2132 4335 habent

556 4360 835 4419 [εςτοιιυιι
860 4342 1171 4419 nontamen.
1194 4344 1391 4419 Uxon.,
1423 4342 1926 4419 NomsQlAiottend"
1954 4348 2129 4419 Egm.,

558 4415 697 4482 PaL,
720 4430 837 4486 non
865 4417 1082 4486 omnino
1113 4415 1276 4486 male,
1296 4417 1527 4486 corporis
1557 4416 1851 4482 libidinem;
1891 4418 1943 4472 in
1956 4415 2129 4475 Dion.

554 4500 653 4552 pro
679 4485 787 4561 div.
819 4484 1054 4561 scrip_t.__,
1087 4494 1141 4540 et
1170 4484 1220 4537 in
1268 4484 1421 4561 Brev.
1451 4485 1613 4561 M923,
1645 4497 1902 4561 pectorum
1938 4489 2131 4561 rubigi-

553 4571 687 4628 nem.
718 4553 900 4628 Amb.,
933 4555 1123 4628 llails.,_
1153 4556 1380 4621 corporis
1413 4557 1713 4628 rubiginem.
1743 4555 1976 4625 Thuan.,
2006 4553 2124 4628 ρεσ-

554 4626 654 4678 cati
684 4625 981 4693 rubiginem.
1016 4624 1289 4679 obtinente.
1320 4633 1510 4680 metro.

621 4695 749 4750 9.09.
791 4695 971 4765 Brem,
1005 4694 1167 4757 Moz.,
1200 4694 1359 4758 male,
1386 4696 1498 4749 alvo
1529 4711 1625 4765 pro
1647 4696 1804 4751 almo.

623 4765 752 4819 214.
794 4764 936 4819 inter
980 4776 1203 4819 caeteras
1250 4765 1473 4819 virtutes
1517 4776 1663 4821 recte
1693 4768 1829 4822 hanc
1872 4768 2121 4834 collocat,

550 4845 961 4902 putare,omncs
979 4836 1222 4909 homines
1250 4844 1435 4889 natura
1463 4851 1582 4909 esse
1606 4837 2122 4909 :equales,et,quam

550 4912 764 4975 vocant,
790 4906 1152 4975 acceptionem
1184 4919 1528 4971 personarum
1559 4906 1757 4975 fugere.

621 4973 748 5026 216.
791 4971 1058 5047 Giselinus
1098 4988 1194 5041 pro
1219 4975 1430 5047 quisque
1456 4971 1673 5044 quisqui’
1703 4976 1852 5047 quasi
1896 4979 2121 5047 quisquis

551 5052 867 5116 reposuerat
890 5043 1185 5116 ,_iguorans
1210 5082 1226 5108 ,
1256 5045 1466 5116 quisque
1505 5056 1601 5114 pro
1644 5046 1869 5116 quisquis
1894 5043 1921 5098 a
1955 5043 2125 5114 poetis

551 5112 796 5168 adhiberi
844 5112 1081 5168 solitum.
1130 5112 1398 5166 Ausonius
1447 5112 1519 5166 in'
1544 5112 1826 5169 sententiis
1871 5112 2058 5170 Pittaci
2105 5135 2119 5170 :

548 5180 739 5254 ParAelo
768 5182 869 5254 legi
898 5185 1104 5254 quisque
1128 5182 1284 5251 legem
1315 5185 1563 5254 sanxeris.
1591 5183 1843 5254 Exempla
1870 5185 1971 5240 alia
2002 5196 2125 5242 sunt

551 5254 601 5323 in
634 5251 938 5323 Cypriane,
988 5254 1211 5310 Sidonio
1256 5260 1309 5305 et
1354 5252 1637 5307 similibus.
1672 5251 1840 5309 Plauti
1883 5256 2041 5310 etiam
2071 5268 2124 5312 et

548 5322 787 5378 Terentii
834 5324 950 5378 loca
993 5324 1234 5393 qnzedam
1276 5322 1633 5393 lexicographi
1681 5325 1990 5391 proferunt;
2029 5327 2123 5381 sed

548 5395 602 5447 in
635 5394 890 5449 Terentio
921 5410 1025 5450 non
1054 5403 1138 5450 est
1179 5395 1247 5447 ita
1278 5403 1423 5448 certa
1471 5403 1526 5448 et
1572 5404 1825 5450 constans
1855 5396 2033 5450 lectio.
2066 5397 2122 5451 In

545 5464 732 5535 codice
761 5464 1134 5519 Theodosiano
1162 5467 1513 5535 quisqttenpro
1556 5466 1836 5535 quicunque
1863 5483 1954 5520 seu
1982 5468 2125 5535 quis-

547 5536 658 5602 quis
701 5534 1012 5604 frequenter
1058 5534 1311 5589 occurrit.
1348 5533 1477 5590 Vide
1522 5534 1638 5604 ejus
1687 5533 2016 5592 Glossarium
2069 5537 2121 5591 in

548 5604 652 5658 line
682 5614 808 5659 tom.
840 5605 906 5659 Vl
938 5604 1271 5660 Gothofredi.

2228 3226 2497 3294 exsurgit,
2530 3232 2603 3289 et,
2637 3232 2693 3277 ut
2721 3223 3003 3278 Matthazus
3028 3224 3198 3294 pergit
3226 3238 3364 3279 vers.
3397 3225 3469 3279 4:
3499 3221 3565 3276 Ut
3593 3224 3660 3276 sit
3686 3222 3801 3277 elec-

2227 3292 2442 3366 mosyna
2470 3305 2557 3348 tua
2584 3295 2637 3348 in
2663 3294 2982 3360 abscondito,
3010 3292 3057 3348 et
3095 3292 3251 3349 Pater
3278 3301 3396 3349 tuus
3421 3338 3436 3363 ,
3476 3294 3563 3361 qui
3589 3295 3727 3348 uidet
3753 3294 3802 3347 in

2227 3366 2540 3421 abscondito.
2559 3365 2734 3418 reddet
2755 3364 2863 3417 tibi.

2227 3380 2540 3429 αιηεοηαιιο,
2559 3380 2734 3418 reaaet
2755 3380 2863 3417 ιιοι.

2299 3437 2423 3492 220.
2470 3435 2583 3489 Hoc
2626 3435 2784 3489 etiam
2830 3433 3171 3502 desumptum
3220 3448 3283 3489 es
3328 3447 3449 3501 cap.
3480 3447 3568 3487 ιιι
3620 3432 3798 3487 Matth.

2230 3522 2372 3561 vers.
2403 3506 2474 3560 '29
2498 3522 2513 3557 :
2537 3502 2844 3571 Centuplum
2872 3506 3105 3574 accipiet,
3136 3515 3182 3557 et
3206 3504 3359 3556 vitam
3385 3514 3633 3557 internum
3658 3504 3803 3567 possi-

2228 3577 2381 3629 debit.
2404 3575 2521 3641 Quo
2562 3574 2827 3637 pertinent
2854 3588 2973 3643 opes
3005 3587 3469 3643 pereunesgversus
3486 3574 3797 3640 superioris.

2229 3645 2407 3715 Aliqui
2436 3644 2635 3699 habent
2661 3641 2934 3714 centiptea,
2967 3641 3023 3698 ut
3052 3643 3207 3699 Alex.
3240 3641 3391 3713 Apud
3416 3642 3673 3699 Plautum
3692 3658 3801 3697 ceu-

2230 3717 2407 3783 tuplea:
2430 3715 2666 3784 plerique
2691 3715 2889 3784 legunt.

2302 3785 2355 3839 In
2385 3781 2922 3854 Editioriefairhasii
2966 3782 3148 3839 titulus
3187 3781 3344 3852 hujus
3380 3781 3565 3854 hymni
3606 3781 3644 3837 8
3681 3789 3795 3838 est:

2228 3854 2471 3926 Hymnus
2500 3856 2601 3908 divi
2630 3851 2898 3907 Prudentii
2923 3862 3033 3926 post
3050 3851 3329 3926 jejunium.

2302 3920 2356 3980 3.
2395 3924 2551 3994 Prag.
2584 3925 2776 3987 leviter,
2804 3920 3084 3994 mendose,
3100 3920 3161 3978 et
3176 3938 3251 3994 ex
3280 3920 3454 3994 glossa
3482 3936 3583 3992 pro
3607 3921 3801 3975 leuiter.

2230 3995 2446 4058 Parrh.,
2492 3992 2663 4063 septas
2685 4033 2703 4060 ,
2745 3995 2921 4047 minus
2970 3992 3126 4049 bene.
3169 3992 3355 4048 Matth.
3379 4005 3500 4062 cap.
3530 4006 3587 4046 ιι
3612 4030 3634 4059 ,
3659 4006 3800 4047 vers.

2231 4064 2543 4134 50:1ugum
2572 4079 2735 4134 meum
2763 4077 2916 4116 suave
2942 4072 3031 4116 est.

2300 4135 2355 4190 5.
2402 4128 2519 4189 Vat.
2553 4133 2595 4188 A
2622 4141 2678 4189 et
2707 4131 2862 4202 Prag.
2895 4146 2925 4185 a
2953 4132 3191 4189 secunda
3217 4148 3404 4199 manu,
3432 4141 3605 4199 portas
3624 4172 3641 4195 ,
3663 4128 3800 4198 quod

2230 4205 2481 4261 sustineri
2513 4214 2713 4274 posset,
2746 4203 2793 4257 si
2835 4216 2992 4256 versu
3029 4203 3270 4272 sequenti
3301 4202 3569 4269 legeretur
3598 4202 3797 4255 toleras.

2301 4275 2356 4329 6.
2401 4274 2517 4329 Vat.
2550 4276 2591 4326 Α
2616 4313 2633 4329 .
2680 4274 2863 4327 toleras
2893 4271 3107 4326 labores.
3136 4270 3266 4329 Ait.
3308 4272 3579 4327 Christum
3622 4271 3800 4325 tulisse

2342 4314 2356 4328 .
2405 4288 2517 4328 vat.
2550 4288 2591 4326 Α
2616 4313 2633 4328 .
2680 4288 2863 4327 ιοιειαδ
2893 4288 3107 4326 ιαυοτεε.
3136 4288 3228 4326 All
3249 4313 3266 4328 .
3308 4288 3579 4327 ωιτιειιιω
3622 4288 3761 4325 “IIIIS

2226 4313 2652 4410 ,tluros'rabore’s
2678 4385 2694 4410 ,
2735 4352 2789 4397 et
2834 4341 3062 4396 famulos
3106 4313 3595 4412 remis’sofdogmate
3620 4339 3801 4412 leniter

2234 4423 2511 4477 tractasse,
2538 4428 2657 4467 cum
2684 4413 2752 4465 ob
2769 4413 2903 4481 galia,
2939 4422 3051 4467 tum
3075 4411 3146 4467 ob
3169 4410 3356 4480 jejunii
3392 4409 3586 4481 legem.
3618 4409 3794 4480 Siqui-

2234 4485 2355 4540 dem
2383 4481 2626 4539 Christus
2654 4478 2999 4552 quadraginta
3032 4478 3249 4550 integris
3276 4478 3467 4537 diebus
3502 4478 3797 4552 jejunavit:

2234 4554 2387 4610 nobis
2415 4555 2467 4609 in
2513 4553 2630 4619 ipso
2652 4551 2840 4622 jejuuii
2870 4561 3111 4619 tempore
3137 4560 3257 4619 post
3285 4561 3483 4607 certam
3517 4554 3705 4608 horam
3732 4551 3801 4604 ci-

2232 4625 2332 4679 bus
2359 4632 2443 4679 est
2486 4622 2802 4692 permissus.
2848 4622 2982 4693 Hinc
3018 4625 3183 4692 major
3223 4624 3505 4693 exemplis,
3528 4624 3653 4691 quia
3699 4636 3797 4676 non

2230 4695 2407 4750 omnia
2434 4710 2552 4763 quae
2580 4693 2703 4748 fecit
2735 4694 2870 4759 ipse,
2904 4692 3017 4747 ﬁeri
3051 4707 3083 4745 a
3118 4692 3274 4749 nobis
3307 4694 3586 4763 praecepit.

2298 4766 2350 4819 7.
2391 4763 2601 4827 Parrh.,
2634 4763 2885 4830 exentplo.

2301 4834 2354 4890 8.
2395 4834 2580 4889 Glossa
2599 4833 2766 4888 lsonis
2787 4849 2849 4887 ex
2865 4832 3182 4901 etymologia
3203 4831 3357 4886 ducta
3381 4841 3463 4886 est
3479 4849 3492 4883 :
3508 4847 3632 4887 nam
3656 4832 3802 4900 palpo

2220 4915 2312 4960 est
2342 4906 2530 4960 leviter
2560 4905 2750 4970 palma,
2780 4918 2875 4957 seu
2904 4915 3062 4955 manu
3089 4911 3449 4956 contrectare.

2301 4975 2354 5031 9.
2397 4975 2511 5041 Qua
2561 4968 2689 5027 itura
2738 4968 2948 5026 veteres
2991 4972 3252 5038 jejunium
3297 4972 3579 5034 solverint,
3608 4986 3673 5025 ex
3704 4968 3801 5041 hoc

2227 5045 2346 5099 loco
2387 5038 2706 5098 ostenditur.
2744 5043 2815 5098 Ut
2857 5051 3065 5097 noctem
3113 5044 3164 5095 in
3196 5042 3401 5109 vigilias
3430 5051 3677 5107 quatuor,
3728 5038 3802 5089 sic

2226 5115 2367 5169 diem
2421 5116 2489 5168 ab
2534 5125 2655 5168 ortu
2703 5114 2767 5168 ad
2818 5127 3066 5165 occasum
3112 5112 3245 5166 solis
3277 5114 3325 5164 in
3373 5124 3605 5180 quatuor
3632 5119 3803 5177 partes

2227 5185 2555 5249 dividebant,
2586 5194 2638 5238 et
2666 5185 2906 5253 primum,
2930 5184 3147 5253 tertiam,
3176 5192 3395 5253 sextam,
3416 5182 3804 5253 nonantltorant

2226 5269 2326 5309 suo
2365 5254 2554 5310 Ordine
2596 5249 2687 5308 cas
2718 5252 3081 5307 nominabant.
3129 5251 3287 5318 Igitur
3316 5251 3488 5304 tribus
3517 5249 3803 5318 lueis,_hoc

2227 5334 2333 5391 est,
2362 5324 2468 5378 diei
2513 5324 2757 5393 partibus
2786 5322 3023 5393 evolutis
3052 5316 3239 5389 quarta
3287 5319 3644 5393 succedebat,
3672 5316 3801 5368 liora

2230 5390 2368 5451 nona
2412 5390 2573 5449 dicta.
2625 5394 2848 5449 Ineunte
2892 5390 3022 5445 hora
3052 5407 3189 5444 nona
3221 5391 3459 5444 collecta:
3503 5390 3719 5452 liebaut,
3746 5392 3803 5439 et

2225 5465 2489 5533 jejunium
2522 5464 2853 5533 solvebatur.
2868 5461 3196 5533 Binghamus
3227 5462 3333 5533 lib._
3349 5476 3465 5533 xttt,
3492 5476 3609 5533 cap.
3637 5458 3671 5533 _9
3706 5456 3734 5526 §
3766 5455 3803 5531 2

2227 5529 2409 5605 Antiq.
2456 5533 2679 5605 Christ.,
2722 5546 2774 5588 et
2826 5530 2917 5605 lib.
2965 5547 3092 5594 xxi,
3137 5548 3257 5600 cap.
3304 5530 3358 5595 3,
3391 5531 3502 5605 53,
3531 5529 3802 5605 distinguit

2226 5602 2383 5682 inter
2409 5603 2613 5682 jejunia
2656 5602 2887 5682 QUAE-.31.
2935 5616 3213 5682 vesperam
3264 5602 3700 5682 proterebantun,
3748 5603 3803 5648 et

625 5674 749 5729 217.
790 5675 897 5733 Cur
924 5686 1078 5745 poeta
1109 5674 1193 5732 hic
1223 5675 1347 5733 dicit
1372 5675 1613 5736 dextram
1654 5693 1889 5748 rapacem
1930 5677 2117 5745 laudis,
2219 5670 2479 5733 stationes
2508 5678 2619 5735 sive
2661 5670 2997 5746 semijejunia
3036 5670 3154 5743 qua:
3186 5670 3312 5731 hora
3354 5688 3492 5729 nona
3522 5670 3801 5728 solvewa
