3998 6182
574 284 676 339 859

574 394 643 447 '55
745 389 925 445 Vellus
950 386 1127 442 affixis
1155 384 1406 454 vepribus
1436 396 1531 452 per
1559 383 1713 438 hirta:

1030 475 1190 531 Devia
1211 476 1380 530 silvai.

751 569 977 639 Impiger
1006 576 1186 637 pastor
1216 574 1453 631 revocat,
1490 566 1734 635 lupisque

751 662 935 714 Gestat
955 656 1206 721 exclusis,
1242 655 1494 711 humeros
1520 662 1772 725 gravatus

752 751 877 805 Inde
910 759 1191 820 purgatam
1220 748 1486 803 revehens
1513 748 1697 815 aprico

579 843 646 899 lt)
1038 838 1231 893 Reddit
1259 838 1405 892 ovili.

754 934 945 989 Reddit
974 943 1029 988 et
1055 933 1243 1002 pratis,
1287 931 1547 999 viridique
1575 944 1787 999 campo,

758 1026 940 1080 Vibrat
969 1025 1194 1094 impexis
1221 1027 1306 1078 ubi
1332 1024 1475 1078 nulla
1508 1023 1681 1092 lappis

752 1117 937 1185 Spina,
966 1130 1065 1170 nec
1094 1130 1313 1183 germen
1344 1114 1568 1181 sudibus
1598 1120 1867 1182 perarmat

1039 1204 1283 1259 Carduus
1307 1204 1531 1259 horrens
1557 1220 1570 1255 :

582 1294 651 1349 ιδ
754 1294 859 1349 Sed
882 1294 1132 1362 frequens
1163 1293 1351 1362 palmis
1375 1306 1587 1357 nemus,
1619 1301 1669 1345 et
1701 1289 1897 1344 reflexa

757 1389 918 1458 332
941 1388 1139 1442 Vernat
1168 1385 1451 1440 herbarum
1482 1398 1664 1439 coma:
1692 1392 1801 1436 tum
1837 1381 2088 1451 perennis

760 1480 1033 1549 Gurgitem
1061 1478 1200 1532 vivis
1229 1478 1457 1531 vitreum
1488 1476 1703 1530 ﬂuentis

1047 1568 1253 1621 Laurus
1289 1566 1591 1621 obumbrat.

760 1659 917 1715 llisce
941 1674 1036 1728 pro
1064 1660 1220 1735 donis
1248 1659 1363 1723 tibi,
1396 1658 1500 1712 fide
1532 1667 1730 1726 pastor,

586 1749 654 1803 5t)
758 1751 998 1804 Servitus
1027 1763 1269 1818 quaenam
1308 1748 1505 1817 poterit
1533 1746 1801 1813 rependi?

756 1842 908 1895 Nulla
940 1850 1295 1910 compensant
1320 1840 1548 1909 pretium
1578 1839 1766 1894 Salutis

1050 1931 1183 1984 Vota
1212 1938 1547 1999 precantum.

1631 273 1905 331 AURELII
1945 272 2310 338 PRUDENTII
2345 273 2676 330 CARMINA.
3663 282 3745 344 350

2182 399 2229 457 Α

2434 384 2739 451 Quamlibet
2775 392 2959 453 spreto
2982 385 3103 440 sine
3127 401 3273 444 more
3293 397 3436 456 pastu

2429 476 2630 542 Sponte
2655 476 2933 531 confectos
2960 484 3238 531 tenuemus
3263 464 3424 546 artus,
3448 468 3453 473 ’

2254 564 2324 620 55
2430 566 2613 636 Teque
2640 566 2962 634 contemptis
2992 568 3167 634 epulis
3195 581 3438 638 rogemus

2714 654 2882 709 Nocte
2906 655 3128 725 dieque:

2432 747 2676 801 Vincitur
2701 761 2913 814 semper
2950 747 3128 802 minor
3150 748 3511 818 obsequentum

2430 836 2593 903 Cura,
2633 852 2735 892 nec
2774 852 2966 891 munus
2995 836 3263 893 Genitoris
3281 850 3462 908 aequat,

2435 927 2655 998 Frangit
2693 936 2748 982 et
2773 936 2974 981 cratem
3002 928 3200 982 luteam
3228 929 3417 985 laboris

2257 1020 2328 1078 60
2724 1019 2989 1073 Grandior
3014 1036 3166 1074 usus.

2432 1110 2593 1179 Ergo,
2622 1124 2689 1164 ne
2713 1110 2901 1163 limum
2929 1109 3169 1179 fragilem
3194 1111 3379 1166 soluta:

2435 1202 2697 1257 Deserant
2725 1201 2887 1266 vires,
2920 1210 2972 1255 et
2993 1214 3228 1271 aquosus
3249 1202 3381 1255 albis

2434 1291 2636 1347 Humor
2663 1293 2717 1347 in
2745 1293 2897 1347 venis
2921 1292 3247 1359 dominetur,
3279 1306 3466 1362 aegrum

2718 1386 2923 1455 Corpus
2952 1399 3239 1449 enervans,

2260 1475 2329 1531 65
2435 1474 2594 1544 333
2627 1474 2803 1529 Laxus
2828 1489 2892 1528 ac
2914 1474 3049 1530 liber
3080 1472 3273 1529 modus
3291 1473 3563 1529 abstinendi

2340 1594 2344 1597 -
2435 1566 2655 1621 Ponitur
2679 1566 2911 1633 cunctis,
2943 1579 3121 1636 neque
3148 1581 3247 1621 nos
3273 1580 3482 1620 severus

2435 1658 2633 1713 Terror
2655 1658 2881 1727 impellit
2905 1676 2918 1711 :
2942 1672 3038 1712 sua
3058 1672 3327 1727 quemque
3347 1658 3479 1727 cogit

2715 1750 2867 1805 Velle
2894 1758 3153 1819 potestas.

2437 1839 2669 1906 Sufficit,
2702 1840 2953 1911 quidquid
2987 1840 3185 1908 facias,
3213 1848 3395 1896 vocato

2258 1931 2325 1986 7t)
2433 1931 2676 1986 Numinis
2704 1941 2835 1987 nutu
2867 1936 3035 2003 prius,
3064 1932 3340 1999 inchoare,

1883 2018 2170 2074 GLOSSA‘J
2212 2020 2553 2077 VETERES.

653 2142 743 2198 53.
770 2140 1039 2206 Exclusis,
1066 2137 1313 2207 expulsis,
1350 2135 1389 2189 l.
1412 2162 1480 2175 ——
1501 2134 1784 2196 Gravatus,
1816 2134 2005 2187 habens
2026 2151 2149 2205 gra-

589 2224 724 2267 ratos
753 2214 1005 2274 humeros,
1050 2210 1169 2263 Vat.
1203 2211 1269 2261 A.

658 2283 746 2336 '59.
778 2281 1075 2340 Revehens,
1107 2287 1389 2347 reportans.
1414 2303 1482 2314 ——
1505 2274 1723 2347 Aprico,
1748 2275 1937 2347 mneo,
1966 2274 2154 2347 calido,

590 2369 783 2410 sereno.
814 2353 961 2420 quasi
987 2344 1181 2415 Africo,
1214 2349 1248 2400 i.
1277 2362 1338 2420 e._
1358 2346 1521 2420 locus,
1543 2347 1628 2420 qui
1659 2345 1765 2397 sine
1805 2344 2011 2420 frigore,
2045 2344 2086 2398 Ι.

662 2423 747 2481 42.
782 2413 986 2485 Vibrat,
1013 2413 1208 2472 crescit.
1236 2415 1571 2482 —ltnpexis.
1602 2413 1924 2467 horrentibus
1974 2415 2012 2467 Ι.

658 2494 747 2545 45.
779 2491 1030 2553 Sudibus,
1062 2487 1245 2556 spinis,
1272 2485 1309 2537 1’.

659 2562 750 2614 45.
784 2554 1278 2626 Ετθιιιιεηεζάεηδα,
1312 2554 1413 2626 l_so.
1555 2621 1566 2626 _
1696 2620 1711 2626 _
1798 2622 1801 2625 ἢ

659 2630 749 2683 46.
780 2620 996 2691 Veniat,
1026 2630 1196 2696 ﬂoret.
1218 2653 1288 2696 -ῖ
1313 2623 1464 2686 Tum,
1495 2621 1670 2688 etiam,
1694 2620 1734 2675 Ι.

662 2699 751 2753 49.
784 2699 962 2765 llisce,
987 2694 1079 2767 pro
1104 2696 1233 2759 istis,
1262 2694 1303 2750 Ι.

2333 2137 2422 2191 51.
2454 2136 2839 2201 Compensant,
2864 2136 3176 2205 rependunt.
3210 2137 3249 2190 1.

2331 2204 2423 2278 54.
2450 2207 2758 2278 (lonfeCtos.
2789 2204 3110 2273 constrictos,
3137 2207 3383 2278 afﬂictos,
3404 2207 3443 2263 1.

2332 2276 2421 2330 59.
2456 2276 2697 2341 [ιιιιεειιω
2733 2278 2989 2341 limosaut,
3016 2278 3056 2332 i.
3100 2292 3153 2331 e.
3180 2276 3386 2348 corpus,
3418 2283 3598 2346 propter
3622 2288 3758 2334 costas.

2261 2346 2346 2399 Al.
2374 2361 2555 2411 corpus
2582 2363 2613 2398 a
2633 2349 2807 2411 costis,
2832 2349 2871 2401 Ι.

2334 2416 2422 2470 60.
2457 2416 2836 2486 Usus,jejunii,
2874 2417 2976 2470 lso.

2334 2486 2424 2539 61.
2452 2486 2680 2552 Limum,
2710 2487 2988 2550 hominem,
3022 2486 3061 2540 Ι.

2336 2557 2425 2609 64.
2462 2555 2755 2619 Enervans,
2780 2556 3068 2623 inﬁrmatis,
3095 2555 3185 2611 lso

2335 2627 2423 2679 Ἠ.
2458 2626 2559 2691 Τυ,
2586 2642 2659 2679 sc.
2681 2627 2823 2690 dum,
2851 2627 2891 2681 I.

1951 2778 2501 2837 COMMENTARIUS.

596 2914 846 2970 congrue,
878 2898 1021 2970 quod
1048 2896 1284 2970 Cauchio
1308 2894 1579 2970 placebit.
1613 2893 1763 2970 R_at.,
1788 2893 1962 2948 minus
1998 2894 2157 2958 bene,

598 2965 786 3038 afﬁiit.
822 2965 1155 3039 Etvmologia
1183 2967 1352 3039 lsouis
1376 2967 1425 3018 in
1458 2965 1618 3039 vellus
1642 2966 1957 3039 deprompta
1984 2973 2068 3039 est
2093 2980 2160 3018 ex

600 3033 836 3095 Varrone
859 3033 951 3093 li'b.
982 3054 1032 3093 ιν
1059 3033 1125 3092 de
1143 3036 1291 3107 Ling.
1322 3036 1437 3090 Lat.
1462 3035 1552 3089 alii
1575 3035 1733 3089 vellus
1754 3033 1953 3089 dictum
1984 3035 2151 3100 aiunt,

602 3113 716 3181 quia
748 3111 892 3181 velat
911 3123 1086 3163 ovem.

669 3182 756 3236 58.
798 3179 917 3233 Aldi
945 3194 1095 3258 error
1119 3183 1202 3258 est.
1240 3186 1490 3258 gravatos.
1517 3176 1575 3258 ln
1606 3176 1759 3258 Egm.
1791 3184 1846 3230 et
1872 3173 2037 3229 llails.
2073 3188 2164 3256 pa-
2191 3196 2237 3258 ρ

604 3252 735 3306 riter
759 3259 1014 3321 gravatos.
1049 3248 1197 3316 Apud
1225 3245 1432 3300 veteres
1454 3245 1717 3301 interdum
1756 3262 1791 3298 u
1822 3258 1915 3315 per
1954 3262 1983 3299 ο
2033 3245 2166 3300 scri-

604 3321 848 3382 bebatur,
877 3329 933 3372 ut
958 3334 1123 3373 servos
1147 3332 1241 3385 pro
1268 3333 1459 3370 servus.

673 3391 762 3445 59.
795 3390 1035 3442 Glossam
1066 3383 1234 3440 [sonis
1287 3388 1355 3440 ita
1414 3384 1673 3455 intellige,
1721 3392 1784 3439 ut
1826 3383 2057 3455 apricum
2101 3384 2171 3439 sit

606 3459 760 3526 quasi
814 3460 1064 3528 Africum,
1107 3457 1208 3509 hoc
1240 3465 1322 3509 est
1365 3457 1479 3528 sine
1524 3452 1747 3528 horrore
1790 3452 1882 3507 aut
1918 3452 2111 3528 frigore
2140 3469 2169 3528 _a

606 3523 796 3601 opime.
817 3523 949 3581 ll'inc
977 3526 1214 3601 Africani
1236 3526 1475 3601 nonnulli
1506 3523 1704 3580 dictam
1746 3532 1956 3594 putant,
1982 3523 2072 3579 alii
2102 3524 2171 3579 ab

608 3594 809 3665 Kpher,
843 3605 1034 3663 nepote
1060 3594 1365 3665 Abraliami.

680 3668 772 3719 41.
806 3662 1052 3720 Meudnm
1086 3664 1226 3729 Aldi,
1271 3672 1317 3714 et
1360 3663 1537 3728 patris.
1584 3664 1805 3718 Videtur
1856 3662 2173 3719 Prudentius

610 3737 911 3804 reSpexisse
937 3736 1001 3788 ad
1032 3737 1164 3804 psal.
1199 3748 1326 3804 χχιι,
1354 3748 1491 3804 vers.
1521 3734 1585 3787 ‘2:
1610 3733 1676 3786 In
1718 3735 1827 3786 loco
1863 3750 2065 3802 pascua:
2106 3737 2173 3787 ibi

612 3822 689 3857 me
708 3803 994 3858 collocavit.
1034 3803 1164 3856 Vide
1206 3803 1495 3867 Barthiunt,
1521 3804 1614 3859 lib.
1646 3819 1808 3866 xxxn,
1842 3820 1956 3871 cap.
1988 3805 2042 3867 2,
2084 3806 2173 3872 qui

614 3875 756 3927 hunc
788 3875 958 3928 locum
976 3875 1202 3942 explicat
1231 3874 1298 3927 de
1340 3882 1491 3941 prato
1540 3883 1595 3928 et
1641 3889 1762 3928 rore
1793 3874 1979 3937 psalmi
2021 3890 2171 3937 χχιιι,

615 3948 686 3998 ιιιὶ
718 3945 876 3998 etiam
901 3960 1113 3998 carmen
1145 3944 1210 3996 de
1243 3944 1532 3998 Passione:
1574 3943 1642 3997 Te
1671 3959 1784 3996 rore
1805 3943 2036 4009 fovebant
2065 3944 2175 3997 (Ia:-

613 4011 725 4067 (esli
764 4016 994 4081 pratiqne
1036 4015 1151 4067 boni
1208 4013 1473 4066 dulcedine
1503 4023 1728 4083 pascent.
1769 4013 2000 4082 Corrigit
2034 4015 2173 4067 enim

613 4084 862 4156 Barthius
890 4086 1024 4156 prati
1048 4099 1143 4153 pro
1174 4085 1331 4156 pacti.
1381 4082 1509 4137 Ilirc
1526 4098 1652 4156 vero
1688 4082 1938 4156 parabole
1979 4084 2048 4136 de
2075 4098 2175 4138 ove

614 4154 831 4218 amissa,
856 4152 1011 4223 quam
1044 4152 1321 4207 inveniens
1343 4162 1545 4223 pastor,
1572 4153 1795 4221 imponit
1840 4153 1891 4204 in
1926 4152 2176 4207 humeros

614 4237 739 4276 suos
773 4222 1030 4292 gaudens,
1081 4224 1307 4277 refertur
1349 4222 1504 4276 Lucae
1546 4237 1668 4290 cap.
1720 4236 1815 4286 xv,
1862 4236 2004 4275 vers.
2043 4225 2073 4276 4
2123 4230 2178 4277 et

611 4306 760 4361 seqq.
796 4293 935 4347 Praii
986 4294 1217 4348 (celestis
1246 4292 1433 4345 sim.lis
1468 4292 1756 4360 descriptio
1799 4306 1958 4361 supra
1978 4297 2177 4362 hymno

614 4364 648 4415 5
674 4378 810 4415 vers.
846 4364 945 4417 ll?)
966 4370 1019 4416 et
1046 4378 1206 4430 seqq.

682 4433 773 4485 42.
807 4433 995 4493 Aldus.
1026 4432 1283 4497 implexis,
1307 4432 1482 4485 minus
1513 4432 1666 4485 bene.
1695 4430 1887 4503 Lappw
1906 4431 2175 4503 sunther-

613 4500 693 4572 ba:
720 4517 839 4570 qua:
896 4505 1049 4572 vulgo
1089 4504 1139 4556 in
1194 4506 1356 4568 pratis
1404 4503 1642 4556 vestibus
1689 4500 1983 4557 adhicrent.
2027 4502 2174 4572 Virg.

2265 2895 2613 2950 bibliotheca.
2665 2894 2870 2950 Gellius
2917 2902 3169 2962 testatur,
3200 2905 3254 2952 et
3282 2905 3484 2952 vetusta
3506 2898 3764 2962 exemplaria

2263 2966 2614 3034 eomprobant
2638 2966 2804 3020 semel
2831 2973 3035 3019 tantum
3077 2967 3308 3034 exprimi
3339 2968 3437 3022 nin
3462 2966 3691 3025 vocabulis
3712 2971 3765 3021 in-

2265 3038 2442 3099 m'ttor,
2474 3038 2693 3099 innecto,
2727 3044 2782 3090 et
2807 3035 3090 3101 similibus,
3115 3051 3346 3104 quorum
3394 3040 3656 3093 imitatione
3672 3040 3767 3092 iner-

2267 3122 2390 3159 uans
2413 3106 2577 3174 aliqui
2607 3116 2794 3174 putant
2824 3106 3038 3167 factum,
3072 3108 3229 3173 quasi
3263 3108 3540 3163 innervans.
3577 3108 3764 3163 Heinsius

2267 3176 2558 3245 aliquando
2579 3177 2881 3241 suspicatus
2906 3185 2987 3230 est
3012 3178 3265 3234 inerrans.
3296 3179 3348 3232 Si
3378 3182 3647 3237 coniectura
3662 3186 3767 3232 esset

2273 3246 2549 3311 utendum,
2584 3246 2797 3300 mallem
2830 3247 3088 3299 inermans
3116 3247 3188 3298 ab
3208 3249 3429 3301 inermis.
3446 3248 3611 3303 Festus
3630 3248 3768 3300 memi-

2273 3317 2351 3371 nit
2373 3316 2525 3370 verbi
2564 3318 2779 3378 inerma,
2811 3332 2891 3381 as,
2932 3330 3029 3382 pro
3058 3316 3226 3371 armis
3256 3318 3500 3384 spoliare.
3539 3317 3766 3373 Salmasius

2270 3388 2387 3441 vult
2432 3386 2669 3439 inerrans
2718 3401 2816 3456 pro
2846 3400 3104 3456 enervans
3134 3395 3342 3440 mutato
3385 3407 3412 3442 e
3448 3389 3496 3442 in
3523 3388 3557 3453 i,
3583 3398 3628 3440 ut
3646 3386 3767 3456 possit

2273 3458 2465 3523 corripi
2493 3475 2507 3512 :
2537 3457 2616 3510 sic
2648 3453 2847 3525 Apoth.
2881 3470 3020 3511 vers.
3048 3453 3157 3511 400
3187 3457 3349 3527 aliqui
3372 3460 3555 3513 habent
3579 3453 3767 3525 ineigim

2273 3540 2369 3596 pro
2394 3542 2673 3596 energema.
2846 3594 2857 3596 _
2975 3593 2986 3596 _
3123 3595 3133 3596 ί
3188 3566 3193 3570 .

2344 3596 2432 3649 65.
2458 3592 2673 3649 Minime
2694 3594 2951 3665 asseritur
2974 3593 3074 3648 hoc
3122 3595 3246 3650 loco
3285 3596 3497 3652 libertas
3528 3592 3765 3665 jejunandi,

2273 3667 2482 3733 qualem
2504 3665 2737 3719 haeretici
2760 3663 3052 3735 defendunt
3074 3667 3199 3720 :sed
3224 3669 3393 3721 solum
3416 3670 3465 3721 in
3481 3663 3667 3735 jejuniis
3682 3678 3767 3716 esse

2276 3736 2489 3789 modum
2519 3735 2908 3802 praescriptum,
2964 3734 3103 3788 ultra
3134 3752 3296 3803 quem
3328 3734 3665 3792 abstinentiam
3685 3748 3769 3802 pro-

2277 3805 2488 3859 trahere
2534 3804 2751 3858 cuilibet
2795 3804 3113 3871 relinquitur
3156 3808 3401 3862 liberum.
3435 3808 3633 3861 Adducit
3665 3805 3767 3857 enim

2275 3876 2505 3947 poeta‘in
2528 3876 2828 3943 exemplum
2845 3874 3023 3947 ipsum
3050 3874 3231 3947 cibum
3258 3892 3413 3946 quem
3440 3886 3548 3947 post
3567 3875 3766 3947 jejunium

2275 3945 2577 4009 Sumebant,
2602 3958 2759 4013 quem
2782 3943 3051 3998 salubrem
3089 3943 3208 4001 fore
3237 3943 3472 4001 confidzi.
3516 3943 3769 4013 Binghamus

2275 4029 2396 4068 cum
2436 4014 2697 4084 llieremia
2718 4012 2967 4084 Taylorio
2995 4030 3276 4082 perperam
3303 4017 3524 4071 abutitur
3554 4012 3622 4069 his
3644 4012 3769 4084 versi-

2276 4084 2376 4138 bus
2405 4083 2471 4137 ad
2498 4083 2706 4153 plenam
2742 4082 2927 4151 jejunii
2957 4084 3257 4140 libertatem
3296 4086 3649 4141 sustinendam.
3678 4082 3768 4153 Vide

2279 4168 2437 4221 supra
2471 4148 2669 4225 notata,
2699 4148 2757 4207 et
2773 4148 2997 4225 observa
3029 4164 3242 4223 poetam
3276 4156 3329 4211 in
3359 4166 3467 4211 toto
3494 4156 3662 4225 hymno
3696 4148 3766 4204 sibi

2277 4224 2571 4278 cohazrere.
2624 4222 2700 4295 Ne
2745 4223 2992 4293 grandior
3013 4222 3134 4295 usus
3176 4226 3368 4279 laboris
3405 4222 3591 4295 frangat
3629 4226 3766 4295 luteam

2277 4303 2467 4347 cratem
2496 4292 2851 4361 corporis,ac
2900 4308 2963 4345 ne
2992 4294 3174 4348 soluta:
3217 4298 3347 4349 vires
3387 4292 3599 4350 deserant
3643 4292 3767 4361 limuls

2280 4364 2538 4434 fragilem,
2560 4359 2853 4428 concludit,
2880 4364 3056 4434 laxum
3098 4380 3161 4417 ac
3209 4364 3422 4419 liberum
3461 4379 3619 4419 locus
3654 4359 3767 4413 absti-

2280 4433 2431 4487 nendi
2458 4450 2560 4486 esse
2590 4434 2786 4486 cunctis
2833 4433 3070 4499 positum,
3103 4434 3204 4489 hoc
3231 4444 3334 4500 est,
3382 4450 3482 4490 non
3525 4447 3628 4488 esse
3668 4443 3765 4499 prie-

2281 4505 2474 4567 scripta
2500 4504 2718 4556 nimium
2743 4502 2893 4570 longa
2914 4503 3134 4571 jejunia.

613 4561 805 4641 Georg.
840 4573 929 4626 lib.
953 4561 1151 4639 t,vsubit
1180 4561 1357 4640 aspera
1376 4574 1522 4639 silva,
1549 4572 1856 4641 Lappwqtte,
1883 4561 2174 4641 tribulique.
2207 4561 2255 4621 Ι)
2351 4561 2439 4627 69.
2470 4572 2559 4626 Pia
2589 4582 2642 4627 et
2669 4561 3031 4641 constans'est
3056 4574 3482 4628 Christianorum
3508 4564 3767 4641 consuetudo

682 4640 770 4692 45.
802 4641 967 4695 Sudes
994 4653 1117 4696 sunt
1147 4642 1265 4694 valli
1298 4657 1328 4696 e
1353 4657 1670 4712 quocunque
1700 4640 1844 4712 ligno
1873 4642 1925 4695 in
1956 4640 2172 4695 modum

614 4724 927 4764 mucronum
973 4722 1156 4766 eontra
1206 4720 1620 4781 transgressum,
1662 4722 1756 4765 aut
1799 4722 2173 4767 transcensum

613 4782 914 4851 eorumqui
952 4782 1150 4836 vellent
1197 4781 1420 4837 insilire.
1470 4781 1787 4851 Prudentius
1826 4783 1975 4836 sudes
1998 4781 2175 4851 posuit

617 4864 713 4916 pro
743 4850 931 4916 spinis,
959 4865 1051 4904 seu
1084 4851 1290 4903 tribulis
1318 4850 1521 4904 cardui.

681 4917 771 4971 46.
803 4917 1026 4983 Widm.,
1058 4922 1214 4983 dum;
1241 4921 1429 4973 melius
1455 4930 1560 4973 tum

613 4988 793 5127 ﬂung.
826 4986 985 5042 Fabr.
1026 4999 1080 5044 et
1107 4989 1217 5044 Gis.
1256 4988 1466 5050 2edit.,
1515 4988 1632 5042 viri.
1679 4987 1814 5043 Tum
1855 4987 1957 5057 legi
1996 4998 2175 5058 posset

690 5074 748 5109 ειι
777 5074 812 5111 l.

656 5068 812 5111 uenti.

684 5129 775 5184 58.
805 5126 1096 5183 Genitorem
1122 5128 1288 5182 Deum
1317 5127 1567 5198 appellat,
1612 5137 1669 5183 ut
1715 5127 1913 5198 smpius
1968 5128 2177 5183 Patrem

612 5213 762 5253 more
790 5201 1114 5268 evangelico.

615 5341 644 5408 f
687 5269 805 5390 59.7
831 5269 950 5323 Vat.
1002 5271 1058 5325 Β.
1107 5272 1333 5341 frangat.
1390 5268 1490 5324 Alii
1551 5275 1607 5322 et
1657 5280 1850 5322 sensus
1910 5268 2179 5341 posmlant

638 5353 826 5408 rangt.
1807 5407 1810 5408 ν

638 5348 826 5392 'ranatt.

687 5407 774 5479 64.
805 5409 911 5463 Cur
939 5426 1198 5473 enervans,
1232 5410 1403 5479 prima
1450 5416 1716 5478 correpta,
1743 5407 2015 5476 efferatur,
2067 5409 2176 5463 dixi

616 5478 818 5548 proleg.
847 5495 990 5534 num.
1027 5482 1153 5535 Ξ19.
1185 5478 1242 5534 In
1267 5480 1647 5534 vetustioribus
1684 5479 1903 5547 Heinsii,
1952 5490 2006 5535 et
2052 5481 2180 5533 Am-

616 5547 881 5603 brosianis
916 5549 1131 5605 schedis
1164 5551 1347 5603 Parrh.
1385 5560 1438 5604 et
1465 5551 1618 5602 Alex.
1644 5550 1894 5602 scribitur
1922 5555 2175 5613 inerrans,

613 5624 669 5694 et
704 5618 897 5694 eodem
926 5620 1164 5694 modoin
1198 5621 1380 5694 codice
1410 5620 1565 5694 valde
1595 5620 2181 5694 antiqqulthelmide

615 5688 923 5751 virginitatis
956 5690 1151 5753 Laude,
1182 5690 1273 5757 qui
1301 5690 1543 5747 exstabat
1574 5694 1623 5745 in
1653 5689 1935 5747 Bodleiana
1961 5692 2181 5749 Oxunia:

2284 4642 2447 4696 Deum
2478 4643 2542 4696 ad
2570 4642 2805 4709 singulas
2843 4640 3078 4696 actiones
3108 4643 3414 4707 invocandi,
3442 4651 3495 4697 ut
3535 4656 3616 4711 per
3650 4638 3764 4711 Deum

2282 4726 2496 4779 semper
2526 4713 2960 4784 incipiant,quod
2992 4712 3217 4784 publicis
3243 4715 3486 4784 precibus
3510 4710 3767 4784 canimustl

2282 4797 2377 4851 per
2404 4775 2524 4834 eum
2556 4775 2676 4852 coep
2700 4797 2746 4835 ae
2786 4775 3056 4835 liniantur.
3102 4782 3208 4836 [ad
3238 4775 3479 4837 Corinth.
3501 4798 3549 4847 x,
3588 4781 3667 4852 ὄις
3687 4775 3767 4852 Si"

2282 4846 2770 4933 ergomandt-tcatis,
2821 4853 2921 4933 shire
2951 4852 3300 4933 bibitisuhsive
3325 4853 3467 4933 aliud
3484 4846 3600 4933 quid
3622 4846 3764 4933 [stitit-1

2282 4919 2453 4975 omnia
2476 4923 2529 4974 in
2556 4923 2771 4991 gloriam
2814 4919 2912 4974 Dei
2941 4923 3110 4991 facile.
3137 4921 3269 4976 Vide
3296 4924 3361 4976 ad
3406 4921 3573 4976 Colos.
3599 4932 3693 4980 cap.
3715 4926 3767 4971 III.

2284 4992 2369 5045 l7.
2396 4992 2449 5045 In
2471 4991 2730 5047 conviviis
2762 5006 2828 5045 ne
2860 4993 2998 5045 inter
3024 4992 3224 5056 cibum,
3246 5002 3303 5046 et
3325 5001 3497 5060 potum
3524 4990 3771 5060 Deitnetno:

2281 5062 2361 5115 ria
2406 5046 2725 5127 elaberetur,
2785 5061 3068 5116 Christiani
3115 5046 3337 5125 antiqui'
3363 5076 3501 5123 vasa,
3545 5056 3705 5126 quibus
3724 5046 3769 5102 Id

2281 5132 2505 5199 prandia
2534 5132 2841 5193 utebantur.
2876 5130 3192 5199 imaginibus
3239 5130 3366 5187 Jesu
3396 5130 3577 5184 Christi
3609 5132 3768 5199 sancto-

2280 5192 2507 5271 rumque
2534 5202 2875 5271 decorabant.
2909 5192 3138 5256 Consule
3162 5200 3522 5257 doctissimum
3544 5210 3656 5267 Opus
3674 5192 3770 5244 Boo-

2283 5270 2475 5325 narotii
2502 5271 2569 5325 de
2591 5270 2753 5325 Vitris
2775 5270 3245 5325 cmmeterialibus.
3470 5339 3477 5341 Α
3660 5331 3670 5341 ,

2351 5341 2439 5394 71.
2466 5341 2644 5409 Prag.,
2700 5357 2915 5394 mensas.
2951 5341 3198 5395 Heinsius
3237 5356 3357 5395 cum
3406 5339 3509 5393 suis
3537 5330 3770 5409 _out_nibtt‘t§.

2283 5411 2431 5475 Ald.,
2465 5395 2652 5472 hosi’ri’.
2681 5411 2841 5465 etiam
2870 5410 3047 5477 Alex.,
3081 5410 3233 5466 llrb..
3282 5410 3415 5463 Vatt.
3446 5409 3505 5470 ο,
3537 5406 3587 5470 ι),
3609 5405 3663 5477 ρ.
3687 5395 3769 5450 Gis.

2281 5482 2316 5551 2
2349 5471 2461 5545 ed'.,
2492 5496 2697 5551 renuas.
2746 5471 3158 5551 Wid.,_ren_ues.
3200 5479 3418 5543 Weitz.,
3451 5478 3602 5551 Sit~l_i..

2281 5544 2463 5618 Gold.,
2490 5550 2606 5606 Gis.
2640 5551 2691 5602 in
2725 5565 2893 5617 marg.
2922 5549 2948 5601 1
2980 5549 3135 5612 edit.,
3158 5564 3384 5612 renoves,
3434 5544 3560 5618 quod
3579 5544 3709 5596 etiam
3735 5548 3770 5585 ιη

2283 5633 2388 5673 uno
2409 5614 2697 5683 Torrentii,
2724 5628 2777 5674 et
2803 5614 2863 5672 in
2887 5619 3004 5673 Vat.
3048 5620 3067 5674 l
3105 5620 3395 5685 reperitur:
3422 5614 3473 5671 et
3507 5614 3579 5685 sic
3601 5618 3769 5685 rectam

2286 5690 2404 5745 Vat.
2438 5689 2477 5755 l,
2519 5675 2799 5759 cibumque,
2837 5704 2942 5744 non
2980 5675 3220 5745 cibumve.
3266 5687 3391 5744 Inde
3421 5683 3640 5742 Heinsius
3674 5675 3770 5731 olim
