3998 6182
256 298 354 354 861

423 415 548 471 Sive
578 422 631 484 tu
655 430 893 469 mensam
917 430 1132 482 renuas,
1157 416 1402 474 cibumve

705 509 930 562 Sumere
957 517 1151 575 tentes,

425 597 628 654 Annuit
660 597 855 652 dexter
882 597 1043 662 Deus,
1071 606 1126 652 et
1152 598 1391 652 secundo

420 687 583 759 335.
607 687 893 756 Prosperat
919 688 1063 740 vultu
1090 703 1103 739 :
1138 689 1281 741 velut
1312 688 1412 744 hoc
1442 689 1655 746 salubre

250 778 317 834 75
424 779 663 833 Fidimus
686 778 838 831 nobis
866 776 1003 839 fore,
1034 777 1173 845 quod
1196 777 1400 833 dicatas

701 868 981 937 Carpimus
1003 882 1173 922 escas.

417 964 499 1019 Sit
520 964 743 1027 bonum,
773 964 995 1031 supplex
1020 978 1229 1030 precor,
1258 972 1311 1018 et
1336 963 1597 1017 medelam

417 1051 672 1107 Conferat
699 1051 971 1116 membris,
1005 1052 1345 1118 animumque
1370 1060 1551 1117 pascat

418 1144 645 1212 Sparsus
669 1142 720 1195 in
752 1155 916 1195 venas
943 1141 1092 1196 cibus
1127 1141 1505 1196 obsecrantum

244 1234 312 1287 80
702 1230 1163 1286 Christicolarum.

1325 300 1866 361 CATIIEMERINON
1907 306 1997 361 IX.
2039 306 2202 362 UMNI
2244 304 2450 362 llORA.

1854 428 1903 489 Α

3392 322 3499 380 8ὖὶ

2287 423 2378 478 IX.
2424 424 2704 482 llYMNUS
2735 425 2896 481 OMNI
2938 427 3140 484 IIORA.

2108 542 2207 605 Da,
2241 559 2391 611 puer,
2425 545 2705 612 plectrum,
2730 548 2938 602 choreis
2955 559 3009 602 ιιι
3038 565 3225 605 canam
3255 552 3497 610 fidelibus

2038 680 2055 703 η,
2096 642 2256 713 335
2287 643 2449 699 Dulce
2474 658 2709 709 carmen,
2751 655 2806 700 et
2832 648 3121 719 melodum,
3165 662 3313 720 geSta
3340 654 3499 711 Chri-

3056 746 3144 819 [sti
3176 751 3424 822 insignia.

2097 842 2247 899 llunc
2268 857 2509 899 cammna
2535 854 2716 901 nostra
2748 847 2918 901 solum
2978 859 3192 919 pangat,
3218 852 3358 908 hunc
3387 854 3498 908 lau-

3155 951 3265 1023 [det
3288 954 3423 1024 lyra.

2234 1043 2476 1101 Christus
2506 1055 2782 1117 est,quem
2813 1063 2905 1104 rex
2923 1051 3173 1107 sacerdos
3192 1052 3495 1108 adfuturum

3162 1151 3426 1223 [protinus

1918 1240 1953 1296 5
2099 1240 2351 1299 lnfulatus
2378 1246 2695 1303 concinebat
2720 1264 2870 1315 voce,
2894 1249 3117 1319 chorda,
3146 1262 3197 1307 et
3220 1263 3489 1324 tympano,

1527 1343 1811 1401 CLOSSE
1855 1348 2193 1409 VETERES.

308 1460 402 1513 73.
430 1455 648 1523 Annuit,
678 1456 943 1511 consentit.
970 1483 1040 1495 —
1066 1453 1277 1515 Dexter,
1324 1470 1554 1524 prosper.
1595 1484 1666 1494 —
1706 1454 1808 1511 se-

239 1530 440 1595 eundo,
476 1542 737 1595 prospero,
767 1526 804 1579 Ι.

310 1599 402 1653 74.
430 1594 613 1661 Velut,
646 1597 795 1659 sicut,
819 1594 862 1647 1.

306 1669 399 1722 77.
432 1668 659 1731 Bonum,
698 1667 858 1731 cibus,
899 1664 940 1719 1.

306 1738 396 1791 79.
430 1737 680 1803 Sparsus,
712 1735 826 1805 ipsa
855 1751 989 1797 esca,
1019 1735 1093 1788 vel
1117 1733 1280 1800 cibus,
1307 1735 1347 1787 l.

309 1808 364 1860 1.
394 1802 553 1869 Ptter,
582 1802 795 1859 Christe.
833 1833 896 1848 σ-
926 1804 1213 1871 Plectrum,
1242 1820 1335 1873 pro
1356 1806 1550 1875 lingua.
1571 1834 1641 1846 —-
1664 1802 1809 1861 Cho-

238 1875 369 1943 reis,
392 1876 621 1941 canticis,
649 1875 687 1929 Ι.

1983 1460 2038 1531 g.
2068 1460 2356 1531 Melodum,
2382 1464 2707 1531 modulabile,
2738 1467 2778 1521 l.

1986 1529 2037 1582 '5.
2069 1530 2467 1605 Pangat,_sonet.
2486 1564 2557 1575 —
2579 1529 2737 1605 Lyra,
2762 1537 2947 1590 dicitur
2966 1556 2998 1591 a
3022 1540 3260 1594 varietate
3277 1541 3494 1596 chorda-

1915 1615 2028 1670 rum
2047 1616 2080 1670 :7
2099 1601 2231 1670 lyrin
2262 1602 2438 1656 (ἑταῖρε
2465 1601 2698 1660 varietas.

1984 1669 2039 1749 4.
2072 1669 2418 1749 Rex,_Dm~id,
2448 1674 2504 1749 _l.
2532 1675 2919 1749 —‘Sacertlos,
2942 1675 3128 1743 David,
3163 1680 3248 1749 qui
3269 1681 3364 1749 fuit
3411 1699 3495 1736 θαι

1912 1743 2112 1861 (ξι-βοὶ,
2142 1741 2263 1810 quia
2292 1743 2458 1808 ephod
2494 1746 2701 1797 vestitus
2740 1746 2942 1800 saltauit
2984 1741 3155 1802 coram
3177 1741 3322 1805 'arca
3372 1751 3473 1806 Dei

1961 1823 1989 1858 a
2021 1848 2033 1860 .
2110 1849 2123 1861 .

1961 1823 2033 1860 ΩΙ..
2062 1823 2123 1862 Α.

1982 1877 2037 1933 5.
2068 1879 2346 1945 lnfulatus,
2397 1891 2529 1936 veste
2549 1884 2854 1939 sacerdotali
2872 1885 3105 1954 indutus,
3131 1888 3237 1943 lso.

1578 1991 2143 2052 COMMENTARIUS.

237 2088 546 2165 coniecerat
572 2104 817 2156 removes,
849 2097 904 2143 et
931 2101 1074 2143 vers.
1105 2103 1245 2165 _seq._,
1275 2098 1436 2144 lentas
1477 2105 1495 2143 :
1526 2088 1719 2165 frustra
1750 2102 1807 2147 ut
1845 2098 1889 2155 Β
1920 2093 2027 2145 ιιΙΙο
2049 2092 2329 2165 γορειιιιηι
2366 2107 2632 2150 concursu
2675 2097 3009 2152 Alcmanium
3053 2108 3107 2153 et
3160 2100 3491 2165 Euripidium

236 2170 423 2227 postea
456 2161 626 2214 fassus
655 2172 758 2222 est,
792 2176 913 2213 nam
946 2174 1072 2213 vera
1106 2158 1265 2213 lectio
1298 2169 1380 2214 est
1422 2177 1628 2215 renuas.
1667 2163 1809 2217 Idem

236 2230 287 2282 in
318 2231 431 2284 suis
466 2232 847 2283 vetustioribus
889 2230 1086 2296 reperit
1123 2231 1406 2297 cibumque,
1449 2230 1503 2283 in
1550 2234 1813 2288 recentio-

236 2300 393 2353 ribus
412 2300 652 2352 cibumve.
674 2301 783 2353 lloc
807 2308 1130 2367 postremum
1165 2300 1213 2353 in
1246 2300 1441 2353 nostris
1471 2315 1660 2354 sensus
1682 2318 1813 2357 con—

237 2370 439 2422 firmat.
472 2369 566 2422 Est
593 2370 734 2423 enim
759 2368 1040 2429 sententia.
1071 2370 1171 2422 sive
1203 2385 1438 2423 mensam
1463 2386 1675 2435 renuas,
1710 2374 1813 2425 site

234 2439 417 2493 cibum
447 2453 649 2503 sumas,
678 2455 741 2493 ex
774 2439 950 2493 verbis
977 2440 1234 2507 Apostoli.
1260 2439 1476 2493 Tenlius
1507 2440 1633 2508 legit
1658 2458 1809 2495 reno-

234 2524 342 2573 ves,
378 2509 603 2563 cibumve
628 2526 826 2562 sumere
851 2517 1058 2570 temptes
1086 2523 1204 2563 cum
1230 2525 1335 2561 uno
1381 2509 1503 2564 Vat.
1552 2512 1807 2577 antiquis-

233 2579 397 2642 simo,
427 2591 481 2634 et
508 2578 755 2635 Weitzio.
774 2577 879 2634 Sed
903 2577 1161 2632 Weitzius
1183 2579 1324 2634 clare
1349 2579 1506 2632 habet
1526 2580 1808 2647 cibumque.

233 2658 285 2701 et
310 2650 386 2702 ita
408 2649 569 2702 etiam
594 2649 713 2707 Vat.
746 2649 1169 2716 antiquissimus,
1202 2650 1244 2703 si
1276 2660 1357 2703 est
1382 2648 1503 2702 Vat.
1540 2649 1580 2713 l,
1614 2659 1812 2707 utesse

234 2728 389 2786 pulo.
410 2718 522 2773 Nec
548 2721 720 2786 placet
735 2720 877 2787 quod
903 2718 1043 2775 idem
1068 2720 1228 2775 stnnit
1253 2728 1461 2784 temptes
1484 2735 1579 2785 pro
1595 2730 1808 2790 lemnas,

232 2804 362 2841 nam
389 2800 599 2859 temptes
620 2790 757 2846 idem
780 2799 859 2845 est
883 2804 944 2843 ac
966 2791 1209 2854 tentes,in
1229 2790 1399 2845 veteri
1427 2789 1692 2845 scribendi
1722 2807 1808 2845 ra~

226 2859 406 2930 tione,
436 2877 540 2914 non
572 2861 1016 2930 frequentatiVum
1048 2876 1075 2913 a
1100 2871 1285 2915 temno.
1310 2861 1625 2914 Parrhasius
1655 2862 1809 2917 nobis

232 2929 400 2990 favet,
430 2931 525 2984 sed
559 2929 828 2985 nonbene
850 2939 1007 2984 tentas
1033 2930 1197 2985 edidit
1225 2947 1317 2998 pro
1348 2940 1525 2985 tentes.

302 3002 400 3053 77.
426 3001 658 3065 Dixerat,
692 3002 805 3055 fore
828 2998 1039 3054 salubre
1064 3000 1157 3054 hoc
1178 3003 1311 3069 quod
1333 3003 1528 3053 dicatas
1554 3002 1809 3066 carpimus

231 3085 399 3132 escas,
430 3082 582 3138 prout
610 3072 809 3125 fidebat
844 3090 858 3126 :
889 3082 1134 3136 precatur
1163 3082 1217 3123 ut
1249 3071 1348 3124 hoc
1389 3072 1559 3133 ipsum
1608 3072 1677 3124 sit
1709 3074 1813 3125 rei-

228 3154 328 3207 psa
363 3142 596 3206 salubre,
632 3144 850 3204 bonum,
876 3142 1126 3194 faustum.
1162 3140 1235 3193 Ex
1271 3140 1495 3194 formula
1532 3142 1809 3207 au5picato

230 3211 434 3277 aliQuid
456 3211 761 3275 inchoaudi,
780 3210 929 3276 Quod
942 3210 1145 3275 bonum,
1164 3210 1288 3279 felix
1300 3211 1805 3278 fortunatumquesit.

231 3280 288 3332 In
312 3281 472 3352 Alex.
499 3290 551 3333 et
578 3281 729 3352 Urh.,
750 3298 895 3333 amen
924 3293 1042 3352 pust
1065 3281 1206 3352 hunc
1229 3282 1480 3349 hymnum
1503 3281 1805 3352 ast'rihitur.

385 3349 663 3416 Inscriptio
703 3351 735 3404 9
764 3349 945 3422 hymni
979 3367 1082 3422 non
1112 3351 1299 3422 eadem
1331 3350 1576 3422 est_apud
1599 3365 1806 3422 omnes.

232 3419 431 3482 Aldus,
488 3422 555 3472 ad
594 3438 763 3474 omnes
803 3419 988 3476 horas.
1036 3421 1175 3474 Vatt.
1222 3421 1283 3481 Β,
1330 3419 1366 3483 l,
1422 3419 1570 3483 Rat.,
1614 3421 1807 3489 Bong.,

231 3489 475 3551 Thnan.,
503 3493 639 3543 omni
668 3496 812 3544 hora.
842 3493 1040 3553 Oxon.,
1066 3491 1296 3544 omnibus
1321 3489 1482 3561 horis.
1505 3492 1691 3561 illott.,
1716 3493 1811 3561 lig-

229 3576 388 3612 nmus
407 3576 602 3628 semper
624 3564 897 3616 canendus.
923 3563 1057 3622 Gis.,
1091 3562 1306 3629 hymnus
1336 3560 1473 3612 omni
1493 3560 1642 3624 hora,
1666 3560 1812 3628 atque

230 3631 343 3691 die,
375 3640 428 3681 et
456 3631 519 3682 ad
550 3646 741 3699 marg,
776 3632 837 3683 de
861 3632 1120 3685 miraculis
1145 3630 1351 3683 Christi.
1376 3629 1695 3699 Spiegelius,
1720 3632 1808 3698 qui

230 3702 286 3752 in
316 3700 506 3753 codice
563 3700 867 3769 Peutingeri
925 3702 1126 3755 invenit
1154 3701 1292 3753 omni
1338 3700 1486 3764 hora,
1527 3710 1574 3753 et
1626 3701 1676 3752 in
1707 3702 1810 3753 alio

227 3770 551 3837 exemplari,
584 3770 693 3824 Ode
718 3774 781 3824 de
811 3773 962 3841 gestis
992 3781 1037 3827 et
1060 3770 1322 3824 miraculis
1349 3769 1568 3832 Christi;
1594 3771 1661 3841 in
1692 3771 1807 3825 aliis

225 3854 364 3893 vero
392 3840 1073 3911 exemplaribus,’llymnus
1101 3841 1168 3893 ad
1198 3857 1368 3894 omnes
1392 3842 1544 3893 horas
1565 3840 1629 3893 de
1653 3841 1808 3893 mira-

226 3912 367 3961 culis
422 3908 646 3973 Christi,
698 3912 835 3965 hunc
877 3908 1201 3980 postremum
1262 3912 1467 3963 titulum
1520 3911 1807 3978 praetosuit

228 3980 512 4033 uberrimo
540 3984 925 4035 commentario
970 3984 1020 4036 in
1057 3984 1193 4035 hunc
1224 3980 1503 4047 hymnum,
1549 3981 1611 4032 ad
1643 3996 1802 4047 quem

229 4050 621 4116 perficiendum
656 4067 785 4105 usus
813 4061 896 4106 est
916 4053 1103 4107 codice
1133 4040 1432 4117 Peutingeri
1461 4040 1715 4111 obsoletas,
1750 4059 1805 4103 ut

226 4120 331 4185 ait,
366 4121 645 4174 vetustatis.
675 4122 850 4175 Alium
875 4123 1082 4176 titulum
1112 4138 1127 4175 :
1170 4119 1247 4173 De
1284 4121 1543 4173 miraculis
1567 4120 1805 4174 Saluato-

225 4191 300 4243 ris
348 4190 709 4261 inostrisvide
757 4193 959 4261 proleg.
1007 4208 1153 4245 num.
1209 4190 1332 4245 105.
1378 4190 1495 4261 Val.
1543 4192 1609 4253 Δ,
1654 4190 1802 4254 Put.,

228 4260 451 4321 Ambr.,
496 4260 687 4314 Wc-itz.
737 4270 792 4316 et
837 4260 951 4329 alii,
1005 4262 1243 4332 Hymnus
1285 4262 1447 4332 omnis
1476 4260 1633 4332 horie,
1665 4261 1807 4314 sicut

224 4332 373 4385 solet
401 4332 523 4395 dici,
554 4334 702 4384 homo
733 4334 953 4385 omnium
999 4330 1258 4385 horarum.
1310 4330 1373 4384 Et
1399 4345 1519 4384 cum
1552 4331 1804 4383 hat-tenus

224 4400 554 4455 Prudentius
586 4402 811 4470 hymnos
836 4402 989 4457 statis
1017 4402 1159 4455 horis
1198 4401 1465 4455 canendos
1510 4400 1803 4467 scripserit,

225 4472 379 4525 hunc
412 4472 569 4525 olli-rt
597 4488 693 4540 pro
726 4473 958 4541 qualibet
986 4473 1091 4527 dici
1126 4473 1273 4525 hora.
1326 4471 1636 4541 Mozarabcs
1669 4472 1806 4541 hunc

226 4541 493 4611 hymnum
531 4540 758 4596 recitant
788 4543 839 4597 in
884 4544 1276 4597 resurrectione
1311 4540 1521 4611 Domini
1564 4550 1619 4594 et
1647 4540 1805 4611 feriis

226 4610 605 4678 sequentibus,
633 4614 719 4678 qui
754 4612 804 4666 in
839 4613 1075 4667 editione
1122 4612 1320 4666 recenti
1354 4610 1607 4664 Breviarii
1642 4610 1807 4663 [sido-

228 4682 373 4736 riani
398 4690 569 4736 exstat
599 4698 718 4750 pag.
749 4684 854 4738 585
875 4693 929 4737 et
959 4699 1077 4750 pag.
1102 4699 1221 4737 xeix
1245 4682 1383 4734 inter
1405 4681 1806 4749 hymnos,5tro-

227 4754 464 4819 phnrum
487 4753 675 4806 ordine
699 4754 1031 4821 aliquatenus
1052 4750 1590 4821 inverso._Variantcs
1620 4750 1803 4803 lectio-

1916 2163 2267 2237 enntinuavit.
2297 2164 2426 2237 Vide
2448 2166 2820 2237 etiamrhymn.
2846 2168 2868 2222 Ι
2910 2168 3002 2223 lib.
3033 2169 3225 2225 Perist.
3254 2163 3490 2228 Crinitus

1916 2230 2057 2286 inter
2088 2233 2315 2305 hymnos
2356 2235 2650 2305 Prpdentii,
2675 2230 2810 2305 quos
2853 2237 3111 2293 celebrari
3150 2241 3362 2304 asserit,
3408 2259 3491 2299 re-

1916 2249 2057 2286 tnter
2088 2249 2315 2355 ttrmnos
2356 2249 2650 2297 rruaenttt,
2675 2252 2810 2305 quos
2853 2249 3111 2293 celebrari
3150 2249 3362 2304 asserit,
3408 2259 3489 2299 re-

1915 2314 2092 2381 censet
2139 2317 2375 2381 iymnum
2408 2302 2485 2357 De
2512 2308 2665 2374 gestis
2683 2317 2737 2381 et
2781 2308 3040 2381 miraculis
3063 2309 3273 2381 Christi.
3300 2312 3489 2367 Fabri-

1914 2372 2028 2445 cius
2054 2372 2195 2427 hunc
2224 2374 2487 2445 hymnum
2511 2372 2854 2442 expositurus
2894 2379 3161 2445 inscripsit
3195 2397 3208 2434 :
3242 2380 3401 2435 Piran
3423 2383 3490 2437 de

1912 2443 2013 2494 vita
2039 2452 2086 2495 et
2116 2452 2277 2494 morte
2302 2443 2511 2507 Christi,
2541 2457 2723 2511 pOStea
2748 2462 2874 2501 vero
2900 2443 3101 2502 addidit
3128 2466 3141 2502 :
3172 2450 3323 2504 Omni
3363 2451 3489 2505 hora

1913 2523 2061 2589 atque
2084 2511 2500 2590 die.__P:ean‘est
2548 2528 2761 2590 carmen
2801 2518 3204 2590 gratttlatorium
3265 2535 3485 2590 propter

1914 2588 2127 2653 partam,
2160 2582 2417 2653 aliquam
2448 2584 2755 2653 victoriam,
2805 2582 2947 2653 quod
3002 2587 3218 2642 Christo
3257 2582 3489 2646 maxime

1913 2652 2178 2719 congruit.
2211 2651 2421 2707 Nemini
2462 2652 2689 2707 fortasse
2727 2656 2780 2709 in
2818 2651 3051 2710 mentem
3090 2660 3295 2713 venerit
3324 2660 3489 2715 inter-

1915 2722 2140 2799 pretatio
2160 2724 2353 2791 glossae
2387 2741 2401 2777 :
2435 2723 2600 2785 Poen.
2626 2725 2845 2779 ωινὶειε.
2884 2726 3206 2801 Prudentius
3236 2745 3384 2786 more
3402 2732 3489 2801 ly-

1912 2796 2145 2865 ricorum
2189 2804 2463 2865 poetarum
2498 2810 2713 2849 servum
2742 2806 2918 2860 vocat,
2948 2796 3036 2865 qui
3066 2798 3324 2865 plectrum
3354 2796 3486 2854 all'e-

1914 2873 2017 2916 rat.
2048 2862 2323 2919 Fabricius
2343 2863 2418 2916 ait
2447 2866 2747 2932 respexisse
2768 2865 2833 2918 ad
2866 2862 3306 2922 consuetudinem
3350 2872 3487 2923 anti-

1914 2946 2161 3004 quorum,
2187 2944 2255 3004 ut
2292 2933 2440 2999 pueri
2474 2934 2584 3004 lyra
2620 2944 2907 2999 canerent,
2954 2945 3045 2989 aut
3087 2953 3253 3003 puero
3281 2939 3483 2993 cithara

1910 3000 2155 3071 bidente,
2191 3003 2277 3058 alii
2318 3000 2611 3067 canerent;
2654 3004 2795 3071 quod
2842 3015 3050 3058 constat
3087 3000 3154 3060 ex
3202 3007 3481 3062 Athenazo.

1913 3068 2052 3141 Puer
2070 3072 2305 3141 antiquis
2330 3083 2412 3126 est
2432 3087 2644 3138 servus,
2672 3068 2784 3128 sive
2811 3073 3061 3137 famulus,
3089 3075 3200 3130 fere
3228 3086 3287 3131 ut
3318 3093 3481 3140 nunc,

1914 3139 2098 3195 Italico
2120 3152 2173 3195 et
2197 3139 2481 3215 Hispanico
2511 3143 2784 3215 idiomste,
2816 3142 2960 3215 iirqui
3009 3147 3249 3199 serviunt
3286 3139 3482 3215 giovine

1912 3219 1967 3262 et
1996 3228 2138 3263 mozo
2165 3213 2519 3281 appellantur.
2549 3213 2818 3273 Horatius.
2844 3214 2935 3267 lib.
2968 3230 3005 3279 ι,
3037 3216 3135 3267 oda
3181 3213 3475 3271 382'Persi-

1912 3296 1997 3332 cos
2021 3283 2126 3347 odi,
2160 3299 2307 3351 puer,
2330 3292 2642 3355 apparatus;
2668 3293 2728 3355 et
2753 3284 2913 3355 Iib.gt,
2936 3299 3097 3355 set-tn.
3137 3287 3227 3340 10:
3262 3286 3302 3349 l,
3333 3302 3477 3355 purr,

1914 3360 2060 3420 atque
2083 3368 2192 3405 meo
2217 3355 2344 3405 citus
2384 3352 2491 3406 hazc
2515 3352 2768 3406 subscribe
2800 3353 2987 3406 libello.
3020 3352 3352 3421 Pmpertius,
3384 3356 3477 3409 lib.

1913 3435 1992 3493 ιιι,
2036 3422 2174 3493 eleg.
2193 3422 2293 3493 197:
2323 3421 2528 3492 l,puer,.
2551 3433 2596 3493 et
2637 3422 2765 3475 citus
2786 3422 2894 3476 hinc
2922 3424 3095 3492 aliqua
3140 3441 3367 3493 propone
3393 3442 3478 3478 co-

1916 3490 2216 3564 lunma._Ex
2248 3492 2368 3561 jure
2397 3490 2537 3564 civili
2571 3492 2683 3546 hzec
2709 3493 2817 3559 ipsa
2842 3490 3158 3557 significatio
3187 3490 3475 3564 colligitur.

1908 3558 1971 3623 _ln
2000 3562 2167 3615 sacris
2189 3558 2400 3630 quoque
2432 3562 2623 3615 litteris
2654 3558 2792 3617 idem
2822 3577 2937 3616 mos
2967 3558 3479 3620 ohservaturfCon-

1914 3637 1992 3682 tra
2025 3640 2171 3696 puto,
2206 3648 2231 3683 a
2260 3632 2559 3717 senioribus
2587 3632 2771 3717 italico
2794 3643 2845 3686 et
2870 3633 3153 3717 Hispanico
3199 3634 3478 3717 signoriuet

1910 3716 2111 3754 amares
2136 3702 2416 3768 appellari,
2448 3701 2537 3770 qui
2569 3704 2771 3756 domini
2822 3713 2966 3757 Sunt.
2996 3702 3129 3757 Cum
3170 3701 3310 3758 enim
3351 3705 3476 3757 nlillt

1908 3771 2137 3824 seniore
2171 3772 2333 3825 domo
2363 3782 2454 3824 aut
2484 3772 2679 3825 familia
2706 3773 2949 3826 dominus
2996 3789 3175 3827 rerum
3208 3784 3377 3837 esset,
3424 3782 3479 3826 ct

1907 3842 2331 3895 antOuomaince
2396 3843 2565 3894 senior
2613 3850 2911 3900 vocaretur.
2947 3841 3095 3896 fluxit
3127 3844 3248 3897 inde
3292 3860 3353 3897 ea
3379 3859 3475 3897 vox

1906 3908 1971 3980 ad
2003 3924 2095 3963 eos
2121 3925 2307 3964 omnes
2340 3911 2426 3977 qui
2462 3910 2800 3964 facultatibus
2828 3920 3009 3965 essent
3046 3914 3274 3980 prtediti.
3299 3912 3371 3965 lta
3396 3913 3475 3966 di~

1908 3978 2049 4031 vitia:
2074 3988 2312 4031 naturam
2341 3994 2538 4047 susque
2566 3980 2739 4048 deque
2766 3989 3015 4044 vertunt,
3047 3978 3393 4048 efficiuntque
3418 3994 3473 4034 ut

1906 4057 1956 4119 et
1985 4063 2141 4103 senes
2174 4065 2458 4116 puerorum
2502 4050 2760 4103 vocabulo
2803 4058 3073 4113 notentur,
3124 4061 3178 4104 et
3213 4051 3360 4119 pueri
3399 4067 3461 4106 so

1906 4117 2114 4172 niorum
2152 4121 2365 4172 nomine
2399 4120 2679 4186 gaudeant.
2710 4120 2762 4172 In
2801 4120 3069 4173 nonnullis
3109 4117 3256 4189 vulg.
3284 4135 3472 4188 perpe-

1904 4203 2018 4241 ram
2048 4189 2235 4258 ﬁdibus
2274 4204 2369 4258 pro
2395 4189 2651 4256 ﬁdelibus.
2702 4189 2894 4243 Chorei
2956 4189 3067 4244 sive
3108 4191 3311 4245 trochei
3351 4200 3474 4245 sunt

1907 4260 2071 4339 pedes
2085 4257 2515 4339 “liujulsncarminis
2539 4259 2756 4339 proprii,
2785 4268 2877 4312 aut
2903 4259 3109 4313 cantica
3140 4259 3477 4339 his_pedibus

1906 4327 2173 4395 insignita.
2207 4327 2390 4381 C/torei
2413 4340 2587 4383 autem
2612 4332 2786 4397 ﬁdeles
2829 4340 3106 4391 vocantur,
3130 4340 3187 4385 ut
3211 4330 3473 4385 Fortuna-

1909 4408 2015 4462 tus,
2045 4399 2351 4469 sichnivis
2378 4399 2513 4469 allus
2532 4411 2718 4453 auctor
2749 4400 2929 4468 hymni
2960 4398 3160 4453 Vexilla
3198 4401 3329 4469 regis
3357 4416 3477 4467 pro-

1909 4470 2082 4535 deunt,
2134 4466 2265 4521 diiit
2306 4486 2319 4520 ;
2373 4466 2539 4521 David
2591 4470 2735 4538 ﬁdeli
2773 4466 3017 4533 carmine,
3065 4478 3120 4523 et
3160 4466 3475 4525 Prudentius

1911 4539 2107 4609 hymno
2130 4540 2182 4601 7,
2210 4538 2352 4606 ﬁdeli
2382 4540 2639 4608 proditum
2667 4541 2940 4607 volumine,
2970 4546 3025 4593 et
3054 4539 3185 4594 inira
3212 4554 3354 4595 vers.
3376 4539 3471 4607 26,

1906 4610 2080 4677 ﬁdeles
2107 4626 2204 4678 pag
2227 4623 2327 4662 nm.

1978 4679 2031 4730 2.
2066 4679 2243 4744 Alcx.,
2274 4678 2538 4742 ntelodios,
2568 4678 2700 4733 forte
2743 4679 2999 4733 melodon.
3032 4678 3152 4733 Vat.
3185 4681 3248 4742 A,
3280 4697 3341 4734 ac
3380 4694 3477 4748 pro

1910 4758 1976 4802 et.
2004 4748 2230 4818 Etymon
2262 4749 2534 4818 vocislgra
2557 4750 2887 4818 deprompsit
2918 4749 3001 4803 lso
3028 4764 3090 4802 ex
3132 4749 3356 4814 Isidoro,
3380 4751 3475 4804 lib.

224 4816 329 4875 ius
363 4824 713 4886 ascribemus,
743 4816 902 4876 etiam
934 4825 1174 4886 vitiosas,
1205 4829 1262 4875 ut
1298 4818 1466 4889 possit
1514 4821 1800 4887 aliquando
1829 4817 1880 4877 D
1907 4834 1981 4883 ιιι,
2014 4816 2131 4886 cap.
2168 4819 2275 4871 εἰς
2320 4816 2457 4890 Lyra
2497 4816 2640 4872 dicta
2682 4823 2782 4873 ἀπὸ
2820 4828 2913 4874 τοῦ
2961 4821 3128 4890 impst
3165 4836 3195 4872 a
3240 4822 3479 4875 varietate

222 4892 567 4946 emendatior
585 4894 846 4947 exhiberi.
866 4893 1015 4947 Joan.
1047 4892 1342 4947 Ludovicus
1376 4890 1531 4947 Vives
1553 4891 1799 4946 eumdem

222 4962 494 5031 hymnum
532 4962 645 5018 fere
686 4972 850 5016 totum
882 4964 1108 5018 inseruit
1146 4962 1404 5029 cpusculo
1440 4976 1538 5015 suo
1581 4962 1800 5015 Sacrum

223 5034 479 5085 diurnum
510 5036 570 5085 de
617 5034 799 5086 sudore
843 5034 1063 5093 Christi,
1102 5034 1194 5085 sed
1243 5048 1307 5087 ex
1349 5032 1585 5087 editione
1622 5031 1800 5100 aliqua

225 5102 513 5165 mendosa,
544 5105 729 5171 quales
767 5113 889 5158 tunc
918 5112 1070 5156 erant
1092 5104 1142 5158 in
1164 5119 1282 5160 usu.

306 5173 357 5227 1.
391 5172 659 5229 Giselinus
696 5174 894 5253 lacobo
921 5174 1141 5253 ΜηθΞο
1161 5174 1421 5253 attribuit,
1477 5172 1617 5242 quod
1657 5172 1801 5253 hunc

226 5244 518 5311 hymnum,
552 5254 605 5299 et
647 5248 876 5312 primum
920 5242 1037 5297 libri
1072 5244 1261 5298 Perist.
1312 5252 1509 5296 mutata
1548 5242 1801 5296 carminis

229 5316 406 5367 forma
440 5316 752 5370 restituerit.
783 5316 947 5369 Erant
969 5316 1108 5369 enim
1148 5314 1278 5368 secti
1306 5314 1356 5367 in
1406 5313 1713 5366 Alctnanios
1747 5320 1801 5366 et

229 5385 557 5451 Euripidios.
586 5384 658 5438 De
679 5401 779 5453 qua
808 5387 1043 5440 sectione
1084 5385 1192 5437 dixi
1222 5384 1273 5438 in
1298 5383 1505 5450 l'roleg.
1533 5383 1697 5435 Aldus
1720 5382 1800 5435 in.

229 5465 417 5523 tegros
458 5454 755 5509 trochaicos
792 5458 951 5510 etiam
979 5454 1165 5519 edidit,
1197 5463 1250 5506 et
1290 5456 1343 5505 in
1381 5453 1799 5523 codicibusrqui-

226 5522 461 5579 busdam
492 5539 622 5578 mss.
656 5527 850 5590 pariter
880 5540 944 5579 ea
973 5528 1138 5579 forma
1165 5525 1500 5587 observatur,
1536 5522 1674 5590 quod
1713 5522 1797 5575 vi-

228 5597 395 5648 detur
413 5594 649 5649 voluisse
677 5595 1019 5649 Prudentius:
1041 5610 1306 5664 nunquam
1330 5592 1471 5648 enim
1493 5603 1801 5664 postextre-f

230 5682 355 5717 mas
381 5666 617 5732 syllabas
670 5666 926 5719 Alcmanii
977 5665 1045 5718 ita
1082 5663 1293 5719 versum
1336 5664 1620 5727 conclusit,
1662 5672 1720 5716 ut
1751 5663 1797 5716 si

228 5744 381 5792 esset
411 5738 711 5803 distinctus,
736 5737 828 5794 Sed
860 5747 1105 5804 tauquam
1132 5736 1388 5803 integrum
1426 5750 1637 5791 versum
1683 5735 1799 5788 sine

1902 4906 2097 4953 vocum,
2120 4893 2259 4959 quod
2296 4888 2517 4959 diversos
2557 4906 2707 4943 sonos
2755 4890 2971 4957 efﬁciat.
3014 4888 3254 4945 Credunt
3292 4892 3476 4959 aliqui.

1905 4960 2069 5028 lyram
2100 4958 2283 5013 Graece
2310 4968 2359 5011 ct
2386 4958 2569 5012 Latine
2590 4960 2784 5015 dictam
2808 4959 2876 5012 ab
2897 4975 3082 5028 aspera
3104 4961 3193 5014 illa
3218 4963 3336 5015 soni
3364 4958 3480 5018 exi-

1903 5030 2049 5083 htate
2080 5031 2209 5099 lyr.,
2243 5029 2346 5100 lyr.
2377 5028 2504 5083 Vide
2529 5029 2579 5084 .l.
2612 5030 2669 5085 C.
2702 5030 3027 5099 Scaligerum
3060 5030 3152 5085 lib.
3182 5046 3197 5084 ι
3228 5030 3377 5085 Poet.

1973 5102 2025 5154 4.
2054 5101 2317 5154 Sacerdos
2349 5102 2449 5153 iste
2488 5116 2515 5152 a
2548 5100 2817 5155 nonnullis
2844 5101 3079 5155 creditur
3116 5115 3236 5155 esse
3266 5100 3453 5155 Melchi

1905 5170 2097 5225 sedech
2125 5187 2140 5223 :
2173 5171 2315 5238 quod
2341 5172 2603 5238 ignorent,
2631 5179 2839 5239 poetam
2874 5171 2922 5223 id
2956 5170 3184 5225 nominis
3207 5170 3482 5239 prophetis

1904 5241 2134 5312 dediss_e,
2154 5252 2209 5294 ut
2228 5238 2652 5312 hytnnofi,vers.
2671 5241 2757 5312 27,
2780 5248 2918 5312 vetus
2943 5240 3176 5312 sacerdos
3191 5238 3267 5312 de
3308 5239 3476 5292 Helia.

1977 5312 2030 5365 5.
2065 5308 2327 5380 Infulatits
2347 5310 2540 5364 dicitur
2574 5309 2753 5380 David,
2781 5309 2863 5380 vel
2882 5310 2999 5380 quia
3031 5308 3205 5380 ephod
3235 5309 3374 5362 lineo
3394 5322 3482 5361 ac-

1907 5380 2110 5433 cinctus
2135 5377 2351 5434 saltavit
2370 5390 2494 5434 ante
2517 5394 2694 5433 arcam
2720 5378 2944 5436 Domini,
2969 5378 3050 5430 vel
3076 5377 3198 5444 quia
3228 5394 3319 5431 rex
3345 5388 3481 5439 erat,

1908 5460 1961 5505 et
2003 5451 2163 5503 infula
2192 5451 2452 5503 estfascia
2498 5450 2552 5502 in
2598 5448 2812 5501 modum
2866 5446 3205 5502 diadematis.
3260 5447 3483 5501 lnfulam

1908 5519 2128 5588 pulchre
2157 5518 2409 5572 describit
2438 5518 2718 5571 Lucretius
2749 5518 2838 5588 lib.
2869 5533 2884 5571 ι
2931 5534 2942 5569 :
2968 5516 3063 5570 Cui
3116 5518 3271 5571 simul
3321 5518 3486 5588 infula

1904 5586 2153 5658 virgineos
2181 5590 2490 5640 circumdata
2518 5598 2747 5658 comptus
2777 5586 2857 5641 E1
2897 5597 3113 5657 utraque
3162 5588 3275 5655 pari
3328 5586 3490 5658 mala-

1907 5657 2019 5711 runi
2048 5668 2189 5729 parte
2219 5662 2427 5729 profusa
2469 5668 2561 5711 est.
2590 5728 2593 5729 ν
2619 5657 2756 5729 Vult.
2800 5657 2867 5729 Δ,
2914 5659 2973 5726 Β,
3001 5661 3068 5726 ρ,
3118 5658 3301 5728 legunt
3341 5657 3489 5712 corde

1907 5744 2002 5798 pro
2032 5728 2245 5783 chorda.
2277 5728 2431 5785 Galil.
2467 5740 2510 5784 et
2532 5728 2701 5784 elidit.
