3998 6182
1322 284 1819 343 CATIIEMERINO!

1924 283 1989 339 Χ.
2032 282 2197 341 OMNI
2240 282 2447 343 "CBA.
3401 287 3507 346 866

2116 393 2329 459 blando,
2362 402 2418 445 ut
2450 390 2751 457 abluantur,
2799 391 2970 461 inquit
3002 407 3019 450 :
3059 392 3118 448 ﬁt
3144 402 3337 460 ratum,
3367 404 3506 465 quod

255 296 368 356 855

438 401 587 475 Nulla
614 401 912 473 linguarum
933 397 1168 463 silescat,
1209 411 1308 451 vox
1350 406 1405 452 et
1449 398 1621 452 omnis
1643 411 1835 451 conso-
1867 401 1910 457 Α

1629 488 1761 560 [net.
2116 544 2119 545 ν
3166 482 3438 554 ljusserat,

257 586 333 642 ‘25
511 584 667 651 Ecce,
698 597 857 654 quem
885 591 1032 637 vates
1058 581 1281 637 vetustis
1329 581 1685 636 concinebant
1738 596 1838 636 ste-
2113 576 2400 645 Turgidam
2426 586 2603 630 cutem
2627 587 2913 646 repurgant
2942 577 3217 637 vulnerum
3255 580 3505 648 p'amiua.

1588 670 1764 743 [culis,
2186 669 2263 723 'l‘n
2296 671 2621 738 perennibus
2652 671 2884 725 tenebris
2920 671 3030 740 jam
3071 673 3276 742 sepulta
3308 673 3505 729 Iuntina

433 766 603 834 Quem
651 764 1028 834 prophetarum
1064 760 1247 817 ﬁdeles
1288 763 1493 833 paginae.
1537 762 1839 831 speponde-
1940 755 2010 814 55
2117 758 2284 813 lllinis
2315 759 2443 813 limo
2466 759 2687 824 salubri,
2715 760 2851 815 sat-ri
2874 769 2928 815 et
2954 762 3064 815 oris
3085 772 3338 817 nectare:

1604 850 1766 923 [raut,
2118 851 2237 905 Mox
2285 850 2485 919 apertis
2525 848 2623 904 bac
2654 849 2858 904 medela
2889 850 2974 903 lux
3003 851 3217 906 reducta
3247 861 3332 907 est
3366 852 3508 907 orbi-

436 946 643 1002 Emicat
703 943 1003 1016 promissus
1053 941 1180 997 olim
1228 958 1242 996 :
1309 950 1499 996 cuncta
1538 942 1840 997 collaudem
3296 943 3435 1015 [bus.

1591 1031 1753 1104 [ettm.
2188 1029 2433 1099 inerepas
2470 1039 2685 1085 ventum
2733 1030 2993 1087 furentem
3020 1074 3037 1100 ,
3076 1032 3220 1104 quod
3260 1035 3508 1102 procellis

502 1126 784 1185 Cantharis
822 1124 998 1182 inlusa
1034 1122 1247 1196 lympha
1294 1123 1355 1179 ﬁt
1405 1122 1686 1179 Falernum
1734 1139 1836 1179 no-
3181 1123 3441 1195 [tristibus

1614 1213 1763 1286 [bile,
2122 1211 2306 1266 Vertat
2343 1225 2526 1280 teqnor
2568 1210 2732 1265 fundo
2771 1212 2838 1265 ab
2880 1213 3006 1279 imo,
3055 1224 3216 1269 vexet
3243 1225 3295 1269 et
3324 1231 3506 1285 vagam

432 1308 841 1365 Nuntiatvinum
865 1305 1111 1362 minister
1126 1318 1245 1361 esse
1280 1313 1580 1373 promptum
1626 1319 1689 1357 ex
1741 1303 1834 1373 by-
3205 1307 3434 1378 [meum

1602 1392 1763 1465 [ιιι-15.

2109 1398 2272 1470 340
2302 1398 2397 1454 llle
2431 1398 2600 1469 jussis
2635 1398 2992 1463 obseeundat,
3036 1401 3180 1457 mitis
3206 1402 3345 1455 unda
3373 1412 3505 1456 ster-

249 1488 324 1543 50
504 1487 621 1557 Ipse
646 1503 738 1542 rex
764 1500 956 1556 sapore
1002 1484 1181 1540 tinctis
1224 1484 1558 1553 obsmpescit
1603 1484 1827 1553 poculis.
3249 1491 3439 1560 luitur.

432 1579 594 1651 339
638 1577 873 1634 Membra
906 1576 1107 1632 morbis
1134 1576 1407 1641 ulcerosa,
1438 1576 1702 1630 viscerum
1734 1590 1832 1644 ptt-
1927 1578 1998 1635 ιο
2176 1578 2443 1635 Extimum
2477 1579 2641 1634 vestis
2676 1588 2898 1634 sacrata:
2937 1577 3115 1632 furtim
3151 1580 3341 1634 mulier
3386 1590 3457 1634 att
3485 1610 3506 1623 η
3570 1646 3575 1657 ι

1477 1666 1754 1737 [ιι·θάἰιι‹’8,
3260 1671 3367 1740 git;

1534 1758 1824 1814 ϐιΟΒΒᾹΞ
1867 1758 2210 1815 VETERES.

317 1879 413 1934 28.
437 1876 737 1942 Cantltaris,
761 1878 914 1942 vasis,
947 1876 1165 1946 hydriis.
1198 1873 1240 1930 Ι.

317 1951 409 2003 50.
438 1950 571 2010 llex,
594 1940 1003 2019 Architrirligus;
1026 1962 1189 2019 regem
1226 1940 1632 2019 arcltriclimtm
1664 1942 1826 2019 “dicit.

244 2018 640 2071 Architricliuus
690 2011 1100 2086 enim'prrinrepsw
1142 2016 1405 2086 lectorum.
1452 2011 1830 2086 CLINE_Grtree

245 2088 661 2158 lectus.Antiqui
683 2090 820 2140 enim
837 2084 937 2141 tres
958 2084 1111 2139 lectos
1137 2085 1398 2158 habebant,
1418 2100 1577 2158 unum
1599 2084 1828 2146 domino,

1862 1879 1904 1939 Β
2002 1876 2094 1931 52.
2125 1875 2338 1935 natum.

2412 1890 2571 1926 rmunt
2588 1913 2602 1927 .
2637 1872 2737 1927 lso.

2006 1876 2094 1931 52.
2125 1875 2338 1935 natum.
2371 1874 2602 1943 ﬁrmum,
2637 1874 2737 1927 lso.
3500 1940 3501 1943 η

2006 1945 2095 1999 55.
2127 1946 2389 2010 l‘iamina,
2412 1945 2768 2008 medicamina,
2785 1941 3011 2013 piacula,
3034 1945 3382 2011 mundantiua,
3403 1946 3505 2003 lso.

2124 2016 2370 2079 Nectare,
2395 2026 2564 2083 sputo,
2596 2015 2778 2076 saliva,
2813 2012 2855 2065 Ι.

2006 2086 2096 2139 56.
2124 2086 2373 2146 Urbibus,
2406 2085 2565 2137 oculis
2586 2099 2605 2135 :
2634 2086 2776 2136 orbes
2815 2097 3052 2135 vocamus
3089 2084 3263 2138 oculos
3296 2096 3503 2151 prapter

244 2157 529 2210 secundum
585 2152 842 2221 'dominar,
890 2159 1091 2209 tertium
1155 2156 1363 2222 hospiti.
1432 2152 1620 2224 [legem
1689 2162 1831 2206 vocat
1930 2155 2469 2218 rotunditatem;hiuc
2489 2164 2534 2204 et
2562 2157 2730 2224 orbem
2752 2153 2964 2207 dicimus
2982 2153 3041 2204 ob
3062 2155 3503 2221 rotunditatem,l.

242 2227 508 2279 dominum
534 2225 737 2291 domus,
762 2225 837 2279 vel
865 2227 1197 2289 sacerdotem,
1236 2226 1322 2292 qui
1348 2224 1419 2277 ad
1463 2222 1829 2277 béuedicendas

243 2297 454 2363 nuptias
482 2306 703 2349 venerat.
730 2323 802 2334 -—
829 2299 1029 2363 Sapore
1067 2294 1269 2361 tinctis,
1318 2294 1589 2362 saporatis,
1629 2295 1831 2346 colora-

242 2365 335 2426 tis,
360 2365 583 2433 mutatis,
615 2364 719 2419 lso.

2008 2226 2094 2280 38.
2132 2225 2315 2282 chcl.
2349 2233 2556 2281 moveat.
2593 2223 2629 2275 1.

2004 2295 2483 2367 59κ9ὺεεριιιιιιπι,
2519 2292 3089 2367 obtentpcrat.-_—M2tis,
3112 2297 3394 2367 mitefacta,
3423 2296 3465 2350 l.

2006 2363 2095 2418 Ml.
2126 2365 2409 2426 Extitnutn,
2442 2364 2824 2429 extremitatem,
2856 2362 2893 2417 Ι.

1576 2451 2130 2511 COMMENTARIUS.

310 2548 405 2601 21.
435 2547 593 2601 Brev.
618 2546 751 2600 Moz.
775 2545 845 2601 ita
875 2545 1147 2615 distinguit
1195 2552 1250 2601 et
1279 2544 1407 2613 legit
1458 2562 1470 2597 :
1519 2543 1685 2599 Nulla
1714 2544 1819 2599 lin-

240 2632 467 2689 guarum
490 2617 691 2689 silescat
710 2632 823 2680 vox,
845 2617 933 2669 sed
964 2617 1125 2689 omnis
1152 2625 1413 2689 consonet.

312 2686 409 2739 25.
432 2686 722 2754 Spiegelius
740 2696 874 2739 vates
897 2685 1005 2737 vult
1025 2700 1145 2740 esse
1173 2686 1412 2754 sibyllas.
1441 2684 1589 2738 lland
1619 2684 1824 2752 liquere

245 2765 406 2822 puto.
472 2754 671 2819 Nostri,
697 2756 879 2822 Aldus,
926 2754 1149 2819 Weitz.,
1202 2755 1316 2809 Gis.
1362 2756 1712 2817 concinrbaut,
1769 2756 1823 2810 In

237 2825 863 2907 torrentianig-dnobus‘
874 2826 1246 2907 praecinebant;
1267 2825 1318 2877 iu
1348 2824 1598 2877 Rottcnd.
1610 2867 1646 2906 ,.
1691 2842 1825 2907 prato

238 2896 480 2959 einebat;
503 2897 556 2948 in
585 2895 816 2963 'l‘huan.,
844 2895 963 2950 Vat.
991 2895 1007 2948 l
1032 2909 1063 2949 a
1093 2896 1260 2963 prima
1289 2908 1469 2954 manu.
1503 2895 1819 2950 concinebat.

236 2966 291 3019 Si
313 2964 731 3032 pracinebataut
771 2964 1062 3018 concinebat
1095 2963 1344 3031 amplecti
1392 2964 1547 3029 vvlis,
1590 2965 1826 3033 intellige

237 3035 520 3097 Davidem,
548 3049 705 3104 quem
735 3044 891 3087 antea
918 3033 1168 3087 laudavit.
1205 3034 1358 3090 Brev.
1387 3033 1547 3099 Μαι..
1590 3037 1827 3089 concine-

235 3105 385 3169 bant,
417 3106 540 3158 etin
561 3112 706 3157 textu
730 3120 899 3173 quam.
925 3104 990 3157 ad
1010 3119 1156 3157 oram
1188 3117 1353 3171 quem.

310 3175 407 3229 9.7.
432 3173 578 3228 Unus
600 3173 756 3239 Tor.,
782 3173 1071 3226 collaudem
1097 3173 1284 3226 Deum.

307 3242 403 3298 28.
440 3243 628 3311 Incipit
649 3258 863 3297 narrare
883 3243 1078 3313 Christi
1106 3242 1359 3297 miracula
1388 3257 1458 3297 ex
1515 3242 1822 3313 evangelica

238 3313 491 3368 historia.
524 3313 679 3367 Jesus
704 3327 895 3381 aquam
928 3315 979 3367 in
1003 3312 1181 3365 vinum
1212 3314 1472 3368 convertit
1520 3312 1675 3370 .loan.
1698 3328 1818 3379 cap.-

236 3399 299 3437 tt.
328 3383 440 3437 Hoc
461 3383 769 3437 miraculum
792 3382 986 3448 sacpius
1014 3383 1065 3435 in
1109 3383 1452 3452 sarcophagis
1493 3383 1822 3438 Christiano-

237 3468 360 3506 rum
389 3461 626 3506 veterum
666 3452 1060 3518 insculpebatur
1079 3465 1198 3504 cum
1223 3452 1341 3506 aliis
1373 3454 1820 3509 resurrectionem

237 3536 530 3590 cotporum
568 3520 939 3576 indicantibus.
998 3522 1193 3588 Lupins
1240 3531 1385 3575 totno
1437 3523 1713 3586 l,dissert.
1762 3524 1819 3589 2,

235 3591 481 3658 coniicit,
502 3593 689 3645 cadum
724 3592 831 3647 vini
856 3592 907 3645 in
934 3592 1192 3660 sepulcris
1209 3592 1526 3647 Christianis
1554 3593 1819 3647 interdum

239 3675 559 3726 expressum
578 3661 879 3730 signiﬁcare
927 3676 1144 3727 corpus,
1200 3662 1486 3730 aliquando
1532 3663 1819 3718 uniendum

241 3732 463 3791 animae,
497 3732 645 3796 cujus
677 3732 840 3795 ﬁgura
863 3732 933 3786 sit
958 3730 1157 3784 vinum.

314 3802 408 3854 29.
443 3799 674 3864 Thnan.,
702 3800 923 3855 Nuntios
971 3804 1164 3865 vinum,
1210 3801 1456 3866 minister,
1503 3818 1610 3856 csse
1652 3819 1824 3870 pram-

236 3880 385 3938 ptum
406 3885 471 3921 ea:
498 3871 699 3938 hydria.
724 3872 931 3934 Amhr.,
963 3879 1219 3938 sumptum
1248 3886 1343 3937 pro
1359 3882 1664 3938 promptum.
1708 3872 1822 3925 Vini

234 3941 495 4000 minister,
537 3950 589 3993 et
613 3939 715 3993 vini
736 3942 1065 3993 ministerium
1090 3942 1145 3994 S.
1188 3940 1501 3995 Ambrosius
1519 3942 1654 3995 dixit
1682 3942 1774 3995 lib.
1801 3956 1815 3995 ι

234 4010 424 4072 0ttic.,
477 4023 593 4077 cap.
617 4010 687 4064 29
710 4020 761 4064 et
778 4024 900 4077 cap.
931 4011 966 4065 ϐ
988 4010 1055 4064 de
1081 4010 1337 4077 Josepho.

314 4079 408 4132 50.
438 4078 687 4133 Libenter
712 4078 940 4147 legerent
966 4080 1135 4134 colore
1156 4079 1325 4132 tinctis
1342 4079 1558 4146 poculis,
1576 4079 1673 4133 nisi
1705 4093 1821 4134 om-

238 4162 347 4202 nes
367 4161 499 4201 mss.
531 4148 873 4203 obsisterent.
904 4148 1173 4215 Evangelii
1211 4151 1372 4203 etiam
1402 4149 1550 4203 locus
1576 4163 1819 4215 saporem

236 4218 535 4285 exprimit:
572 4217 639 4271 Ut
681 4228 850 4271 autem
888 4220 1102 4287 gustavit
1139 4218 1515 4271 architriclinus
1547 4220 1818 4286 aquantvi~

235 4289 589 4354 numfactam,
613 4297 718 4341 etc.
760 4288 1007 4343 Sedulius
1055 4298 1337 4353 utrumque
1375 4288 1649 4355 conjunxit
1685 4289 1821 4341 coto-

232 4371 351 4410 rem
372 4366 427 4409 et
451 4372 683 4423 saporem
711 4356 839 4410 vini.
868 4359 940 4411 De
970 4372 1094 4425 rege
1119 4358 1350 4411 convivii
1368 4357 1614 4411 lloratins
1634 4357 1736 4411 oda
1759 4358 1815 4423 4,

236 4426 336 4478 lib.
363 4440 377 4479 l
404 4442 419 4478 :
453 4425 561 4478 Nec
587 4441 755 4481 aeoru
781 4429 882 4480 vini
906 4437 1116 4481 sortiere
1139 4429 1277 4493 talis,
1306 4426 1395 4480 ubi
1412 4426 1658 4495 intelligit
1692 4442 1820 4480 coo-

234 4495 463 4566 vivium,
486 4496 696 4566 collatis
728 4496 994 4566 symbolis
1048 4496 1395 4552 celebratum.
1448 4498 1714 4551 Ausonius
1765 4498 1817 4552 in

238 4563 630 4631 Ephemeritle,
652 4574 707 4619 et
726 4563 844 4618 loco
867 4566 1093 4621 convivii
1118 4581 1134 4621 :
1166 4567 1402 4635 Quinque
1423 4567 1667 4620 advocavi
1689 4581 1709 4621 :
1729 4582 1821 4621 sea:

234 4635 681 4717 enimhconviviunt
700 4634 825 4715 Cum
847 4650 961 4706 rege
966 4639 1168 4717 justum
1197 4651 1215 4687 :
1256 4638 1305 4717 si_
1318 4634 1490 4700 super,
1534 4637 1817 4717 convicium

1997 2548 2084 2601 55.
2106 2546 2377 2601 (ἶέριίηυς
2407 2546 2470 2600 ad
2496 2561 2643 2599 oram
2669 2546 2898 2601 uicerunt
2933 2560 3028 2616 pro
3054 2547 3338 2602 vulnerum.
3371 2546 3499 2605 an.

1928 2618 2019 2670 cit.
2054 2617 2236 2669 Matth.
2270 2632 2405 2669 vers.
2436 2616 2470 2667 4
2494 2633 2505 2667 :
2540 2617 2760 2669 Ostende
2787 2626 2834 2669 te
2863 2618 3131 2679 sacerdoti,
3160 2629 3207 2672 et
3234 2618 3361 2685 o/fer
3390 2637 3499 2672 mu-

1928 2703 2023 2739 nus
2063 2689 2195 2753 quod
2227 2687 2463 2754 prtvcepit
2495 2685 2720 2754 Moyses,
2762 2688 2813 2739 in
2846 2692 3184 2741 testinrorr‘um
3214 2688 3336 2741 illis.
3378 2689 3498 2743 llmc

1926 2767 2058 2828 sunt
2081 2758 2331 2828 piamina.
2351 2757 2585 2828 Etnentla
2614 2756 2767 2809 Brev.
2796 2755 3054 2828 Moz.,uhi
3086 2767 3163 2810 est
3187 2772 3495 2828 repugnans.

1999 2826 2086 2880 5i.
2110 2826 2265 2880 Joan.
2288 2840 2407 2893 cap.
2435 2841 2484 2878 ttt
2512 2825 2664 2879 Jesus
2684 2839 2830 2878 caeco
2862 2839 2892 2877 a
2922 2826 3194 2879 nativitate
3223 2825 3392 2880 visum
3418 2843 3498 2881 re-

1925 2895 2118 2950 stituit.
2164 2896 2416 2948 Peremtes
2454 2896 2665 2948 tenebra:
2690 2904 2815 2947 sunt
2843 2893 2957 2963 ipsa
2992 2896 3202 2949 cmcitas
3237 2910 3265 2947 a
3311 2898 3497 2950 nativis

1929 2974 2055 3030 tate,
2087 2966 2205 3019 sive
2225 2980 2253 3017 a
2280 2964 2450 3033 primo
2472 2975 2615 3018 ortu.
2652 2963 3096 3033 Eltnenhorstius,
3124 2966 3175 3017 in
3198 2964 3492 3020 Arnobiutn

1928 3048 2047 3103 pag.
2080 3036 2147 3087 72
2182 3031 2313 3088 edii.
2349 3034 2637 3101 Ilambnrg.
2683 3033 2843 3097 1610,
2877 3031 2973 3087 hos
3004 3048 3188 3103 Versus
3214 3034 3393 3089 laudat
3428 3038 3496 3092 ad

1929 3102 2146 3158 Arnohii
2188 3104 2347 3159 verba
2379 3103 2655 3157 Oculorum
2692 3103 2944 3156 orbiculos
2973 3102 3199 3168 mobiles,
3228 3112 3283 3157 et
3310 3119 3495 3158 exem-

1927 3174 2029 3242 plis
2057 3173 2284 3240 plurium
2318 3182 2592 3242 poetarum
2624 3172 2765 3227 orbes
2785 3174 3048 3226 oculorum
3067 3172 3171 3227 dici
3193 3173 3493 3231 conﬁrmat.

1996 3244 2085 3299 55.
2109 3243 2307 3311 Apoth.
2336 3258 2479 3297 vers.
2509 3243 2633 3305 675,
2660 3244 2813 3296 illevit
2842 3258 2999 3296 caecos
3028 3245 3200 3297 oculos
3222 3255 3269 3297 et
3295 3244 3492 3298 lumina

1926 3311 2047 3366 limo
2073 3312 2333 3367 Reddidit.
2368 3312 2502 3365 Vide
2526 3313 2627 3365 alia
2656 3313 2781 3365 ibid.
2811 3311 2878 3365 de
2901 3313 3093 3365 Christi
3122 3314 3413 3381 miraculis,
3438 3326 3493 3371 ct

1928 3383 2316 3438 inDittochteo.
2348 3382 2502 3437 Brev.
2536 3382 2691 3445 Μαι,
2719 3381 2908 3444 odoris,
2942 3382 3057 3450 lege
3084 3391 3131 3435 et
3155 3386 3279 3437 oris.

1993 3452 2085 3507 56.
2112 3452 2334 3513 Ovidius
2362 3468 2377 3506 l
2416 3451 2653 3516 Metam,
2684 3451 2889 3504 luminis
2917 3452 3072 3513 orbis,
3101 3452 3169 3507 de
3195 3452 3372 3508 oculo.
3406 3453 3490 3508 ln-

1925 3523 2086 3593 telligi
2116 3532 2336 3591 possunt
2374 3523 2649 3592 foramina,
2693 3522 2827 3573 intra
2870 3534 2990 3593 quas
3026 3520 3192 3593 latent
3229 3522 3394 3585 oculi,
3436 3536 3493 3579 ut

1925 3590 2127 3662 hymno
2162 3593 2198 3645 2
2245 3590 2668 3662 Peristephancan
2711 3590 3002 3662 vers._llﬁ
3040 3607 3054 3643 :
3098 3591 3254 3646 Urbes
3297 3604 3494 3648 cavatos

1921 3660 2212 3733 pra-ferens.
2259 3660 2477 3731 Corrige
2530 3663 2583 3716 in
2638 3661 2791 3716 Brev.
2844 3660 3002 3727 Μυκη
3055 3678 3115 3715 ac
3158 3662 3402 3729 medulla,
3439 3674 3493 3719 et

1923 3735 2036 3799 lege
2069 3734 2165 3785 hac
2193 3733 2402 3786 medela.

1992 3803 2079 3855 57.
2138 3804 2191 3854 In
2236 3802 2398 3855 lla'tls.
2452 3808 2506 3854 et
2534 3800 2687 3854 Brev.
2722 3800 2859 3853 Moz.
2887 3814 3038 3854 error
3072 3807 3157 3855 est
3193 3801 3483 3857 increpans.

1922 3870 2223 3938 Spit-gelius
2236 3872 2561 3939 suspicatur,
2577 3868 2915 3922 Prudentium
2931 3870 3121 3937 legisse
3135 3872 3274 3939 apud
3300 3868 3486 3931 Matth.

1920 3954 2039 4006 cap.
2064 3955 2153 3993 vm
2185 3957 2196 3991 :
2230 3938 2372 3991 Tum:
2393 3954 2601 4007 surgens
2627 3938 2900 4005 increpavit
2922 3943 3097 4000 ventis,
3125 3938 3267 4008 quod
3297 3942 3488 4007 primi-

1922 4016 2006 4061 tus
2036 4008 2197 4061 fuisse
2222 4011 2477 4075 scriptum
2514 4010 2784 4069 Erasmus,
2813 4018 3073 4063 annotans
3098 4011 3236 4061 hunc
3254 4009 3486 4065 Mattlnri

1923 4079 2119 4148 locum,
2142 4078 2409 4145 opinatur.
2434 4078 2589 4131 Certe
2615 4091 2681 4148 ex
2707 4075 3020 4148 Prudentio,
3045 4079 3218 4148 inanis
3239 4088 3343 4143 est,
3368 4096 3487 4148 qua:

1920 4147 2133 4216 ducitur
2151 4147 2479 4215 conjecmra,
2497 4160 2616 4200 nam
2639 4147 2682 4200 is
2706 4146 2882 4211 potius
2901 4147 3053 4200 Luca:
3079 4147 3238 4201 verba
3264 4146 3486 4216 expres-

1919 4214 1989 4269 sit
2020 4231 2138 4269 catt.
2171 4214 2281 4281 \‘lll,
2317 4216 2387 4269 25
2422 4232 2439 4269 .'
2474 4221 2534 4268 At
2559 4218 2645 4269 ille
2668 4231 2877 4284 surgens
2912 4218 3183 4285 increpavit
3215 4214 3412 4271 ventum
3438 4228 3485 4271 et

1921 4294 2261 4356 tempestatem
2283 4301 2450 4356 aqum,
2465 4296 2509 4339 et
2529 4285 2735 4356 cessavit
2758 4300 2776 4338 :
2802 4293 2849 4337 et
2874 4289 3009 4352 facta
3027 4296 3100 4339 est
3122 4289 3484 4354 tranquilltas.

1920 4354 2238 4409 Prudentius
2266 4354 2430 4409 verbo
2449 4357 2506 4411 S.
2540 4355 2721 4408 Matth.
2747 4356 2916 4409 utitttr
2946 4356 3141 4419 Apoth.
3167 4371 3309 4410 vers.
3342 4359 3481 4413 65.0:

1929 4423 2083 4479 Video
2110 4425 2585 4496 luetantia_ntagnis
2621 4422 2862 4496 :Equora
2895 4425 3178 4480 turbinibus
3212 4428 3488 4496 tranquillo
3567 4472 3571 4476 .

1919 4511 2167 4547 marmore
2190 4497 2330 4549 tendi
2351 4493 2577 4563 Imperio
2606 4493 2814 4547 Christi.

1990 4563 2078 4618 58.
2109 4564 2266 4619 Fabr.
2305 4573 2359 4618 ct
2409 4560 2600 4635 Ilails.,
2641 4571 2829 4635 verrat.
2867 4560 3084 4629 Ca‘teri,
3121 4571 3299 4629 vertat,
3342 4566 3484 4635 quod

1920 4632 2140 4688 lleinsio
2170 4635 2324 4688 unice
2351 4632 2868 4702 probatttr.7Vat.A,
2911 4649 3129 4699 summa,
3177 4642 3233 4689 et
3274 4632 3373 4702 pro
3406 4637 3490 4689 tli-

233 4712 338 4756 est.
372 4702 483 4775 ilex
505 4704 736 4775 convivii
765 4715 866 4771 est,
901 4701 1196 4773 itt'quidatn
1222 4705 1424 4768 volunt,
1473 4707 1562 4773 qui
1618 4706 1814 4775 prabet
1843 4704 1892 4764 ι)
1920 4718 2069 4757 Versa
2094 4703 2356 4775 scriptura
2388 4703 2570 4775 fundo.
2595 4701 2719 4775 νειμ,
2759 4701 2819 4775 Β.
2845 4702 3025 4775 (mulo,
3052 4704 3118 4755 ad
3151 4701 3318 4775 marg.
3348 4721 3488 4757 sum-

232 4773 581 4847 convivium';
608 4773 716 4847 χει,
746 4783 803 4827 ιιι
825 4784 1012 4847 putant
1032 4775 1290 4847 nonnulli,
1334 4788 1389 4847 te
1408 4773 1646 4847 -Aonn_mt_t's
1685 4789 1816 4829 con-

234 4841 388 4903 wvii,
423 4852 511 4894 ant
543 4841 724 4912 _et'iatn
775 4841 1027 4899 sacerdos
1080 4844 1170 4912 qui
1212 4845 1459 4898 convivio
1509 4843 1813 4899 ludteorum

231 4920 520 4982 prmesset.
542 4909 800 4967 Universe
826 4927 917 4968 rex
966 4909 1186 4968 vocatur
1212 4914 1478 4969 interdum
1526 4915 1603 4968 rei
1638 4913 1817 4982 cujus-

230 4981 637 5053 gﬁueidomintts,
662 4990 721 5053 ut
745 4982 881 5053 apud
936 4982 1081 5051 Virg.
1117 4984 1298 5052 ecloga
1321 4982 1372 5049 l,
1402 5000 1514 5036 utea
1543 4981 1718 5053 regna.
1752 4983 1812 5039 S.

230 5048 492 5123 Paulinus
523 5049 651 5123 Nat.
670 5048 794 5123 sne
815 5048 1052 5123 Homine—
1067 5048 1264 5106 rustico
1308 5070 1321 5105 :
1364 5048 1698 5123 Oblatumque
1715 5055 1815 5123 sibi

233 5132 364 5192 mox
400 5119 512 5192 ipso
541 5121 591 5192 in
618 5120 792 5175 limine
811 5136 977 5192 regent
1003 5121 1325 5192 Cognoscitnt
1364 5122 1550 5176 hilares
1581 5119 1810 5192 (boves).

229 5186 434 5239 Cicero
460 5188 527 5242 de
553 5190 778 5261 Oratore
806 5186 923 5259 pag.
944 5190 1002 5245 Η
1038 5186 1201 5247 :Nisi
1222 5194 1303 5243 hic
1325 5192 1377 5245 in
1427 5202 1516 5245 tuo
1550 5186 1704 5261 regno
1738 5209 1816 5246 es-

229 5270 459 5336 semus,
494 5272 598 5336 non
642 5260 905 5336 tulissem,
953 5261 1200 5336 intelligit
1229 5261 1583 5316 Tusculanum
1609 5260 1809 5316 Crassi.

232 5324 356 5376 lloc
399 5325 601 5396 Christi
657 5327 969 5385 miraculum
1016 5340 1072 5383 et
1128 5324 1272 5394 'alta,
1326 5345 1444 5396 qua:
1490 5340 1810 5396 sequuntur,

229 5394 569 5448 carminibus
606 5397 877 5451 celebrant
921 5408 1107 5452 auctor
1143 5400 1242 5452 sub
1282 5394 1815 5456 Claudiatti'nomine

229 5463 305 5513 de
316 5463 389 5533 fill
397 5464 604 5519 iraeulis
622 5465 830 5531 Christi,
862 5467 1148 5533 iuvencus,
1170 5468 1418 5522 Sedulius
1437 5478 1490 5523 et
1510 5470 1618 5523 alii.

314 5532 592 5604 5l.blatth.
624 5548 745 5604 cap.
771 5551 863 5590 vnt
892 5532 1157 5602 leprosum
1187 5546 1337 5591 curat
1362 5537 1515 5593 Jesns
1543 5548 1599 5593 et
1621 5540 1687 5593 ad
1717 5554 1808 5593 sa-

227 5601 491 5680 cerdotes
519 5601 706 5657 mittit.
720 5601 1058 5680 .lneditione
1093 5607 1371 5680 Parmensi
1398 5622 1635 5680 errorem
1659 5619 1809 5679 typo-

226 5672 430 5738 g-rapiti
461 5683 589 5738 puto
613 5672 832 5725 menibr‘a
861 5677 1053 5728 mortis.
1084 5674 1303 5740 Corrige
1333 5678 1539 5730 morbis.

1919 4788 2077 4838 mum,
2109 4774 2250 4842 quod
2282 4788 2388 4827 non
2410 4774 2632 4826 omnino
2656 4771 2921 4842 displicet-
2943 4771 3289 4828 Commnnior
3314 4782 3371 4829 et
3396 4790 3489 4830 ve-

1917 4844 2029 4898 rior
2059 4841 2218 4899 lectio
2239 4853 2323 4897 est
2350 4844 2512 4912 [unda
2535 4842 2599 4895 ab
2624 4844 2746 4894 imo.
2777 4841 2839 4912 ln
2867 4842 2986 4895 Vat.
3019 4845 3060 4896 Α
3085 4843 3269 4898 deerat
3291 4853 3338 4897 et
3369 4855 3489 4912 post

1915 4923 2075 4978 vexet,
2116 4913 2255 4982 quod
2289 4910 2436 4968 recte
2465 4912 2712 4982 additum
2741 4910 2936 4982 aliena,
2971 4921 3028 4966 nt
3056 4912 3266 4967 videtur
3303 4910 3484 4968 manu.

1920 4985 2109 5036 Deerat
2132 4980 2293 5037 etiam
2340 4993 2387 5036 et
2431 4984 2486 5037 in
2516 4980 2638 5035 Vat.
2686 4980 2744 5034 P.
2784 4980 2912 5045 Qum
2936 4983 3006 5034 sit
3035 4982 3116 5036 vis
3145 4983 3301 5050 hujus
3341 4986 3486 5037 verni

1914 5067 2057 5118 vexo,
2089 5052 2283 5108 docent
2312 5052 2575 5107 Asconius
2614 5050 2901 5113 Pedianus,
2943 5051 3165 5117 l'robus,
3208 5052 3405 5106 Celliu~
3433 5064 3488 5105 et

1916 5120 2213 5177 Macrobius
2249 5122 2513 5177 adversus
2548 5121 2792 5175 Annenm
2818 5120 3130 5179 Cornutum.
3163 5121 3255 5189 qui
3285 5121 3337 5173 in
3371 5120 3487 5172 Vir-

1917 5191 2047 5258 gilio
2094 5202 2390 5258 notaverat,
2431 5190 2696 5245 Dulichias
2745 5204 2962 5258 vexasse
2991 5196 3144 5258 rates,
3188 5189 3339 5258 quasi
3382 5189 3483 5258 levi

1921 5257 2084 5314 verbo
2130 5277 2257 5317 usus
2305 5263 2491 5317 luisset
2535 5258 2603 5314 ad
2642 5268 2841 5312 tantam
2886 5257 3240 5311 calamitatem
3283 5257 3487 5311 descri-

1924 5330 2176 5386 bendatn.

1992 5402 2080 5454 51.
2111 5398 2356 5454 Mendnm
2385 5400 2436 5452 in
2467 5401 2624 5452 Brev.
2652 5398 2813 5461 Moz.,
2832 5396 2918 5449 ille
2938 5395 3095 5463 jussit
3122 5394 3485 5448 obsecundans.

1991 5470 2080 5523 41).
2113 5469 2379 5521 Mulierem
2420 5483 2446 5518 a
2475 5466 2749 5534 sanguinis
2776 5465 3037 5535 proﬂuvio
3081 5465 3271 5535 liberat
3308 5463 3460 5535 leam

1919 5538 2106 5593 Matth.
2138 5553 2211 5600 ιι,
2242 5536 2349 5599 20;
2380 5535 2541 5589 Marc.
2574 5532 2627 5601 ἦ,
2658 5535 2759 5601 25;
2780 5532 2920 5589 an.
2949 5549 3063 5597 Vlll,
3095 5535 3184 5587 Η.
3218 5532 3484 5586 Extitnnm

1918 5622 2016 5675 pro
2060 5607 2393 5675 evretnitate
2438 5605 2623 5659 Latine
2667 5615 2723 5660 et
2770 5606 3042 5673 eleganter
3083 5604 3305 5675 dicitur.
3348 5602 3489 5655 Loro

1918 5669 2100 5742 huinto
2144 5674 2451 5741 sponda-um
2487 5675 2777 5730 admissum
2820 5669 2881 5729 in'
2912 5675 3089 5742 furtim
3132 5669 3243 5727 disi
3278 5670 3483 5742 Prulcg.
