4068 6190
283 346 391 404 869

1580 538 1796 610 [ntillia,

285 641 359 697 60
462 638 709 707 Quinque
732 633 961 704 panibus
992 632 1220 701 peresis,
1251 639 1305 685 et
1333 630 1579 700 gemellis
1609 631 1865 698 piscibus.

541 729 621 785 Tu
661 728 835 793 cibus,
867 725 1126 796 panisque
1149 732 1353 789 noster,
1387 730 1440 775 tu
1473 722 1720 790 perennis
1746 735 1870 775 sua-

1597 808 1758 881 [vitas
1781 826 1796 866 :

372 974 389 981 κ
464 911 648 968 Nescit
668 908 875 965 esurire
901 908 953 961 in
978 903 1275 974 aevum,qui
1303 913 1443 958 tuam
1466 905 1630 957 sumit
1652 902 1866 969 dapem,

465 1003 574 1059 Nec
598 1002 842 1055 lacunam
863 997 1068 1052 ventris
1099 996 1307 1064 implet,
1334 997 1427 1048 sed
1451 994 1591 1047 lovet
1611 993 1812 1047 vitalia.

536 1090 760 1146 Clausus
781 1089 987 1141 aurium
1011 1094 1239 1150 meatus,
1264 1092 1320 1139 et
1346 1097 1597 1136 sonorum
1630 1082 1865 1144 nescius,

291 1184 359 1239 85
466 1183 664 1252 Purgat
688 1178 755 1234 ad
783 1186 1053 1249 praecepta
1087 1174 1285 1231 Christi
1312 1188 1491 1228 crassa
1520 1187 1743 1241 uitaeque
1765 1174 1865 1227 ob-

1549 1263 1795 1336 [stacula,

469 1364 699 1420 Vocibus
719 1377 884 1432 capax
915 1360 1176 1425 fruendis,
1205 1373 1268 1413 ac
1289 1358 1525 1412 susurris
1549 1357 1784 1426 pervius.

538 1455 722 1512 Omnis
742 1453 1003 1522 aegritudo
1018 1452 1180 1516 cedit,
1198 1450 1419 1520 languor
1435 1449 1608 1502 omnis
1634 1448 1863 1518 pellitur,

468 1542 673 1611 Lingua
707 1543 864 1605 fatur,
888 1556 1046 1609 quam
1079 1548 1296 1594 veterna
1318 1539 1599 1592 vinxerant
1625 1536 1863 1603 silentia,

472 1634 629 1707 353
668 1634 856 1689 Gestat
892 1644 945 1687 et
984 1646 1139 1685 suum
1175 1644 1269 1699 per
1306 1629 1491 1684 urbem
1537 1629 1690 1683 laetus
1728 1643 1870 1698 aeger

1496 1720 1795 1793 [lectulum.

1363 333 1894 391 CATIIEMERINON
1932 333 2023 389 IX.
2064 334 2228 391 OMNI
2270 335 2474 390 IIOM.

461 453 621 527 352
668 451 881 509 Alfatim
934 448 1130 505 referta
1178 446 1288 517 jam
1339 456 1463 502 sunt
1507 418 1857 503 accubantum
1891 452 1936 508 Α
1965 447 2033 501 70

3443 341 3546 396 870

2211 448 2349 513 Qu'n
2377 459 2429 501 et
2458 448 2652 515 ipsum,
2684 462 2753 503 ne
2782 447 2973 503 salutis
3007 446 3161 504 inferi
3189 458 3437 518 expertes
3466 451 3547 506 lo-

3314 540 3476 613 [rent,

2143 631 2422 685 Tartarum
2453 631 2713 703 benignus
2743 631 2926 697 intrat,
2961 631 3126 687 fracta
3156 632 3302 688 cedit
3325 634 3511 703 janua,

2148 723 2395 777 Vcetihus
2422 724 2567 777 cadit
2593 724 2824 779 revulsis
2854 723 3018 778 cardo
3047 724 3394 779 dissolubilis.

2214 814 2303 869 llla
2355 824 2599 885 prompta
2647 816 2713 870 ad
2762 816 3048 881 irruentes,
3100 815 3165 870 ad
3215 826 3548 871 revertentes

3290 918 3442 963 tenax
3460 951 3474 970 ,

3290 918 3474 970 tenax,

2144 996 2327 1073 Ohjice
2353 1005 2653 1051 extrorsum
2676 997 2885 1051 recluso
2908 1006 3056 1064 porta
3088 907 3546 1062 reddit[tnortnns,

1971 1087 2039 1141 75
2148 1086 2286 1156 Lege
2328 1101 2481 1140 versa
2530 1088 2692 1143 limen
2740 1078 2913 1142 atrum
2981 1088 3091 1156 jam
3166 1089 3542 1143 recalcandum

3373 1190 3541 1250 patet.

2216 1265 2322 1320 Sed
2365 1265 2503 1321 Deus
2542 1266 2668 1321 dum
2703 1267 2820 1323 luce
2857 1268 2997 1323 fulva
3026 1267 3211 1322 mortis
3241 1275 3393 1321 antra
3434 1269 3552 1323 illu-

3267 1358 3482 1429 [ηιίιιηι.

2147 1446 2311 1519 344
2331 1448 2463 1502 Dum
2491 1449 2824 1518 stupentibus
2849 1449 3083 1504 tenebris
3110 1450 3393 1505 candidum
3422 1466 3554 1518 pra!-

3162 1539 3291 1611 [stat
3319 1541 3479 1604 diem,

2146 1628 2344 1686 Tristia
2376 1632 2674 1703 squalentis
2699 1630 2883 1685 mthrte
2912 1629 3215 1699 palluerunt
3239 1629 3436 1683 sidera.

2223 1724 2313 1779 Sol
2344 1725 2558 1796 refugit,
2588 1734 2643 1780 et
2667 1723 2872 1793 lugubri
2902 1722 3152 1779 sordidus
3180 1721 3448 1793 ferrugine

1580 1815 1873 1873 GLOSSZE
1912 1818 2249 1874 VETERES.

366 1916 459 1974 59.
491 1913 729 1976 Rcferta,
756 1912 959 1976 satiata,
980 1911 1017 1965 1.

365 1991 455 2042 65.
492 1985 779 2043 Lacunam,
814 1987 1029 2050 foveam.
1059 1983 1271 2049 fossam,
1305 1978 1346 2033 l.

364 2057 455 2112 64.
490 2055 713 2115 Meatus,
738 2054 1000 2116 transitus,
1035 2051 1072 2104 ι.

366 2129 457 2182 68.
492 2125 737 2180 Veterna.
768 2124 998 2176 morbosa
1024 2120 1099 2174 vel
1129 2120 1358 2189 antiqua,
1389 2118 1427 2173 l.

364 2199 456 2251 71.
500 2195 684 2255 Intrat,
708 2192 959 2257 Christus,
987 2192 1026 2246 l.

1905 1916 1949 1976 Β
2049 1914 2137 1967 74.
2177 1914 2384 1982 Ohjice,
2411 1926 2567 1975 vecle,
2595 1915 2634 1968 1.

2048 1983 2138 2037 76.
2182 1983 2373 2050 Fttlva,
2400 1983 2595 2050 lucida,
2623 1986 2663 2038 l.

2044 2054 2134 2107 78.
2176 2054 2504 2123 Squalentis,
2532 2057 2805 2123 nigrantis,
2833 2056 2871 2109 1.

1977 2209 2008 2261 g
2045 2124 2133 2247 τὲ).
2178 2125 2435 2247 ιιιῖςιιιιιί,
2462 2126 2641 2193 flebili,
2666 2124 3099 2196 l:crgmabili.—
3131 2126 3442 2198 Ferrugittc,
3471 2131 3551 2181 ni-

2013 2211 2063 2247 re
2105 2210 2205 2257 me,
2262 2235 2275 2248 .

1628 2281 1762 2337 C031
1777 2282 2187 2341 llENTARlUS.

368 2381 457 2435 59.
481 2381 694 2442 Ambr.,
718 2375 1073 2441 Alt.,Noms.,
1098 2376 1323 2429 Davent.
1349 2374 1503 2439 edit.,
1528 2375 1737 2442 refecta,
1762 2376 1875 2443 ple-

289 2454 450 2519 rique
494 2452 684 2507 melius
728 2453 940 2519 referta.
986 2446 1237 2519 Chamil.,
1284 2445 1446 2519 Gell.,
1495 2446 1645 2519 Teol.
1688 2453 1876 2519 tenent

291 2516 503 2593 refecta.
551 2523 709 2593 Poeta
746 2518 952 2593 videtur
989 2517 1222 2570 voluisse
1258 2518 1466 2593 referta,
1506 2516 1641 2593 ut_itt
1672 2516 1869 2593 Apoth.

292 2585 366 2645 de
388 2592 576 2647 eodem
599 2588 877 2653 miraculo,
904 2596 1205 2640 saturata...
1228 2585 1416 2639 crudus
1440 2586 1645 2639 conviva
1665 2587 1874 2640 resudat

293 2662 596 2732 Congeriem
615 2661 823 2732 ventris:
866 2658 1050 2717 Aldus,
1084 2655 1465 2732 accumbentum
1491 2656 1874 2732 pro_accub_a_t_t-:

294 2725 441 2793 tum';
487 2732 638 2789 Put..
684 2738 737 2782 et
782 2728 981 2791 Oxon,
1028 2726 1398 2788 adcubentum,
1443 2725 1721 2779 mendose.
1764 2727 1879 2782 Nisi

295 2800 448 2870 legas
470 2799 871 2863 accumbentem,
903 2796 1140 2851 admisso
1166 2794 1423 2864 spondzeo
1448 2794 1631 2865 quinta
1656 2797 1804 2863 sede,
1822 2805 1881 2852 ut

292 2887 444 2926 vers.
466 2872 555 2927 40.

369 2943 459 2995 61.
492 2939 705 3004 Ambr.,
734 2947 782 2993 et
810 2938 1065 3008 perennis,
1096 2937 1272 3008 minus
1313 2934 1655 3008 bene._.loan.
1684 2952 1758 3002 vt,
1774 2936 1879 2995 56:

291 3011 435 3064 Caro
460 3026 572 3064 mea
594 3024 705 3062 vere
734 3004 821 3061 est
846 3008 1021 3067 cibus;
1049 3016 1102 3060 ct
1135 3006 1289 3077 ibid.,
1323 3007 1385 3060 51
1417 3025 1429 3058 :
1457 3004 1567 3074 Ego
1597 3023 1710 3059 sum
1734 3010 1881 3077 panis

293 3081 463 3147 vivus,
493 3081 580 3151 qui
615 3079 681 3151 de
706 3079 830 3133 caelo
859 3078 1114 3151 descendi.
1148 3076 1212 3151 Et
1244 3090 1431 3129 rursus
1457 3091 1605 3151 vers_.
1631 3077 1700 3131 59
1726 3076 1742 3131 ἐ
1770 3077 1879 3151 Qui

294 3146 576 3204 manducat
604 3148 739 3202 hunc
768 3164 969 3217 panem,
1009 3149 1134 3200 vivet
1172 3146 1224 3200 in
1264 3154 1527 3217 veternum.
1567 3146 1643 3200 Ex
1684 3146 1875 3217 eodem

292 3225 494 3287 capite,
537 3219 625 3274 ubi
664 3214 978 3287 miraculum
1020 3224 1104 3270 est
1142 3225 1453 3287 narratum,
1480 3214 1594 3269 hmc
1632 3216 1879 3284 pulcher-

294 3284 433 3345 rima
461 3284 785 3358 apostrOphe
806 3295 889 3341 est
910 3286 1215 3358 desumpta,
1245 3284 1487 3356 quamvis
1513 3300 1620 3341 non
1643 3286 1786 3341 illico
1813 3300 1876 3340 ea

295 3361 465 3414 verba
495 3356 523 3412 a
555 3358 612 3413 S.
644 3359 845 3412 Joanne
876 3356 1199 3411 referantur.

375 3430 465 3483 63.
496 3430 654 3483 Brev.
688 3428 851 3491 Moz.,
883 3426 1088 3491 lacuna,
1115 3426 1274 3481 male.

375 3498 464 3552 65.
511 3500 652 3562 Put.,
702 3498 900 3555 Oxon.,
930 3495 1114 3550 Noms.
1159 3506 1213 3552 et
1261 3495 1379 3549 Vat.
1429 3497 1472 3550 A
1523 3511 1619 3565 pro
1667 3496 1876 3551 diversa

301 3568 568 3635 scriptura
608 3572 805 3622 clausa.
850 3567 1013 3633 Magis
1052 3569 1220 3634 probo
1260 3583 1435 3621 crassa
1472 3582 1593 3621 cum
1635 3567 1874 3635 reliquis,

297 3640 467 3691 etiam
497 3639 649 3693 Brev.
680 3639 840 3702 Moz.,
864 3638 952 3690 ubi
992 3637 1246 3691 mendose
1282 3653 1497 3705 gressa:
1525 3653 1643 3691 nam
1671 3638 1878 3691 clausus

294 3723 448 3761 vers.
494 3710 730 3776 proxime
773 3707 1093 3776 praecedenti
1139 3708 1348 3775 legitur.
1394 3716 1447 3760 et
1496 3707 1877 3775 congruentius

294 3778 497 3832 dicitur
519 3794 692 3833 crassa
726 3780 933 3831 auditus
960 3778 1247 3842 obstacula,
1281 3791 1439 3844 quam
1468 3779 1664 3831 clausa.
1698 3777 1878 3832 [listo-

299 3848 441 3903 riam
465 3848 627 3903 habes
654 3863 774 3917 cap.
801 3863 870 3901 vu
894 3848 1054 3902 Marci
1086 3862 1225 3900 vers.
1262 3848 1350 3901 32.

376 3919 465 3972 66.
491 3918 648 3973 Brev.
682 3918 841 3981 Non,
872 3917 1094 3970 susurris
1123 3919 1357 3986 praevius.

376 3988 464 4041 67.
497 3988 628 4056 Cap.
662 4004 729 4042 xv
760 3988 944 4041 Matth.
978 4002 1120 4040 vers.
1149 3986 1216 4040 50
1247 3994 1300 4039 et
1326 3987 1415 4040 51.

375 4058 464 4111 68.
496 4055 740 4113 Veternus
762 4066 843 4111 est
873 4059 1199 4110 inveteratus
1224 4070 1251 4108 a
1282 4066 1440 4111 vetus.
1462 4055 1536 4109 De
1561 4055 1690 4117 otio,
1717 4055 1879 4124 pigri-

298 4127 379 4179 tia
401 4137 457 4181 et
484 4142 675 4182 somno
702 4129 866 4183 nimio
896 4128 1031 4180 solet
1053 4125 1180 4180 dici.
1207 4126 1453 4180 Fortasse
1476 4126 1753 4194 legendum
1774 4127 1879 4180 erit

297 4206 505 4250 veterno
532 4198 781 4251 vinxerint
803 4197 1025 4249 silentia.
1056 4196 1158 4251 Sed
1188 4196 1506 4249 concinnum
1538 4202 1620 4249 est
1649 4207 1879 4249 veternus

299 4266 608 4335 adjective,
655 4270 897 4336 quamvis
944 4267 1113 4334 magis
1165 4268 1214 4319 in
1264 4281 1361 4319 usu
1411 4266 1480 4320 sit
1524 4266 1875 4321 substantive.

298 4336 465 4390 Brev.
497 4337 655 4397 Moz.,
683 4338 842 4398 male,
868 4338 1043 4403 lingua
1071 4345 1235 4387 vatur.

379 4405 465 4458 69.
492 4406 681 4470 lla'ls.,
709 4406 861 4459 Brev.
888 4407 1051 4469 Μυκη
1070 4404 1214 4459 Wid.
1240 4419 1419 4473 supra,
1442 4414 1495 4459 et
1515 4404 1671 4459 Gold.
1696 4418 1876 4476 supra,

299 4478 477 4529 orbem
505 4491 603 4542 pro
628 4476 821 4529 urbem.

382 4545 466 4598 70.
502 4546 679 4613 Prag.,
712 4560 817 4599 non
849 4544 1012 4609 male,
1044 4545 1177 4608 Quin
1208 4554 1275 4606 et,
1305 4545 1403 4612 ipsi
1429 4560 1491 4598 ne
1517 4542 1703 4598 salutis
1726 4544 1881 4614 inferi

297 4624 535 4680 expertes
564 4620 749 4682 forent,
778 4614 999 4669 Tartara
1025 4617 1266 4683 benignus
1292 4618 1464 4667 intrat.

384 4686 466 4738 71.
513 4686 689 4754 Prag.,
738 4695 955 4739 tartara.
1008 4686 1111 4740 Alii
1140 4694 1420 4748 tartarum,
1468 4682 1609 4751 quod
1652 4683 1879 4754 carmini

302 4755 475 4839 stragis
506 4752 774 4809 convenit.
809 4754 1094 4839 Christum
1136 4755 1207 4834 ad
1258 4756 1456 4808 inferos
1496 4766 1618 4839 tere
1655 4752 1879 4839 dcscett-
1906 4780 1956 4839 Β

300 4820 453 4877 disSe
483 4833 747 4893 negarunt
772 4825 931 4893 aliqui
965 4824 1197 4878 haeretici
1216 4862 1231 4887 ,
1258 4838 1481 4892 quorum
1512 4820 1878 4893 discrepantes

300 4891 590 4963 opiniones
620 4891 891 4963 exponunt
933 4905 988 4947 et
1028 4891 1286 4948 refellunt
1319 4891 1666 4963 Bellartninus
1695 4902 1823 4944 tom.
1860 4892 1877 4947 Ι

299 4972 364 5015 et
392 4962 638 5017 Petavius
669 4962 799 5017 tom.
827 4964 915 5021 IV.
949 4971 1085 5032 part.
1119 4978 1177 5027 tt,
1209 4964 1295 5031 qui
1327 4963 1423 5015 hos
1454 4962 1726 5032 Pwdcntii
1760 4978 1879 5015 ver-

297 5045 400 5083 sns
430 5032 665 5087 laudant.
717 5034 912 5087 Christi
944 5031 1171 5086 animam
1211 5033 1274 5084 ad
1318 5032 1493 5084 omnia
1527 5031 1721 5084 inferni
1763 5033 1876 5085 loca

294 5104 649 5156 descendtsse
678 5104 951 5171 prohahile
974 5115 1077 5156 est.
1114 5103 1267 5154 Brev.
1292 5102 1452 5165 Moz.,
1485 5106 1622 5170 facta
1653 5115 1748 5168 pro
1770 5117 1879 5167 qun

296 5183 452 5225 recte
478 5171 641 5241 fracta
670 5170 899 5239 coniecit
936 5173 1129 5225 editor.
1180 5172 1309 5224 Ibid.
1345 5186 1483 5225 vers.
1513 5184 1625 5238 seq.
1659 5175 1796 5225 male
1824 5170 1875 5223 in

300 5250 455 5293 textu
485 5243 688 5308 refttlsis
721 5258 816 5308 pro
843 5244 1074 5295 revulsis.

379 5310 465 5364 72.
495 5312 646 5372 Altl.,
695 5314 845 5380 Egm.
870 5351 884 5373 ,
922 5312 1128 5373 Oxou.,
1170 5311 1375 5373 Noms.,
1419 5310 1551 5372 Alt.,
1596 5312 1871 5377 Rottend.,

292 5379 692 5448 indissolubilis,
741 5379 884 5446 quod
933 5392 1118 5435 tenent
1164 5382 1323 5434 etiam
1357 5380 1493 5434 Vatt.
1528 5383 1592 5444 A,
1627 5383 1682 5447 Β,
1718 5383 1781 5444 O,
1814 5383 1872 5447 P,

293 5447 484 5513 Alex.,
520 5447 757 5511 Urb.,et
788 5450 917 5504 mihi
950 5450 1188 5504 nonniltll
1231 5451 1427 5517 placet.
1480 5453 1698 5517 Opinor,
1740 5452 1874 5505 Pru-

292 5520 539 5572 dentium
566 5520 878 5587 spondtcum
902 5524 1085 5589 quinta
1111 5520 1241 5574 sede
1262 5521 1547 5589 aliquando
1568 5523 1869 5585 admisisse,

293 5596 365 5657 ιιι
384 5592 602 5657 rotatiles
627 5590 890 5643 trochmos
906 5589 1287 5657 aliquantulum
1310 5591 1581 5656 graviores
1604 5591 1871 5645 redderet.

293 5655 439 5730 :Vide
466 5675 607 5713 vers.
636 5659 705 5713 59
732 5669 786 5712 et
809 5658 901 5730 40.
932 5655 1133 5730 Ιιινίιῑ.
1166 5659 1205 5723 l,
1237 5655 1571 5724 dissolubilis,
1604 5662 1743 5730 quod
1778 5662 1871 5714 Ita—

295 5726 431 5781 Lettt
459 5730 578 5793 alii,
629 5737 683 5784 et
723 5729 967 5795 retineo,
1009 5729 1133 5797 quia
1163 5738 1305 5785 recte
1334 5730 1574 5798 procedit
1599 5726 1789 5789 sensus
1818 5739 1873 5787 et

1980 2388 2232 2451 metrum.
2263 2376 2432 2431 Cardo
2461 2378 2775 2451 dissolubilis
2801 2380 2952 2447 quasi
2983 2382 3281 2449 dissolutus,
3312 2392 3368 2436 ut
3394 2396 3553 2451 supra

1980 2448 2147 2517 [rat-ta
2169 2450 2362 2518 janua,
2387 2458 2442 2501 et
2469 2447 2602 2501 infra
2631 2450 2890 2503 dissolutis
2919 2452 3151 2504 vinculis.

2053 2518 2141 2572 75.
2169 2512 2316 2572 ’νίἀθ
2347 2517 2532 2587 ltyntn.
2563 2520 2621 2583 3,
2652 2534 2795 2575 vers.
2825 2520 2926 2575 199
2956 2532 3009 2576 et
3037 2531 3235 2575 notant.
3276 2512 3475 2576 Tassus
3506 2521 3555 2575 in

1982 2586 2307 2659 Hierusalem
2353 2588 2562 2659 liberata
2610 2604 2778 2642 carm.
2826 2605 2930 2651 vn,
2981 2591 3199 2659 stropha
3241 2591 3342 2653 46,
3395 2593 3553 2645 simili

1981 2658 2159 2724 pltrasi
2190 2659 2394 2711 utitur:
2426 2656 2530 2711 Che
2571 2660 2686 2725 quel
2725 2661 2972 2726 serraglio
3020 2660 3046 2711 ὲ
3088 2656 3183 2714 con
3222 2662 3424 2714 mirabil
3465 2676 3558 2715 uso

1982 2727 2198 2795 Sempre
2224 2726 2487 2781 all‘entrar
2513 2736 2711 2793 aperto,
2732 2746 2764 2781 α
2789 2728 2958 2783 l'uscir
2977 2729 3173 2785 citiuso.
3208 2731 3366 2786 Brev.
3391 2732 3551 2797 Μυκη

1982 2798 2266 2860 mendose,
2294 2813 2355 2850 ac
2382 2807 2701 2853 reuertentes.

2055 2869 2141 2940 74.
2174 2868 2342 2921 Aldus
2382 2868 2622 2940 ediderat
2658 2867 2795 2921 obice
2832 2878 3105 2922 retrorsum
3148 2871 3389 2940 repulso,
3436 2888 3557 2927 cor-

1984 2937 2124 3010 rexit
2160 2946 2349 3010 postea
2388 2938 3038 3010 obice__retro_rsumpulso.
3072 2937 3366 3010 Utrumque
3394 2943 3552 2995 male.

1986 3008 2130 3079 Put.,
2158 3006 2493 3079 Torrentius,
2536 3006 2656 3079 Vat.
2685 3008 2765 3079 Α.
2814 3006 2953 3079 obice
2997 3006 3293 3064 extrorsum'
3324 3013 3550 3079 repulso.

1987 3077 2166 3150 frag”
2196 3076 2340 3150 Bat.,
2370 3076 2706 3150 Torrentiani
2728 3076 2856 3150 duo,
2880 3077 3114 3150 Spiegel.
3140 3095 3258 3133 cum
3286 3076 3553 3150 Pcuting.,

1985 3146 2161 3213 Sich.,
2196 3146 2333 3201 Vati.
2368 3148 2427 3210 Β,
2460 3146 2500 3212 1,
2530 3146 2594 3211 O,
2628 3146 2689 3211 P,
2718 3148 2794 3217 Q,
2837 3149 2998 3216 objice
3021 3161 3306 3203 extrorsum
3334 3146 3553 3217 recluio,

1984 3217 2123 3288 quod
2155 3218 2288 3288 lor_te
2316 3217 2483 3270 voluit
2514 3218 2671 3288 Brev.
2700 3216 2835 3273 Moz.
2870 3221 3033 3288 objice
3067 3231 3298 3275 extorsus
3336 3216 3553 3276 recluso.

1983 3286 2513 3359 '[eolius‘Puteanum
2539 3286 2980 3359 Heinsiisecutus
3005 3300 3084 3347 est
3115 3299 3300 3345 contra
3323 3293 3556 3359 quinque

1988 3356 2127 3429 Vatt.
2171 3356 2435 3429 aliosque,
2479 3365 2534 3429 et
2568 3358 2783 3424 scripsit
2826 3358 2963 3413 obice
3002 3371 3287 3415 extrorsum
3329 3356 3555 3429 repulso.

1903 3413 1949 3475 C
1982 3427 2163 3500 Alex"
2192 3413 2434 3485 Thuan..'
2457 3427 2619 3500 objice
2644 3413 2932 3500 eitrorsum
2960 3413 3188 3495 reclusa,
3211 3430 3353 3500 quod
3386 3413 3547 3485 sustiQ

1984 3498 2099 3571 neri
2122 3505 2319 3565 potest,
2344 3512 2465 3550 nam
2488 3498 2615 3551 obex
2637 3497 2890 3571 feminino
2918 3512 3116 3571 genere
3145 3500 3197 3554 in
3227 3497 3554 3571 membranis

1981 3569 2305 3639 optimorum
2336 3577 2618 3639 auctorum
2648 3569 3013 3639 occurrit,‘et
3052 3570 3373 3639 saepeapud
3406 3572 3554 3625 Alci-

1980 3638 2391 3711 mumAAvitut-n.
2440 3638 2496 3711 In
2525 3639 2680 3693 Alex.
2716 3650 2895 3711 tamen
2912 3638 2987 3711 ad
3019 3638 3187 3709 marg.
3217 3648 3299 3694 est
3327 3642 3553 3711 repulso.

1979 3706 2218 3762 Oxonius
2245 3708 2542 3762 audiendus
2573 3723 2675 3760 non
2706 3715 2789 3762 est
2816 3710 2976 3776 obiice
3003 3706 3285 3763 extrorsum
3326 3706 3551 3764 excluso.

1980 3776 2051 3847 lit
2077 3778 2277 3832 vocalis
2303 3780 2472 3846 prima
2507 3777 2848 3846 producatur,
2890 3779 3051 3833 scribi
3086 3781 3222 3835 solet
3259 3779 3438 3847 objice.
3494 3780 3551 3833 In

1981 3846 2134 3912 Urh.,
2168 3848 2466 3901 introrsum.
3320 3846 3333 3899 ζ

2052 3918 2140 3971 75.
2184 3918 2342 3971 Brev.
2375 3917 2509 3987 llos.
2542 3917 2874 3971 correctione
2905 3916 3104 3987 indiget
3132 3919 3241 3987 lege
3265 3928 3461 3984 vestra,
3502 3928 3549 3974 et

1979 3984 2134 4058 limen
2160 3998 2347 4058 atrum.
2380 3984 2598 4046 Weitz.,
2626 3996 2772 4052 pnrta
2799 3986 2968 4058 reddit
2998 3984 3222 4058 mortuos
3253 3990 3360 4058 lege
3382 4006 3548 4052 versa,

1979 4066 2024 4109 et
2055 4056 2229 4111 limen.
2262 4056 2468 4119 "eius,
2496 4066 2718 4108 mortuos
2739 4070 2758 4108 :
2789 4056 2897 4123 lege
2922 4071 3084 4124 versa,
3114 4056 3467 4114 litnen.'Cell.
3495 4074 3549 4113 et

1981 4126 2154 4191 Tettl.,
2182 4136 2448 4179 mortuos:
2478 4125 2586 4193 lege
2617 4141 2759 4179 versa
2787 4135 2833 4178 et
2862 4124 3034 4178 limen.

2054 4196 2143 4250 76.
2177 4196 2353 4261 Prag.,
2375 4205 2597 4249 antrum.
2628 4194 2875 4248 Heinsius
2898 4204 3048 4263 putat
3075 4195 3356 4261 legendum
3384 4198 3555 4264 furva,

1980 4275 2039 4319 ut
2066 4265 2133 4319 ad
2161 4264 2621 4335 antrareleratur.
2668 4264 2775 4335 Sed
2812 4278 2915 4318 non
2946 4266 3085 4320 male
3112 4266 3223 4318 luce
3250 4270 3416 4335 fulva.
3457 4266 3557 4320 hoc

1980 4344 2064 4390 est
2090 4334 2269 4390 rutila.
2319 4334 2408 4389 Sic
2448 4350 2635 4405 aurum
2678 4334 2910 4401 lnlvum,
2955 4336 3131 4391 sidera
3172 4334 3350 4403 fulva,
3384 4336 3556 4405 jaspis

1982 4407 2119 4459 lulva
2152 4407 2203 4457 in
2236 4404 2690 4473 prteSIantissimis
2720 4406 2912 4472 poetis.

2052 4476 2140 4598 ἦε.
2186 4475 2340 4594 Βιῗν.
2370 4474 2529 4541 Μυκη
2559 4474 2718 4539 male,
2746 4474 3066 4545 polluerunt.
3099 4475 3263 4530 Recte
3288 4474 3357 4530 ad
3384 4490 3557 4540 oram,

2096 4561 2253 4597 uerun
2282 4584 2297 4597 .

1982 4554 2297 4613 palluerunt.

2055 4615 2141 4667 79.
2184 4613 2366 4667 Tertio
2387 4613 2507 4667 loco
2530 4614 2754 4669 fortasse
2782 4613 2957 4681 posuit
2984 4613 3296 4682 spondteum
3324 4628 3421 4683 pro
3448 4623 3558 4669 tro-

1983 4684 2159 4749 clueo,
2210 4683 2310 4736 nisi
2347 4683 2530 4752 malis,
2574 4684 2895 4752 corripuisse
2943 4684 3165 4752 primam
3214 4686 3452 4739 vocalem
3504 4686 3555 4738 in

1984 4752 2205 4822 lugubri.
2255 4752 2400 4823 Ald.,
2434 4751 2551 4806 Vat.
2585 4754 2624 4806 Β
2664 4751 2728 4808 ct
2749 4751 3007 4823 plerique,
3037 4753 3299 4808 sordidus.
3336 4753 3455 4810 Vat.
3487 4755 3555 4818 A,

1981 4823 2235 4886 sordibus,
2277 4822 2459 4875 addito
2490 4837 2647 4891 supra
2679 4822 2757 4876 d.’
2792 4822 3010 4877 Invenio
3046 4823 3241 4878 alicubi
3281 4834 3547 4884 notatum.

1983 4892 2301 4947 Sichardum
2332 4892 2630 4947 restituisse
2664 4894 2915 4946 sordibus.
2967 4894 3037 4946 At
3063 4894 3238 4947 verior
3276 4904 3361 4948 est
3402 4895 3561 4949 lectio

1983 4962 2246 5026 sordidus,
2291 4972 2344 5015 ttt
2387 4962 2521 5015 infra
2568 4979 2799 5016 atterens.
2854 4962 3174 5017 Prudentius
3217 4964 3465 5019 tenebras
3507 4964 3560 5019 in

1984 5035 2233 5102 passione
2265 5032 2474 5086 Domini
2507 5032 2671 5085 l'actas
2700 5044 2936 5099 enarrat,
2971 5032 3245 5102 Virgiliqu
3278 5035 3511 5087 imitatus
3543 5048 3559 5087 ι

1950 5138 1951 5141 η
1986 5100 2288 5171 Georgicmt
2322 5102 2374 5155 itt
2406 5102 2527 5155 line.
2582 5102 2780 5156 Eodem
2822 5102 2935 5157 lere
2976 5100 3139 5158 modo
3168 5102 3461 5167 Iuvencus,
3507 5112 3561 5155 et

1982 5172 2230 5226 Sedulius
2271 5174 2324 5225 in
2366 5172 2465 5225 hoc
2496 5182 2808 5241 argumento
2850 5182 2976 5231 sunt
3015 5174 3237 5226 versati.
3268 5174 3369 5241 rAn
3402 5186 3561 5226 verus

1983 5243 2111 5294 SttllS
2138 5242 2376 5296 delectus
2412 5240 2598 5307 fuerit,
2638 5256 2667 5294 a
2708 5243 2976 5295 nonnullis
3006 5243 3057 5294 in
3090 5240 3439 5307 quaestionem
3467 5255 3559 5291 vo-

1982 5322 2158 5365 catum
2186 5322 2285 5366 est.
2331 5310 2635 5379 Spiegclius
2664 5320 2841 5381 putat,
2880 5310 3229 5381 Prudentium
3262 5324 3366 5362 non
3397 5324 3560 5376 agno.

1980 5382 2120 5436 visse
2153 5396 2334 5435 verum
2378 5379 2678 5448 deliquium
2713 5380 2875 5444 solis,
2922 5380 3015 5432 sed
3064 5379 3242 5448 rcipsa
3289 5393 3559 5441 asserere,

1980 5452 2145 5505 Solem
2179 5450 2458 5517 refugisse,
2491 5459 2545 5503 et
2571 5448 2768 5502 coelum
2798 5449 3107 5516 reliquisse;
3150 5456 3205 5502 et
3233 5449 3421 5504 eadem
3466 5463 3558 5501 ra-

1981 5522 2123 5575 tione
2163 5521 2369 5572 locutos
2403 5533 2523 5573 esse
2562 5519 2854 5571 iuvencum
2894 5528 2946 5571 et
2987 5518 3293 5581 Sedulium,
3351 5534 3559 5572 necnon

1976 5591 2033 5645 S.
2070 5590 2474 5652 Hieronymum,
2508 5596 2563 5639 ttt
2597 5586 2904 5657 impleretur
2935 5590 3249 5657 prophetia:
3282 5589 3559 5641 Uccntnbet

1974 5659 2053 5712 sol
2080 5658 2307 5715 meridie,
2334 5667 2381 5709 et
2408 5656 2841 5711 contenebrabitur
2867 5674 3018 5724 super
3042 5670 3228 5711 terram
3252 5660 3304 5711 in
3336 5660 3417 5711 die
3443 5659 3555 5711 lux.

1978 5728 2139 5783 Addit
2164 5727 2483 5797 Spiegelius,
2519 5726 2765 5783 tenebras
2788 5728 2959 5782 solum
2989 5728 3153 5782 iactas
3183 5728 3352 5784 fuisse
3389 5745 3559 5798 super
