3998 6182
523 403 597 460 80
774 400 917 457 Deus
942 398 1077 455 illita
1106 396 1233 453 l’ellc
1256 405 1490 453 serenat.

704 493 820 547 1am
848 501 975 547 tunc
997 488 1180 545 docuit
1204 498 1355 557 pater
1390 488 1562 555 orbis,

777 583 944 651 Quam
972 581 1042 635 sit
1068 578 1291 634 rationis
1319 580 1506 648 egenis

780 671 1022 736 Mordax,
1050 680 1104 725 et
1125 684 1306 724 amara
1335 668 1565 734 medela,

777 762 941 834 358
963 761 1095 815 Cum
1127 759 1213 815 in:
1237 760 1469 815 animam
1502 775 1635 814 nova
1667 768 1848 815 vexat.

711 855 899 910 Docuit
927 867 1139 924 quoque
1166 867 1272 906 non
1297 852 1445 921 prius
1471 850 1635 905 ullum

780 943 1033 1000 Ctelestia
1064 958 1289 999 cernere
1320 957 1507 1012 regna,

777 1038 945 1106 Quam
978 1044 1156 1101 nocte,
1187 1043 1243 1091 et
1270 1034 1490 1089 vulnere
1523 1034 1660 1089 tristi

780 1125 1109 1183 Toleraveri‘t
1137 1140 1323 1196 aSpera
1348 1124 1551 1180 mundi.

705 1218 847 1276 Mors
874 1219 990 1289 ipsa
1019 1218 1227 1275 beatior
1252 1217 1378 1273 inde
1401 1226 1507 1281 est,

780 1311 933 1379 Quod
960 1326 1057 1382 per
1081 1309 1409 1366 cruciamina
1436 1309 1570 1365 lethi

782 1403 881 1458 Via
912 1402 1163 1473 panditur
1188 1399 1355 1455 ardua
1381 1399 1570 1471 iustis,

781 1495 851 1551 Et
878 1496 945 1551 ad
972 1503 1120 1553 astra
1148 1493 1426 1549 doloribus
1455 1491 1584 1547 itur.

707 1588 797 1643 Sic
822 1602 1046 1658 corpora
1079 1587 1396 1642 mortificata

774 1679 1021 1735 Redeunt
1049 1678 1359 1734 melioribus
1390 1678 1544 1732 annis
1570 1695 1586 1732 :

778 1771 888 1828 Nec
916 1780 1036 1840 post
1063 1770 1266 1826 obitum
1296 1769 1634 1825 recalescens

742 1862 1048 1934 _Compago
1076 1862 1325 1916 fatiscere
1353 1860 1521 1915 novit.

711 1954 857 2020 “me,
887 1968 1013 2025 quae
1034 1954 1197 2009 modo
1224 1953 1420 2024 pallida
1449 1954 1575 2009 tabo

775 2045 941 2102 Color
961 2047 1172 2103 albidus
1198 2047 1388 2113 inlicit,
1419 2062 1513 2102 ora

777 2137 928 2193 Tunc
957 2137 1091 2195 ﬂore
1115 2140 1393 2194 venustior
1416 2139 1560 2193 omni

780 2229 1007 2298 Sanguis
1033 2238 1154 2284 cute
1184 2229 1351 2299 tinget
1376 2245 1610 2286 amtBua.

708 2319 825 2377 lam
851 2320 997 2376 nulla
1026 2320 1222 2376 deinde
1249 2331 1497 2378 senectus

780 2411 999 2468 Frontis
1023 2413 1187 2470 decus
1218 2415 1398 2469 invida
1428 2423 1636 2484 carpet,

778 2501 974 2557 Macies
1002 2517 1175 2572 neque
1203 2503 1343 2558 sicca
1372 2503 1605 2559 lacertos

779 2592 951 2649 Succo
980 2592 1217 2649 tenuabit
1241 2592 1427 2649 adeso.

536 2229 640 2286 100

1635 260 1921 343 sonant,
1946 279 2312 338 pauonum
2352 276 2683 336 cannula.

2136 408 2181 466 Α
2212 396 2312 450 103
2383 395 2546 467 359
2578 390 2795 447 Morbus
2822 405 3038 462 quoque
3067 392 3297 461 pestifer,
3324 405 3455 454 artus

2457 486 2553 553 Qui
2583 497 2724 540 nunc
2753 483 3039 555 populatur
3069 486 3286 542 anhelus

2457 578 2563 635 Sua
2592 585 2719 632 tunc
2745 584 3014 632 tormenta
3043 577 3298 632 resudans

2465 670 2598 726 Luet
2629 671 2767 725 inter
2788 668 2998 733 vincula
3036 669 3203 724 mille.

2390 763 2539 819 llunc
2567 764 2780 818 eminus
2801 776 2927 817 aere
2949 762 3017 816 ab
3043 761 3151 815 alto

2460 854 2663 909 Victrix
2691 868 2816 909 caro
2838 895 2855 921 ,
2890 851 3109 923 jamque
3150 857 3388 923 perennis

2460 945 2656 1001 Cernet
2680 944 2795 1000 sine
2820 943 2925 999 line
2957 954 3293 1014 gementem,

2458 1038 2604 1104 Quos
2629 1045 2869 1092 moverat
2890 1037 3024 1104 ipse,
3054 1034 3293 1094 dolores.

2388 1129 2524 1197 Quid
2558 1129 2710 1183 turba
2742 1137 3016 1198 superstes
3046 1128 3223 1198 inepta

2461 1219 2728 1288 Clangens
2766 1218 3060 1273 ululamina
3103 1220 3289 1274 miscet

2463 1310 2569 1365 Cur
2598 1318 2705 1364 tam
2735 1310 2869 1364 bene
2895 1308 3111 1363 condita
3136 1310 3255 1379 jura

2463 1401 2633 1457 Luctu
2658 1401 2817 1456 dolor
2843 1400 3019 1471 arguit
3045 1401 3274 1456 amens!

2392 1495 2507 1551 Jam
2526 1503 2715 1550 moesta
2736 1495 2951 1564 quiesce
2979 1495 3200 1563 querela
3222 1534 3239 1559 ,

2466 1586 2757 1657 Lacrymas
2780 1585 3090 1654 suspendite
3110 1627 3125 1650 ,
3150 1594 3344 1642 matres
3359 1624 3377 1652 ,

2460 1678 2649 1735 Nullus
2675 1692 2773 1733 sua
2804 1678 3021 1747 pignora
3048 1677 3299 1747 plangat:

2466 1769 2607 1825 Mors
2638 1769 2751 1824 haec
2771 1770 3036 1838 reparatio
3056 1769 3178 1822 vitae
3209 1780 3309 1825 est.

2396 1863 2486 1921 Sic
2517 1862 2721 1917 semina
2762 1860 2901 1915 sicca
2926 1860 3201 1915 virescunt

2463 1955 2580 2010 Jam
2610 1960 2855 2025 mortua,
2881 1951 3101 2022 jamque
3124 1952 3327 2022 sepulta
3354 1968 3369 2005 :

2464 2045 2599 2111 Qua:
2624 2043 2829 2099 reddita
2853 2044 3059 2112 cespite
3086 2043 3154 2097 ab
3190 2044 3303 2096 imo

2214 856 2316 911 110

2219 1313 2320 1367 115

2147 1772 2322 1831 8120

2468 2135 2688 2191 Veteres
2714 2132 3039 2189 meditantur
3062 2132 3281 2187 aristas.

2221 2230 2324 2285 125
2393 2228 2555 2300 360
2582 2228 2731 2282 Nunc
2754 2226 2966 2295 suscipe
2990 2268 3006 2293 ,
3038 2234 3205 2293 terra,
3232 2222 3500 2279 fovendum
3523 2264 3541 2291 ,

2465 2317 2788 2387 Gremioqne
2818 2316 2959 2370 hunc
2995 2316 3222 2384 concipe
3262 2309 3439 2369 molli:

2465 2409 2708 2466 Hominis
2730 2408 2822 2464 tibi
2850 2408 3086 2463 membra
3107 2418 3386 2478 sequestro
3415 2448 3433 2475 ,

2462 2500 2737 2556 Generosa
2766 2510 2821 2554 et
2848 2497 3104 2568 fragmina
3127 2497 3319 2553 credo.

2386 2591 2595 2647 Animae
2622 2590 2719 2646 fuit
2746 2590 2866 2645 haec
2889 2589 3080 2645 domus
3108 2589 3242 2645 olim
3263 2630 3281 2654 ,

1836 2701 2123 2763 GLOSSE
2164 2702 2507 2760 VETERES.
2612 2756 2621 2766 .

603 2816 691 2873 80.
718 2814 879 2883 illita,
906 2817 1085 2872 tincta.
1114 2848 1186 2859 —
1213 2819 1455 2888 Serenat,
1481 2820 1628 2875 clara
1658 2821 1802 2888 facit,
1831 2820 1873 2877 l.

605 2888 917 3012 gziEgena,
944 2888 1174 2961 indigem
1192 2891 1313 2961 quia
1338 2907 1536 2947 necesse
1570 2900 1642 2947 est
1663 2900 1718 2947 ut
1745 2894 1926 2947 habeat
1944 2893 2099 2949 ratio—

534 2974 669 3021 nem,
693 2974 735 3014 Ι.

604 3031 691 3083 x5.
725 3029 962 3094 Mordax.
992 3034 1148 3096 dura,
1174 3031 1217 3086 l.

603 3097 692 3171 8-1.
722 3099 855 3171 Lux,
906 3105 1147 3157 correctio
1173 3102 1361 3169 divina,
1398 3103 1516 3158 Vat.
1550 3105 1613 3157 A.
1646 3134 1715 3145 —-
1748 3104 1931 3171 Vexat,

532 3180 639 3240 got,
663 3168 702 3246 Ι.
737 3169 874 3246 Quia
897 3184 1013 3246 post
1030 3174 1241 3246 longam.
1258 3168 1574 3229 tenebrarum

534 3240 848 3315 cumulatiore
874 3240 1174 3315 suscipitur,
1211 3246 1363 3315 Prag.

603 3309 694 3366 83.
726 3310 933 3379 Docuit,
959 3309 1118 3377 Deus,
1147 3313 1251 3368 lso.

602 3380 693 3450 87.
719 3380 907 3450 Nocte,
937 3399 1041 3437 nox
1060 3400 1150 3450 pro
1178 3385 1521 3450 tribulatione,
1552 3385 1589 3438 l.

604 3448 695 3522 9t}.
725 3448 1013 3522 fatiscere,
1041 3448 1246 3519 resolvi,
1271 3448 1515 3522 dissolvi,
1532 3456 1638 3511 Iso.

600 3516 697 3575 98.
725 3519 910 3588 Color,
952 3516 1140 3592 pallor.
1171 3516 1242 3563 ὲ
1276 3516 1497 3593 Ιηῆείι,’
1518 3526 1819 3596 corrumpit.
1865 3555 1936 3568 —
1975 3526 2104 3594 Ora,

1600 3175 1986 3233 insuetudinem'
2013 3180 2105 3232 tua:

1979 3106 2105 3201 "5‘5:
2134 3138 2179 3201 c

2208 2822 2392 2893 facies,
2421 2823 2526 2879 Iso.

2279 2894 2370 2949 99.
2406 2893 2709 2955 Venustior,
2736 2890 3019 2961 pulchrior,
3048 2889 3087 2944 l.

2282 2965 2405 3019 100.
2437 2963 2645 3033 Tinget,
2674 2958 2889 3025 colorat,
2916 2960 3202 3033 huntectal,
3229 2958 3272 3013 1.

2287 3034 2409 3089 102.
2438 3032 2655 3103 Carpet,
2687 3040 2994 3102 corrumpet,
3016 3032 3068 3103 il.

2285 3104 2408 3160 104.
2438 3102 2636 3171 Adcso,
2665 3112 2978 3172 consumpto,
3014 3102 3054 3155 l.

2283 3175 2408 3229 105.
2433 3169 2667 3239 Morbus,
2705 3169 2957 3243 diabolus,
2990 3173 3076 3243 qui
3109 3171 3497 3243 morbosinfert,
3526 3169 3564 3225 l.

2285 3245 2407 3304 109.
2439 3245 2678 3309 Eminus,
2710 3244 2881 3313 longe,
2904 3241 2947 3295 l.

2287 3315 2409 3369 112.
2444 3308 2699 3381 Moverat,
2725 3308 3029 3368 excitaverat
3056 3321 3238 3367 contra
3267 3312 3413 3366 alios.
3441 3341 3503 3352 —
3530 3308 3731 3367 Mores.

2215 3386 2436 3448 morbos,
2466 3386 2568 3439 lso.

2287 3454 2410 3510 127.
2436 3455 2745 3525 Sequestro.
2774 3453 3089 3520 commendo,
3116 3469 3325 3525 separo,
3354 3453 3454 3508 lso.

2288 3526 2411 3582 129.
2448 3525 2595 3595 Haec,
2642 3541 2782 3593 caro,
2813 3525 2854 3579 I.

1858 3658 2417 3716 COMMENTARIUS.

605 3768 696 3826 82.
726 3768 830 3841 lso,
856 3770 975 3825 Vat.
1004 3770 1066 3837 Β,
1099 3771 1137 3836 l,
1171 3770 1348 3841 Prag.,
1401 3771 1545 3839 Rat.,
1592 3771 1786 3827 Weitz.
1814 3785 1934 3827 cum
1965 3777 2098 3841 suis,

605 3786 696 3826 az.
727 3786 830 3833 rso,
862 3786 975 3825 Vat.
1005 3786 1066 3837 υ,
1099 3786 1137 3836 l,
1172 3786 1268 3826 vra
1309 3811 1348 3836 .,
1401 3786 1545 3839 μοι,
1599 3786 1786 3827 wettz.
1814 3786 1934 3827 cum
1965 3786 2098 3841 suis,

536 3856 714 3911 egena.
738 3840 896 3919 με..
926 3841 1046 3896 Vat.
1077 3844 1140 3905 0.
1256 3786 1333 3919 ὃ.
1355 3840 1493 3919 Gis.,
1542 3843 1731 3914 egenis,
1756 3842 1919 3919 _qu_od
1951 3858 2104 3919 secu-

536 3920 620 3984 tus
648 3910 935 3967 est'lleins.
965 3928 1086 3984 cum
1118 3914 1250 3967 suis.
1274 3912 1530 3984 AProbum
1560 3910 1643 3966 est
1666 3910 1879 3967 rationis
1910 3916 2103 3984 egenis,

537 3979 639 4060 line
657 3991 735 4037 est
762 3983 1150 4060 peccatoribus.
1197 3980 1291 4053 qui
1310 3982 1465 4038 caecis
1489 3993 1893 4053 comparantur,
1936 3979 1991 4040 et
2019 4000 2102 4039 ra-

536 4053 702 4117 tione,
724 4067 817 4107 seu
846 4053 962 4107 luce
988 4063 1163 4122 egent.

603 4122 694 4178 86.
724 4122 1059 4177 Torrentiani
1104 4124 1210 4177 duo
1248 4122 1507 4176 scandere.
1548 4122 1653 4179 Sed
1696 4138 1898 4177 cernere
1927 4132 2010 4179 est
2053 4123 2105 4177 in

535 4190 775 4263 reliquis.
809 4192 938 4249 Vide
968 4194 1149 4263 hymni
1180 4194 1245 4247 t2
1272 4208 1419 4247 vers.
1451 4193 1541 4248 88.

605 4260 695 4317 90.
719 4260 870 4333 Teol.
905 4260 1229 4332 pro'diversa
1262 4263 1490 4317 lectione
1511 4278 1625 4317 cum
1650 4279 1759 4333 per.
1788 4261 1995 4316 llailsb.
2016 4276 2107 4317 su-

534 4344 627 4401 pra
656 4332 840 4386 mundi
864 4348 958 4401 pro
988 4333 1131 4387 lethi.

604 4401 693 4471 93:
726 4401 787 4457 S.
821 4400 1071 4457 Paulinus
1100 4401 1268 4457 Natali
1300 4401 1370 4457 6:
1405 4400 1620 4455 Placido
1647 4418 1766 4456 caro
1786 4410 1945 4455 morte
1965 4401 2106 4471 quie-

535 4472 629 4524 scit
654 4469 725 4543 In
740 4489 879 4543 spem
916 4490 1016 4527 non
1039 4488 1250 4527 vacuam
1276 4473 1510 4543 rediviva:
1544 4472 1748 4543 condita
1771 4472 1904 4525 vitaz.
1934 4469 2109 4543 Verbo

536 4541 882 4665 morticcandi
908 4545 1072 4598 utitur
1098 4542 1476 4607 Tertullianns,
1507 4551 1563 4597 et
1592 4542 1651 4597 S.
1678 4541 1908 4611 Prosper
1937 4542 2108 4612 epigr.

536 4610 644 4666 οδε
731 4614 773 4666 is
802 4621 876 4666 est
904 4614 1134 4666 corporei
1160 4612 1519 4666 mortiﬁcanda
1544 4613 1783 4666 hominis.

628 4627 644 4665 :
686 4613 773 4666 Vis
802 4621 876 4666 est
904 4614 1134 4682 corporei
1160 4613 1519 4680 mortiﬁcanda
1544 4613 1783 4667 hominis.

609 4681 733 4736 100.
773 4682 858 4737 lso
904 4682 1113 4738 videtur
1151 4682 1349 4753 legisse
1387 4684 1555 4753 tingit.
1606 4683 1710 4739 Sed
1751 4684 1907 4752 tinget
1945 4681 2112 4751 exigit

537 4764 748 4805 sensus.

611 4820 735 4877 101.
765 4819 991 4886 Widm.,
1040 4821 1234 4885 Palat.,
1264 4821 1430 4877 Aldus
1451 4838 1570 4876 cum
1594 4822 1812 4886 nostris,
1861 4823 2111 4877 Heinsius

539 4903 670 4963 cum
690 4890 926 4963 ﬁniam,
955 4893 1072 4963 Put.
1102 4892 1387 4963 etduobus
1413 4892 1552 4957 aliis,
1575 4896 1709 4963 jam.
1745 4892 1844 4963 Alii
1868 4909 2009 4947 nam.

613 4959 735 5015 104.
762 4959 979 5028 Weitz.,
1017 4962 1215 5014 Hailsb.
1247 4978 1275 5013 a
1305 4963 1539 5016 secunda
1571 4959 1751 5027 manu,
1779 4962 1953 5018 obeso.

613 5032 735 5084 107.
769 5029 970 5095 Aldus,
1008 5048 1101 5085 sua
1130 5046 1294 5094 nunc,
1321 5031 1496 5084 minus
1527 5032 1682 5085 bene.

610 5099 732 5155 108.
761 5100 948 5165 Aldus,
972 5102 1132 5163 male,
1164 5102 1311 5155 lucet.
1355 5100 1643 5156 Sicbardus
1686 5102 1920 5160 restituit
1965 5104 2107 5169 luet,

535 5170 836 5225 faventibus
869 5170 1215 5226 membranis.

607 5242 731 5312 112.
763 5239 882 5312 Put.
908 5254 1121 5312 armauu
1146 5240 1401 5306 secunda,
1431 5242 1564 5312 ipsa.

608 5310 732 5364 115.
764 5310 1153 5381 Cbamillardus
1174 5312 1423 5381 intelligit
1445 5310 1684 5381 praebeas
1714 5312 1830 5366 illas
1856 5312 2109 5366 mulieres

536 5395 655 5449 quae
687 5379 1147 5448 conducebantur,
1203 5392 1262 5437 ut
1302 5379 1571 5437 mortuum
1611 5384 1849 5438 carmine
1898 5382 2108 5451 lugubri

539 5459 989 5520 prosequerentur
1014 5468 1029 5517 ;
1060 5468 1165 5505 non
1213 5461 1388 5507 tamen
1416 5452 1696 5518 dilﬁtetur,
1736 5454 1908 5507 locum
1939 5453 2107 5520 expli-

680 5534 836 5588 posse
855 5520 923 5600 de
946 5521 1194 5600 laerymis
1210 5522 1591 5600 quorumlibet.
1612 5524 1667 5577 ld
1700 5524 1925 5600 innuunt
1944 5519 2106 5600 verba

541 5589 688 5661 turba
713 5598 982 5661 superstes.
1000 5589 1141 5661 Vide
1162 5589 1448 5646 comment.
1475 5593 1539 5645 ad
1570 5608 1710 5648 vers.
1734 5595 1823 5658 45,
1848 5603 1901 5648 et
1922 5591 2107 5646 confer

541 5659 965 5729 dissertationem
998 5660 1303 5728 Hieronymi
1336 5662 1621 5716 Barutl‘aldi
1651 5663 1722 5718 de
1748 5663 2016 5729 Prazlicis,
2050 5672 2104 5717 et

542 5726 758 5781 Antonii
782 5728 1014 5786 Lanzoui
1043 5729 1109 5785 de
1139 5726 1314 5785 ωε...
1340 5732 1609 5785 mortuali.

2277 3772 2401 3827 111.
2431 3772 2613 3837 Fabr.,
2649 3773 2890 3839 plangens
2918 3785 3013 3840 pro
3039 3771 3308 3842 clangens.

2279 3842 2403 3896 115.
2428 3842 2604 3910 Egm.,
2624 3844 2741 3912 jam
2769 3858 2865 3911 pro
2887 3850 3012 3896 tam.

2280 3912 2409 3968 118.
2441 3911 2687 3967 Barthius
2714 3913 2805 3967 lib.
2840 3929 2964 3967 xcvu
2993 3912 3150 3976 Adv.,
3190 3927 3317 3980 cap.
3350 3911 3440 3977 15,
3468 3912 3740 3976 interpreta-

2210 3992 2317 4048 tur,
2342 3992 2525 4036 matres
2546 3998 2668 4039 esse
2708 3982 2933 4037 feminas
2970 3983 3145 4037 astatis
3183 3984 3561 4051 provectioris,
3588 3982 3737 4051 quales

2211 4056 2323 4111 lere
2353 4062 2622 4127 praeerant
2673 4048 3273 4127 planctibushvideli‘cet
3303 4053 3536 4127 praebeas
3577 4048 3734 4127 sicui—

2212 4131 2349 4185 ctas,
2378 4123 2517 4191 quod
2550 4123 2846 4193 planctibus
2888 4122 3311 4191 praeﬁcerentur.
3343 4122 3457 4177 Non
3496 4122 3738 4193 assentior.

2214 4188 2701 4249 Prudentius—enim
2730 4188 2910 4249 statim
2956 4193 3025 4249 de
3062 4193 3381 4263 pignoribus
3410 4207 3503 4249 seu
3542 4191 3646 4246 tiliis
3679 4188 3737 4241 lo-

2219 4264 2417 4333 quitur.

2288 4334 2407 4386 t'zt.
2433 4333 2589 4387 Joan.
2615 4350 2708 4397 xu,
2732 4334 2801 4387 9.4
2830 4342 2885 4388 et
2910 4331 3001 4387 25.

2287 4403 2410 4459 124.
2445 4403 2686 4458 Meditari
2702 4396 2794 4458 est
2827 4403 3006 4457 moliri
3037 4413 3092 4457 et
3124 4402 3281 4472 quasi
3310 4403 3621 4470 exprimere.
3639 4396 3741 4472 Nam

2214 4476 2302 4540 qui
2324 4474 2673 4539 meditantur,
2700 4474 2924 4543 proximi
2944 4482 3089 4539 sunt,
3115 4463 3171 4543 u't
3197 4463 3459 4528 elﬁciant.
3483 4472 3590 4525 Non
3607 4463 3743 4543 senta!

2215 4543 2536 4599 Prudentius
2567 4544 2668 4598 hoc
2695 4540 2855 4599 sensu
2881 4542 3152 4612 usurpavit
3174 4544 3399 4596 meditor
3422 4559 3442 4607 ;
3470 4552 3524 4595 et
3550 4542 3624 4612 S._
3640 4540 3744 4589 Pau-

2212 4613 2352 4670 linus
2383 4615 2436 4668 in
2479 4615 2667 4670 eodem
2716 4609 3029 4683 argumento
3072 4613 3139 4668 de
3173 4614 3325 4668 obitu
3372 4612 3555 4667 Celsi:
3592 4609 3743 4683 Cuncta

2212 4685 2509 4754 resurgendi
2540 4686 2723 4755 faciem
2764 4682 3073 4737 meditantur
3089 4685 3164 4755 fin
3192 4685 3336 4755 omni
3375 4683 3619 4749 Corpore,
3644 4686 3683 4731 ιι
3705 4682 3745 4753 tu

2213 4753 2636 4825 terris’germiua,
2660 4764 2704 4808 et
2734 4762 2873 4827 astra
2912 4755 3051 4827 polo.
3087 4753 3415 4827 Prudentius
3444 4761 3745 4827 veteresarlf

2212 4833 2325 4881 stas
2342 4822 2513 4890 vocat,
2529 4828 2650 4893 quia
2667 4823 2870 4878 semina
2886 4839 2951 4877 ex
2966 4825 3143 4877 aristis
3164 4823 3454 4893 prodeunt,
3470 4832 3520 4876 et
3534 4822 3580 4872 in
3593 4822 3748 4893 aristas

2214 4897 2457 4949 redeunt.
2490 4887 2704 4949 Téolius
2729 4893 2934 4947 invenit
2974 4887 3239 4947 imitantur
3282 4892 3431 4960 apud
3483 4887 3748 4960 nonnullos.

2288 4967 2407 5020 125.
2439 4965 2579 5031 Rau,
2606 4963 2739 5018 hunc
2771 4978 2868 5033 pro
2893 4979 3047 5018 nunc.
3072 4964 3248 5034 Egm..
3278 4958 3405 5018 Vat.
3437 4963 3501 5029 Ο,
3536 4958 3750 5015 mendose

2236 5036 2503 5088 attendam.

2213 5035 2503 5105 favendum.

2285 5105 2407 5159 126.
2438 5105 2623 5175 Prag.,
2644 5120 2778 5157 nunc
2805 5118 2907 5175 pro
2923 5104 3076 5175 hunc,
3100 5103 3267 5175 male.
3308 5102 3534 5175 \‘igilius
3562 5107 3751 5175 utartyr.

2211 5190 2329 5257 pag.
2366 5176 2459 5257 17,
2487 5166 2736 5257 gremium
2755 5166 2976 5257 sepulcri
3002 5173 3157 5257 diuit,
3190 5166 3421 5228 Fortasse
3444 5166 3752 5225 Prudentium

2210 5243 2464 5307 imitatus,
2490 5243 2565 5299 ex
2593 5244 2796 5299 Bartbii
2831 5244 3227 5298 observatione.
3564 5312 3569 5313 ί
3667 5308 3674 5313 _
3712 5305 3720 5313 ι

2282 5316 2405 5369 127.
2439 5314 2607 5369 Aldus
2632 5357 2645 5377 ,
2682 5314 2800 5367 Vat.
2854 5316 2919 5380 ρ,
2966 5313 3105 5368 male
3146 5312 3367 5367 nominis
3412 5326 3509 5380 pro
3552 5308 3755 5362 hominis.

2216 5385 2466 5440 Heinsius
2492 5385 2790 5453 suspicatur
2812 5385 2899 5437 tibi
2929 5392 3217 5451 sequestrat.
3247 5380 3359 5453 Sed
3383 5389 3631 5453 sequestro
3655 5389 3755 5453 sen-

2219 5468 2338 5509 sum
2369 5446 2853 5522 rectum'prtelert.
2889 5446 3005 5506 11οό
3029 5453 3192 5507 verbo
3230 5451 3311 5522 usi
3343 5446 3474 5506 sunt
3509 5446 3759 5505 Tertullia-

2218 5540 2341 5591 nus,
2375 5525 2625 5597 Sidonius
2656 5534 2706 5597 et
2735 5523 2846 5597 alii.
2891 5523 3250 5577 Tertullianus
3280 5521 3362 5597 de
3390 5522 3756 5597 Resurr.“carn.

2217 5588 2338 5663 cap.
2370 5596 2437 5648 27
2465 5594 2710 5647 :Proinde
2739 5595 2871 5646 enim
2909 5604 2952 5645 et
2982 5608 3195 5660 corpora
3224 5592 3482 5663 medicata
3505 5588 3757 5641 condimen-

2217 5662 2295 5719 m’
2319 5667 2595 5735 sepultura:
2623 5664 2891 5718 mausoleis
2918 5672 2964 5717 et
2994 5662 3329 5718 monumentis
3352 5667 3732 5728 sequestrantur.

2138 4434 2190 4495 D
