4090 6192
311 336 416 393 889

558 448 717 522 365
745 449 833 505 Sol
862 449 972 519 jam
1015 467 1298 508 recurrens
1326 453 1561 510 deserit?

557 543 875 596 Christusne
905 544 1062 597 terris
1097 547 1355 611 nascitur,

559 631 660 700 Qui
698 632 835 687 lucis
864 645 1022 702 auget
1053 638 1359 692 tramitem?

308 722 344 777 5
483 721 622 786 Heu,
655 736 814 791 quam
849 725 1086 792 fugacem
1108 727 1329 793 gratiam

559 812 774 868 Festina
801 813 1050 868 volvebat
1071 815 1219 870 dies!

557 905 727 971 Quam
755 919 893 974 pene
919 905 1234 960 subductam
1261 906 1432 962 facem

557 995 769 1049 Sensim
801 997 971 1051 recisa
1000 997 1371 1052 exstinxerat!

485 1087 690 1140 leum
721 1090 947 1143 nitescat
974 1087 1166 1154 lustius,

306 1177 376 1234 10
559 1178 814 1232 Grateiur
838 1187 894 1234 et
931 1179 1170 1248 gaudens
1194 1179 1385 1234 humus
1411 1197 1423 1233 :

1335 336 1871 396 CATIIEMERINON
1910 340 2001 398 XI.
2047 343 2154 398 VIII
2193 344 2349 400 KAL.
2388 346 2532 402 IAN.

1916 464 1964 521 Α

3471 355 3576 414 800

2241 463 2460 518 Scaudit
2493 463 2754 533 gradatim
2785 464 2958 520 denuo

2246 565 2412 620 Iubar
2441 569 2646 636 priores
2677 569 2862 623 lineas.

2175 669 2339 739 366
2361 669 2605 739 Emerge.
2631 672 2803 726 dulcis
2824 672 3000 741 pusio,

2236 771 2407 838 Quem
2447 781 2620 826 mater
2649 772 2762 828 edit
2790 775 3034 842 castitas,

1995 871 2065 929 15
2246 868 2467 936 Parens,
2489 881 2542 925 et
2568 885 2761 941 expers
2781 873 3050 942 conjugis,

2244 969 2523 1036 Mediator,
2547 981 2602 1027 et
2632 971 2823 1039 duplex
2855 988 3043 1042 genus.

2171 1069 2246 1124 Ex
2277 1084 2370 1125 ore
2391 1069 2685 1140 quamlibet
2714 1069 2884 1126 Patris

2239 1171 2325 1226 Sis
2356 1179 2526 1236 ortus,
2558 1180 2614 1226 et
2642 1170 2819 1228 Verbo
2846 1171 3045 1238 editus,

1610 1270 1896 1329 GLOSSAS
1933 1269 2273 1326 VETERES.

375 1358 430 1410 2.
464 1358 785 1425 Recurrens,
817 1373 1040 1420 sursum,
1077 1357 1115 1412 l.

311 1497 347 1551 ν
380 1427 434 1480 4.
464 1429 779 1551 Xramitem,
808 1427 1020 1495 viam,l.
1052 1427 1198 1481 Viam
1221 1433 1445 1482 :trames
1470 1445 1502 1482 a
1531 1431 1882 1496 immittenda,

359 1508 432 1549 ut.
512 1538 526 1550 .

359 1508 432 1549 ul.
464 1500 526 1551 Λ.

378 1569 433 1622 5.
463 1568 746 1639 fugacem,
791 1568 1049 1621 celerrime
1083 1566 1380 1639 fugientem.
1405 1597 1474 1609 -—
1495 1568 1756 1639 Gratiam,
1803 1574 1883 1626 lu-

304 1655 435 1699 cem,
471 1637 586 1690 Val.
616 1639 682 1690 A.

381 1708 434 1762 6.
474 1708 707 1773 It‘est'ua,
739 1707 862 1770 cita,
893 1705 1010 1758 Vat.
1042 1706 1105 1760 A.

378 1780 432 1831 7.
464 1779 870 1851 Snl_uluctam,o
901 1777 1138 1851 brevitate
1167 1777 1291 1843 dici,
1318 1777 1358 1830 l.
1381 1807 1446 1816 -—-
1479 1777 1694 1846 Facem,
1727 1798 1880 1851 quant

303 1865 466 1918 prope
483 1849 788 1900 subtractam
811 1850 992 1911 lucem,
1029 1848 1144 1902 Vat.
1181 1852 1244 1899 Λ.

377 1922 432 1973 8.
477 1919 704 1977 Sensim,
749 1919 947 1989 leniter,
995 1918 1126 1970 l.—
1157 1917 1572 1989 Sensim,_etc.,
1624 1920 1876 1989 paulatim

301 1988 590 2042 abbreviata
615 1989 744 2050 dies,
779 2004 844 2040 rei
863 1988 938 2039 isa
959 2005 1047 2054 per
1075 1997 1349 2052 momenta,
1376 1987 1496 2044 Vat.
1526 1990 1591 2044 A.

383 2060 468 2112 I0.
500 2059 772 2120 Gratetur,
801 2058 1102 2127 gratuletur,
1129 2057 1250 2111 Vat.
1283 2066 1343 2110 Α.

384 2129 468 2182 11.
518 2127 810 2202 Gradatim,
834 2200 839 2202 _
863 2143 951 2196 per
977 2130 1206 2197 gradus;
1248 2144 1336 2195 per
1367 2138 1577 2202 centum
1625 2132 1878 2202 octoginta

299 2203 493 2270 gradus
513 2199 738 2251 ascendit
765 2200 840 2252 sol
863 2202 1318 2271 quandocrescunt
1343 2198 1470 2271 dies,
1494 2209 1541 2254 et
1561 2218 1652 2271 per
1674 2198 1876 2257 eoidem

303 2268 598 2335 descendit;
621 2280 668 2322 et
699 2279 776 2342 tot
803 2279 922 2320 sunt
957 2269 1098 2342 a_nni_
1122 2268 1251 2332 dies,
1288 2270 1482 2342 additis
1510 2268 1750 2342 quinque,
1788 2275 1879 2342 qui

298 2341 634 2393 intercalares
673 2339 938 2404 dicuntur,
981 2337 1021 2392 l.
1057 2337 1162 2392 Per
1179 2339 1393 2408 gradus,
1423 2337 1540 2395 Vat.
1575 2337 1734 2396 Δξ-
1766 2337 1874 2400 De-

1993 1375 2122 1434 nuo,
2150 1360 2356 1434 iterum.
2389 1357 2506 1434 ἰξο.Δ
2533 1359 2747 1434 Iterum.
2793 1359 2890 1434 Sql
2929 1369 3130 1434 centum
3164 1365 3419 1430 octoginta
3447 1379 3565 1434 gra-

1987 1431 2105 1494 dus,
2133 1430 2211 1502 uel
2236 1429 2393 1484 lineas
2419 1428 2569 1502 habet
2591 1431 2643 1483 iu
2667 1431 2980 1502 ascensione.
3015 1432 3076 1484 In
3101 1428 3422 1489 descensione
3442 1428 3568 1502 quo-

1985 1516 2082 1569 que
2107 1501 2332 1565 eiusdem
2362 1500 2559 1552 numeri
2587 1501 2777 1567 gradus
2806 1501 2974 1563 habet,
3005 1502 3121 1554 Vat.
3158 1507 3220 1556 Α.

2059 1571 2146 1625 Β.
2180 1570 2366 1636 Iubar,
2398 1570 2828 1635 sol.—Priores,
2857 1573 3300 1638 septentrionales,
3333 1572 3456 1626 Vat.
3494 1574 3560 1628 Α.

1913 1669 1961 1730 Β
2060 1641 2147 1696 15.
2194 1641 2440 1708 Emerge,
2498 1639 2735 1722 ascende,
2780 1643 2858 1693 vel
2891 1643 2972 1695 exi
2996 1659 3028 1694 a
3071 1644 3230 1701 cwlis.
3263 1642 3484 1726 Christo,
3524 1646 3562 1698 l.

1990 1710 2239 1766 Nascere.
2265 1710 2390 1765 Vat.
2417 1712 2478 1763 A.
2495 1711 2762 1766 —Pusto.
2781 1709 2926 1766 Iesu.
2954 1713 2992 1766 l.
3021 1711 3158 1766 Puer
3173 1729 3324 1766 parve
3343 1713 3562 1766 Chﬂalc.

2017 1710 2239 1801 sla-scere,
2265 1710 2390 1765 Vat.
2417 1712 2478 1763 A.
2495 1711 2762 1775 —Pusio,
2781 1709 2926 1776 Iesu,
2954 1713 2992 1766 l.
3021 1711 3158 1766 Puer
3173 1729 3324 1782 parve
3343 1713 3565 1784 Christe,

1991 1781 2325 1906 Edil.
2349 1851 2505 1922 parit,
2529 1859 2758 1922 generat,
2782 1850 2903 1922 Vat.
2928 1851 2995 1904 Α.

1992 1991 2005 2003 .
2059 1922 2146 1976 15.
2195 1920 2424 2004 Parens,
2461 1931 2640 2004 mater,
2683 1920 2726 1986 I,
2783 1920 2900 1978 Vat.
2944 1923 3106 1984 A.—-,-
3141 1922 3369 1992 Expers,
3428 1931 3560 1988 etc.,

1986 1991 2170 2064 ignara
2190 1993 2302 2058 viri,
2331 1991 2450 2044 Vat.
2475 1990 2540 2045 A.
2756 2013 2758 2016 ·
3226 1990 3239 1992 “

1997 2130 2026 2135 _
2059 2062 2145 2135 I_6.
2196 2063 2422 2135 Duplex.
2454 2061 2674 2135 hominis
2715 2071 2763 2117 et
2802 2060 2921 2124 Dei.
2960 2060 3319 2134 I.—Dupicx
3367 2079 3558 2135 genus,

1986 2130 2085 2186 Dei
2115 2142 2161 2187 et
2185 2133 2426 2196 hominis,
2457 2131 2574 2185 Vat.
2605 2131 2671 2186 A.

2055 2205 2142 2260 17.
2171 2203 2497 2270 Quamlibet,
2532 2202 2780 2270 quamvis,
2817 2202 2934 2258 Vat.
2962 2202 3023 2258 Δ.

2056 2276 2147 2332 18.
2177 2273 2375 2340 Verbo,
2408 2271 2605 2327 Patris.
2631 2302 2701 2314 —
2725 2273 2930 2342 Editus,
2953 2275 3135 2346 angelo
3173 2275 3490 2343 nominantc,
3512 2271 3556 2331 I.

1637 2456 2200 2518 COMMENTARIUS.

298 2545 526 2612 Iigernm
556 2545 747 2601 refellit
770 2544 1041 2614 Petavius,
1075 2557 1128 2602 et
1156 2557 1272 2614 post
1305 2547 1580 2604 Petavium
1616 2552 1880 2607 Antonius

297 2617 469 2670 Maria
498 2616 713 2682 Lupins,
745 2618 795 2670 in
831 2617 987 2686 cujus
1031 2618 1408 2673 dissertatione
1455 2635 1576 2674 cum
1625 2623 1765 2678 notis
1803 2625 1876 2678 cl.

296 2686 575 2764 zachariae
603 2688 797 2764 d_e_hoe_
822 2697 1134 2764 argumento
1164 2691 1529 2764 discrepantes
1557 2691 1735 2761 plures
1760 2695 1879 2764 ropi-

297 2759 516 2825 triones,
549 2766 600 2810 et
630 2757 751 2810 hinc
775 2755 907 2828 inde
954 2759 1186 2813 rationes
1226 2755 1401 2814 allatae
1431 2755 1654 2828 possunt
1687 2755 1877 2818 videri.

369 2829 424 2882 3.
455 2833 510 2880 ὅ.
539 2828 725 2880 Petrus
749 2827 1132 2895 ChrysoIogus,
1157 2845 1318 2884 serm.
1345 2827 1447 2885 159
1471 2850 1483 2884 :
1513 2832 1746 2887 Crescere
1767 2835 1878 2889 dies

294 2899 470 2975 capit,
501 2899 620 2967 quia
646 2901 932 2975 verus_dies
969 2899 1160 2975 illuxit.
1202 2901 1260 2955 S.
1292 2902 1645 2971 Augustinus,
1678 2905 1876 2975 aliique

296 2968 547 3023 eamdem
577 2970 896 3022 sententiam
927 2969 1210 3024 adornant.

371 3039 425 3091 4.
461 3038 634 3105 Egm.,
669 3041 828 3106 angit,
861 3040 1138 3092 mendum.

372 3109 424 3162 5.
455 3107 720 3162 Iuvencus
751 3109 846 3162 ιιι).
880 3124 930 3161 tv
971 3109 1106 3162 Ilist.
1155 3124 1274 3178 pag.
1323 3110 1427 3164 507
1473 3111 1603 3167 edit.
1638 3113 1844 3169 Fabric.

295 3157 1872 3254 mastgia-.ggi."is....;‘_;;aa't’t.s;.”s..5.};'nam:
1901 3162 1945 3225 Ο

294 3250 602 3321 νειμ-188,
635 3251 859 3321 ciborum
888 3251 1076 3321 gratia.

372 3319 426 3372 9.
458 3319 710 3374 Erasmus
737 3320 861 3381 legit
891 3319 1128 3386 nitescit,
1169 3335 1276 3375 non
1309 3321 1466 3376 male.
1497 3322 1708 3385 Caneri.
1737 3325 1870 3380 nite-

294 3399 432 3453 scat,
460 3391 610 3459 quasi
644 3391 954 3460 prophetico
977 3405 1148 3444 more.

372 3461 458 3514 10.
513 3460 783 3526 Erasmus,
826 3468 1078 3528 gratatur.
1131 3460 1190 3515 In
1237 3462 1360 3516 eod.
1402 3461 1628 3517 Marietti
1669 3464 1876 3522 videtur

291 3531 448 3600 prius
469 3532 722 3600 scriptum
751 3541 932 3598 gratet.

372 3602 460 3654 15.
520 3599 792 3654 Fabricius
840 3602 943 3668 ait,
993 3601 1462 3670 transpositionem
1512 3603 1706 3660 horum
1757 3621 1876 3661 ver-

291 3685 481 3743 suum,
503 3686 620 3741 qua:
643 3679 760 3743 erat
782 3671 834 3724 in
855 3671 1148 3739 codicibus,
1174 3671 1553 3728 obscuritatem
1575 3676 1871 3743 peperisse.

291 3739 492 3794 Nescio
517 3739 648 3811 quos
688 3742 830 3794 dicat
869 3743 1104 3804 codices,
1137 3758 1258 3796 nam
1289 3744 1422 3798 ordo
1451 3739 1700 3799 versuum
1734 3747 1872 3801 idem

291 3819 384 3865 est
411 3812 462 3864 in
493 3811 740 3864 omnibus
766 3825 900 3878 quos
941 3823 1032 3865 aut
1060 3812 1168 3866 vidi
1216 3825 1307 3866 aut
1355 3815 1423 3867 ab
1451 3815 1574 3868 aliis
1615 3831 1874 3872 excussos

290 3879 424 3954 legi.
458 3881 768 3954 Obscuritas
796 3884 849 3954 in
872 3883 1217 3954 sequentibus
1239 3884 1480 3938 versibus
1508 3886 1868 3954 expendetur.

289 3951 626 4025 Antor,_lib.
659 3967 716 4014 lt,
738 3953 850 4025 ‘col.
888 3953 983 4007 bOI
1019 3952 1149 4005 edit.
1186 3954 1414 4025 Fabricii
1448 3972 1460 4005 :
1489 3951 1615 4025 Quae
1642 3957 1873 4025 conjugis

289 4014 684 4095 e_:_cpersMatcr
731 4022 895 4095 inest;
941 4035 1186 4092 natusque
1236 4021 1332 4075 Dei
1371 4024 1433 4077 de
1486 4014 1707 4095 Virginis
1734 4014 1872 4079 lal'vo

291 4089 522 4165 _Er_nicat,
572 4101 717 4158 atque
746 4091 1002 4165 hominem
1050 4089 1299 4165 mediator
1326 4095 1378 4146 in
1420 4089 1594 4148 omnia
1632 4097 1868 4165 complet.

291 4159 715 4245 Igiturnelnerge.
744 4163 881 4245 idem
927 4176 990 4218 ac
1030 4164 1213 4229 emica,
1254 4173 1312 4218 ut
1348 4177 1509 4234 supra
1559 4159 1758 4235 hymno
1794 4182 1868 4232 tx,

292 4245 444 4284 vers.
477 4233 564 4294 ‘27,
598 4231 820 4296 Emicat,
849 4243 969 4285 etc..

373 4301 461 4354 lt.
490 4303 796 4373 lluclmerus
816 4305 1112 4357 orationem
1143 4318 1246 4356 non
1269 4304 1399 4358 satis
1423 4314 1547 4373 apte
1577 4320 1788 4372 nexam,
1817 4314 1872 4360 et

291 4371 630 4425 obscuritate
657 4373 886 4441 quadam
916 4373 1224 4441 perplexam
1256 4384 1420 4428 notat.
1462 4371 1597 4428 Nam
1626 4371 1872 4430 construe

291 4445 408 4495 ctio
441 4442 554 4495 hac
582 4441 947 4514 essedeberet
975 4443 1138 4496 dulcis
1166 4445 1334 4512 pusio,
1366 4461 1512 4514 quem
1534 4446 1636 4498 edit
1663 4447 1871 4500 castitas

2056 2548 2144 2604 15.
2202 2545 2448 2603 Mendum
2487 2545 2612 2601 Aldi
2660 2561 2844 2614 parens
2893 2555 2942 2600 et
2985 2545 3214 2600 Christus
3264 2560 3370 2599 non
3419 2543 3558 2600 bene

1985 2619 2304 2676 emendatur
2324 2634 2352 2671 a
2371 2617 2620 2672 Nebrissa
2637 2633 2816 2686 parens
2831 2625 2878 2671 et
2900 2617 3030 2685 ipse,
3054 2627 3110 2670 ut
3133 2623 3370 2670 notatum
3389 2631 3560 2684 nuper

1982 2701 2084 2746 est.
2129 2691 2184 2745 In
2226 2688 2438 2744 Mariet.
2479 2687 2615 2742 alius
2644 2702 2800 2742 error
2836 2702 2868 2740 a
2911 2702 3070 2742 manu
3109 2686 3278 2755 prima
3319 2701 3554 2754 parcens.

2053 2761 2142 2816 16.
2176 2760 2359 2823 Aiunt,
2395 2759 2619 2813 Latinos
2664 2757 2923 2812 nesciisse
2963 2757 3100 2812 hanc
3144 2771 3326 2810 vocem
3359 2757 3557 2810 media-

1982 2839 2063 2884 tor
2086 2847 2104 2884 :
2135 2839 2191 2884 at
2227 2845 2344 2884 eam
2393 2837 2657 2882 noverunt
2695 2827 2853 2895 primi
2901 2827 3072 2881 Latini
3116 2825 3430 2887 Christiani,
3466 2826 3554 2894 qui

1981 2901 2264 2954 Dominum
2295 2899 2475 2954 Iesum
2505 2899 2777 2952 Christum
2817 2899 3145 2952 mediatorem
3175 2897 3269 2948 Dei
3312 2905 3358 2948 et
3388 2895 3556 2948 homi-

1980 2988 2106 3025 num
2151 2971 2415 3038 appellare
2441 2985 2545 3022 non
2577 2969 2909 3022 dubitarunt.
2953 2967 3199 3022 Proiecto
3228 2965 3416 3038 Latine
3442 2982 3557 3038 tne:-

1977 3040 2081 3095 lius
2121 3035 2232 3096 dici
2265 3056 2369 3094 non
2401 3048 2597 3108 potest.
2627 3038 2877 3093 Mollerus
2923 3038 3196 3103 observat,
3243 3038 3296 3091 in
3334 3035 3551 3108 hpuleii

1977 3115 2188 3180 vulgata
2217 3106 2454 3166 editione
2497 3109 2590 3164 lib.
2629 3126 2677 3163 ιχ
2712 3108 2816 3177 legi
2855 3109 3217 3180 mediatorum,
3247 3107 3344 3162 sed
3375 3106 3550 3180 locum

1978 3175 2289 3253 corruptum
2323 3196 2468 3247 esse,
2500 3189 2556 3234 et
2579 3195 2607 3232 a
2638 3175 2912 3253 Wovverio
2933 3179 3042 3253 jam
3071 3177 3268 3253 dudum
3298 3175 3553 3253 emenda-

1978 3260 2114 3318 tum,
2142 3244 2244 3321 'qui
2286 3244 2589 3305 metatorum
2625 3244 3230 3321 substituitfPetavius,
3278 3255 3409 3300 tom.
3458 3244 3550 3321 IV,

1979 3336 2117 3391 part.
2149 3318 2204 3388 Ξ,
2233 3323 2326 3376 lib.
2353 3337 2456 3385 xu,
2484 3336 2605 3390 cap.
2633 3320 2688 3385 2,
2722 3321 2974 3391 afﬁrmat,
2997 3318 3332 3391 Christianos
3360 3326 3408 3370 et
3433 3319 3551 3386 qui-

1975 3389 2088 3446 dem
2115 3395 2446 3464 elegantes‘ac
2468 3389 2684 3464 disertos
2711 3389 3004 3464 scriptores
3032 3389 3132 3464 hac
3161 3403 3292 3443 voce
3319 3402 3467 3455 usos,
3491 3395 3552 3442 ut

1974 3459 2334 3527 Lactant—ium,
2366 3459 2717 3517 Prudentium
2746 3470 2802 3515 et
2824 3459 3005 3528 plures
3035 3459 3192 3515 alios.

2049 3534 2134 3587 17.
2161 3533 2312 3603 Apud
2341 3527 2976 3603 Latinioresscriptoges
3004 3530 3224 3603 saepius,
3255 3533 3347 3582 aut
3383 3527 3550 3603 etiam

1974 3599 2512 3672 semper'quamlibet
2553 3601 2856 3670 subjicitur.
2891 3599 3218 3672 Prudentius
3263 3599 3548 3672 praeponit,

1974 3669 2116 3743 quod
2145 3669 2521 3729 alii'auctores
2560 3669 2703 3728 illius
2733 3670 2968 3742 xequales
3008 3671 3255 3743 similiter
3286 3669 3540 3743 fecerunt.

1977 3739 2030 3797 l'n
2063 3743 2452 3812 antiquioribus
2474 3759 2581 3798 non
2603 3739 2819 3798 invenio
2844 3741 3169 3810 exemplum,
3197 3754 3370 3809 neque
3401 3739 3549 3794 iuve-

1973 3823 2128 3869 uerat
2154 3815 2427 3868 Erasmus.

2051 3886 2138 3940 18.
2163 3884 2345 3952 Prag.,
2371 3884 2590 3950 genitus,
2613 3881 3212 3952 repugnantefarmine
3229 3893 3328 3947 pro
3353 3878 3546 3952 editus.

1973 3954 2086 4020 Qua
2117 3949 2323 4008 ratione
2351 3949 2581 4007 Verbum
2613 3949 2719 4006 dici
2749 3951 2916 4019 possit
2944 3949 3112 4005 Verbo
3133 3951 3348 4020 editum,
3376 3949 3548 4020 disse-

1974 4018 2052 4077 rui
2087 4024 2273 4094 hymn.
2302 4024 2359 4085 3,
2386 4036 2528 4094 vers.
2558 4023 2615 4084 εὶ,
2649 4018 2866 4094 iu_voce
2901 4020 3227 4094 Vxnatccus.
3257 4019 3428 4072 Aliam
3459 4018 3546 4070 in-

1973 4089 2407 4162 terpretationem
2435 4092 2669 4146 alterunt
2699 4089 3008 4162 Bttchnerus
3047 4092 3099 4144 in
3128 4097 3456 4162 comment"
3487 4095 3544 4142 et

1971 4158 2204 4218 Joannes
2235 4163 2448 4218 Lamius
2475 4163 2543 4216 de
2570 4162 2730 4217 Recta
2757 4160 3095 4214 Nicmnorum
3126 4160 3227 4214 PP.
3261 4158 3390 4214 Fide
3417 4173 3541 4224 cap.

1973 4234 2064 4302 92,
2117 4235 2322 4289 scilicet
2366 4232 2710 4288 Prudentium
2754 4230 3011 4302 loqui‘de
3053 4229 3398 4302 generatione
3437 4244 3541 4302 qua

1976 4299 2206 4359 Verbum
2228 4320 2353 4358 caro
2385 4305 2580 4357 factum
2609 4312 2714 4364 est,
2743 4311 2795 4355 et
2827 4300 3079 4356 Mollerus
3105 4299 3419 4368 explicatius
3443 4299 3538 4362 ait,

1972 4389 2188 4429 sensum
2219 4388 2340 4429 esse
2361 4373 2503 4442 quod
2532 4373 2776 4427 Christus
2804 4387 2833 4426 a
2867 4372 3025 4442 Patre
3049 4387 3142 4442 per
3166 4369 3454 4442 prophetas
3487 4369 3544 4423 in

1978 4444 2152 4500 Veteri
2183 4438 2548 4506 Testamento,
2577 4452 2632 4498 et
2663 4452 2781 4512 post
2811 4457 2905 4509 per
2935 4438 3236 4495 Gabrielem
3265 4438 3538 4505 angelum,

292 4514 477 4588 matris
517 4513 760 4588 parentis_.
807 4523 854 4588 et
893 4513 1390 4588 expm-tis_conjiigis
1433 4517 1780 4588 mediatorem,
1823 4527 1870 4571 et
1899 4528 1950 4588 ι)
1975 4514 2307 4588 nativitatem
2348 4514 2714 4588 denuntiante,
2767 4513 3139 4588 nianilestatus
3189 4520 3346 4588 atque
3393 4523 3542 4588 coin-

290 4583 492 4654 dnplea;
512 4599 686 4654 genus.
720 4582 918 4654 Eadem
953 4585 1060 4636 lere
1079 4582 1417 4654 Adillicnlt'ate
1445 4601 1566 4640 sese
1596 4586 1871 4654 implicue-

290 4663 425 4705 runt
457 4653 725 4714 Nebrissa,
764 4653 1036 4717 Erasmus,
1066 4652 1477 4708 Chamillardus.
1519 4655 1585 4709 Et
1615 4652 1867 4712 Nebrissa

289 4721 514 4790 quidem
542 4738 660 4776 cum
691 4723 829 4792 apud
853 4724 1044 4777 Aldum
1073 4724 1364 4792 repetisset
1389 4740 1530 4779 vers.
1561 4727 1647 4788 15,
1673 4725 1868 4781 Parens

288 4802 343 4864 et
385 4792 617 4846 Christus
645 4793 901 4864 c0_njttgis,
949 4809 1187 4848 errorem
1231 4796 1386 4849 metri
1414 4795 1862 4862 animadvertens,

289 4861 372 4916 ita
395 4865 654 4937 correxit,
685 4861 880 4916 Parens
909 4872 954 4916 et
975 4867 1082 4933 ipse
1111 4866 1366 4936 conjugis,
1402 4875 1458 4919 et
1481 4866 1756 4933 explicuit,
1778 4861 1867 4937 qui

289 4940 341 4985 et
379 4933 539 5004 ﬁlius,
577 4943 624 4985 et
665 4942 807 5001 pater
850 4938 1045 5004 matris,
1089 4933 1323 5004 conjugis
1365 4952 1482 4989 vero
1514 4952 1604 5001 pro
1647 4933 1867 4992 internus

289 5018 416 5083 cum
439 5001 616 5084 Patre,
647 5020 677 5054 a
699 5019 811 5067 con,
845 5015 894 5058 et
915 5001 1079 5084 jugis,
1097 5001 1226 5074 juge
1247 5001 1610 5084 compositum._
1627 5006 1732 5062 Sed
1759 5023 1865 5084 non

288 5075 479 5146 minus
507 5075 620 5141 ipse
650 5087 832 5146 contra
874 5083 1104 5146 metrum
1134 5085 1348 5143 peccat;
1383 5091 1503 5130 nam
1535 5093 1568 5129 u
1600 5078 1652 5130 in
1687 5075 1872 5146 conju-

287 5145 398 5216 gis,
425 5147 668 5216 conjuge,
707 5152 789 5197 est
819 5143 1055 5214 longum,
1089 5144 1143 5197 in
1170 5148 1404 5216 conjugis
1435 5147 1667 5216 genitivo
1694 5162 1722 5200 a
1752 5143 1874 5200 con-

281 5215 394 5285 jus:
423 5214 604 5268 breve.
652 5214 915 5268 llestituta
959 5216 1206 5280 lectione,
1249 5214 1406 5284 Quam
1437 5214 1600 5272 Aldus
1629 5217 1870 5272 exhibuit

292 5285 404 5336 hoc
429 5300 588 5338 Versu
624 5287 686 5339 14
717 5303 732 5338 :
761 5285 920 5350 Quem
951 5294 1111 5338 mater
1139 5285 1242 5338 edit
1272 5287 1498 5351 castitas,
1531 5302 1743 5342 omnem
1768 5289 1868 5342 ob-

288 5354 605 5408 scuritatem
651 5369 976 5410 evanescere
1005 5355 1161 5409 facile
1189 5356 1364 5425 quivis
1392 5357 1673 5426 intelliget.
1715 5358 1869 5426 Legi-

288 5432 390 5476 tur
417 5440 548 5477 vero
575 5434 738 5477 mater
757 5427 987 5488 castitas,
1013 5442 1118 5478 non
1147 5427 1328 5479 matris
1356 5429 1586 5490 castitas,
1626 5430 1677 5480 in
1710 5429 1871 5482 llein-

264 5495 664 5566 ,sianisLVatt.
691 5496 733 5549 A
763 5496 911 5566 etB,
950 5495 1100 5558 Urb.,
1137 5497 1289 5566 Alex.
1326 5504 1380 5550 et
1407 5497 1546 5550 aliis.
1593 5498 1651 5550 In
1684 5501 1870 5566 praeia-

258 5563 446 5628 jtione
495 5559 948 5634 Psycbomachite,
998 5580 1138 5620 vers.
1205 5559 1288 5625 l2.
1334 5577 1495 5620 matre
1539 5559 1764 5622 virtuic:
1792 5571 1868 5624 sic

288 5648 442 5706 nunc
472 5645 629 5687 mater
656 5637 882 5700 castitas,
916 5636 1014 5689 hoc
1052 5643 1154 5699 est,
1185 5647 1376 5701 mater,
1408 5653 1527 5706 quae
1557 5655 1660 5692 non
1693 5639 1865 5693 solum

288 5703 558 5776 sitrcasta,
591 5705 681 5759 sed
713 5707 824 5773 ipsa
849 5708 1103 5759 castitas:
1139 5721 1202 5759 eo
1235 5707 1344 5761 fere
1375 5703 1533 5761 modo
1572 5721 1676 5776 quo
1709 5709 1866 5764 homo

287 5775 546 5842 vitiosus,
572 5777 885 5845 sceleratus,
923 5777 1220 5847 appellatur
1250 5778 1454 5844 vitium,
1487 5775 1682 5834 scelus.

1975 4587 2118 4652 p'eto
2151 4595 2392 4654 tempore
2429 4585 2640 4637 tandem
2673 4587 2833 4654 homo
2862 4583 3037 4637 editus
3073 4582 3170 4654 _sit.
3217 4579 3401 4654 Neque
3439 4578 3540 4654 du-

1971 4649 2138 4718 bium,
2169 4649 2296 4723 quin
2339 4655 2390 4709 in
2421 4665 2642 4723 utroque
2681 4653 2900 4724 hymno,
2943 4652 3176 4724 maxime
3201 4664 3328 4724 vero
3353 4649 3404 4702 in
3440 4649 3540 4700 hoc

1973 4721 2223 4794 praesenti
2264 4735 2416 4795 poeta
2460 4721 2576 4778 Filii
2627 4721 2734 4795 Dei
2767 4723 3166 4795 generationem
3213 4721 3264 4774 in
3293 4729 3544 4795 tempore

1968 4789 2276 4864 susceperit
2297 4795 2635 4849 laudandam.
2664 4789 3008 4864 Prudentius,
3039 4807 3170 4864 cum_
3196 4808 3262 4846 ex
3293 4789 3543 4856 Evange-

1968 4865 2040 4920 lio
2060 4861 2280 4921 Ioannis
2310 4873 2488 4935 pateat
2529 4864 2704 4918 omnia
2747 4879 2842 4931 per
2864 4862 3114 4935 Verbum
3147 4861 3291 4935 facta
3321 4875 3442 4915 esse
3487 4867 3544 4912 et

1970 4937 2087 4990 sine
2133 4951 2200 4990 eo
2241 4931 2437 4989 tactum
2487 4935 2638 4999 nihil,
2685 4932 2924 5003 collegit,
2974 4933 3137 4987 etiam
3167 4931 3402 4987 Verbum
3447 4943 3542 4996 per

1975 5007 2206 5060 Verbum
2231 5021 2447 5061 carnem
2492 5005 2688 5059 factum
2718 5019 2860 5078 esse,
2888 5013 2946 5078 et
2971 5004 3194 5078 editum,
3231 5003 3304 5056 ita
3336 5011 3536 5078 tainen,

1972 5086 2030 5130 ut
2061 5088 2283 5145 paterno
2336 5079 2389 5130 in
2429 5084 2647 5143 pectore
2677 5076 2826 5144 prius
2868 5073 3116 5144 viguerit,
3168 5089 3306 5145 nam,
3348 5078 3406 5124 ut
3440 5073 3536 5130 ait,

1980 5141 2205 5201 Verbum
2234 5145 2393 5201 Deus.
2423 5141 2741 5202 Prudentius
2773 5147 2886 5214 ipse
2908 5141 3052 5208 itepe
3074 5141 3389 5214 ignicamdem
3416 5152 3542 5191 sen-

1975 5218 2194 5272 tentiam
2224 5218 2478 5284 erumpit,
2511 5226 2568 5271 ut
2599 5210 2902 5285 Apotheos.
2917 5228 3056 5268 vers.
3080 5211 3204 5285 52ft:
3227 5210 3538 5285 Coosonant

1975 5288 2252 5342 Ennodius
2294 5276 2589 5343 Tic'inensis
2647 5276 2740 5340 lib.
2785 5301 2843 5346 ιι,
2884 5283 3092 5355 hymno
3145 5280 3209 5334 I0
3251 5297 3263 5330 :
3294 5276 3538 5355 Concepit

1973 5375 2100 5411 aure
2125 5357 2385 5412 Filium...
2414 5358 2563 5424 Quod
2593 5355 2767 5424 lingua
2790 5347 2946 5423 jccit,
2965 5359 3263 5424 seme_t_t___est.
3292 5347 3538 5424 Sedulius

1975 5429 2028 5483 in
2053 5429 2252 5498 hymno
2273 5416 2622 5498 abece'dario:
2646 5416 2806 5476 Verbo
2825 5420 3055 5498 concepit
3073 5416 3296 5498 Filium,
3321 5416 3458 5498 illum
3483 5416 3534 5467 in

1975 5489 2309 5553 correctione
2333 5495 2490 5549 metri
2521 5502 2780 5548 mutatum
2803 5500 2886 5545 est
2916 5489 3080 5543 Verbo
3109 5492 3294 5555 recepit
3319 5489 3534 5549 Filium,

1975 5568 2195 5621 Videtur
2218 5566 2538 5620 Prudentius
2561 5562 2868 5633 reSpexisse
2885 5559 3012 5615 illud
3038 5558 3398 5633 Ecclesiastiei
3414 5571 3536 5633 cap.

1974 5651 2126 5700 xxiv,
2163 5637 2240 5690 5:
2267 5634 2376 5704 Ego
2414 5650 2475 5686 ea:
2516 5649 2602 5686 ore
2646 5629 2895 5704 Altissimi
2934 5631 3179 5704 prodiei_,__
3206 5629 3538 5704 primogenita

1973 5715 2089 5759 ante
2114 5698 2648 5758 omnem'creaturam.
2679 5703 2756 5757 Ex
2785 5704 2886 5755 hoc
2915 5698 2970 5756 et
3003 5700 3264 5755 similibus
3293 5698 3427 5750 locis
3466 5713 3543 5750 8.!-

1977 5786 2128 5832 terna
2149 5775 2266 5831 Filii
2285 5775 2558 5847 generatio
2577 5773 2910 5846 agnoscenda
2931 5782 3080 5830 estet
3099 5769 3541 5831 dentomtrauda,
