4090 6192
500 337 596 393 891

747 444 903 516 367
933 442 1138 497 Tamen
1170 448 1391 509 paterno
1430 438 1483 495 in
1512 449 1731 510 pectore

538 536 607 589 20
752 536 951 604 Sophia
981 533 1209 587 callebas
1239 532 1405 601 prius.

680 626 841 695 388
870 624 995 691 Qum
1026 632 1268 691 prompta
1297 622 1490 677 caelum
1522 619 1797 683 condidit,

749 717 978 778 Caelum,
1013 716 1290 783 diemque,
1322 724 1374 767 et
1404 720 1621 768 czetcrl.

750 805 958 860 Virtute
992 805 1148 858 Verbi
1180 804 1368 858 ellecta
1399 814 1520 857 sunt

752 897 875 952 llaec
907 907 1095 951 cuneta
1130 915 1141 948 :
1176 912 1295 949 nam
1329 896 1559 951 Verbum
1590 894 1746 948 Deus.

541 988 612 1046 25
682 987 789 1045 Sed
820 988 1075 1043 ordinatis
1104 987 1339 1052 szeculis,

751 1080 1057 1148 Rerumque
1082 1080 1287 1149 digesto
1316 1087 1478 1140 statu,

753 1169 1023 1225 Fundatur
1048 1174 1179 1239 ipse,
1210 1180 1262 1224 et
1291 1167 1481 1223 artifex

1598 327 1869 386 AUREI."
1909 323 2274 384 PRUDENTII
2313 326 2637 383 CARMINA.

2112 440 2159 497 Α

3675 336 3767 391 893

2438 438 2732 492 Permansit
2756 437 2806 491 iu
2840 436 3012 493 Patris
3036 440 3151 494 sinu
3190 458 3202 492 :

2374 542 2555 596 Donec
2589 550 2760 595 rotata
2793 541 3065 595 annalium

2220 652 2290 697 ὖυ
2434 642 2953 696 Trausvolverentur
2985 643 3144 695 millia
3165 683 3181 708 ,

2438 742 2612 810 Atque
2640 742 2757 812 ipse
2801 755 3112 809 peccantem
3155 741 3242 795 diu

2435 844 2687 911 Dignatus
2714 844 2899 899 ethera
2938 845 3155 899 viseret.

2365 950 2495 1004 Nam
2520 965 2661 1005 ecca
2692 950 2773 1004 vis
2804 951 3110 1005 mortalium

2438 1052 2709 1106 Venerans
2739 1054 2923 1106 inanes
2946 1055 3167 1116 nmnias,

2224 1164 2297 1218 ’55
2440 1162 2600 1233 369
2623 1162 2718 1216 Vel
2740 1176 2867 1219 tera.
2902 1162 2984 1216 vel
3015 1177 3149 1216 saxa
3174 1164 3278 1233 algi
3303 1164 3372 1228 la,

1809 1252 2092 1309 GLOSS/E
2132 1252 2473 1309 VETERES.

581 1353 675 1412 20.
718 1353 940 1421 Sephia,
971 1363 1102 1417 etc.,
1133 1353 1399 1417 sapientia,
1428 1349 1699 1418 prudentia
1736 1348 1995 1421 amuebos.
2019 1347 2094 1399 vi-

510 1427 685 1495 gebas,
725 1418 1004 1496 prudenter
1044 1422 1296 1493 sopiebas,
1326 1420 1833 1496 antequom_oliqu_i_d
1870 1418 2089 1496 faceres.

510 1489 685 1549 Culleo
714 1489 916 1547 uerbum
946 1503 1037 1557 est,
1066 1489 1120 1545 id
1150 1503 1221 1545 est
1262 1491 1527 1559 prudentia
1554 1491 1723 1559 efﬂuo.
1763 1490 1907 1543 Unde
1938 1489 2084 1539 calli-

508 1568 605 1619 dus
628 1565 811 1618 dicitur
835 1566 1074 1633 prudens,
1104 1558 1333 1627 astutils;
1365 1558 1676 1633 hinc__etiam
1711 1562 1852 1633 calvo
1875 1558 2083 1633 dicitur,

508 1636 564 1687 id
592 1645 684 1701 est,
717 1627 913 1702 decipio
940 1678 953 1699 ,
976 1651 1009 1686 o
1038 1627 1137 1703 quo
1161 1633 1437 1697 calumnia,
1472 1630 1587 1685 Vat.
1622 1632 1685 1685 Α.
1717 1658 1788 1671 ——
1816 1627 2083 1693 Callebas,

511 1704 694 1773 calleo,
716 1706 879 1774 vigeo,
904 1719 1133 1774 possum,
1161 1704 1198 1756 I.

579 1764 693 1857 21⁸(
712 1764 960 1868 gratuita
985 1817 998 1841 ,
1022 1764 1223 1868 ιραξιιῑρ
1248 1815 1263 1839 ,
1291 1772 1328 1827 Ι.
1359 1772 1556 1843 Saphia
1578 1782 1754 1843 potens
1774 1810 1789 1835 ,
1810 1777 1993 1841 parato
2021 1768 2087 1822 ad

512 1846 685 1899 Omnia
716 1845 947 1914 faciendo
973 1888 987 1909 ,
1022 1845 1138 1897 Vat.
1174 1846 1238 1897 A.

578 1917 670 1970 25.
715 1915 933 1979 ElIccta,
963 1919 1115 1985 facta,
1149 1914 1185 1968 l.

2268 1348 2360 1403 26.
2398 1346 2638 1418 Digesto,
2667 1346 2909 1418 disposito
2928 1388 2942 1409 ,
2969 1349 3206 1418 ordinato
3230 1391 3243 1412 ,
3272 1349 3309 1403 1.

2400 1416 2457 1491 l_n
2492 1416 2834 1491 Patrisgsinu,
2868 1433 2980 1470 cum
3016 1417 3171 1473 Patre
3196 1437 3391 1491 semper
3416 1433 3557 1486 erat,
3592 1421 3631 1476 Ι.

2264 1490 2356 1543 29.
2400 1487 2621 1561 Rot_ata,
2652 1489 2906 1541 discurso.
2940 1517 3007 1527 —
3027 1487 3340 1554 Annalium,
3367 1501 3674 1561 temporum,
3706 1494 3775 1545 rel

2192 1560 2460 1619 librorum,
2493 1557 2532 1611 Ι.

2262 1629 2349 1686 54.
2395 1628 2625 1691 Na'nias,
2652 1628 2917 1692 vanitates,
2950 1629 3133 1682 na‘nia!
3160 1632 3405 1684 vanitates
3432 1642 3548 1683 sunt
3595 1633 3769 1683 titulo-

2194 1718 2336 1784 rum,
2388 1715 2497 1822 gnte
2552 1698 2922 1752 adhibebantur
2975 1701 3221 1766 mortuis,
3278 1719 3392 1770 qua:
3438 1703 3565 1755 nihil
3612 1706 3774 1773 proti-

2194 1781 2357 1822 cmnt.
2418 1808 2431 1822 .
3565 1818 3568 1819 ,

2194 1773 2357 1833 ciunt,
2392 1773 2431 1822 Ι.

2264 1842 2352 1897 55.
2395 1839 2607 1909 Algida,
2636 1838 2849 1910 frigido,
2880 1839 2921 1893 ι.

1861 1994 2424 2058 COMMENTARIUS.

511 2117 756 2185 quamvis
784 2132 1159 2186 nonnunquam
1188 2116 1351 2185 aliqui
1385 2115 1480 2172 SS.
1510 2114 1697 2171 Patres
1726 2130 1790 2186 ea
1820 2115 1887 2169 de
1914 2127 2078 2183 gene-

512 2184 725 2243 ratione
767 2184 1133 2244 intellexerint
1167 2184 1535 2255 qua’Verbum
1579 2201 1707 2240 caro
1736 2184 1933 2239 factum
1976 2192 2080 2239 est.

510 2257 748 2312 Clericus
777 2259 1013 2325 quidem,
1037 2268 1220 2312 contra
1253 2273 1411 2326 quem
1444 2258 1658 2311 Lamius
1676 2255 1932 2325 disputat,
1965 2255 2081 2308 ina-

513 2328 652 2383 niter
674 2330 979 2392 cavillatur,
1003 2328 1300 2397 asseritque
1341 2328 1689 2383 Prudentium
1719 2326 2077 2397 existimasse,

512 2398 747 2452 Verbum
786 2401 944 2469 paulo
981 2408 1105 2453 ante
1144 2396 1327 2452 mundi
1367 2398 1705 2453 elIectiont-m
1735 2396 2081 2469 generatione

511 2469 773 2537 prolatum
790 2466 993 2533 luisse,
1021 2484 1143 2523 cum
1166 2479 1323 2523 antea
1354 2468 1471 2537 cjus
1493 2476 1680 2521 natura
1706 2466 1940 2537 nondum
1968 2466 2079 2519 exi-

511 2535 662 2592 stens
690 2540 848 2592 modo
882 2540 1113 2608 quodam
1146 2535 1487 2593 inenarrabili
1518 2539 1572 2592 in
1598 2538 1706 2591 Deo
1729 2535 2031 2608 delituisset
2062 2552 2077 2588 :

511 2608 653 2675 quod
700 2610 768 2661 ab
797 2607 919 2663 aliis
965 2608 1211 2663 Patribus
1247 2608 1598 2662 antenictenis
1635 2607 1840 2676 pariter
1879 2607 2081 2659 dictum

513 2680 840 2745 pronuntiat.
881 2678 1187 2733 Doctrinam
1217 2677 1532 2732 catholicam
1565 2677 1841 2732 Prudentii
1875 2676 2080 2729 iudica-

512 2758 619 2805 tam
646 2748 808 2803 habes
840 2750 1045 2818 proleg.
1076 2764 1224 2803 num.
1260 2748 1383 2803 126.
1407 2748 1543 2803 T0ta
1568 2748 1772 2818 Clerici
1791 2746 2084 2818 difﬁcultas

512 2818 567 2872 in
594 2819 751 2873 unico
772 2816 938 2874 verbo
967 2816 1110 2885 prius
1137 2828 1220 2873 est
1242 2821 1408 2887 posita
1440 2835 1583 2876 vers.
1625 2818 1715 2881 20,
1750 2817 1952 2885 Sophia
1980 2816 2088 2867 cal-

511 2890 650 2943 lebas
671 2890 833 2957 prius.
862 2891 933 2943 Ea
958 2900 1131 2944 autem
1162 2904 1385 2957 prorsus
1410 2890 1630 2943 diluitur
1653 2904 1773 2942 cum
1804 2903 1869 2943 ex
1895 2887 2089 2956 priori-

512 2969 621 3014 tate
648 2960 891 3029 originis,
916 2974 1076 3029 quam
1106 2969 1299 3014 vocant
1323 2970 1377 3014 et
1402 2961 1672 3029 explicant
1694 2959 1947 3027 theologi.
1975 2966 2085 3010 tum

510 3045 577 3085 es
605 3021 815 3086 diversa
856 3021 1065 3085 ratione
1096 3045 1199 3100 qua
1233 3021 1488 3085 Verbum"
1511 3021 1749 3085 divinum
1779 3021 2088 3084 considera-

514 3116 657 3161 mus.
691 3102 793 3155 alia
823 3112 981 3170 prout
1016 3109 1100 3155 est
1139 3102 1190 3155 in
1235 3101 1412 3166 Patre,
1446 3102 1550 3155 alia
1582 3109 1734 3170 prout
1779 3111 1861 3152 est
1900 3100 1963 3170 ad
1998 3113 2085 3152 res

513 3181 723 3224 creatas
775 3169 953 3226 sermo
993 3175 1231 3239 prolatus
1266 3190 1277 3223 :
1312 3180 1423 3225 tum
1462 3169 1677 3226 demum
1714 3169 2084 3223 animadversa

516 3244 793 3311 temporali
839 3242 1184 3311 generatione
1230 3242 1388 3297 Verbi
1436 3256 1537 3311 qua
1580 3257 1707 3295 caro
1745 3242 1939 3295 factum
1980 3249 2082 3294 est.

516 3310 650 3383 Vide
687 3310 1047 3383 Tolirnclyum
1079 3313 1152 3368 De
1192 3312 1385 3367 Trinit.
1418 3310 1607 3379 quaest.
1640 3314 1695 3374 ι,
1722 3321 1835 3383 ειη.
1863 3311 1919 3376 2,
1950 3320 2085 3383 sect.

511 3380 568 3449 2,
600 3392 655 3436 et
676 3380 1104 3437 dissertationem
1139 3383 1545 3437 Balleriniorum
1586 3392 1772 3437 contra
1813 3381 2085 3436 Petaviqu

515 3466 613 3520 pro
638 3452 696 3505 S.
727 3452 944 3507 Zenone
974 3462 1027 3506 et
1058 3453 1301 3507 Patribus
1324 3453 1690 3507 antenicaanis.

585 3521 675 3576 19.
719 3523 884 3575 Abest
910 3524 963 3574 in
993 3523 1061 3573 ab
1094 3522 1246 3589 Egm.
1277 3532 1331 3576 et
1359 3522 1590 3576 llailsbr.

586 3592 681 3646 20.
721 3592 842 3644 Vat.
862 3592 920 3655 Β,
951 3590 1175 3658 pollebas
1206 3606 1301 3659 pro
1318 3589 2087 3656 callebas.Weitzius,Widm.;

518 3663 635 3717 Vat.
664 3661 704 3725 l,
730 3660 908 3727 Gold.,
927 3661 1119 3729 llails.,
1147 3661 1336 3729 Boug.,
1366 3661 1585 3715 colebas.
1615 3662 1728 3715 Non
1756 3662 1953 3731 patitur
1975 3675 2085 3714 me-

515 3741 679 3786 trum.
725 3733 778 3785 ln
825 3731 1120 3797 exemplari
1149 3731 1283 3787 edit.
1321 3731 1513 3787 Weitz.
1547 3733 1682 3800 apud
1705 3733 1775 3785 cl.
1805 3732 2085 3800 praesulem

516 3802 774 3870 Reguium
814 3804 995 3856 nescio
1032 3803 1151 3871 quis
1189 3812 1498 3857 correxerat
1539 3803 1753 3856 callebat
1800 3817 1863 3856 ex
1910 3802 2090 3870 aliqua

514 3875 721 3941 codice,
749 3873 1049 3927 utvidetur.
1069 3872 1427 3928 Tertullianus
1449 3873 1771 3927 lib.advers.
1805 3872 2085 3935 Praxeam,

514 3960 633 4016 cap.
665 3945 699 3997 b
731 3960 744 3997 :
776 3942 906 4016 Haec
934 3944 1114 4016 vis,et
1144 3944 1251 4016 hate
1275 3945 1431 3998 divini
1460 3960 1635 3998 sensus
1657 3944 1926 4016 dispositio
1948 3943 2089 4016 apud

516 3961 633 4010 cap.
665 3961 699 3997 ο
731 3961 744 3997 :
776 3961 906 3998 nam
934 3961 1036 4005 vis,
1067 3961 1114 3997 et
1144 3961 1251 3997 nam
1275 3961 1430 3998 unum
1460 3961 1635 3998 sensus
1657 3961 1926 4016 atsposttto
1948 3961 1979 3994 a
2019 3961 2088 3994 ua

516 4015 813 4083 Scripturos
842 4015 994 4069 etiam
1039 4015 1093 4067 in
1138 4015 1331 4084 sophia:
1378 4016 1585 4069 nomine
1620 4014 1918 4069 ostenditur.
1956 3961 2091 4078 (fuid

514 4086 652 4138 enim
687 4087 965 4155 sapientius
993 4082 1203 4138 ratione
1222 4082 1317 4138 Dei
1342 4126 1357 4151 ,
1390 4087 1491 4139 sire
1520 4100 1768 4139 sermone.
1798 4084 1980 4154 Itaque
2007 4099 2093 4136 sn-

515 4155 690 4227 phiam
707 4163 904 4224 quoque
919 4156 1126 4227 exaudi,
1154 4157 1505 4227 ut_secundom
1526 4172 1794 4227 personam
1809 4155 2087 4227 conditam.

516 4222 576 4279 S.
610 4222 752 4279 Zeno
776 4266 792 4289 ,
820 4222 987 4279 serm.
1035 4226 1069 4280 5
1096 4227 1164 4278 de
1194 4224 1410 4280 Amerina
1442 4225 1501 4278 ϐι
1520 4222 1796 4279 iteratione
1826 4222 1978 4288 Filii,
2024 4223 2090 4277 In

516 4294 776 4365 profundo
802 4311 910 4349 sua:
936 4311 1098 4350 sacra:
1120 4296 1302 4349 mentis
1330 4312 1540 4348 arcano.
1582 4295 1754 4349 Locus
1782 4294 1943 4349 etiam
1971 4309 2091 4348 este

517 4364 693 4434 potest
724 4366 804 4418 his
833 4380 951 4434 qua:
975 4364 1207 4432 theologi
1239 4366 1510 4433 disputant
1537 4366 1603 4419 de
1631 4375 1810 4418 multra
1836 4378 2092 4433 persona-

2261 2108 2352 2164 28.
2392 2108 2572 2172 Joan.,
2601 2123 2637 2175 ι,
2675 2109 2763 2163 18.

2262 2181 2353 2235 52.
2402 2179 2609 2233 Visendi
2626 2189 2675 2234 et
2700 2180 2940 2234 uisitandi
2957 2179 3215 2235 vocabulo
3233 2182 3459 2236 libenter
3470 2182 3570 2237 SS.
3592 2183 3777 2237 Patres

2192 2260 2431 2323 utuntur,
2456 2266 2576 2323 cum
2608 2252 2924 2323 mysterium
2941 2251 3323 2306 Incarnationis
3341 2266 3614 2320 exponunt
3638 2256 3775 2323 quod

2188 2336 2216 2373 a
2246 2321 2415 2377 sacris
2464 2322 2653 2374 litteris
2698 2330 3037 2389 mutuantur,
3090 2332 3149 2377 ut
3182 2323 3234 2376 in
3264 2324 3476 2379 cantico
3504 2321 3778 2379 lacuaria:

2188 2407 2305 2456 cap.
2332 2408 2368 2457 ι,
2416 2391 2667 2453 l’isitavit,
2691 2400 2794 2445 etc.

2257 2464 2346 2517 55.
2388 2462 2502 2515 Νοη
2543 2461 2716 2515 solum
2754 2471 2923 2530 poeta:
2944 2505 2957 2527 ,
2980 2477 3166 2518 verum
3201 2463 3361 2517 etiam
3396 2475 3642 2520 oratores
3665 2467 3769 2520 vim

2187 2547 2283 2603 pro
2314 2532 2655 2603 multitudine
2680 2533 2967 2602 accipiunt.
2996 2542 3054 2586 ut
3074 2534 3262 2588 Cicero
3292 2543 3347 2587 t-t
3376 2534 3489 2588 alii.

2254 2602 2345 2658 34.
2388 2602 2529 2657 ldola
2554 2614 2705 2657 vocat
2732 2605 2945 2665 na'nias,
2974 2613 3025 2656 ut
3056 2605 3114 2657 in'
3134 2605 3442 2663 Laurentio.
3472 2621 3614 2659 vers.
3648 2608 3772 2672 596,

2186 2683 2240 2728 et
2266 2675 2280 2727 Ι
2313 2675 2363 2747 in
2393 2674 2554 2747 Sym.
2575 2673 2888 2747 versanti.
2924 2690 3088 2747 nugas
3128 2691 3146 2727 :
3170 2684 3314 2747 elex
3344 2676 3610 2744 probabili
3641 2696 3772 2745 quo-

2187 2744 2705 2815 rumdam’codicum
2739 2744 2968 2815 lectione
2997 2744 3149 2800 'vers.
3185 2746 3288 2799 515
3318 2747 3519 2815 hymno
3554 2749 3609 2799 S.
3638 2744 3766 2802 Lau.

2188 2814 2347 2869 rentii
2377 2832 2391 2867 :
2425 2814 2587 2867 Orare
2616 2816 2809 2867 ntrnias
2846 2813 3031 2868 Numa:
3064 2831 3077 2867 :
3111 2817 3300 2870 Cicero
3322 2861 3335 2882 ,
3356 2813 3479 2883 cap.
3503 2817 3573 2871 94
3608 2821 3700 2872 lib.
3737 2836 3770 2872 ll

2190 2887 2256 2938 de
2286 2884 2488 2953 legibus
2517 2901 2531 2938 :
2576 2884 2965 2938 Honoratorum
2988 2886 3211 2939 virorum
3253 2888 3428 2940 laudes
3454 2892 3508 2939 in
3533 2891 3773 2942 concione

2188 2965 2522 3018 memoranto,
2574 2972 2758 3023 easque
2805 2957 2955 3008 etiam
2996 2956 3063 3007 ad
3091 2967 3290 3019 cantus,
3336 2968 3380 3010 et
3410 2959 3480 3010 ad
3514 2960 3768 3013 tibicinem

2191 3041 2602 3097 prosequuntor,
2642 3026 2727 3097 cui
2750 3042 2929 3079 nomen
2958 3027 3137 3081 nwniw
3159 3066 3174 3088 ,
3223 3044 3323 3097 quo
3348 3029 3595 3082 vocabulo
3620 3032 3767 3083 etiam

2192 3095 2354 3149 (ἐπεὶ
2385 3106 2561 3149 cantus
2586 3095 2822 3164 lugubres
2852 3098 3139 3150 nominant.
3166 3095 3389 3166 Proprie
3420 3098 3583 3153 etiam
3614 3116 3768 3167 nuga:

2188 3175 2367 3233 erant,
2396 3181 2514 3236 qum
2543 3167 2593 3219 in
2628 3177 2957 3220 mortuorum
2981 3167 3192 3222 laudem
3221 3170 3576 3224 canebantur.
3609 3170 3766 3225 Reae

2188 3237 2349 3306 igitur
2373 3236 2594 3300 manias,
2616 3245 2669 3290 et
2690 3252 2855 3305 nugas
2872 3246 3023 3291 vocat
3053 3248 3207 3307 poeta
3234 3240 3437 3293 cultum
3469 3239 3764 3305 hominum,

2187 3323 2323 3377 quos
2352 3317 2469 3376 post
2507 3308 2709 3361 obitum
2758 3307 2844 3361 alii
2891 3307 3134 3362 homines
3183 3311 3236 3362 in
3278 3311 3410 3363 deos
3440 3312 3761 3365 referebant.

2189 3378 2351 3445 Nugae
2377 3378 2559 3441 etiam,
2593 3387 2648 3431 et
2672 3378 2856 3448 omnia:
2885 3379 3103 3448 intelligi
3131 3389 3355 3448 possmit
3384 3380 3576 3435 fabula:
3607 3393 3655 3435 et
3684 3385 3763 3434 in-

2192 3457 2345 3520 vetita
2358 3448 2727 3520 superstitiosa
2740 3447 2931 3520 quibus
2948 3447 3238 3503 idolbla’tra:
3250 3451 3405 3505 tidem
3423 3455 3761 3520 prmstabant.

2193 3519 2329 3573 Nota
2360 3529 2484 3572 sunt
2512 3517 2739 3588 cogitata
2770 3518 2953 3572 Numa:
2974 3520 3040 3573 de
3069 3520 3213 3574 cultu
3244 3517 3486 3575 deorum.

2260 3588 2349 3644 55.
2389 3590 2543 3660 Εεηι.
2576 3600 2630 3642 et
2661 3588 2826 3660 Palat.
2847 3630 2860 3648 .
2895 3590 2975 3643 vel
3013 3606 3112 3644 a're
3144 3630 3157 3655 ,
3188 3592 3264 3644 rel
3289 3593 3395 3660 ﬁxa
3424 3634 3440 3659 ,
3486 3594 3757 3647 mendose.

2190 3659 2439 3732 Nonnulli
2497 3659 3001 3732 hatreticitaliique
3044 3659 3427 3715 scmicatholici
3465 3676 3658 3732 negant
3699 3681 3761 3717 eo

2189 3731 2470 3784 dementim
2496 3728 2739 3801 ethnicos
2760 3730 3061 3794 devenisse,
3093 3741 3145 3783 ιιι
3172 3732 3310 3801 ligna
3342 3733 3423 3788 vel
3452 3728 3559 3788 aera
3584 3736 3761 3787 trede-

2192 3809 2311 3855 rent
2339 3814 2461 3854 esse
2486 3799 2639 3854 deos.
2684 3800 2950 3855 Honorem
2988 3810 3040 3855 et
3076 3799 3277 3855 cultum
3328 3804 3417 3871 qui
3455 3805 3645 3858 statuis
3673 3805 3761 3858 Dei

2189 3880 2243 3924 et
2271 3884 2577 3955 sanctorum
2595 3880 2899 3955 [ιιςφςιιτδιιυιμ⁸
2925 3872 3127 3927 Vellent
3157 3873 3445 3955 abolitum,
3470 3878 3620 3955 quasi
3652 3875 3761 3928 hare

2191 3950 2337 3995 esset
2370 3956 2494 3996 vera
2520 3941 2609 3995 illa
2634 3941 2933 4013 idololatria
2952 3987 2965 4007 ,
2998 3958 3114 4012 qua:
3141 3944 3368 3998 ethnicis
3395 3941 3761 4013 objiciebatur,

2193 4026 2296 4065 non
2345 4026 2475 4084 vero
2504 4012 2643 4081 quod
2683 4012 3017 4084 divinitatem
3065 4014 3223 4067 rebus
3261 4012 3512 4070 inanimis
3552 4017 3761 4084 afﬁnge-

2190 4092 2330 4136 rent.
2356 4083 2549 4138 Verum
2578 4082 2991 4152 evidentissimis
3021 4099 3185 4137 sacrm
3214 4086 3415 4152 pagina:
3440 4082 3754 4141 testimoniis

2194 4154 2531 4225 refelluntur.
2590 4151 2750 4225 Isaias
2778 4167 2895 4225 cap.
2938 4169 3058 4208 κων
3098 4156 3261 4209 multa
3288 4151 3441 4210 affert
3470 4167 3527 4210 ut
3560 4159 3759 4225 probet,

2194 4223 2357 4276 Deum
2402 4238 2507 4277 non
2540 4237 2660 4275 esse
2711 4223 2949 4287 idolum,
2980 4226 3119 4293 quod
3158 4226 3317 4277 homo
3366 4228 3478 4280 suis
3525 4223 3761 4281 manibus

2191 4294 2413 4361 efﬁngit,
2440 4293 2676 4361 eiusdem
2705 4294 2828 4347 idull
2858 4295 3115 4348 artiﬁcum
3141 4294 3542 4351 idololatrarum
3570 4300 3762 4351 vanita-

2195 4373 2329 4425 tem,
2369 4365 2474 4416 imo
2508 4372 2780 4431 stuporem
2830 4376 3013 4431 aperte
3050 4366 3335 4419 convincit.
3371 4369 3639 4423 Sescenta
3670 4370 3761 4421 alia

516 4451 635 4490 rum
663 4436 715 4489 in
737 4451 797 4491 se
820 4438 1049 4491 invicem
1075 4436 1397 4505 ineaistentia
1417 4477 1432 4497 ,
1457 4435 1567 4490 sive
1592 4435 2087 4505 circuminsessione,
2120 4444 2172 4505 υ
2198 4444 2323 4487 sunt
2354 4434 2759 4505 hujuscemodi.
2811 4434 3132 4489 Prudentius
3163 4452 3265 4489 non
3292 4440 3465 4492 solum
3500 4439 3604 4494 hoc
3632 4442 3758 4500 loco,

518 4517 575 4560 ttt
602 4516 814 4576 vocant,
844 4523 908 4560 ex
929 4522 1048 4576 cap.
1080 4521 1163 4559 xw
1192 4504 1347 4561 Joan.
1378 4522 1518 4561 vers.
1551 4508 1617 4561 lt)
1645 4523 1657 4559 :
1691 4505 1801 4576 Ego
1822 4507 1873 4559 in
1904 4503 2082 4571 Patre,

516 4587 562 4631 et
591 4575 746 4630 Pater
765 4581 816 4630 in
837 4593 916 4629 me
943 4575 1037 4632 est.

585 4647 675 4703 21.
716 4647 916 4713 Sophia
960 4664 1056 4702 seu
1102 4648 1365 4717 sapientia
1406 4646 1605 4701 dicitur
1648 4655 1890 4717 prompta
1917 4686 1933 4712 ,
1965 4646 2087 4713 quia

521 4718 857 4771 manifestata
887 4724 991 4781 est,
1022 4732 1143 4771 cum
1193 4718 1448 4772 mundum
1485 4718 1759 4781 condidit,
1810 4732 1839 4770 a
1888 4733 2083 4784 promo.

516 4786 875 4841 Tertullianus
921 4786 1025 4840 loc.
1064 4789 1154 4841 cit.
1193 4803 1313 4857 cap.
1339 4789 1368 4840 7
1402 4790 1419 4840 ἔ
1452 4788 1593 4841 Tunc
1622 4791 1777 4858 igitur
1803 4789 1954 4841 etiam
1983 4788 2090 4855 ipse

517 4871 683 4908 sermo
704 4859 918 4924 speciem
938 4867 983 4909 et
1004 4866 1394 4911 ornatumsuum
1414 4860 1586 4920 sumit,
1609 4874 1808 4916 sonum.
1830 4867 1873 4909 et
1892 4872 2080 4922 vocem,

518 4941 633 4977 cum
662 4926 784 4997 dicit
817 4923 951 4997 Deus
972 4966 985 4988 ,
1031 4924 1152 4997 iot
1190 4928 1298 4980 lux.
1347 4926 1475 4981 Ha’c
1498 4937 1571 4981 cst
1597 4930 1830 4981 nativitas
1868 4930 2089 4997 perfecta

518 4994 784 5069 sermonis,
804 4994 927 5069 dum
951 5011 1014 5049 ea:
1043 4995 1148 5048 Deo
1177 4997 1421 5069 procedit.
1448 5034 1465 5051 .
1500 5036 1521 5069 ,Α
1547 5037 1559 5049 .
1591 5038 1603 5050 .
1636 4994 1876 5069 apparet]
1901 4994 2085 5069 unam,

517 5065 839 5137 eamdemque
868 5065 968 5118 vim
995 5080 1101 5137 esse
1128 5082 1265 5118 nunc
1304 5068 1357 5120 in
1387 5067 1589 5121 neruine
1611 5065 1834 5137 sophiae,
1877 5083 2012 5119 nunc
2036 5068 2089 5119 in

516 5136 858 5207 appellatione
881 5136 1153 5189 sermonis.

586 5205 677 5261 22.
723 5206 974 5276 Erasmus
1016 5216 1071 5260 et
1100 5207 1502 5262 Daventriensis
1531 5208 1697 5261 editio
1717 5249 1732 5273 ,
1763 5217 1959 5260 noctem
1994 5221 2091 5276 pro

513 5276 713 5331 etclam.
746 5275 856 5331 Alt.
881 5286 1064 5332 contra
1093 5277 1247 5331 metri
1278 5278 1490 5347 regulas
1518 5278 1697 5332 caelum
1716 5318 1730 5342 ,
1762 5275 2089 5347 noctemque,

516 5358 563 5399 et
594 5357 806 5419 tartara.
834 5348 1079 5419 Heinsius
1103 5349 1409 5416 suspicatur
1428 5348 1593 5403 solun:
1624 5351 1853 5419 diemque
1872 5389 1887 5413 ,
1918 5359 1963 5401 et
1984 5358 2089 5400 tar-

516 5428 651 5478 tara.
683 5426 740 5489 ut
770 5417 967 5489 hymno
991 5418 1239 5483 Romani,
1265 5434 1408 5474 vers.
1432 5418 1538 5475 525
1566 5429 1619 5473 ct
1648 5417 1777 5489 326,
1803 5436 1906 5471 una
1935 5430 2091 5473 virtus

516 5488 967 5560 condiditcoelum
990 5527 1004 5550 ,
1032 5490 1316 5560 solumque.
1347 5491 1527 5545 Lectio
1549 5531 1562 5555 ,
1594 5490 1645 5544 in
1676 5488 1886 5545 caneris
1916 5489 2091 5544 omni-

518 5556 616 5631 bus
637 5558 922 5631 codicibus
950 5568 1187 5631 recepta,
1211 5556 1558 5631 'noqindiget
1585 5562 1941 5616 correctione.

588 5628 900 5699 24.__l’rag.,
956 5643 1075 5699 nam
1122 5628 1261 5683 Deus
1307 5628 1528 5684 Verbum
1582 5642 1692 5696 est,
1724 5631 1847 5687 Vat.
1876 5632 2093 5699 Q,nam

519 5694 657 5749 Deus
694 5694 933 5752 Verbum.
966 5698 1222 5753 Neutrum
1252 5700 1488 5756 Cohaeret
1516 5694 1709 5758 metro.

588 5766 679 5819 27.
720 5766 908 5835 Aldus,
941 5769 1211 5837 fundatur,
1242 5770 1400 5824 male.

2194 4505 2289 4560 sed
2349 4504 2400 4558 in
2449 4506 2631 4557 multis
2676 4504 2796 4557 aliis
2838 4507 3080 4560 eamdem
3122 4507 3456 4561 ethnicorum
3512 4511 3761 4563 insaniam

2189 4577 2446 4641 coarguit.
2479 4574 2591 4628 Non
2621 4574 2847 4630 deerant
2882 4575 3019 4630 inter
3043 4579 3292 4646 gentiles,
3316 4580 3404 4645 qui
3438 4581 3762 4634 animadver-

2190 4654 2385 4709 terent,
2413 4654 2636 4699 eatenus
2666 4646 2967 4699 simulacris
3003 4649 3200 4701 cultum
3221 4648 3485 4711 exhiberi,
3512 4663 3762 4711 quatenus

2190 4716 2413 4770 deorum
2461 4731 2658 4769 numen
2685 4724 2738 4770 et
2778 4718 3069 4785 potentiam
3114 4717 3442 4772 referebant.
3499 4716 3610 4775 llos
3659 4721 3762 4773 aliis

2192 4786 2487 4859 rationibus
2510 4796 2706 4859 nostra;
2722 4787 3000 4859 religionis
3031 4787 3340 4842 defensores
3370 4794 3761 4859 Oppugnabant.

2192 4856 2299 4911 Res
2318 4864 2425 4909 tota
2453 4857 2628 4926 verbis
2649 4856 3001 4926 Athenagora:
3029 4859 3305 4912 manifesta
3338 4856 3582 4914 redditur
3602 4866 3649 4915 in
3674 4862 3760 4914 Le-

2191 4928 2406 5000 gatione
2450 4941 2547 4996 pro
2576 4925 2894 5000 Christianis
2924 4942 3058 5000 pag.
3090 4930 3240 5000 mihi
3272 4930 3335 4982 l7
3369 4948 3381 4982 :
3421 4931 3483 4982 Et
3516 4944 3570 4984 ut
3600 4934 3763 5000 paucis

2191 4996 2481 5057 absolvam,
2515 4997 3162 5070 omnesubiqueimagines
3191 4998 3252 5050 ab
3293 4996 3608 5055 hominibus
3632 5008 3764 5070 factis

2192 5076 2331 5142 sunt.
2360 5070 2508 5142 Quod
2534 5068 2577 5120 si
2593 5068 2665 5119 dii
2690 5068 2866 5142 istiab
2894 5068 3043 5121 initio
3066 5086 3165 5121 non
3187 5078 3349 5142 erant,
3384 5073 3577 5137 illisue,
3610 5068 3641 5125 ἀ
3665 5074 3766 5142 qui-

2194 5137 2283 5190 bus
2300 5139 2421 5206 [acti
2438 5147 2576 5202 sunt,
2600 5138 2901 5207 posteriores
2932 5142 3118 5192 erunt?
3141 5141 3213 5193 vel
3239 5155 3351 5204 cur,
3380 5151 3435 5194 ut
3466 5154 3654 5209 essent,
3676 5137 3766 5194 'ho-

2194 5209 2410 5261 minibus
2430 5252 2444 5276 ,
2479 5219 2523 5261 et
2558 5217 2669 5261 orte
2696 5209 3060 5279 indiguerunt?
3081 5209 3241 5279 Terra
3274 5211 3378 5264 haec
3402 5223 3543 5275 sunt,
3578 5224 3623 5267 et
3648 5216 3763 5279 lapi-

2194 5279 2302 5352 des,
2337 5290 2382 5331 et
2410 5280 2621 5352 materia
2641 5321 2655 5343 ,
2681 5288 2724 5332 et
2749 5280 3085 5352 orscurioso.
3135 5278 3380 5333 therttnt
3402 5285 3643 5352 quoniam
3674 5278 3762 5334 non

2195 5350 2375 5402 desunt
2407 5388 2420 5411 ,
2461 5351 2548 5418 qui
2591 5351 2697 5403 [nec
2726 5350 2892 5413 nihil,
2934 5367 3087 5416 quam
3123 5350 3545 5407 simulocralesse
3584 5355 3765 5417 dlt‘uttl,

2196 5420 2461 5492 deosvero
2480 5462 2492 5485 ,
2526 5437 2743 5492 quorum
2764 5420 2943 5473 honori
2966 5436 3024 5473 ea
3052 5422 3150 5473 sint
3183 5421 3440 5488 dedicata,
3472 5435 3519 5476 et
3542 5440 3765 5492 qua’tun-

2196 5504 2293 5557 que
2316 5491 2365 5541 in
2412 5490 2547 5560 ipsos
2577 5491 2944 5558 conferuntun,
2976 5493 3170 5543 reditus
3192 5532 3207 5555 ,
3246 5494 3503 5558 sacri/icio
3540 5490 3608 5547 ad
3638 5497 3764 5561 ipsas

2198 5561 2448 5628 pertinere
2502 5561 2642 5624 deos,
2690 5577 2849 5628 neque
2902 5563 3006 5615 alio
3046 5562 3195 5614 modo
3237 5562 3464 5618 homines
3516 5568 3766 5618 com-enim

2199 5630 2489 5701 posseideos
2530 5631 2952 5701 (conspectusque
2990 5632 3138 5684 deum
3166 5634 3335 5699 gravis
3374 5645 3447 5688 est
3472 5676 3487 5701 ,
3525 5646 3577 5688 ut
3618 5633 3765 5700 inquit

2199 5700 2369 5774 poeta)
2399 5710 2444 5774 et
2475 5700 2545 5774 ad
2572 5702 2666 5753 hoc
2704 5702 3138 5770 comprobandum
3167 5702 3405 5757 historias
3431 5700 3671 5774 quasdam
3690 5716 3761 5754 rc-

2200 5771 2355 5824 citant
2394 5772 2648 5826 idolorum
2669 5774 3007 5841 quorumdam
3048 5788 3199 5843 Opera
3225 5788 3243 5829 :
3265 5771 3505 5845 agedum,
3538 5775 3757 5844 inquira-
