  <div class='ocr_page' id='page_1' title='image "/cluster/home/n/w/nwhite01/storage/ocr_20150623/59/hvd.32044073505117/455.png"; bbox 0 0 4090 6192; ppageno 0'>
   <div class='ocr_carea' id='block_1_1' title="bbox 462 265 566 323">
    <p class='ocr_par' dir='ltr' id='par_1_1' title="bbox 462 265 566 323">
     <span class='ocr_line' id='line_1_1' title="bbox 462 265 566 323; baseline 0 -1"><span class='ocrx_word' id='word_1_1' title='bbox 462 265 566 323; x_wconf 82' lang='lat'><strong>895</strong></span> 
     </span>
    </p>
   </div>
   <div class='ocr_carea' id='block_1_2' title="bbox 702 374 1459 449">
    <p class='ocr_par' dir='ltr' id='par_1_2' title="bbox 702 374 1459 449">
     <span class='ocr_line' id='line_1_2' title="bbox 702 374 1459 449; baseline -0.008 -16"><span class='ocrx_word' id='word_1_2' title='bbox 702 377 916 434; x_wconf 72' lang='lat' dir='ltr'><strong>[lunare</strong></span> <span class='ocrx_word' id='word_1_3' title='bbox 945 382 1133 449; x_wconf 86' lang='lat' dir='ltr'><strong>partus</strong></span> <span class='ocrx_word' id='word_1_4' title='bbox 1163 374 1459 431; x_wconf 83' lang='lat' dir='ltr'><strong>crescere?</strong></span> 
     </span>
    </p>
   </div>
   <div class='ocr_carea' id='block_1_3' title="bbox 633 468 1338 543">
    <p class='ocr_par' dir='ltr' id='par_1_3' title="bbox 633 468 1338 543">
     <span class='ocr_line' id='line_1_3' title="bbox 633 468 1338 543; baseline -0.009 -14"><span class='ocrx_word' id='word_1_5' title='bbox 633 473 678 529; x_wconf 91' lang='grc'>0</span> <span class='ocrx_word' id='word_1_6' title='bbox 706 481 905 543; x_wconf 89' lang='lat' dir='ltr'><strong>quanta</strong></span> <span class='ocrx_word' id='word_1_7' title='bbox 934 486 1113 527; x_wconf 92' lang='lat' dir='ltr'><strong>rerum</strong></span> <span class='ocrx_word' id='word_1_8' title='bbox 1146 468 1338 539; x_wconf 90' lang='lat' dir='ltr'><strong>gaudia</strong></span> 
     </span>
    </p>
   </div>
   <div class='ocr_carea' id='block_1_4' title="bbox 705 562 1390 633">
    <p class='ocr_par' dir='ltr' id='par_1_4' title="bbox 705 562 1390 633">
     <span class='ocr_line' id='line_1_4' title="bbox 705 562 1390 633; baseline -0.006 -14"><span class='ocrx_word' id='word_1_9' title='bbox 705 564 873 619; x_wconf 78' lang='lat' dir='ltr'><strong>Alvus</strong></span> <span class='ocrx_word' id='word_1_10' title='bbox 903 563 1089 633; x_wconf 89' lang='lat' dir='ltr'><strong>pudica</strong></span> <span class='ocrx_word' id='word_1_11' title='bbox 1122 562 1390 617; x_wconf 74' lang='lat' dir='ltr'><strong>continet!</strong></span> 
     </span>
    </p>
   </div>
   <div class='ocr_carea' id='block_1_5' title="bbox 708 653 1496 725">
    <p class='ocr_par' dir='ltr' id='par_1_5' title="bbox 708 653 1496 725">
     <span class='ocr_line' id='line_1_5' title="bbox 708 653 1496 725; baseline -0.005 -14"><span class='ocrx_word' id='word_1_12' title='bbox 708 657 781 711; x_wconf 63' lang='lat' dir='ltr'>Et</span> <span class='ocrx_word' id='word_1_13' title='bbox 813 671 913 725; x_wconf 89' lang='lat' dir='ltr'><strong>qua</strong></span> <span class='ocrx_word' id='word_1_14' title='bbox 942 654 1211 710; x_wconf 86' lang='lat' dir='ltr'><strong>novellum</strong></span> <span class='ocrx_word' id='word_1_15' title='bbox 1240 653 1496 713; x_wconf 67' lang='lat' dir='ltr'><strong>saeculum</strong></span> 
     </span>
    </p>
   </div>
   <div class='ocr_carea' id='block_1_6' title="bbox 460 746 1368 813">
    <p class='ocr_par' dir='ltr' id='par_1_6' title="bbox 460 746 1368 813">
     <span class='ocr_line' id='line_1_6' title="bbox 460 746 1368 813; baseline -0.009 -6"><span class='ocrx_word' id='word_1_16' title='bbox 460 750 530 807; x_wconf 82' lang='lat'><strong>60</strong></span> <span class='ocrx_word' id='word_1_17' title='bbox 708 746 977 813; x_wconf 87' lang='lat' dir='ltr'><strong>Procedit,</strong></span> <span class='ocrx_word' id='word_1_18' title='bbox 1007 754 1063 802; x_wconf 93' lang='lat' dir='ltr'><strong>et</strong></span> <span class='ocrx_word' id='word_1_19' title='bbox 1091 746 1177 799; x_wconf 90' lang='lat' dir='ltr'><strong>lux</strong></span> <span class='ocrx_word' id='word_1_20' title='bbox 1203 759 1368 800; x_wconf 89' lang='lat' dir='ltr'><strong>aurea</strong></span> 
     </span>
    </p>
   </div>
   <div class='ocr_carea' id='block_1_7' title="bbox 640 838 1285 908">
    <p class='ocr_par' dir='ltr' id='par_1_7' title="bbox 640 838 1285 908">
     <span class='ocr_line' id='line_1_7' title="bbox 640 838 1285 908; baseline -0.006 -13"><span class='ocrx_word' id='word_1_21' title='bbox 640 840 858 908; x_wconf 81' lang='lat' dir='ltr'><strong>Vagitus</strong></span> <span class='ocrx_word' id='word_1_22' title='bbox 885 840 977 896; x_wconf 82' lang='lat' dir='ltr'><strong>ille</strong></span> <span class='ocrx_word' id='word_1_23' title='bbox 1002 838 1285 895; x_wconf 81' lang='lat' dir='ltr'><strong>exordium</strong></span> 
     </span>
    </p>
   </div>
   <div class='ocr_carea' id='block_1_8' title="bbox 704 927 1667 1004">
    <p class='ocr_par' dir='ltr' id='par_1_8' title="bbox 704 927 1667 1004">
     <span class='ocr_line' id='line_1_8' title="bbox 704 927 1667 1004; baseline -0.008 -13"><span class='ocrx_word' id='word_1_24' title='bbox 704 933 865 1004; x_wconf 73' lang='lat'><strong>372</strong></span> <span class='ocrx_word' id='word_1_25' title='bbox 895 932 1188 989; x_wconf 87' lang='lat' dir='ltr'><strong>Vernantis</strong></span> <span class='ocrx_word' id='word_1_26' title='bbox 1218 929 1368 985; x_wconf 80' lang='lat' dir='ltr'><strong>orbis</strong></span> <span class='ocrx_word' id='word_1_27' title='bbox 1390 927 1625 1000; x_wconf 72' lang='lat' dir='ltr'><strong>prodidit</strong></span> <span class='ocrx_word' id='word_1_28' title='bbox 1650 944 1667 984; x_wconf 90' lang='lat'><strong>:</strong></span> 
     </span>
    </p>
   </div>
   <div class='ocr_carea' id='block_1_9' title="bbox 708 1020 1561 1080">
    <p class='ocr_par' dir='ltr' id='par_1_9' title="bbox 708 1020 1561 1080">
     <span class='ocr_line' id='line_1_9' title="bbox 708 1020 1561 1080; baseline -0.004 0"><span class='ocrx_word' id='word_1_29' title='bbox 708 1026 841 1080; x_wconf 80' lang='lat' dir='ltr'><strong>Nam</strong></span> <span class='ocrx_word' id='word_1_30' title='bbox 873 1036 998 1080; x_wconf 90' lang='lat' dir='ltr'><strong>tunc</strong></span> <span class='ocrx_word' id='word_1_31' title='bbox 1028 1033 1247 1079; x_wconf 89' lang='lat' dir='ltr'><strong>renatus</strong></span> <span class='ocrx_word' id='word_1_32' title='bbox 1285 1020 1561 1079; x_wconf 89' lang='lat' dir='ltr'><strong>sordidum</strong></span> 
     </span>
    </p>
   </div>
   <div class='ocr_carea' id='block_1_10' title="bbox 712 1116 1501 1187">
    <p class='ocr_par' dir='ltr' id='par_1_10' title="bbox 712 1116 1501 1187">
     <span class='ocr_line' id='line_1_10' title="bbox 712 1116 1501 1187; baseline -0.004 -14"><span class='ocrx_word' id='word_1_33' title='bbox 712 1117 938 1173; x_wconf 79' lang='lat' dir='ltr'><strong>Mundus</strong></span> <span class='ocrx_word' id='word_1_34' title='bbox 967 1126 1245 1173; x_wconf 82' lang='lat' dir='ltr'><strong>veternum</strong></span> <span class='ocrx_word' id='word_1_35' title='bbox 1272 1116 1501 1187; x_wconf 75' lang='lat' dir='ltr'><strong>depulit.</strong></span> 
     </span>
    </p>
   </div>
   <div class='ocr_carea' id='block_1_11' title="bbox 462 1208 1343 1279">
    <p class='ocr_par' dir='ltr' id='par_1_11' title="bbox 462 1208 1343 1279">
     <span class='ocr_line' id='line_1_11' title="bbox 462 1208 1343 1279; baseline -0.003 -13"><span class='ocrx_word' id='word_1_36' title='bbox 462 1209 534 1266; x_wconf 75' lang='lat'><strong>65</strong></span> <span class='ocrx_word' id='word_1_37' title='bbox 646 1208 922 1279; x_wconf 82' lang='lat' dir='ltr'><strong>Sparsisse</strong></span> <span class='ocrx_word' id='word_1_38' title='bbox 945 1208 1192 1263; x_wconf 91' lang='lat' dir='ltr'><strong>tellurem</strong></span> <span class='ocrx_word' id='word_1_39' title='bbox 1220 1222 1343 1263; x_wconf 90' lang='lat' dir='ltr'><strong>reor</strong></span> 
     </span>
    </p>
   </div>
   <div class='ocr_carea' id='block_1_12' title="bbox 715 1298 1498 1362">
    <p class='ocr_par' dir='ltr' id='par_1_12' title="bbox 715 1298 1498 1362">
     <span class='ocr_line' id='line_1_12' title="bbox 715 1298 1498 1362; baseline -0.003 -7"><span class='ocrx_word' id='word_1_40' title='bbox 715 1300 825 1356; x_wconf 54' lang='lat' dir='ltr'><strong>Rus</strong></span> <span class='ocrx_word' id='word_1_41' title='bbox 850 1314 1010 1356; x_wconf 91' lang='lat' dir='ltr'><strong>omne</strong></span> <span class='ocrx_word' id='word_1_42' title='bbox 1042 1299 1225 1356; x_wconf 87' lang='lat' dir='ltr'><strong>densis</strong></span> <span class='ocrx_word' id='word_1_43' title='bbox 1257 1298 1498 1362; x_wconf 84' lang='lat' dir='ltr'><strong>ﬂoribus,</strong></span> 
     </span>
    </p>
   </div>
   <div class='ocr_carea' id='block_1_13' title="bbox 718 1390 1466 1462">
    <p class='ocr_par' dir='ltr' id='par_1_13' title="bbox 718 1390 1466 1462">
     <span class='ocr_line' id='line_1_13' title="bbox 718 1390 1466 1462; baseline -0.005 -15"><span class='ocrx_word' id='word_1_44' title='bbox 718 1392 972 1462; x_wconf 88' lang='lat' dir='ltr'><strong>lpsasque</strong></span> <span class='ocrx_word' id='word_1_45' title='bbox 1004 1406 1197 1447; x_wconf 84' lang='lat' dir='ltr'><strong>arenas</strong></span> <span class='ocrx_word' id='word_1_46' title='bbox 1227 1390 1466 1461; x_wconf 84' lang='lat' dir='ltr'><strong>Syrtium</strong></span> 
     </span>
    </p>
   </div>
   <div class='ocr_carea' id='block_1_14' title="bbox 725 1484 1553 1556">
    <p class='ocr_par' dir='ltr' id='par_1_14' title="bbox 725 1484 1553 1556">
     <span class='ocr_line' id='line_1_14' title="bbox 725 1484 1553 1556; baseline -0.004 -17"><span class='ocrx_word' id='word_1_47' title='bbox 725 1485 1010 1556; x_wconf 80' lang='lat' dir='ltr'><strong>Fragrasse</strong></span> <span class='ocrx_word' id='word_1_48' title='bbox 1037 1484 1224 1546; x_wconf 83' lang='lat' dir='ltr'><strong>nardo.</strong></span> <span class='ocrx_word' id='word_1_49' title='bbox 1247 1492 1300 1542; x_wconf 82' lang='lat' dir='ltr'><strong>et</strong></span> <span class='ocrx_word' id='word_1_50' title='bbox 1317 1490 1553 1539; x_wconf 81' lang='lat' dir='ltr'><strong>nectare.</strong></span> 
     </span>
    </p>
   </div>
   <div class='ocr_carea' id='block_1_15' title="bbox 1567 255 2621 315">
    <p class='ocr_par' dir='ltr' id='par_1_15' title="bbox 1567 255 2621 315">
     <span class='ocr_line' id='line_1_15' title="bbox 1567 255 2621 315; baseline -0.004 0"><span class='ocrx_word' id='word_1_51' title='bbox 1567 257 1839 315; x_wconf 75' lang='lat' dir='ltr'><strong>AURELII</strong></span> <span class='ocrx_word' id='word_1_52' title='bbox 1884 255 2251 314; x_wconf 76' lang='lat' dir='ltr'><strong>PRUDENTII</strong></span> <span class='ocrx_word' id='word_1_53' title='bbox 2289 256 2621 313; x_wconf 70' lang='lat' dir='ltr'><strong>C.\Rlll.\&#39;t\.</strong></span> 
     </span>
    </p>
   </div>
   <div class='ocr_carea' id='block_1_16' title="bbox 3636 260 3743 315">
    <p class='ocr_par' dir='ltr' id='par_1_16' title="bbox 3636 260 3743 315">
     <span class='ocr_line' id='line_1_16' title="bbox 3636 260 3743 315; baseline -0.037 0"><span class='ocrx_word' id='word_1_54' title='bbox 3636 260 3743 315; x_wconf 51' lang='lat'><strong>8‘36</strong></span> 
     </span>
    </p>
   </div>
   <div class='ocr_carea' id='block_1_17' title="bbox 2324 376 3159 442">
    <p class='ocr_par' dir='ltr' id='par_1_17' title="bbox 2324 376 3159 442">
     <span class='ocr_line' id='line_1_17' title="bbox 2324 376 3159 442; baseline -0.005 -11"><span class='ocrx_word' id='word_1_55' title='bbox 2324 376 2400 431; x_wconf 89' lang='lat' dir='ltr'><strong>Te</strong></span> <span class='ocrx_word' id='word_1_56' title='bbox 2420 385 2607 431; x_wconf 91' lang='lat' dir='ltr'><strong>cuncta</strong></span> <span class='ocrx_word' id='word_1_57' title='bbox 2639 384 2971 437; x_wconf 86' lang='lat' dir='ltr'><strong>nascentem,</strong></span> <span class='ocrx_word' id='word_1_58' title='bbox 3004 390 3159 442; x_wconf 79' lang='lat' dir='ltr'><strong>puer,</strong></span> 
     </span>
    </p>
   </div>
   <div class='ocr_carea' id='block_1_18' title="bbox 2153 467 3200 529">
    <p class='ocr_par' dir='ltr' id='par_1_18' title="bbox 2153 467 3200 529">
     <span class='ocr_line' id='line_1_18' title="bbox 2153 467 3200 529; baseline -0.002 -8"><span class='ocrx_word' id='word_1_59' title='bbox 2153 469 2220 522; x_wconf 84' lang='lat'><strong>70</strong></span> <span class='ocrx_word' id='word_1_60' title='bbox 2400 470 2632 522; x_wconf 62' lang='lat' dir='ltr'><strong>Sensere</strong></span> <span class='ocrx_word' id='word_1_61' title='bbox 2662 468 2816 529; x_wconf 78' lang='lat' dir='ltr'><strong>dura.</strong></span> <span class='ocrx_word' id='word_1_62' title='bbox 2847 476 2900 521; x_wconf 86' lang='lat' dir='ltr'><strong>ct</strong></span> <span class='ocrx_word' id='word_1_63' title='bbox 2931 467 3156 521; x_wconf 86' lang='lat' dir='ltr'><strong>barbara</strong></span> <span class='ocrx_word' id='word_1_64' title='bbox 3189 484 3200 519; x_wconf 92' lang='lat'><strong>:</strong></span> 
     </span>
    </p>
   </div>
   <div class='ocr_carea' id='block_1_19' title="bbox 2398 560 3145 631">
    <p class='ocr_par' dir='ltr' id='par_1_19' title="bbox 2398 560 3145 631">
     <span class='ocr_line' id='line_1_19' title="bbox 2398 560 3145 631; baseline -0.001 -17"><span class='ocrx_word' id='word_1_65' title='bbox 2398 560 2687 631; x_wconf 85' lang='lat' dir='ltr'><strong>Victnsque</strong></span> <span class='ocrx_word' id='word_1_66' title='bbox 2716 577 2968 618; x_wconf 79' lang='lat' dir='ltr'><strong>saxorum</strong></span> <span class='ocrx_word' id='word_1_67' title='bbox 3001 561 3145 629; x_wconf 85' lang='lat' dir='ltr'><strong>rigor</strong></span> 
     </span>
    </p>
   </div>
   <div class='ocr_carea' id='block_1_20' title="bbox 2398 652 3140 707">
    <p class='ocr_par' dir='ltr' id='par_1_20' title="bbox 2398 652 3140 707">
     <span class='ocr_line' id='line_1_20' title="bbox 2398 652 3140 707; baseline -0.004 0"><span class='ocrx_word' id='word_1_68' title='bbox 2398 652 2633 707; x_wconf 85' lang='lat' dir='ltr'><strong>Obduxit</strong></span> <span class='ocrx_word' id='word_1_69' title='bbox 2657 652 2876 707; x_wconf 72' lang='lat' dir='ltr'><strong>herbam</strong></span> <span class='ocrx_word' id='word_1_70' title='bbox 2905 652 3109 707; x_wconf 86' lang='lat' dir='ltr'><strong>cotihu-</strong></span> <span class='ocrx_word' id='word_1_71' title='bbox 3125 691 3140 704; x_wconf 97' lang='lat'><strong>.</strong></span> 
     </span>
    </p>
   </div>
   <div class='ocr_carea' id='block_1_21' title="bbox 2327 745 3233 814">
    <p class='ocr_par' dir='ltr' id='par_1_21' title="bbox 2327 745 3233 814">
     <span class='ocr_line' id='line_1_21' title="bbox 2327 745 3233 814; baseline -0.004 -11"><span class='ocrx_word' id='word_1_72' title='bbox 2327 746 2446 803; x_wconf 84' lang='lat' dir='ltr'><strong>Jam</strong></span> <span class='ocrx_word' id='word_1_73' title='bbox 2477 746 2635 801; x_wconf 90' lang='lat' dir='ltr'><strong>mella</strong></span> <span class='ocrx_word' id='word_1_74' title='bbox 2666 746 2735 801; x_wconf 91' lang='lat' dir='ltr'><strong>de</strong></span> <span class='ocrx_word' id='word_1_75' title='bbox 2761 746 3001 814; x_wconf 88' lang='lat' dir='ltr'><strong>scopulis</strong></span> <span class='ocrx_word' id='word_1_76' title='bbox 3023 745 3193 801; x_wconf 83' lang='lat' dir='ltr'><strong>ﬂuunt</strong></span> <span class='ocrx_word' id='word_1_77' title='bbox 3220 762 3233 799; x_wconf 91' lang='lat'>:</span> 
     </span>
    </p>
   </div>
   <div class='ocr_carea' id='block_1_22' title="bbox 2400 838 3031 895">
    <p class='ocr_par' dir='ltr' id='par_1_22' title="bbox 2400 838 3031 895">
     <span class='ocr_line' id='line_1_22' title="bbox 2400 838 3031 895; baseline -0.005 -1"><span class='ocrx_word' id='word_1_78' title='bbox 2400 838 2518 894; x_wconf 80' lang='lat' dir='ltr'><strong>Jam</strong></span> <span class='ocrx_word' id='word_1_79' title='bbox 2546 838 2719 895; x_wconf 85' lang='lat' dir='ltr'><strong>stillat</strong></span> <span class='ocrx_word' id='word_1_80' title='bbox 2743 838 2846 893; x_wconf 89' lang='lat' dir='ltr'><strong>ilex</strong></span> <span class='ocrx_word' id='word_1_81' title='bbox 2876 838 3031 893; x_wconf 86' lang='lat' dir='ltr'><strong>arido</strong></span> 
     </span>
    </p>
   </div>
   <div class='ocr_carea' id='block_1_23' title="bbox 2154 930 3173 1001">
    <p class='ocr_par' dir='ltr' id='par_1_23' title="bbox 2154 930 3173 1001">
     <span class='ocr_line' id='line_1_23' title="bbox 2154 930 3173 1001; baseline 0.001 -17"><span class='ocrx_word' id='word_1_82' title='bbox 2154 930 2223 986; x_wconf 84' lang='lat'><strong>75</strong></span> <span class='ocrx_word' id='word_1_83' title='bbox 2403 930 2620 987; x_wconf 87' lang='lat' dir='ltr'><strong>Sudans</strong></span> <span class='ocrx_word' id='word_1_84' title='bbox 2642 947 2913 987; x_wconf 81' lang='lat' dir='ltr'><strong>amomum</strong></span> <span class='ocrx_word' id='word_1_85' title='bbox 2944 930 3126 1001; x_wconf 75' lang='lat' dir='ltr'><strong>stipite</strong></span> <span class='ocrx_word' id='word_1_86' title='bbox 3158 948 3173 985; x_wconf 91' lang='lat'><strong>:</strong></span> 
     </span>
    </p>
   </div>
   <div class='ocr_carea' id='block_1_24' title="bbox 2405 1021 3239 1095">
    <p class='ocr_par' dir='ltr' id='par_1_24' title="bbox 2405 1021 3239 1095">
     <span class='ocr_line' id='line_1_24' title="bbox 2405 1021 3239 1095; baseline -0.004 -17"><span class='ocrx_word' id='word_1_87' title='bbox 2405 1021 2524 1078; x_wconf 83' lang='lat' dir='ltr'><strong>Jam</strong></span> <span class='ocrx_word' id='word_1_88' title='bbox 2554 1032 2681 1079; x_wconf 91' lang='lat' dir='ltr'><strong>sunt</strong></span> <span class='ocrx_word' id='word_1_89' title='bbox 2704 1022 2923 1095; x_wconf 82' lang='lat' dir='ltr'><strong>myricis</strong></span> <span class='ocrx_word' id='word_1_90' title='bbox 2951 1022 3211 1077; x_wconf 86' lang='lat' dir='ltr'><strong>balsama.</strong></span> <span class='ocrx_word' id='word_1_91' title='bbox 3238 1078 3239 1083; x_wconf 32' lang='grc' dir='ltr'><strong>η</strong></span> 
     </span>
    </p>
   </div>
   <div class='ocr_carea' id='block_1_25' title="bbox 2332 1116 2992 1187">
    <p class='ocr_par' dir='ltr' id='par_1_25' title="bbox 2332 1116 2992 1187">
     <span class='ocr_line' id='line_1_25' title="bbox 2332 1116 2992 1187; baseline -0.012 -13"><span class='ocrx_word' id='word_1_92' title='bbox 2332 1116 2377 1174; x_wconf 87' lang='grc'>0</span> <span class='ocrx_word' id='word_1_93' title='bbox 2401 1126 2587 1175; x_wconf 86' lang='lat' dir='ltr'><strong>sancta</strong></span> <span class='ocrx_word' id='word_1_94' title='bbox 2616 1116 2871 1187; x_wconf 67' lang='lat' dir='ltr'><strong>praesepis</strong></span> <span class='ocrx_word' id='word_1_95' title='bbox 2894 1116 2992 1184; x_wconf 81' lang='lat' dir='ltr'><strong>tui,</strong></span> 
     </span>
    </p>
   </div>
   <div class='ocr_carea' id='block_1_26' title="bbox 2407 1207 3280 1281">
    <p class='ocr_par' dir='ltr' id='par_1_26' title="bbox 2407 1207 3280 1281">
     <span class='ocr_line' id='line_1_26' title="bbox 2407 1207 3280 1281; baseline -0.009 -12"><span class='ocrx_word' id='word_1_96' title='bbox 2407 1209 2568 1281; x_wconf 79' lang='lat'><strong>373</strong></span> <span class='ocrx_word' id='word_1_97' title='bbox 2598 1207 2822 1263; x_wconf 57' lang='lat' dir='ltr'><strong>IEterne</strong></span> <span class='ocrx_word' id='word_1_98' title='bbox 2851 1223 2971 1272; x_wconf 90' lang='lat' dir='ltr'><strong>rex,</strong></span> <span class='ocrx_word' id='word_1_99' title='bbox 2995 1207 3280 1274; x_wconf 74' lang='lat' dir='ltr'><strong>cunabula,</strong></span> 
     </span>
    </p>
   </div>
   <div class='ocr_carea' id='block_1_27' title="bbox 2413 1299 3291 1373">
    <p class='ocr_par' dir='ltr' id='par_1_27' title="bbox 2413 1299 3291 1373">
     <span class='ocr_line' id='line_1_27' title="bbox 2413 1299 3291 1373; baseline -0.006 -14"><span class='ocrx_word' id='word_1_100' title='bbox 2413 1301 2737 1373; x_wconf 85' lang='lat' dir='ltr'><strong>Pepulisqne</strong></span> <span class='ocrx_word' id='word_1_101' title='bbox 2766 1315 2863 1371; x_wconf 88' lang='lat' dir='ltr'><strong>per</strong></span> <span class='ocrx_word' id='word_1_102' title='bbox 2886 1299 3107 1355; x_wconf 71' lang='lat' dir='ltr'><strong>steclum</strong></span> <span class='ocrx_word' id='word_1_103' title='bbox 3139 1314 3291 1355; x_wconf 87' lang='lat' dir='ltr'><strong>sacra</strong></span> 
     </span>
    </p>
   </div>
   <div class='ocr_carea' id='block_1_28' title="bbox 2162 1391 3068 1463">
    <p class='ocr_par' dir='ltr' id='par_1_28' title="bbox 2162 1391 3068 1463">
     <span class='ocr_line' id='line_1_28' title="bbox 2162 1391 3068 1463; baseline -0.008 -13"><span class='ocrx_word' id='word_1_104' title='bbox 2162 1394 2232 1450; x_wconf 93' lang='lat'><strong>80</strong></span> <span class='ocrx_word' id='word_1_105' title='bbox 2410 1393 2570 1451; x_wconf 82' lang='lat' dir='ltr'><strong>Mutis</strong></span> <span class='ocrx_word' id='word_1_106' title='bbox 2598 1402 2652 1450; x_wconf 93' lang='lat' dir='ltr'><strong>et</strong></span> <span class='ocrx_word' id='word_1_107' title='bbox 2678 1392 2812 1463; x_wconf 81' lang='lat' dir='ltr'><strong>ipsis</strong></span> <span class='ocrx_word' id='word_1_108' title='bbox 2839 1391 3068 1448; x_wconf 85' lang='lat' dir='ltr'><strong>credita.</strong></span> 
     </span>
    </p>
   </div>
   <div class='ocr_carea' id='block_1_29' title="bbox 2343 1483 3155 1553">
    <p class='ocr_par' dir='ltr' id='par_1_29' title="bbox 2343 1483 3155 1553">
     <span class='ocr_line' id='line_1_29' title="bbox 2343 1483 3155 1553; baseline -0.002 -12"><span class='ocrx_word' id='word_1_109' title='bbox 2343 1484 2548 1541; x_wconf 77' lang='lat' dir='ltr'><strong>Adorat</strong></span> <span class='ocrx_word' id='word_1_110' title='bbox 2577 1485 2693 1540; x_wconf 55' lang='lat' dir='ltr'><strong>haec</strong></span> <span class='ocrx_word' id='word_1_111' title='bbox 2722 1483 2938 1540; x_wconf 85' lang='lat' dir='ltr'><strong>brutum</strong></span> <span class='ocrx_word' id='word_1_112' title='bbox 2972 1496 3155 1553; x_wconf 83' lang='lat' dir='ltr'><strong>pecus,</strong></span> 
     </span>
    </p>
   </div>
   <div class='ocr_carea' id='block_1_30' title="bbox 1785 1599 2461 1659">
    <p class='ocr_par' dir='ltr' id='par_1_30' title="bbox 1785 1599 2461 1659">
     <span class='ocr_line' id='line_1_30' title="bbox 1785 1599 2461 1659; baseline -0.006 0"><span class='ocrx_word' id='word_1_113' title='bbox 1785 1599 2072 1659; x_wconf 66' lang='lat' dir='ltr'><strong>GLOSSE</strong></span> <span class='ocrx_word' id='word_1_114' title='bbox 2114 1600 2461 1658; x_wconf 79' lang='lat' dir='ltr'><strong>VETERES.</strong></span> 
     </span>
    </p>
   </div>
   <div class='ocr_carea' id='block_1_31' title="bbox 541 1757 1323 1829">
    <p class='ocr_par' dir='ltr' id='par_1_31' title="bbox 541 1757 1323 1829">
     <span class='ocr_line' id='line_1_31' title="bbox 541 1757 1323 1829; baseline -0.005 -13"><span class='ocrx_word' id='word_1_115' title='bbox 541 1760 631 1816; x_wconf 68' lang='lat'><strong>62.</strong></span> <span class='ocrx_word' id='word_1_116' title='bbox 665 1759 970 1828; x_wconf 84' lang='lat' dir='ltr'><strong>Vcrnantis,</strong></span> <span class='ocrx_word' id='word_1_117' title='bbox 992 1758 1245 1829; x_wconf 77' lang='lat' dir='ltr'><strong>ﬂorentis,</strong></span> <span class='ocrx_word' id='word_1_118' title='bbox 1280 1757 1323 1812; x_wconf 92' lang='lat' dir='ltr'><strong>l.</strong></span> 
     </span>
    </p>
   </div>
   <div class='ocr_carea' id='block_1_32' title="bbox 544 1828 2053 1901">
    <p class='ocr_par' dir='ltr' id='par_1_32' title="bbox 544 1828 2053 1901">
     <span class='ocr_line' id='line_1_32' title="bbox 544 1828 2053 1901; baseline -0.004 -13"><span class='ocrx_word' id='word_1_119' title='bbox 544 1831 635 1888; x_wconf 64' lang='lat'><strong>65.</strong></span> <span class='ocrx_word' id='word_1_120' title='bbox 670 1828 1285 1901; x_wconf 33' lang='lat' dir='ltr'><strong>Veternum,’peccatum,</strong></span> <span class='ocrx_word' id='word_1_121' title='bbox 1317 1836 1547 1885; x_wconf 70' lang='lat' dir='ltr'><strong>veternus</strong></span> <span class='ocrx_word' id='word_1_122' title='bbox 1589 1828 1821 1894; x_wconf 81' lang='lat' dir='ltr'><strong>morbus,</strong></span> <span class='ocrx_word' id='word_1_123' title='bbox 1849 1829 1941 1898; x_wconf 84' lang='lat' dir='ltr'><strong>qui</strong></span> <span class='ocrx_word' id='word_1_124' title='bbox 1967 1828 2053 1882; x_wconf 84' lang='lat' dir='ltr'><strong>in-</strong></span> 
     </span>
    </p>
   </div>
   <div class='ocr_carea' id='block_1_33' title="bbox 474 1900 1093 1966">
    <p class='ocr_par' dir='ltr' id='par_1_33' title="bbox 474 1900 1093 1966">
     <span class='ocr_line' id='line_1_33' title="bbox 474 1900 1093 1966; baseline -0.006 -9"><span class='ocrx_word' id='word_1_125' title='bbox 474 1911 795 1957; x_wconf 74' lang='lat' dir='ltr'><strong>tercutaneus</strong></span> <span class='ocrx_word' id='word_1_126' title='bbox 820 1900 1027 1966; x_wconf 79' lang='lat' dir='ltr'><strong>dicitur,</strong></span> <span class='ocrx_word' id='word_1_127' title='bbox 1054 1900 1093 1953; x_wconf 95' lang='grc' dir='ltr'><strong>Ι.</strong></span> 
     </span>
    </p>
   </div>
   <div class='ocr_carea' id='block_1_34' title="bbox 546 1968 1232 2042">
    <p class='ocr_par' dir='ltr' id='par_1_34' title="bbox 546 1968 1232 2042">
     <span class='ocr_line' id='line_1_34' title="bbox 546 1968 1232 2042; baseline -0.004 -17"><span class='ocrx_word' id='word_1_128' title='bbox 546 1972 634 2026; x_wconf 83' lang='grc'><strong>66.</strong></span> <span class='ocrx_word' id='word_1_129' title='bbox 660 1972 801 2042; x_wconf 77' lang='lat' dir='ltr'><strong>llus.</strong></span> <span class='ocrx_word' id='word_1_130' title='bbox 822 1972 1165 2042; x_wconf 73' lang='lat' dir='ltr'><strong>superﬁciem,</strong></span> <span class='ocrx_word' id='word_1_131' title='bbox 1191 1968 1232 2025; x_wconf 90' lang='grc'><strong>1.</strong></span> 
     </span>
    </p>
   </div>
   <div class='ocr_carea' id='block_1_35' title="bbox 546 2038 2057 2113">
    <p class='ocr_par' dir='ltr' id='par_1_35' title="bbox 546 2038 2057 2113">
     <span class='ocr_line' id='line_1_35' title="bbox 546 2038 2057 2113; baseline -0.003 -13"><span class='ocrx_word' id='word_1_132' title='bbox 546 2043 637 2100; x_wconf 82' lang='grc'><strong>68.</strong></span> <span class='ocrx_word' id='word_1_133' title='bbox 667 2038 896 2111; x_wconf 69' lang='lat' dir='ltr'><strong>Nardo,</strong></span> <span class='ocrx_word' id='word_1_134' title='bbox 949 2041 1314 2111; x_wconf 86' lang='lat' dir='ltr'><strong>pretiosissima</strong></span> <span class='ocrx_word' id='word_1_135' title='bbox 1362 2049 1646 2113; x_wconf 76' lang='lat' dir='ltr'><strong>unguento.</strong></span> <span class='ocrx_word' id='word_1_136' title='bbox 1694 2068 1765 2081; x_wconf 93' lang='lat'>—</span> <span class='ocrx_word' id='word_1_137' title='bbox 1804 2038 2057 2103; x_wconf 83' lang='lat' dir='ltr'><strong>Nectare,</strong></span> 
     </span>
    </p>
   </div>
   <div class='ocr_carea' id='block_1_36' title="bbox 2204 1757 2365 1823">
    <p class='ocr_par' dir='ltr' id='par_1_36' title="bbox 2204 1757 2365 1823">
     <span class='ocr_line' id='line_1_36' title="bbox 2204 1757 2365 1823; baseline 0.012 -12"><span class='ocrx_word' id='word_1_138' title='bbox 2204 1758 2287 1823; x_wconf 78' lang='lat' dir='ltr'><strong>de,</strong></span> <span class='ocrx_word' id='word_1_139' title='bbox 2319 1757 2365 1813; x_wconf 97' lang='grc'><strong>1.</strong></span> 
     </span>
    </p>
   </div>
   <div class='ocr_carea' id='block_1_37' title="bbox 2165 1759 2970 1896">
    <p class='ocr_par' dir='ltr' id='par_1_37' title="bbox 2165 1759 2970 1896">
     <span class='ocr_line' id='line_1_37' title="bbox 2165 1759 2365 1828; baseline 0.01 -17"><span class='ocrx_word' id='word_1_140' title='bbox 2165 1759 2287 1828; x_wconf 73' lang='lat' dir='ltr'><strong>fide,</strong></span> <span class='ocrx_word' id='word_1_141' title='bbox 2319 1759 2365 1813; x_wconf 96' lang='grc'><strong>1.</strong></span> 
     </span>
     <span class='ocr_line' id='line_1_38' title="bbox 2237 1826 2970 1896; baseline -0.001 -13"><span class='ocrx_word' id='word_1_142' title='bbox 2237 1829 2325 1883; x_wconf 78' lang='lat'><strong>7‘2.</strong></span> <span class='ocrx_word' id='word_1_143' title='bbox 2351 1826 2594 1891; x_wconf 77' lang='lat' dir='ltr'><strong>Cotibus,</strong></span> <span class='ocrx_word' id='word_1_144' title='bbox 2621 1827 2903 1896; x_wconf 81' lang='lat' dir='ltr'><strong>lapidibus,</strong></span> <span class='ocrx_word' id='word_1_145' title='bbox 2930 1828 2970 1882; x_wconf 93' lang='lat' dir='ltr'><strong>l.</strong></span> 
     </span>
    </p>
   </div>
   <div class='ocr_carea' id='block_1_38' title="bbox 2237 1898 2810 1968">
    <p class='ocr_par' dir='ltr' id='par_1_38' title="bbox 2237 1898 2810 1968">
     <span class='ocr_line' id='line_1_39' title="bbox 2237 1898 2810 1968; baseline 0 -15"><span class='ocrx_word' id='word_1_146' title='bbox 2237 1900 2327 1954; x_wconf 74' lang='grc' dir='ltr'><strong>τι.</strong></span> <span class='ocrx_word' id='word_1_147' title='bbox 2353 1900 2479 1965; x_wconf 88' lang='lat' dir='ltr'><strong>Ilex,</strong></span> <span class='ocrx_word' id='word_1_148' title='bbox 2510 1915 2743 1968; x_wconf 75' lang='lat' dir='ltr'><strong>quercus,</strong></span> <span class='ocrx_word' id='word_1_149' title='bbox 2769 1898 2810 1953; x_wconf 92' lang='grc' dir='ltr'><strong>Ι.</strong></span> 
     </span>
    </p>
   </div>
   <div class='ocr_carea' id='block_1_39' title="bbox 2238 1965 3219 2092">
    <p class='ocr_par' dir='ltr' id='par_1_39' title="bbox 2238 1965 3219 2092">
     <span class='ocr_line' id='line_1_40' title="bbox 2238 1965 3219 2092; baseline 0.001 -71"><span class='ocrx_word' id='word_1_150' title='bbox 2238 1970 2329 2026; x_wconf 84' lang='grc'><strong>75.</strong></span> <span class='ocrx_word' id='word_1_151' title='bbox 2362 1965 2665 2053; x_wconf 73' lang='lat' dir='ltr'><strong>Atnmuum,</strong></span> <span class='ocrx_word' id='word_1_152' title='bbox 2698 1985 2857 2052; x_wconf 54' lang='lat' dir='ltr'><strong>genus</strong></span> <span class='ocrx_word' id='word_1_153' title='bbox 2875 1969 3153 2092; x_wconf 50' lang='lat' dir='ltr'><strong>figmenti,</strong></span> <span class='ocrx_word' id='word_1_154' title='bbox 3173 1965 3219 2022; x_wconf 89' lang='grc'><strong>1.</strong></span> 
     </span>
     <span class='ocr_line' id='line_1_41' title="bbox 2238 2039 3219 2092; baseline 0 0"><span class='ocrx_word' id='word_1_155' title='bbox 2238 2040 2324 2092; x_wconf 88' lang='grc'><strong>76.</strong></span> <span class='ocrx_word' id='word_1_156' title='bbox 2356 2040 2593 2092; x_wconf 77' lang='lat' dir='ltr'><strong>Mvrtcts-</strong></span> <span class='ocrx_word' id='word_1_157' title='bbox 2617 2049 2847 2092; x_wconf 73' lang='lat' dir='ltr'><strong>aenrstaz.</strong></span> <span class='ocrx_word' id='word_1_158' title='bbox 2913 2039 3166 2092; x_wconf 81' lang='lat' dir='ltr'><strong>umtlltma</strong></span> <span class='ocrx_word' id='word_1_159' title='bbox 3190 2056 3219 2092; x_wconf 79' lang='grc' dir='ltr'><em>α</em></span> 
     </span>
    </p>
   </div>
   <div class='ocr_carea' id='block_1_40' title="bbox 2235 2038 3438 2112">
    <p class='ocr_par' dir='ltr' id='par_1_40' title="bbox 2235 2038 3438 2112">
     <span class='ocr_line' id='line_1_42' title="bbox 2235 2038 3438 2112; baseline 0 -19"><span class='ocrx_word' id='word_1_160' title='bbox 2235 2040 2324 2095; x_wconf 89' lang='grc'><strong>76.</strong></span> <span class='ocrx_word' id='word_1_161' title='bbox 2356 2040 2593 2112; x_wconf 76' lang='lat' dir='ltr'><strong>Myricis,</strong></span> <span class='ocrx_word' id='word_1_162' title='bbox 2616 2038 2847 2111; x_wconf 71' lang='lat' dir='ltr'><strong>genistaz,</strong></span> <span class='ocrx_word' id='word_1_163' title='bbox 2875 2038 3166 2095; x_wconf 75' lang='lat' dir='ltr'><strong>humillima</strong></span> <span class='ocrx_word' id='word_1_164' title='bbox 3190 2038 3363 2108; x_wconf 85' lang='lat' dir='ltr'><strong>arbor,</strong></span> <span class='ocrx_word' id='word_1_165' title='bbox 3394 2038 3438 2094; x_wconf 92' lang='lat' dir='ltr'><strong>l.</strong></span> 
     </span>
    </p>
   </div>
   <div class='ocr_carea' id='block_1_41' title="bbox 1822 2216 2388 2273">
    <p class='ocr_par' dir='ltr' id='par_1_41' title="bbox 1822 2216 2388 2273">
     <span class='ocr_line' id='line_1_43' title="bbox 1822 2216 2388 2273; baseline -0.002 -1"><span class='ocrx_word' id='word_1_166' title='bbox 1822 2216 2199 2272; x_wconf 60' lang='lat' dir='ltr'><strong>CD‘lMENTA</strong></span> <span class='ocrx_word' id='word_1_167' title='bbox 2211 2216 2388 2273; x_wconf 77' lang='lat' dir='ltr'><strong>RIUS.</strong></span> 
     </span>
    </p>
   </div>
   <div class='ocr_carea' id='block_1_42' title="bbox 547 2350 2060 2423">
    <p class='ocr_par' dir='ltr' id='par_1_42' title="bbox 547 2350 2060 2423">
     <span class='ocr_line' id='line_1_44' title="bbox 547 2350 2060 2423; baseline -0.005 -10"><span class='ocrx_word' id='word_1_168' title='bbox 547 2355 638 2413; x_wconf 83' lang='lat'><strong>56.</strong></span> <span class='ocrx_word' id='word_1_169' title='bbox 666 2355 720 2411; x_wconf 88' lang='lat' dir='ltr'><strong>ld</strong></span> <span class='ocrx_word' id='word_1_170' title='bbox 770 2354 966 2423; x_wconf 77' lang='lat' dir='ltr'><strong>pas~im</strong></span> <span class='ocrx_word' id='word_1_171' title='bbox 1011 2352 1107 2409; x_wconf 84' lang='lat' dir='ltr'><strong>SS.</strong></span> <span class='ocrx_word' id='word_1_172' title='bbox 1137 2351 1322 2407; x_wconf 78' lang='lat' dir='ltr'><strong>Patres</strong></span> <span class='ocrx_word' id='word_1_173' title='bbox 1350 2350 1641 2406; x_wconf 78' lang='lat' dir='ltr'><strong>afﬁrmant.</strong></span> <span class='ocrx_word' id='word_1_174' title='bbox 1675 2351 1891 2423; x_wconf 79' lang='lat' dir='ltr'><strong>Frustra</strong></span> <span class='ocrx_word' id='word_1_175' title='bbox 1926 2368 2060 2408; x_wconf 92' lang='lat' dir='ltr'><strong>non-</strong></span> 
     </span>
    </p>
   </div>
   <div class='ocr_carea' id='block_1_43' title="bbox 478 2422 2059 2485">
    <p class='ocr_par' dir='ltr' id='par_1_43' title="bbox 478 2422 2059 2485">
     <span class='ocr_line' id='line_1_45' title="bbox 478 2422 2059 2485; baseline -0.005 0"><span class='ocrx_word' id='word_1_176' title='bbox 478 2428 611 2485; x_wconf 88' lang='lat' dir='ltr'><strong>nulli</strong></span> <span class='ocrx_word' id='word_1_177' title='bbox 643 2422 953 2481; x_wconf 86' lang='lat' dir='ltr'><strong>heterodoxi</strong></span> <span class='ocrx_word' id='word_1_178' title='bbox 976 2424 1140 2478; x_wconf 89' lang='lat' dir='ltr'><strong>claris</strong></span> <span class='ocrx_word' id='word_1_179' title='bbox 1176 2434 1232 2479; x_wconf 89' lang='lat' dir='ltr'><strong>et</strong></span> <span class='ocrx_word' id='word_1_180' title='bbox 1263 2423 1559 2477; x_wconf 89' lang='lat' dir='ltr'><strong>innumeris</strong></span> <span class='ocrx_word' id='word_1_181' title='bbox 1582 2423 1681 2479; x_wconf 84' lang='lat' dir='ltr'><strong>SS.</strong></span> <span class='ocrx_word' id='word_1_182' title='bbox 1716 2422 1932 2477; x_wconf 88' lang='lat' dir='ltr'><strong>Patrum</strong></span> <span class='ocrx_word' id='word_1_183' title='bbox 1963 2439 2059 2477; x_wconf 89' lang='lat' dir='ltr'><strong>au-</strong></span> 
     </span>
    </p>
   </div>
   <div class='ocr_carea' id='block_1_44' title="bbox 478 2492 2059 2563">
    <p class='ocr_par' dir='ltr' id='par_1_44' title="bbox 478 2492 2059 2563">
     <span class='ocr_line' id='line_1_46' title="bbox 478 2492 2059 2563; baseline -0.004 -10"><span class='ocrx_word' id='word_1_184' title='bbox 478 2497 816 2553; x_wconf 86' lang='lat' dir='ltr'><strong>ctoritatibus</strong></span> <span class='ocrx_word' id='word_1_185' title='bbox 838 2511 933 2560; x_wconf 82' lang='lat' dir='ltr'><strong>pro</strong></span> <span class='ocrx_word' id='word_1_186' title='bbox 964 2493 1269 2561; x_wconf 79' lang='lat' dir='ltr'><strong>integritate</strong></span> <span class='ocrx_word' id='word_1_187' title='bbox 1298 2492 1531 2561; x_wconf 80' lang='lat' dir='ltr'><strong>Virginis</strong></span> <span class='ocrx_word' id='word_1_188' title='bbox 1562 2492 1615 2545; x_wconf 93' lang='lat' dir='ltr'><strong>in</strong></span> <span class='ocrx_word' id='word_1_189' title='bbox 1658 2503 1811 2559; x_wconf 87' lang='lat' dir='ltr'><strong>partu</strong></span> <span class='ocrx_word' id='word_1_190' title='bbox 1861 2508 2059 2563; x_wconf 87' lang='lat' dir='ltr'><strong>paucas</strong></span> 
     </span>
    </p>
   </div>
   <div class='ocr_carea' id='block_1_45' title="bbox 479 2563 2059 2694">
    <p class='ocr_par' dir='ltr' id='par_1_45' title="bbox 479 2563 2059 2694">
     <span class='ocr_line' id='line_1_47' title="bbox 479 2563 2059 2694; baseline -0.004 -72"><span class='ocrx_word' id='word_1_191' title='bbox 479 2569 615 2694; x_wconf 49' lang='lat' dir='ltr'><strong>flii)“</strong></span> <span class='ocrx_word' id='word_1_192' title='bbox 642 2576 699 2622; x_wconf 89' lang='lat' dir='ltr'><strong>et</strong></span> <span class='ocrx_word' id='word_1_193' title='bbox 717 2568 972 2690; x_wconf 58' lang='lat' dir='ltr'><strong>obicuras</strong></span> <span class='ocrx_word' id='word_1_194' title='bbox 1000 2572 1295 2634; x_wconf 84' lang='lat' dir='ltr'><strong>opponunt.</strong></span> <span class='ocrx_word' id='word_1_195' title='bbox 1320 2563 1451 2617; x_wconf 84' lang='lat' dir='ltr'><strong>Vide</strong></span> <span class='ocrx_word' id='word_1_196' title='bbox 1476 2563 1724 2617; x_wconf 86' lang='lat' dir='ltr'><strong>lluetium</strong></span> <span class='ocrx_word' id='word_1_197' title='bbox 1747 2565 2059 2634; x_wconf 83' lang='lat' dir='ltr'><strong>Origenim.</strong></span> 
     </span>
     <span class='ocr_line' id='line_1_48' title="bbox 507 2653 843 2694; baseline -0.012 -1"><span class='ocrx_word' id='word_1_198' title='bbox 507 2666 517 2693; x_wconf 83' lang='grc' dir='ltr'><strong>ι</strong></span> <span class='ocrx_word' id='word_1_199' title='bbox 564 2680 574 2691; x_wconf 92' lang='grc'><strong>.</strong></span> <span class='ocrx_word' id='word_1_200' title='bbox 614 2654 672 2694; x_wconf 87' lang='grc' dir='ltr'><strong>ιι.</strong></span> <span class='ocrx_word' id='word_1_201' title='bbox 705 2653 759 2694; x_wconf 75' lang='grc' dir='ltr'><strong>τι.</strong></span> <span class='ocrx_word' id='word_1_202' title='bbox 829 2676 843 2690; x_wconf 93' lang='grc'><strong>.</strong></span> 
     </span>
    </p>
   </div>
   <div class='ocr_carea' id='block_1_46' title="bbox 482 2641 843 2705">
    <p class='ocr_par' dir='ltr' id='par_1_46' title="bbox 482 2641 843 2705">
     <span class='ocr_line' id='line_1_49' title="bbox 482 2641 843 2705; baseline -0.017 -9"><span class='ocrx_word' id='word_1_203' title='bbox 482 2641 574 2696; x_wconf 82' lang='grc' dir='ltr'><strong>Μ).</strong></span> <span class='ocrx_word' id='word_1_204' title='bbox 614 2654 672 2702; x_wconf 82' lang='grc' dir='ltr'>ιι,</span> <span class='ocrx_word' id='word_1_205' title='bbox 705 2653 759 2705; x_wconf 94' lang='lat' dir='ltr'><strong>q.</strong></span> <span class='ocrx_word' id='word_1_206' title='bbox 788 2641 843 2690; x_wconf 69' lang='grc'><strong>4.</strong></span> 
     </span>
    </p>
   </div>
   <div class='ocr_carea' id='block_1_47' title="bbox 552 2702 1018 2771">
    <p class='ocr_par' dir='ltr' id='par_1_47' title="bbox 552 2702 1018 2771">
     <span class='ocr_line' id='line_1_50' title="bbox 552 2702 1018 2771; baseline -0.019 -5"><span class='ocrx_word' id='word_1_207' title='bbox 552 2709 646 2766; x_wconf 82' lang='lat'><strong>59.</strong></span> <span class='ocrx_word' id='word_1_208' title='bbox 677 2702 826 2763; x_wconf 64' lang='lat' dir='ltr'><strong>Isaiae</strong></span> <span class='ocrx_word' id='word_1_209' title='bbox 854 2720 931 2771; x_wconf 80' lang='lat' dir='ltr'><strong>rx,</strong></span> <span class='ocrx_word' id='word_1_210' title='bbox 963 2702 1018 2757; x_wconf 87' lang='lat'><strong>6.</strong></span> 
     </span>
    </p>
   </div>
   <div class='ocr_carea' id='block_1_48' title="bbox 555 2773 2062 2848">
    <p class='ocr_par' dir='ltr' id='par_1_48' title="bbox 555 2773 2062 2848">
     <span class='ocr_line' id='line_1_51' title="bbox 555 2773 2062 2848; baseline -0.003 -13"><span class='ocrx_word' id='word_1_211' title='bbox 555 2782 645 2835; x_wconf 89' lang='lat'><strong>60.</strong></span> <span class='ocrx_word' id='word_1_212' title='bbox 668 2779 1038 2848; x_wconf 82' lang='lat' dir='ltr'><strong>Congruenter</strong></span> <span class='ocrx_word' id='word_1_213' title='bbox 1061 2774 1155 2828; x_wconf 72' lang='lat' dir='ltr'><strong>lux</strong></span> <span class='ocrx_word' id='word_1_214' title='bbox 1180 2789 1342 2829; x_wconf 83' lang='lat' dir='ltr'><strong>aurea</strong></span> <span class='ocrx_word' id='word_1_215' title='bbox 1374 2773 1664 2844; x_wconf 81' lang='lat' dir='ltr'><strong>exponitur</strong></span> <span class='ocrx_word' id='word_1_216' title='bbox 1703 2791 1919 2830; x_wconf 75' lang='lat' dir='ltr'><strong>aureum</strong></span> <span class='ocrx_word' id='word_1_217' title='bbox 1964 2793 2062 2831; x_wconf 81' lang='lat' dir='ltr'><strong>ste-</strong></span> 
     </span>
    </p>
   </div>
   <div class='ocr_carea' id='block_1_49' title="bbox 482 2852 672 2906">
    <p class='ocr_par' dir='ltr' id='par_1_49' title="bbox 482 2852 672 2906">
     <span class='ocr_line' id='line_1_52' title="bbox 482 2852 672 2906; baseline -0.026 1"><span class='ocrx_word' id='word_1_218' title='bbox 482 2852 672 2906; x_wconf 84' lang='lat' dir='ltr'><strong>culum.</strong></span> 
     </span>
    </p>
   </div>
   <div class='ocr_carea' id='block_1_50' title="bbox 555 2915 1566 2987">
    <p class='ocr_par' dir='ltr' id='par_1_50' title="bbox 555 2915 1566 2987">
     <span class='ocr_line' id='line_1_53' title="bbox 555 2915 1566 2987; baseline -0.002 -12"><span class='ocrx_word' id='word_1_219' title='bbox 555 2923 646 2977; x_wconf 76' lang='lat'><strong>61.</strong></span> <span class='ocrx_word' id='word_1_220' title='bbox 677 2919 1021 2979; x_wconf 79' lang='lat' dir='ltr'><strong>Fortunatus,</strong></span> <span class='ocrx_word' id='word_1_221' title='bbox 1060 2915 1204 2987; x_wconf 84' lang='lat' dir='ltr'><strong>Vagit</strong></span> <span class='ocrx_word' id='word_1_222' title='bbox 1236 2915 1428 2986; x_wconf 79' lang='lat' dir='ltr'><strong>infans,</strong></span> <span class='ocrx_word' id='word_1_223' title='bbox 1460 2924 1566 2973; x_wconf 88' lang='lat' dir='ltr'><strong>etc.</strong></span> 
     </span>
    </p>
   </div>
   <div class='ocr_carea' id='block_1_51' title="bbox 552 2987 1514 3056">
    <p class='ocr_par' dir='ltr' id='par_1_51' title="bbox 552 2987 1514 3056">
     <span class='ocr_line' id='line_1_54' title="bbox 552 2987 1514 3056; baseline -0.008 -9"><span class='ocrx_word' id='word_1_224' title='bbox 552 2992 641 3047; x_wconf 62' lang='grc' dir='ltr'><strong>δὲ.</strong></span> <span class='ocrx_word' id='word_1_225' title='bbox 674 2992 790 3047; x_wconf 65' lang='lat' dir='ltr'><strong>(iis.</strong></span> <span class='ocrx_word' id='word_1_226' title='bbox 812 2989 878 3043; x_wconf 88' lang='lat' dir='ltr'><strong>ad</strong></span> <span class='ocrx_word' id='word_1_227' title='bbox 903 3002 1095 3056; x_wconf 88' lang='lat' dir='ltr'><strong>marg.,</strong></span> <span class='ocrx_word' id='word_1_228' title='bbox 1130 2987 1264 3040; x_wconf 89' lang='lat' dir='ltr'><strong>orbis</strong></span> <span class='ocrx_word' id='word_1_229' title='bbox 1290 2987 1514 3053; x_wconf 82' lang='lat' dir='ltr'><strong>protulit.</strong></span> 
     </span>
    </p>
   </div>
   <div class='ocr_carea' id='block_1_52' title="bbox 560 3058 1442 3125">
    <p class='ocr_par' dir='ltr' id='par_1_52' title="bbox 560 3058 1442 3125">
     <span class='ocr_line' id='line_1_55' title="bbox 560 3058 1442 3125; baseline -0.003 -9"><span class='ocrx_word' id='word_1_230' title='bbox 560 3064 647 3116; x_wconf 83' lang='lat'><strong>6&#39;5.</strong></span> <span class='ocrx_word' id='word_1_231' title='bbox 678 3062 800 3116; x_wconf 82' lang='lat' dir='ltr'><strong>Vat.</strong></span> <span class='ocrx_word' id='word_1_232' title='bbox 823 3062 888 3125; x_wconf 84' lang='lat' dir='ltr'><strong>A,</strong></span> <span class='ocrx_word' id='word_1_233' title='bbox 921 3058 1200 3117; x_wconf 75' lang='lat' dir='ltr'><strong>mendose.</strong></span> <span class='ocrx_word' id='word_1_234' title='bbox 1232 3058 1442 3113; x_wconf 78' lang='lat' dir='ltr'><strong>renatis.</strong></span> 
     </span>
    </p>
   </div>
   <div class='ocr_carea' id='block_1_53' title="bbox 555 3128 2064 3199">
    <p class='ocr_par' dir='ltr' id='par_1_53' title="bbox 555 3128 2064 3199">
     <span class='ocr_line' id='line_1_56' title="bbox 555 3128 2064 3199; baseline -0.003 -10"><span class='ocrx_word' id='word_1_235' title='bbox 555 3134 646 3189; x_wconf 83' lang='lat'><strong>65.</strong></span> <span class='ocrx_word' id='word_1_236' title='bbox 680 3131 842 3185; x_wconf 87' lang='lat' dir='ltr'><strong>Poeta</strong></span> <span class='ocrx_word' id='word_1_237' title='bbox 873 3128 1151 3192; x_wconf 86' lang='lat' dir='ltr'><strong>exscribit,</strong></span> <span class='ocrx_word' id='word_1_238' title='bbox 1172 3136 1229 3182; x_wconf 89' lang='lat' dir='ltr'><strong>et</strong></span> <span class='ocrx_word' id='word_1_239' title='bbox 1256 3136 1484 3183; x_wconf 81' lang='lat' dir='ltr'><strong>exornat</strong></span> <span class='ocrx_word' id='word_1_240' title='bbox 1504 3128 1787 3198; x_wconf 75' lang='lat' dir='ltr'><strong>allegorias</strong></span> <span class='ocrx_word' id='word_1_241' title='bbox 1814 3129 2064 3199; x_wconf 82' lang='lat' dir='ltr'><strong>prephc-</strong></span> 
     </span>
    </p>
   </div>
   <div class='ocr_carea' id='block_1_54' title="bbox 486 3199 2066 3270">
    <p class='ocr_par' dir='ltr' id='par_1_54' title="bbox 486 3199 2066 3270">
     <span class='ocr_line' id='line_1_57' title="bbox 486 3199 2066 3270; baseline -0.004 -11"><span class='ocrx_word' id='word_1_242' title='bbox 486 3213 682 3268; x_wconf 88' lang='lat' dir='ltr'><strong>tarum,</strong></span> <span class='ocrx_word' id='word_1_243' title='bbox 714 3200 831 3257; x_wconf 83' lang='lat' dir='ltr'><strong>.loel</strong></span> <span class='ocrx_word' id='word_1_244' title='bbox 860 3216 940 3264; x_wconf 84' lang='grc' dir='ltr'>ιιι,</span> <span class='ocrx_word' id='word_1_245' title='bbox 973 3200 1072 3270; x_wconf 75' lang='grc'><strong>18;</strong></span> <span class='ocrx_word' id='word_1_246' title='bbox 1097 3200 1261 3270; x_wconf 79' lang='lat' dir='ltr'><strong>Amos</strong></span> <span class='ocrx_word' id='word_1_247' title='bbox 1291 3213 1366 3263; x_wconf 68' lang='grc' dir='ltr'>ιι.</span> <span class='ocrx_word' id='word_1_248' title='bbox 1402 3199 1488 3254; x_wconf 76' lang='grc'><strong>15.</strong></span> <span class='ocrx_word' id='word_1_249' title='bbox 1521 3199 1838 3270; x_wconf 84' lang='lat' dir='ltr'><strong>Pervulgata</strong></span> <span class='ocrx_word' id='word_1_250' title='bbox 1860 3210 1914 3255; x_wconf 91' lang='lat' dir='ltr'><strong>et</strong></span> <span class='ocrx_word' id='word_1_251' title='bbox 1931 3215 2066 3256; x_wconf 76' lang='lat' dir='ltr'><strong>con-</strong></span> 
     </span>
    </p>
   </div>
   <div class='ocr_carea' id='block_1_55' title="bbox 489 3269 2068 3341">
    <p class='ocr_par' dir='ltr' id='par_1_55' title="bbox 489 3269 2068 3341">
     <span class='ocr_line' id='line_1_58' title="bbox 489 3269 2068 3341; baseline -0.003 -12"><span class='ocrx_word' id='word_1_252' title='bbox 489 3280 614 3330; x_wconf 91' lang='lat' dir='ltr'><strong>trita</strong></span> <span class='ocrx_word' id='word_1_253' title='bbox 641 3284 765 3329; x_wconf 81' lang='lat' dir='ltr'><strong>Sunt</strong></span> <span class='ocrx_word' id='word_1_254' title='bbox 793 3287 912 3341; x_wconf 66' lang='lat' dir='ltr'><strong>quae</strong></span> <span class='ocrx_word' id='word_1_255' title='bbox 942 3269 1193 3341; x_wconf 76' lang='lat' dir='ltr'><strong>Virgilius</strong></span> <span class='ocrx_word' id='word_1_256' title='bbox 1228 3284 1295 3324; x_wconf 93' lang='lat' dir='ltr'><strong>ex</strong></span> <span class='ocrx_word' id='word_1_257' title='bbox 1334 3270 1554 3341; x_wconf 64' lang='lat' dir='ltr'><strong>Sibyllae</strong></span> <span class='ocrx_word' id='word_1_258' title='bbox 1595 3269 1846 3325; x_wconf 80' lang='lat' dir='ltr'><strong>vaticinia</strong></span> <span class='ocrx_word' id='word_1_259' title='bbox 1872 3271 2068 3325; x_wconf 84' lang='lat' dir='ltr'><strong>cecinit</strong></span> 
     </span>
    </p>
   </div>
   <div class='ocr_carea' id='block_1_56' title="bbox 486 3340 2063 3416">
    <p class='ocr_par' dir='ltr' id='par_1_56' title="bbox 486 3340 2063 3416">
     <span class='ocr_line' id='line_1_59' title="bbox 486 3340 2063 3416; baseline -0.004 -15"><span class='ocrx_word' id='word_1_260' title='bbox 486 3346 671 3416; x_wconf 86' lang='lat' dir='ltr'><strong>ecloga</strong></span> <span class='ocrx_word' id='word_1_261' title='bbox 707 3346 740 3400; x_wconf 75' lang='grc' dir='ltr'><strong>ι</strong></span> <span class='ocrx_word' id='word_1_262' title='bbox 776 3340 1029 3396; x_wconf 53' lang='lat' dir='ltr'><strong>{Ultima</strong></span> <span class='ocrx_word' id='word_1_263' title='bbox 1074 3340 1268 3395; x_wconf 67' lang='lat' dir='ltr'><strong>Cumaei</strong></span> <span class='ocrx_word' id='word_1_264' title='bbox 1312 3341 1454 3416; x_wconf 66' lang='lat' dir='ltr'><strong>venit</strong></span> <span class='ocrx_word' id='word_1_265' title='bbox 1488 3344 1604 3416; x_wconf 74' lang='lat' dir='ltr'><strong>jam</strong></span> <span class='ocrx_word' id='word_1_266' title='bbox 1646 3343 1881 3395; x_wconf 77' lang='lat' dir='ltr'><strong>carminis</strong></span> <span class='ocrx_word' id='word_1_267' title='bbox 1918 3352 2063 3416; x_wconf 67' lang='lat' dir='ltr'><strong>tetas,</strong></span> 
     </span>
    </p>
   </div>
   <div class='ocr_carea' id='block_1_57' title="bbox 486 3412 2068 3541">
    <p class='ocr_par' dir='ltr' id='par_1_57' title="bbox 486 3412 2068 3541">
     <span class='ocr_line' id='line_1_60' title="bbox 486 3412 2068 3541; baseline -0.002 -71"><span class='ocrx_word' id='word_1_268' title='bbox 486 3412 636 3541; x_wconf 57' lang='lat' dir='ltr'><strong>fite,</strong></span> <span class='ocrx_word' id='word_1_269' title='bbox 672 3429 798 3537; x_wconf 41' lang='lat' dir='ltr'><strong>qua1</strong></span> <span class='ocrx_word' id='word_1_270' title='bbox 843 3426 966 3466; x_wconf 89' lang='lat' dir='ltr'><strong>cum</strong></span> <span class='ocrx_word' id='word_1_271' title='bbox 1010 3420 1180 3481; x_wconf 76' lang='lat' dir='ltr'><strong>poeta:</strong></span> <span class='ocrx_word' id='word_1_272' title='bbox 1221 3412 1392 3467; x_wconf 92' lang='lat' dir='ltr'><strong>nostri</strong></span> <span class='ocrx_word' id='word_1_273' title='bbox 1442 3414 1547 3467; x_wconf 87' lang='lat' dir='ltr'><strong>huc</strong></span> <span class='ocrx_word' id='word_1_274' title='bbox 1590 3413 1791 3483; x_wconf 81' lang='lat' dir='ltr'><strong>hymno</strong></span> <span class='ocrx_word' id='word_1_275' title='bbox 1833 3413 2068 3468; x_wconf 78' lang='lat' dir='ltr'><strong>conferri</strong></span> 
     </span>
     <span class='ocr_line' id='line_1_61' title="bbox 527 3499 815 3541; baseline -0.024 -1"><span class='ocrx_word' id='word_1_276' title='bbox 527 3501 643 3541; x_wconf 79' lang='lat' dir='ltr'><strong>urna</strong></span> <span class='ocrx_word' id='word_1_277' title='bbox 673 3499 770 3537; x_wconf 90' lang='lat' dir='ltr'><strong>sun</strong></span> <span class='ocrx_word' id='word_1_278' title='bbox 801 3520 815 3533; x_wconf 94' lang='lat'><strong>.</strong></span> 
     </span>
    </p>
   </div>
   <div class='ocr_carea' id='block_1_58' title="bbox 527 3488 815 3539">
    <p class='ocr_par' dir='ltr' id='par_1_58' title="bbox 527 3488 815 3539">
     <span class='ocr_line' id='line_1_62' title="bbox 527 3488 815 3539; baseline -0.021 0"><span class='ocrx_word' id='word_1_279' title='bbox 527 3488 643 3539; x_wconf 81' lang='lat' dir='ltr'><strong>iatna</strong></span> <span class='ocrx_word' id='word_1_280' title='bbox 673 3492 815 3537; x_wconf 91' lang='lat' dir='ltr'><strong>sunt.</strong></span> 
     </span>
    </p>
   </div>
   <div class='ocr_carea' id='block_1_59' title="bbox 527 3502 1466 3618">
    <p class='ocr_par' dir='ltr' id='par_1_59' title="bbox 527 3502 1466 3618">
     <span class='ocr_line' id='line_1_63' title="bbox 527 3502 815 3556; baseline -0.021 -17"><span class='ocrx_word' id='word_1_281' title='bbox 527 3502 643 3556; x_wconf 81' lang='lat' dir='ltr'><strong>tgna</strong></span> <span class='ocrx_word' id='word_1_282' title='bbox 673 3502 815 3537; x_wconf 83' lang='lat' dir='ltr'><strong>sunt.</strong></span> 
     </span>
     <span class='ocr_line' id='line_1_64' title="bbox 560 3551 1466 3618; baseline -0.009 -7"><span class='ocrx_word' id='word_1_283' title='bbox 560 3555 650 3611; x_wconf 72' lang='grc'><strong>66.</strong></span> <span class='ocrx_word' id='word_1_284' title='bbox 683 3552 853 3608; x_wconf 82' lang='lat' dir='ltr'><strong>Wtd..</strong></span> <span class='ocrx_word' id='word_1_285' title='bbox 878 3553 1050 3614; x_wconf 67' lang='lat' dir='ltr'><strong>dense,</strong></span> <span class='ocrx_word' id='word_1_286' title='bbox 1083 3564 1244 3618; x_wconf 70' lang='lat' dir='ltr'><strong>Supra</strong></span> <span class='ocrx_word' id='word_1_287' title='bbox 1272 3551 1466 3606; x_wconf 73' lang='lat' dir='ltr'><strong>densis.</strong></span> 
     </span>
    </p>
   </div>
   <div class='ocr_carea' id='block_1_60' title="bbox 560 3620 1954 3692">
    <p class='ocr_par' dir='ltr' id='par_1_60' title="bbox 560 3620 1954 3692">
     <span class='ocr_line' id='line_1_65' title="bbox 560 3620 1954 3692; baseline -0.003 -11"><span class='ocrx_word' id='word_1_288' title='bbox 560 3628 649 3681; x_wconf 85' lang='lat'><strong>67.</strong></span> <span class='ocrx_word' id='word_1_289' title='bbox 676 3625 821 3692; x_wconf 87' lang='lat' dir='ltr'><strong>Quas</strong></span> <span class='ocrx_word' id='word_1_290' title='bbox 843 3622 988 3692; x_wconf 83' lang='lat' dir='ltr'><strong>dicat</strong></span> <span class='ocrx_word' id='word_1_291' title='bbox 1017 3620 1217 3691; x_wconf 78' lang='lat' dir='ltr'><strong>Syrtes,</strong></span> <span class='ocrx_word' id='word_1_292' title='bbox 1242 3622 1361 3675; x_wconf 82' lang='lat' dir='ltr'><strong>vide</strong></span> <span class='ocrx_word' id='word_1_293' title='bbox 1390 3622 1589 3692; x_wconf 82' lang='lat' dir='ltr'><strong>hymno</strong></span> <span class='ocrx_word' id='word_1_294' title='bbox 1610 3622 1665 3686; x_wconf 91' lang='lat'><strong>7,</strong></span> <span class='ocrx_word' id='word_1_295' title='bbox 1688 3638 1832 3678; x_wconf 79' lang='lat' dir='ltr'><strong>vers.</strong></span> <span class='ocrx_word' id='word_1_296' title='bbox 1865 3624 1954 3680; x_wconf 76' lang='lat'><strong>30.</strong></span> 
     </span>
    </p>
   </div>
   <div class='ocr_carea' id='block_1_61' title="bbox 561 3691 2067 3760">
    <p class='ocr_par' dir='ltr' id='par_1_61' title="bbox 561 3691 2067 3760">
     <span class='ocr_line' id='line_1_66' title="bbox 561 3691 2067 3760; baseline -0.001 -10"><span class='ocrx_word' id='word_1_297' title='bbox 561 3698 649 3753; x_wconf 85' lang='lat'><strong>70.</strong></span> <span class='ocrx_word' id='word_1_298' title='bbox 676 3691 835 3749; x_wconf 84' lang='lat' dir='ltr'><strong>Notat</strong></span> <span class='ocrx_word' id='word_1_299' title='bbox 862 3691 1197 3756; x_wconf 79' lang='lat' dir='ltr'><strong>Buchnerus,</strong></span> <span class='ocrx_word' id='word_1_300' title='bbox 1251 3692 1567 3747; x_wconf 85' lang='lat' dir='ltr'><strong>vocabulum</strong></span> <span class='ocrx_word' id='word_1_301' title='bbox 1602 3694 1855 3748; x_wconf 79' lang='lat' dir='ltr'><strong>sentiendi</strong></span> <span class='ocrx_word' id='word_1_302' title='bbox 1902 3694 2067 3760; x_wconf 78' lang='lat' dir='ltr'><strong>maje-</strong></span> 
     </span>
    </p>
   </div>
   <div class='ocr_carea' id='block_1_62' title="bbox 491 3762 2069 3833">
    <p class='ocr_par' dir='ltr' id='par_1_62' title="bbox 491 3762 2069 3833">
     <span class='ocr_line' id='line_1_67' title="bbox 491 3762 2069 3833; baseline -0.001 -13"><span class='ocrx_word' id='word_1_303' title='bbox 491 3778 686 3823; x_wconf 83' lang='lat' dir='ltr'><strong>statem</strong></span> <span class='ocrx_word' id='word_1_304' title='bbox 715 3764 999 3833; x_wconf 82' lang='lat' dir='ltr'><strong>quamdam</strong></span> <span class='ocrx_word' id='word_1_305' title='bbox 1032 3762 1252 3824; x_wconf 75' lang='lat' dir='ltr'><strong>inferre,</strong></span> <span class='ocrx_word' id='word_1_306' title='bbox 1281 3762 1422 3832; x_wconf 86' lang='lat' dir='ltr'><strong>quod</strong></span> <span class='ocrx_word' id='word_1_307' title='bbox 1452 3763 1634 3819; x_wconf 76' lang='lat' dir='ltr'><strong>multis</strong></span> <span class='ocrx_word' id='word_1_308' title='bbox 1678 3765 1922 3821; x_wconf 83' lang='lat' dir='ltr'><strong>versibus</strong></span> <span class='ocrx_word' id='word_1_309' title='bbox 1964 3765 2069 3819; x_wconf 70' lang='grc' dir='ltr'><strong>Ηοα</strong></span> 
     </span>
    </p>
   </div>
   <div class='ocr_carea' id='block_1_63' title="bbox 493 3833 2071 3906">
    <p class='ocr_par' dir='ltr' id='par_1_63' title="bbox 493 3833 2071 3906">
     <span class='ocr_line' id='line_1_68' title="bbox 493 3833 2071 3906; baseline -0.003 -12"><span class='ocrx_word' id='word_1_310' title='bbox 493 3839 641 3903; x_wconf 88' lang='lat' dir='ltr'><strong>ratii,</strong></span> <span class='ocrx_word' id='word_1_311' title='bbox 671 3833 1189 3902; x_wconf 86' lang='lat' dir='ltr'><strong>0vidii,Claudiani,</strong></span> <span class='ocrx_word' id='word_1_312' title='bbox 1220 3833 1422 3889; x_wconf 87' lang='lat' dir='ltr'><strong>Sedulii</strong></span> <span class='ocrx_word' id='word_1_313' title='bbox 1445 3844 1499 3890; x_wconf 89' lang='lat' dir='ltr'><strong>et</strong></span> <span class='ocrx_word' id='word_1_314' title='bbox 1538 3836 1766 3892; x_wconf 88' lang='lat' dir='ltr'><strong>aliorum</strong></span> <span class='ocrx_word' id='word_1_315' title='bbox 1814 3851 2071 3906; x_wconf 81' lang='lat' dir='ltr'><strong>compro-</strong></span> 
     </span>
    </p>
   </div>
   <div class='ocr_carea' id='block_1_64' title="bbox 492 3910 669 3966">
    <p class='ocr_par' dir='ltr' id='par_1_64' title="bbox 492 3910 669 3966">
     <span class='ocr_line' id='line_1_69' title="bbox 492 3910 669 3966; baseline -0.017 0"><span class='ocrx_word' id='word_1_316' title='bbox 492 3910 669 3966; x_wconf 81' lang='lat' dir='ltr'><strong>batur.</strong></span> 
     </span>
    </p>
   </div>
   <div class='ocr_carea' id='block_1_65' title="bbox 566 3975 2071 4045">
    <p class='ocr_par' dir='ltr' id='par_1_65' title="bbox 566 3975 2071 4045">
     <span class='ocr_line' id='line_1_70' title="bbox 566 3975 2071 4045; baseline -0.002 -12"><span class='ocrx_word' id='word_1_317' title='bbox 566 3977 655 4035; x_wconf 72' lang='lat'><strong>72.</strong></span> <span class='ocrx_word' id='word_1_318' title='bbox 687 3977 943 4033; x_wconf 87' lang='lat' dir='ltr'><strong>Erasmus</strong></span> <span class='ocrx_word' id='word_1_319' title='bbox 969 3975 1293 4045; x_wconf 79' lang='lat' dir='ltr'><strong>suspicatur,</strong></span> <span class='ocrx_word' id='word_1_320' title='bbox 1325 3984 1537 4043; x_wconf 90' lang='lat' dir='ltr'><strong>poetam</strong></span> <span class='ocrx_word' id='word_1_321' title='bbox 1585 3977 1866 4044; x_wconf 85' lang='lat' dir='ltr'><strong>scripsisse</strong></span> <span class='ocrx_word' id='word_1_322' title='bbox 1897 3978 2071 4031; x_wconf 85' lang='lat' dir='ltr'><strong>canti-</strong></span> 
     </span>
    </p>
   </div>
   <div class='ocr_carea' id='block_1_66' title="bbox 493 4047 2075 4116">
    <p class='ocr_par' dir='ltr' id='par_1_66' title="bbox 493 4047 2075 4116">
     <span class='ocr_line' id='line_1_71' title="bbox 493 4047 2075 4116; baseline -0.003 -12"><span class='ocrx_word' id='word_1_323' title='bbox 493 4050 607 4104; x_wconf 88' lang='lat' dir='ltr'><strong>bus.</strong></span> <span class='ocrx_word' id='word_1_324' title='bbox 644 4049 839 4104; x_wconf 77' lang='lat' dir='ltr'><strong>Verum</strong></span> <span class='ocrx_word' id='word_1_325' title='bbox 866 4064 953 4102; x_wconf 84' lang='lat' dir='ltr'><strong>cos</strong></span> <span class='ocrx_word' id='word_1_326' title='bbox 984 4062 1083 4116; x_wconf 91' lang='lat' dir='ltr'><strong>pro</strong></span> <span class='ocrx_word' id='word_1_327' title='bbox 1127 4061 1259 4114; x_wconf 87' lang='lat' dir='ltr'><strong>rupe</strong></span> <span class='ocrx_word' id='word_1_328' title='bbox 1292 4047 1453 4100; x_wconf 88' lang='lat' dir='ltr'><strong>etiam</strong></span> <span class='ocrx_word' id='word_1_329' title='bbox 1495 4048 1756 4115; x_wconf 85' lang='lat' dir='ltr'><strong>accipitur</strong></span> <span class='ocrx_word' id='word_1_330' title='bbox 1789 4066 1801 4099; x_wconf 91' lang='lat'><strong>:</strong></span> <span class='ocrx_word' id='word_1_331' title='bbox 1833 4050 1911 4102; x_wconf 87' lang='lat' dir='ltr'><strong>sic</strong></span> <span class='ocrx_word' id='word_1_332' title='bbox 1944 4047 2075 4101; x_wconf 85' lang='lat' dir='ltr'><strong>Pro-</strong></span> 
     </span>
    </p>
   </div>
   <div class='ocr_carea' id='block_1_67' title="bbox 493 4117 2073 4188">
    <p class='ocr_par' dir='ltr' id='par_1_67' title="bbox 493 4117 2073 4188">
     <span class='ocr_line' id='line_1_72' title="bbox 493 4117 2073 4188; baseline -0.003 -13"><span class='ocrx_word' id='word_1_333' title='bbox 493 4121 719 4186; x_wconf 76' lang='lat' dir='ltr'><strong>pertius,</strong></span> <span class='ocrx_word' id='word_1_334' title='bbox 746 4120 889 4188; x_wconf 86' lang='lat' dir='ltr'><strong>eleg.</strong></span> <span class='ocrx_word' id='word_1_335' title='bbox 915 4118 970 4185; x_wconf 80' lang='lat'><strong>3,</strong></span> <span class='ocrx_word' id='word_1_336' title='bbox 1001 4119 1092 4173; x_wconf 87' lang='lat' dir='ltr'><strong>lib.</strong></span> <span class='ocrx_word' id='word_1_337' title='bbox 1131 4133 1144 4170; x_wconf 92' lang='grc' dir='ltr'><strong>ι</strong></span> <span class='ocrx_word' id='word_1_338' title='bbox 1178 4131 1192 4170; x_wconf 91' lang='lat'><strong>:</strong></span> <span class='ocrx_word' id='word_1_339' title='bbox 1237 4117 1420 4171; x_wconf 86' lang='lat' dir='ltr'><strong>Libera</strong></span> <span class='ocrx_word' id='word_1_340' title='bbox 1444 4120 1553 4187; x_wconf 85' lang='lat' dir='ltr'><strong>jam</strong></span> <span class='ocrx_word' id='word_1_341' title='bbox 1579 4119 1723 4172; x_wconf 87' lang='lat' dir='ltr'><strong>duris</strong></span> <span class='ocrx_word' id='word_1_342' title='bbox 1746 4118 1937 4172; x_wconf 83' lang='lat' dir='ltr'><strong>cotibus</strong></span> <span class='ocrx_word' id='word_1_343' title='bbox 1962 4118 2073 4171; x_wconf 80' lang='lat' dir='ltr'><strong>An-</strong></span> 
     </span>
    </p>
   </div>
   <div class='ocr_carea' id='block_1_68' title="bbox 493 4188 2072 4259">
    <p class='ocr_par' dir='ltr' id='par_1_68' title="bbox 493 4188 2072 4259">
     <span class='ocr_line' id='line_1_73' title="bbox 493 4188 2072 4259; baseline -0.001 -16"><span class='ocrx_word' id='word_1_344' title='bbox 493 4192 753 4245; x_wconf 81' lang='lat' dir='ltr'><strong>dromede.</strong></span> <span class='ocrx_word' id='word_1_345' title='bbox 811 4192 1123 4259; x_wconf 80' lang='lat' dir='ltr'><strong>Quanquam</strong></span> <span class='ocrx_word' id='word_1_346' title='bbox 1183 4197 1290 4241; x_wconf 86' lang='lat' dir='ltr'><strong>tam</strong></span> <span class='ocrx_word' id='word_1_347' title='bbox 1342 4189 1394 4242; x_wconf 94' lang='lat' dir='ltr'><strong>in</strong></span> <span class='ocrx_word' id='word_1_348' title='bbox 1458 4188 1750 4243; x_wconf 81' lang='lat' dir='ltr'><strong>Prudentia</strong></span> <span class='ocrx_word' id='word_1_349' title='bbox 1809 4204 1968 4258; x_wconf 89' lang='lat' dir='ltr'><strong>quam</strong></span> <span class='ocrx_word' id='word_1_350' title='bbox 2021 4190 2072 4242; x_wconf 93' lang='lat' dir='ltr'><strong>in</strong></span> 
     </span>
    </p>
   </div>
   <div class='ocr_carea' id='block_1_69' title="bbox 496 4259 2074 4330">
    <p class='ocr_par' dir='ltr' id='par_1_69' title="bbox 496 4259 2074 4330">
     <span class='ocr_line' id='line_1_74' title="bbox 496 4259 2074 4330; baseline -0.002 -14"><span class='ocrx_word' id='word_1_351' title='bbox 496 4261 774 4330; x_wconf 78' lang='lat' dir='ltr'><strong>Propertio</strong></span> <span class='ocrx_word' id='word_1_352' title='bbox 801 4259 995 4313; x_wconf 81' lang='lat' dir='ltr'><strong>cotibus</strong></span> <span class='ocrx_word' id='word_1_353' title='bbox 1027 4268 1202 4328; x_wconf 89' lang='lat' dir='ltr'><strong>potest</strong></span> <span class='ocrx_word' id='word_1_354' title='bbox 1242 4273 1363 4313; x_wconf 88' lang='lat' dir='ltr'><strong>esse</strong></span> <span class='ocrx_word' id='word_1_355' title='bbox 1388 4274 1418 4313; x_wconf 91' lang='lat' dir='ltr'><strong>a</strong></span> <span class='ocrx_word' id='word_1_356' title='bbox 1461 4268 1667 4327; x_wconf 76' lang='lat' dir='ltr'><strong>cautes;</strong></span> <span class='ocrx_word' id='word_1_357' title='bbox 1699 4274 1819 4313; x_wconf 90' lang='lat' dir='ltr'><strong>nam</strong></span> <span class='ocrx_word' id='word_1_358' title='bbox 1852 4276 1920 4311; x_wconf 89' lang='lat' dir='ltr'><strong>au</strong></span> <span class='ocrx_word' id='word_1_359' title='bbox 1950 4260 2002 4313; x_wconf 92' lang='lat' dir='ltr'><strong>in</strong></span> <span class='ocrx_word' id='word_1_360' title='bbox 2043 4276 2074 4313; x_wconf 88' lang='grc' dir='ltr'><strong><em>ο</em></strong></span> 
     </span>
    </p>
   </div>
   <div class='ocr_carea' id='block_1_70' title="bbox 494 4329 2014 4399">
    <p class='ocr_par' dir='ltr' id='par_1_70' title="bbox 494 4329 2014 4399">
     <span class='ocr_line' id='line_1_75' title="bbox 494 4329 2014 4399; baseline -0.003 -12"><span class='ocrx_word' id='word_1_361' title='bbox 494 4329 704 4387; x_wconf 73' lang='lat' dir='ltr'><strong>Veteres</strong></span> <span class='ocrx_word' id='word_1_362' title='bbox 729 4345 874 4399; x_wconf 62' lang='lat' dir='ltr'><strong>saepe</strong></span> <span class='ocrx_word' id='word_1_363' title='bbox 894 4330 1317 4393; x_wconf 80' lang='lat' dir='ltr'><strong>commutabant,</strong></span> <span class='ocrx_word' id='word_1_364' title='bbox 1346 4339 1402 4385; x_wconf 86' lang='lat' dir='ltr'><strong>ut</strong></span> <span class='ocrx_word' id='word_1_365' title='bbox 1432 4330 1613 4383; x_wconf 86' lang='lat' dir='ltr'><strong>clodtts</strong></span> <span class='ocrx_word' id='word_1_366' title='bbox 1645 4345 1741 4399; x_wconf 91' lang='lat' dir='ltr'><strong>pro</strong></span> <span class='ocrx_word' id='word_1_367' title='bbox 1778 4329 2014 4383; x_wconf 83' lang='lat' dir='ltr'><strong>claudus.</strong></span> 
     </span>
    </p>
   </div>
   <div class='ocr_carea' id='block_1_71' title="bbox 566 4400 2060 4468">
    <p class='ocr_par' dir='ltr' id='par_1_71' title="bbox 566 4400 2060 4468">
     <span class='ocr_line' id='line_1_76' title="bbox 566 4400 2060 4468; baseline -0.002 -12"><span class='ocrx_word' id='word_1_368' title='bbox 566 4404 653 4457; x_wconf 77' lang='grc'><strong>73.</strong></span> <span class='ocrx_word' id='word_1_369' title='bbox 686 4400 1078 4457; x_wconf 79' lang='lat' dir='ltr'><strong>Animadvertit</strong></span> <span class='ocrx_word' id='word_1_370' title='bbox 1110 4400 1381 4466; x_wconf 84' lang='lat' dir='ltr'><strong>Erasmus,</strong></span> <span class='ocrx_word' id='word_1_371' title='bbox 1431 4402 1548 4464; x_wconf 87' lang='lat' dir='ltr'><strong>plus</strong></span> <span class='ocrx_word' id='word_1_372' title='bbox 1577 4409 1817 4454; x_wconf 89' lang='lat' dir='ltr'><strong>nostrum</strong></span> <span class='ocrx_word' id='word_1_373' title='bbox 1849 4410 2060 4468; x_wconf 89' lang='lat' dir='ltr'><strong>poetam</strong></span> 
     </span>
    </p>
   </div>
   <div class='ocr_carea' id='block_1_72' title="bbox 496 4470 2070 4543">
    <p class='ocr_par' dir='ltr' id='par_1_72' title="bbox 496 4470 2070 4543">
     <span class='ocr_line' id='line_1_77' title="bbox 496 4470 2070 4543; baseline -0.002 -16"><span class='ocrx_word' id='word_1_374' title='bbox 496 4474 675 4528; x_wconf 83' lang='lat' dir='ltr'><strong>dicere</strong></span> <span class='ocrx_word' id='word_1_375' title='bbox 702 4486 863 4543; x_wconf 90' lang='lat' dir='ltr'><strong>quam</strong></span> <span class='ocrx_word' id='word_1_376' title='bbox 896 4471 1173 4543; x_wconf 85' lang='lat' dir='ltr'><strong>Virgilium</strong></span> <span class='ocrx_word' id='word_1_377' title='bbox 1201 4474 1382 4539; x_wconf 75' lang='lat' dir='ltr'><strong>ecloga</strong></span> <span class='ocrx_word' id='word_1_378' title='bbox 1413 4471 1507 4526; x_wconf 92' lang='lat' dir='ltr'><strong>cit.</strong></span> <span class='ocrx_word' id='word_1_379' title='bbox 1542 4488 1556 4525; x_wconf 87' lang='lat'><strong>:</strong></span> <span class='ocrx_word' id='word_1_380' title='bbox 1589 4470 1655 4525; x_wconf 86' lang='lat' dir='ltr'><strong>Et</strong></span> <span class='ocrx_word' id='word_1_381' title='bbox 1681 4472 1826 4527; x_wconf 79' lang='lat' dir='ltr'><strong>dura:</strong></span> <span class='ocrx_word' id='word_1_382' title='bbox 1851 4486 2070 4542; x_wconf 85' lang='lat' dir='ltr'><strong>quercus</strong></span> 
     </span>
    </p>
   </div>
   <div class='ocr_carea' id='block_1_73' title="bbox 497 4542 1181 4600">
    <p class='ocr_par' dir='ltr' id='par_1_73' title="bbox 497 4542 1181 4600">
     <span class='ocr_line' id='line_1_78' title="bbox 497 4542 1181 4600; baseline -0.004 0"><span class='ocrx_word' id='word_1_383' title='bbox 497 4544 751 4600; x_wconf 83' lang='lat' dir='ltr'><strong>sudabunt</strong></span> <span class='ocrx_word' id='word_1_384' title='bbox 776 4543 977 4595; x_wconf 83' lang='lat' dir='ltr'><strong>roscida</strong></span> <span class='ocrx_word' id='word_1_385' title='bbox 1009 4542 1181 4597; x_wconf 82' lang='lat' dir='ltr'><strong>mella.</strong></span> 
     </span>
    </p>
   </div>
   <div class='ocr_carea' id='block_1_74' title="bbox 569 4610 1424 4681">
    <p class='ocr_par' dir='ltr' id='par_1_74' title="bbox 569 4610 1424 4681">
     <span class='ocr_line' id='line_1_79' title="bbox 569 4610 1424 4681; baseline -0.006 -11"><span class='ocrx_word' id='word_1_386' title='bbox 569 4615 662 4670; x_wconf 77' lang='lat'><strong>75.</strong></span> <span class='ocrx_word' id='word_1_387' title='bbox 696 4613 817 4668; x_wconf 81' lang='lat' dir='ltr'><strong>Ald.</strong></span> <span class='ocrx_word' id='word_1_388' title='bbox 849 4620 905 4667; x_wconf 83' lang='lat' dir='ltr'><strong>et</strong></span> <span class='ocrx_word' id='word_1_389' title='bbox 937 4612 1120 4674; x_wconf 80' lang='lat' dir='ltr'><strong>Fabr.,</strong></span> <span class='ocrx_word' id='word_1_390' title='bbox 1154 4610 1207 4665; x_wconf 79' lang='lat' dir='ltr'><strong>in</strong></span> <span class='ocrx_word' id='word_1_391' title='bbox 1232 4611 1424 4681; x_wconf 80' lang='lat' dir='ltr'><strong>stipite.</strong></span> 
     </span>
    </p>
   </div>
   <div class='ocr_carea' id='block_1_75' title="bbox 568 4681 1640 4752">
    <p class='ocr_par' dir='ltr' id='par_1_75' title="bbox 568 4681 1640 4752">
     <span class='ocr_line' id='line_1_80' title="bbox 568 4681 1640 4752; baseline 0 -15"><span class='ocrx_word' id='word_1_392' title='bbox 568 4685 659 4738; x_wconf 81' lang='lat'><strong>76.</strong></span> <span class='ocrx_word' id='word_1_393' title='bbox 693 4683 748 4736; x_wconf 92' lang='lat' dir='ltr'><strong>lu</strong></span> <span class='ocrx_word' id='word_1_394' title='bbox 775 4683 953 4751; x_wconf 88' lang='lat' dir='ltr'><strong>Egm.,</strong></span> <span class='ocrx_word' id='word_1_395' title='bbox 979 4683 1332 4752; x_wconf 48' lang='lat' dir='ltr'><strong>suntingrris,</strong></span> <span class='ocrx_word' id='word_1_396' title='bbox 1366 4681 1640 4738; x_wconf 88' lang='lat' dir='ltr'><strong>mendum.</strong></span> 
     </span>
    </p>
   </div>
   <div class='ocr_carea' id='block_1_76' title="bbox 570 4751 2070 4821">
    <p class='ocr_par' dir='ltr' id='par_1_76' title="bbox 570 4751 2070 4821">
     <span class='ocr_line' id='line_1_81' title="bbox 570 4751 2070 4821; baseline 0 -14"><span class='ocrx_word' id='word_1_397' title='bbox 570 4753 661 4807; x_wconf 84' lang='grc'><strong>77.</strong></span> <span class='ocrx_word' id='word_1_398' title='bbox 689 4752 806 4809; x_wconf 86' lang='lat' dir='ltr'><strong>Gis.</strong></span> <span class='ocrx_word' id='word_1_399' title='bbox 842 4758 863 4806; x_wconf 80' lang='lat' dir='ltr'><strong>l</strong></span> <span class='ocrx_word' id='word_1_400' title='bbox 890 4752 1044 4815; x_wconf 89' lang='lat' dir='ltr'><strong>edit.,</strong></span> <span class='ocrx_word' id='word_1_401' title='bbox 1080 4751 1302 4813; x_wconf 78' lang='lat' dir='ltr'><strong>Weitz.,</strong></span> <span class='ocrx_word' id='word_1_402' title='bbox 1330 4762 1418 4805; x_wconf 85' lang='lat' dir='ltr'><strong>tua</strong></span> <span class='ocrx_word' id='word_1_403' title='bbox 1448 4768 1544 4821; x_wconf 89' lang='lat' dir='ltr'><strong>pro</strong></span> <span class='ocrx_word' id='word_1_404' title='bbox 1574 4755 1669 4808; x_wconf 89' lang='lat' dir='ltr'><strong>tui.</strong></span> <span class='ocrx_word' id='word_1_405' title='bbox 1702 4751 2070 4819; x_wconf 83' lang='lat' dir='ltr'><strong>Aldus,codd.</strong></span> 
     </span>
    </p>
   </div>
   <div class='ocr_carea' id='block_1_77' title="bbox 501 4823 2076 4889">
    <p class='ocr_par' dir='ltr' id='par_1_77' title="bbox 501 4823 2076 4889">
     <span class='ocr_line' id='line_1_82' title="bbox 501 4823 2076 4889; baseline 0.001 -11"><span class='ocrx_word' id='word_1_406' title='bbox 501 4823 714 4889; x_wconf 82' lang='lat' dir='ltr'><strong>lleins.,</strong></span> <span class='ocrx_word' id='word_1_407' title='bbox 736 4832 793 4878; x_wconf 91' lang='lat' dir='ltr'><strong>et</strong></span> <span class='ocrx_word' id='word_1_408' title='bbox 818 4825 987 4876; x_wconf 86' lang='lat' dir='ltr'><strong>nostri</strong></span> <span class='ocrx_word' id='word_1_409' title='bbox 1017 4836 1227 4884; x_wconf 85' lang='lat' dir='ltr'><strong>omnes,</strong></span> <span class='ocrx_word' id='word_1_410' title='bbox 1251 4833 1359 4875; x_wconf 89' lang='lat' dir='ltr'><strong>tua.</strong></span> <span class='ocrx_word' id='word_1_411' title='bbox 1386 4824 1564 4879; x_wconf 83' lang='lat' dir='ltr'><strong>Monet</strong></span> <span class='ocrx_word' id='word_1_412' title='bbox 1592 4824 1928 4888; x_wconf 88' lang='lat' dir='ltr'><strong>Buchnerus,</strong></span> <span class='ocrx_word' id='word_1_413' title='bbox 1954 4839 2076 4889; x_wconf 84' lang='lat' dir='ltr'><strong>poe-</strong></span> 
     </span>
    </p>
   </div>
   <div class='ocr_carea' id='block_1_78' title="bbox 499 4891 2070 4963">
    <p class='ocr_par' dir='ltr' id='par_1_78' title="bbox 499 4891 2070 4963">
     <span class='ocr_line' id='line_1_83' title="bbox 499 4891 2070 4963; baseline -0.002 -12"><span class='ocrx_word' id='word_1_414' title='bbox 499 4903 610 4951; x_wconf 86' lang='lat' dir='ltr'><strong>tam</strong></span> <span class='ocrx_word' id='word_1_415' title='bbox 637 4908 701 4948; x_wconf 89' lang='lat' dir='ltr'><strong>ex</strong></span> <span class='ocrx_word' id='word_1_416' title='bbox 730 4892 987 4963; x_wconf 82' lang='lat' dir='ltr'><strong>temporis</strong></span> <span class='ocrx_word' id='word_1_417' title='bbox 1013 4892 1096 4946; x_wconf 91' lang='lat' dir='ltr'><strong>sui</strong></span> <span class='ocrx_word' id='word_1_418' title='bbox 1133 4891 1342 4963; x_wconf 85' lang='lat' dir='ltr'><strong>ratione</strong></span> <span class='ocrx_word' id='word_1_419' title='bbox 1370 4896 1664 4963; x_wconf 61' lang='lat' dir='ltr'><strong>praedicere</strong></span> <span class='ocrx_word' id='word_1_420' title='bbox 1695 4904 2070 4960; x_wconf 76' lang='lat' dir='ltr'><strong>reverentiam,</strong></span> 
     </span>
    </p>
   </div>
   <div class='ocr_carea' id='block_1_79' title="bbox 500 4961 2073 5033">
    <p class='ocr_par' dir='ltr' id='par_1_79' title="bbox 500 4961 2073 5033">
     <span class='ocr_line' id='line_1_84' title="bbox 500 4961 2073 5033; baseline -0.001 -14"><span class='ocrx_word' id='word_1_421' title='bbox 500 4979 623 5033; x_wconf 69' lang='lat' dir='ltr'><strong>quae</strong></span> <span class='ocrx_word' id='word_1_422' title='bbox 652 4964 875 5033; x_wconf 74' lang='lat' dir='ltr'><strong>prtesepi</strong></span> <span class='ocrx_word' id='word_1_423' title='bbox 910 4961 1117 5033; x_wconf 78' lang='lat' dir='ltr'><strong>Domini</strong></span> <span class='ocrx_word' id='word_1_424' title='bbox 1146 4962 1337 5033; x_wconf 81' lang='lat' dir='ltr'><strong>futuris</strong></span> <span class='ocrx_word' id='word_1_425' title='bbox 1374 4961 1589 5019; x_wconf 68' lang='lat' dir='ltr'><strong>smculis</strong></span> <span class='ocrx_word' id='word_1_426' title='bbox 1618 4976 1761 5019; x_wconf 87' lang='lat' dir='ltr'><strong>esset</strong></span> <span class='ocrx_word' id='word_1_427' title='bbox 1805 4963 2073 5019; x_wconf 87' lang='lat' dir='ltr'><strong>habenda.</strong></span> 
     </span>
    </p>
   </div>
   <div class='ocr_carea' id='block_1_80' title="bbox 502 5032 2073 5103">
    <p class='ocr_par' dir='ltr' id='par_1_80' title="bbox 502 5032 2073 5103">
     <span class='ocr_line' id='line_1_85' title="bbox 502 5032 2073 5103; baseline -0.001 -12"><span class='ocrx_word' id='word_1_428' title='bbox 502 5032 754 5091; x_wconf 82' lang='lat' dir='ltr'><strong>Fortasse</strong></span> <span class='ocrx_word' id='word_1_429' title='bbox 780 5032 1102 5103; x_wconf 83' lang='lat' dir='ltr'><strong>Prudentius</strong></span> <span class='ocrx_word' id='word_1_430' title='bbox 1128 5032 1299 5088; x_wconf 88' lang='lat' dir='ltr'><strong>solum</strong></span> <span class='ocrx_word' id='word_1_431' title='bbox 1328 5033 1500 5088; x_wconf 89' lang='lat' dir='ltr'><strong>innuit</strong></span> <span class='ocrx_word' id='word_1_432' title='bbox 1530 5036 1929 5090; x_wconf 87' lang='lat' dir='ltr'><strong>venerationem</strong></span> <span class='ocrx_word' id='word_1_433' title='bbox 1954 5050 2073 5103; x_wconf 70' lang='lat' dir='ltr'><strong>quas</strong></span> 
     </span>
    </p>
   </div>
   <div class='ocr_carea' id='block_1_81' title="bbox 500 5102 2076 5176">
    <p class='ocr_par' dir='ltr' id='par_1_81' title="bbox 500 5102 2076 5176">
     <span class='ocr_line' id='line_1_86' title="bbox 500 5102 2076 5176; baseline -0.003 -14"><span class='ocrx_word' id='word_1_434' title='bbox 500 5114 629 5162; x_wconf 90' lang='lat' dir='ltr'><strong>tunc</strong></span> <span class='ocrx_word' id='word_1_435' title='bbox 652 5106 880 5176; x_wconf 75' lang='lat' dir='ltr'><strong>prtesepi</strong></span> <span class='ocrx_word' id='word_1_436' title='bbox 914 5102 1124 5157; x_wconf 87' lang='lat' dir='ltr'><strong>Domini</strong></span> <span class='ocrx_word' id='word_1_437' title='bbox 1159 5103 1489 5176; x_wconf 83' lang='lat' dir='ltr'><strong>habebatur;</strong></span> <span class='ocrx_word' id='word_1_438' title='bbox 1532 5105 1648 5173; x_wconf 86' lang='lat' dir='ltr'><strong>ejus</strong></span> <span class='ocrx_word' id='word_1_439' title='bbox 1696 5113 1870 5160; x_wconf 87' lang='lat' dir='ltr'><strong>tamen</strong></span> <span class='ocrx_word' id='word_1_440' title='bbox 1916 5105 2076 5159; x_wconf 80' lang='lat' dir='ltr'><strong>verba</strong></span> 
     </span>
    </p>
   </div>
   <div class='ocr_carea' id='block_1_82' title="bbox 500 5174 2081 5244">
    <p class='ocr_par' dir='ltr' id='par_1_82' title="bbox 500 5174 2081 5244">
     <span class='ocr_line' id='line_1_87' title="bbox 500 5174 2081 5244; baseline -0.003 -11"><span class='ocrx_word' id='word_1_441' title='bbox 500 5174 893 5233; x_wconf 84' lang='lat' dir='ltr'><strong>accommodari</strong></span> <span class='ocrx_word' id='word_1_442' title='bbox 926 5183 1148 5244; x_wconf 88' lang='lat' dir='ltr'><strong>possunt</strong></span> <span class='ocrx_word' id='word_1_443' title='bbox 1176 5174 1240 5227; x_wconf 92' lang='lat' dir='ltr'><strong>ad</strong></span> <span class='ocrx_word' id='word_1_444' title='bbox 1271 5183 1453 5228; x_wconf 90' lang='lat' dir='ltr'><strong>nostra</strong></span> <span class='ocrx_word' id='word_1_445' title='bbox 1484 5185 1745 5243; x_wconf 87' lang='lat' dir='ltr'><strong>tempora.</strong></span> <span class='ocrx_word' id='word_1_446' title='bbox 1793 5176 1942 5230; x_wconf 85' lang='lat' dir='ltr'><strong>Nunc</strong></span> <span class='ocrx_word' id='word_1_447' title='bbox 1975 5176 2081 5229; x_wconf 71' lang='lat' dir='ltr'><strong>lto-</strong></span> 
     </span>
    </p>
   </div>
   <div class='ocr_carea' id='block_1_83' title="bbox 499 5245 2080 5316">
    <p class='ocr_par' dir='ltr' id='par_1_83' title="bbox 499 5245 2080 5316">
     <span class='ocr_line' id='line_1_88' title="bbox 499 5245 2080 5316; baseline -0.002 -12"><span class='ocrx_word' id='word_1_448' title='bbox 499 5263 603 5304; x_wconf 69' lang='lat' dir='ltr'><strong>mze</strong></span> <span class='ocrx_word' id='word_1_449' title='bbox 623 5245 925 5303; x_wconf 91' lang='lat' dir='ltr'><strong>ostenditur</strong></span> <span class='ocrx_word' id='word_1_450' title='bbox 947 5260 1185 5316; x_wconf 64' lang='lat' dir='ltr'><strong>priesepe</strong></span> <span class='ocrx_word' id='word_1_451' title='bbox 1207 5245 1459 5316; x_wconf 80' lang='lat' dir='ltr'><strong>ligneum,</strong></span> <span class='ocrx_word' id='word_1_452' title='bbox 1480 5261 1779 5315; x_wconf 81' lang='lat' dir='ltr'><strong>magnoque</strong></span> <span class='ocrx_word' id='word_1_453' title='bbox 1801 5248 1851 5300; x_wconf 91' lang='lat' dir='ltr'><strong>in</strong></span> <span class='ocrx_word' id='word_1_454' title='bbox 1877 5246 2080 5301; x_wconf 84' lang='lat' dir='ltr'><strong>honore</strong></span> 
     </span>
    </p>
   </div>
   <div class='ocr_carea' id='block_1_84' title="bbox 500 5317 2081 5386">
    <p class='ocr_par' dir='ltr' id='par_1_84' title="bbox 500 5317 2081 5386">
     <span class='ocr_line' id='line_1_89' title="bbox 500 5317 2081 5386; baseline -0.001 -12"><span class='ocrx_word' id='word_1_455' title='bbox 500 5328 606 5385; x_wconf 89' lang='lat' dir='ltr'><strong>est,</strong></span> <span class='ocrx_word' id='word_1_456' title='bbox 635 5318 843 5373; x_wconf 82' lang='lat' dir='ltr'><strong>favente</strong></span> <span class='ocrx_word' id='word_1_457' title='bbox 870 5319 1041 5385; x_wconf 88' lang='lat' dir='ltr'><strong>prisca</strong></span> <span class='ocrx_word' id='word_1_458' title='bbox 1070 5317 1388 5382; x_wconf 79' lang='lat' dir='ltr'><strong>traditione;</strong></span> <span class='ocrx_word' id='word_1_459' title='bbox 1425 5333 1583 5386; x_wconf 87' lang='lat' dir='ltr'><strong>quam</strong></span> <span class='ocrx_word' id='word_1_460' title='bbox 1618 5318 1795 5381; x_wconf 82' lang='lat' dir='ltr'><strong>inepte</strong></span> <span class='ocrx_word' id='word_1_461' title='bbox 1821 5319 2081 5372; x_wconf 82' lang='lat' dir='ltr'><strong>subruere</strong></span> 
     </span>
    </p>
   </div>
   <div class='ocr_carea' id='block_1_85' title="bbox 500 5387 2078 5457">
    <p class='ocr_par' dir='ltr' id='par_1_85' title="bbox 500 5387 2078 5457">
     <span class='ocr_line' id='line_1_90' title="bbox 500 5387 2078 5457; baseline 0.001 -13"><span class='ocrx_word' id='word_1_462' title='bbox 500 5398 725 5444; x_wconf 86' lang='lat' dir='ltr'><strong>conatur</strong></span> <span class='ocrx_word' id='word_1_463' title='bbox 754 5387 974 5444; x_wconf 90' lang='lat' dir='ltr'><strong>Samuel</strong></span> <span class='ocrx_word' id='word_1_464' title='bbox 1007 5388 1299 5456; x_wconf 79' lang='lat' dir='ltr'><strong>Basnagius</strong></span> <span class='ocrx_word' id='word_1_465' title='bbox 1325 5432 1338 5452; x_wconf 90' lang='lat'><strong>,</strong></span> <span class='ocrx_word' id='word_1_466' title='bbox 1382 5387 1581 5443; x_wconf 83' lang='lat' dir='ltr'><strong>Annal.</strong></span> <span class='ocrx_word' id='word_1_467' title='bbox 1630 5388 2078 5457; x_wconf 80' lang='lat' dir='ltr'><strong>politico-eccles.</strong></span> 
     </span>
    </p>
   </div>
   <div class='ocr_carea' id='block_1_86' title="bbox 500 5458 2077 5541">
    <p class='ocr_par' dir='ltr' id='par_1_86' title="bbox 500 5458 2077 5541">
     <span class='ocr_line' id='line_1_91' title="bbox 500 5458 2077 5541; baseline 0.001 -29"><span class='ocrx_word' id='word_1_468' title='bbox 500 5475 641 5514; x_wconf 82' lang='lat' dir='ltr'><strong>almo</strong></span> <span class='ocrx_word' id='word_1_469' title='bbox 660 5468 787 5541; x_wconf 63' lang='lat' dir='ltr'><strong>ante</strong></span> <span class='ocrx_word' id='word_1_470' title='bbox 816 5459 967 5541; x_wconf 76' lang='lat' dir='ltr'><strong>Dom.</strong></span> <span class='ocrx_word' id='word_1_471' title='bbox 1010 5458 1066 5541; x_wconf 62' lang='grc' dir='ltr'><strong>ξ,</strong></span> <span class='ocrx_word' id='word_1_472' title='bbox 1099 5474 1248 5513; x_wconf 84' lang='grc' dir='ltr'>ιιυιη.</span> <span class='ocrx_word' id='word_1_473' title='bbox 1276 5460 1367 5541; x_wconf 66' lang='grc' dir='ltr'><strong>ξι),</strong></span> <span class='ocrx_word' id='word_1_474' title='bbox 1395 5460 1515 5531; x_wconf 84' lang='lat' dir='ltr'><strong>quia</strong></span> <span class='ocrx_word' id='word_1_475' title='bbox 1553 5459 1916 5541; x_wconf 68' lang='lat' dir='ltr'><strong>Tertullianus</strong></span> <span class='ocrx_word' id='word_1_476' title='bbox 1940 5475 2077 5541; x_wconf 70' lang='lat' dir='ltr'><strong>pra:-</strong></span> 
     </span>
    </p>
   </div>
   <div class='ocr_carea' id='block_1_87' title="bbox 501 5528 2081 5670">
    <p class='ocr_par' dir='ltr' id='par_1_87' title="bbox 501 5528 2081 5670">
     <span class='ocr_line' id='line_1_92' title="bbox 501 5528 2079 5613; baseline 0.003 -32"><span class='ocrx_word' id='word_1_477' title='bbox 501 5543 629 5610; x_wconf 76' lang='lat' dir='ltr'><strong>sepe</strong></span> <span class='ocrx_word' id='word_1_478' title='bbox 658 5529 969 5611; x_wconf 44' lang='lat' dir='ltr'><strong>illud.vocat</strong></span> <span class='ocrx_word' id='word_1_479' title='bbox 999 5528 1212 5612; x_wconf 62' lang='lat' dir='ltr'><strong>durum,</strong></span> <span class='ocrx_word' id='word_1_480' title='bbox 1239 5528 1523 5613; x_wconf 23' lang='lat' dir='ltr'><strong>adeoque”</strong></span> <span class='ocrx_word' id='word_1_481' title='bbox 1549 5539 1606 5584; x_wconf 93' lang='lat' dir='ltr'><strong>ut</strong></span> <span class='ocrx_word' id='word_1_482' title='bbox 1635 5543 1825 5602; x_wconf 88' lang='lat' dir='ltr'><strong>argute</strong></span> <span class='ocrx_word' id='word_1_483' title='bbox 1865 5528 2079 5613; x_wconf 78' lang='lat' dir='ltr'><strong>conclu-</strong></span> 
     </span>
     <span class='ocr_line' id='line_1_93' title="bbox 501 5598 2081 5670; baseline 0.004 -21"><span class='ocrx_word' id='word_1_484' title='bbox 501 5598 599 5670; x_wconf 73' lang='lat' dir='ltr'><strong>dit,</strong></span> <span class='ocrx_word' id='word_1_485' title='bbox 637 5616 741 5654; x_wconf 91' lang='lat' dir='ltr'><strong>non</strong></span> <span class='ocrx_word' id='word_1_486' title='bbox 774 5600 1007 5669; x_wconf 82' lang='lat' dir='ltr'><strong>ligneum</strong></span> <span class='ocrx_word' id='word_1_487' title='bbox 1039 5598 1213 5668; x_wconf 81' lang='lat' dir='ltr'><strong>(quasi</strong></span> <span class='ocrx_word' id='word_1_488' title='bbox 1248 5601 1444 5667; x_wconf 83' lang='lat' dir='ltr'><strong>lignum</strong></span> <span class='ocrx_word' id='word_1_489' title='bbox 1482 5610 1553 5655; x_wconf 87' lang='lat' dir='ltr'><strong>stt</strong></span> <span class='ocrx_word' id='word_1_490' title='bbox 1582 5603 1788 5670; x_wconf 88' lang='lat' dir='ltr'><strong>molle),</strong></span> <span class='ocrx_word' id='word_1_491' title='bbox 1819 5602 1912 5655; x_wconf 88' lang='lat' dir='ltr'><strong>sed</strong></span> <span class='ocrx_word' id='word_1_492' title='bbox 1948 5603 2081 5669; x_wconf 84' lang='lat' dir='ltr'><strong>lapt-</strong></span> 
     </span>
    </p>
   </div>
   <div class='ocr_carea' id='block_1_88' title="bbox 502 5669 2079 5741">
    <p class='ocr_par' dir='ltr' id='par_1_88' title="bbox 502 5669 2079 5741">
     <span class='ocr_line' id='line_1_94' title="bbox 502 5669 2079 5741; baseline 0.003 -20"><span class='ocrx_word' id='word_1_493' title='bbox 502 5669 685 5741; x_wconf 83' lang='lat' dir='ltr'><strong>dcum.</strong></span> <span class='ocrx_word' id='word_1_494' title='bbox 706 5679 762 5741; x_wconf 83' lang='lat' dir='ltr'><strong>e_t</strong></span> <span class='ocrx_word' id='word_1_495' title='bbox 782 5671 904 5741; x_wconf 80' lang='lat' dir='ltr'><strong>quia</strong></span> <span class='ocrx_word' id='word_1_496' title='bbox 926 5682 1225 5741; x_wconf 86' lang='lat' dir='ltr'><strong>anonymus</strong></span> <span class='ocrx_word' id='word_1_497' title='bbox 1250 5673 1388 5741; x_wconf 86' lang='lat' dir='ltr'><strong>apud</strong></span> <span class='ocrx_word' id='word_1_498' title='bbox 1405 5669 1847 5741; x_wconf 74' lang='lat' dir='ltr'><strong>Chrysostomum</strong></span> <span class='ocrx_word' id='word_1_499' title='bbox 1872 5673 1923 5726; x_wconf 93' lang='lat' dir='ltr'><strong>in</strong></span> <span class='ocrx_word' id='word_1_500' title='bbox 1952 5673 2079 5728; x_wconf 84' lang='lat' dir='ltr'><strong>Luc.</strong></span> 
     </span>
    </p>
   </div>
   <div class='ocr_carea' id='block_1_89' title="bbox 504 5738 2085 5814">
    <p class='ocr_par' dir='ltr' id='par_1_89' title="bbox 504 5738 2085 5814">
     <span class='ocr_line' id='line_1_95' title="bbox 504 5738 2085 5814; baseline 0.003 -22"><span class='ocrx_word' id='word_1_501' title='bbox 504 5753 541 5793; x_wconf 89' lang='lat' dir='ltr'><strong>tt</strong></span> <span class='ocrx_word' id='word_1_502' title='bbox 572 5738 648 5792; x_wconf 82' lang='lat' dir='ltr'><strong>ait</strong></span> <span class='ocrx_word' id='word_1_503' title='bbox 680 5755 694 5790; x_wconf 87' lang='lat'><strong>:</strong></span> <span class='ocrx_word' id='word_1_504' title='bbox 721 5738 829 5796; x_wconf 87' lang='lat' dir='ltr'><strong>Pro</strong></span> <span class='ocrx_word' id='word_1_505' title='bbox 873 5738 1311 5797; x_wconf 52' lang='lat' dir='ltr'><strong>honore&#39;tulimus</strong></span> <span class='ocrx_word' id='word_1_506' title='bbox 1353 5738 1641 5811; x_wconf 67' lang='lat' dir='ltr'><strong>(praesepe)</strong></span> <span class='ocrx_word' id='word_1_507' title='bbox 1690 5743 1996 5814; x_wconf 71' lang='grc' dir='ltr'><strong>Ιιιιενὶιιιιιιι,⁵</strong></span> <span class='ocrx_word' id='word_1_508' title='bbox 2037 5752 2085 5796; x_wconf 88' lang='lat' dir='ltr'><strong>et</strong></span> 
     </span>
    </p>
   </div>
   <div class='ocr_carea' id='block_1_90' title="bbox 2103 4441 2149 4501">
    <p class='ocr_par' dir='ltr' id='par_1_90' title="bbox 2103 4441 2149 4501">
     <span class='ocr_line' id='line_1_96' title="bbox 2103 4441 2149 4501; baseline 0 0"><span class='ocrx_word' id='word_1_509' title='bbox 2103 4441 2149 4501; x_wconf 89' lang='grc' dir='ltr'><strong>Ι)</strong></span> 
     </span>
    </p>
   </div>
   <div class='ocr_carea' id='block_1_91' title="bbox 2167 2349 3758 2424">
    <p class='ocr_par' dir='ltr' id='par_1_91' title="bbox 2167 2349 3758 2424">
     <span class='ocr_line' id='line_1_97' title="bbox 2167 2349 3758 2424; baseline 0.005 -21"><span class='ocrx_word' id='word_1_510' title='bbox 2167 2354 2432 2423; x_wconf 70' lang='lat' dir='ltr'><strong>posuimus</strong></span> <span class='ocrx_word' id='word_1_511' title='bbox 2460 2360 2780 2424; x_wconf 81' lang='lat' dir='ltr'><strong>argenteum,</strong></span> <span class='ocrx_word' id='word_1_512' title='bbox 2814 2359 2883 2424; x_wconf 82' lang='lat' dir='ltr'><strong>et_</strong></span> <span class='ocrx_word' id='word_1_513' title='bbox 2908 2349 3233 2424; x_wconf 80' lang='lat' dir='ltr'><strong>Brocardus,</strong></span> <span class='ocrx_word' id='word_1_514' title='bbox 3263 2365 3359 2424; x_wconf 86' lang='lat' dir='ltr'><strong>seu</strong></span> <span class='ocrx_word' id='word_1_515' title='bbox 3401 2350 3758 2424; x_wconf 80' lang='lat' dir='ltr'><strong>Burcbardus</strong></span> 
     </span>
    </p>
   </div>
   <div class='ocr_carea' id='block_1_92' title="bbox 2164 2421 3762 2485">
    <p class='ocr_par' dir='ltr' id='par_1_92' title="bbox 2164 2421 3762 2485">
     <span class='ocr_line' id='line_1_98' title="bbox 2164 2421 3762 2485; baseline 0.001 -5"><span class='ocrx_word' id='word_1_516' title='bbox 2164 2421 2296 2480; x_wconf 83' lang='lat' dir='ltr'><strong>dicit</strong></span> <span class='ocrx_word' id='word_1_517' title='bbox 2320 2426 2371 2476; x_wconf 91' lang='lat' dir='ltr'><strong>in</strong></span> <span class='ocrx_word' id='word_1_518' title='bbox 2401 2421 2537 2485; x_wconf 64' lang='lat' dir='ltr'><strong>rupe&#39;</strong></span> <span class='ocrx_word' id='word_1_519' title='bbox 2555 2422 2801 2475; x_wconf 73' lang='lat' dir='ltr'><strong>excisum.</strong></span> <span class='ocrx_word' id='word_1_520' title='bbox 2854 2421 2969 2475; x_wconf 90' lang='lat' dir='ltr'><strong>Duo</strong></span> <span class='ocrx_word' id='word_1_521' title='bbox 3012 2421 3128 2476; x_wconf 60' lang='lat' dir='ltr'><strong>haec</strong></span> <span class='ocrx_word' id='word_1_522' title='bbox 3166 2423 3474 2477; x_wconf 88' lang='lat' dir='ltr'><strong>testimonia</strong></span> <span class='ocrx_word' id='word_1_523' title='bbox 3526 2426 3671 2480; x_wconf 88' lang='lat' dir='ltr'><strong>inter</strong></span> <span class='ocrx_word' id='word_1_524' title='bbox 3700 2442 3762 2481; x_wconf 82' lang='lat' dir='ltr'><strong>se</strong></span> 
     </span>
    </p>
   </div>
   <div class='ocr_carea' id='block_1_93' title="bbox 2167 2492 3765 2565">
    <p class='ocr_par' dir='ltr' id='par_1_93' title="bbox 2167 2492 3765 2565">
     <span class='ocr_line' id='line_1_99' title="bbox 2167 2492 3765 2565; baseline 0.001 -19"><span class='ocrx_word' id='word_1_525' title='bbox 2167 2502 2422 2565; x_wconf 77' lang='lat' dir='ltr'><strong>pugnant.</strong></span> <span class='ocrx_word' id='word_1_526' title='bbox 2446 2492 2701 2563; x_wconf 87' lang='lat' dir='ltr'><strong>Serryus,</strong></span> <span class='ocrx_word' id='word_1_527' title='bbox 2725 2492 2963 2565; x_wconf 78' lang='lat' dir='ltr'><strong>exercit.</strong></span> <span class='ocrx_word' id='word_1_528' title='bbox 2996 2493 3086 2555; x_wconf 75' lang='lat'><strong>30,</strong></span> <span class='ocrx_word' id='word_1_529' title='bbox 3120 2502 3269 2547; x_wconf 89' lang='lat' dir='ltr'><strong>recte</strong></span> <span class='ocrx_word' id='word_1_530' title='bbox 3309 2493 3491 2565; x_wconf 78' lang='lat' dir='ltr'><strong>docet.</strong></span> <span class='ocrx_word' id='word_1_531' title='bbox 3522 2505 3765 2551; x_wconf 87' lang='lat' dir='ltr'><strong>structu-</strong></span> 
     </span>
    </p>
   </div>
   <div class='ocr_carea' id='block_1_94' title="bbox 2167 2562 3758 2633">
    <p class='ocr_par' dir='ltr' id='par_1_94' title="bbox 2167 2562 3758 2633">
     <span class='ocr_line' id='line_1_100' title="bbox 2167 2562 3758 2633; baseline -0.001 -13"><span class='ocrx_word' id='word_1_532' title='bbox 2167 2562 2279 2621; x_wconf 81' lang='lat' dir='ltr'><strong>ram</strong></span> <span class='ocrx_word' id='word_1_533' title='bbox 2311 2580 2429 2633; x_wconf 72' lang='lat' dir='ltr'><strong>qua:</strong></span> <span class='ocrx_word' id='word_1_534' title='bbox 2452 2578 2693 2633; x_wconf 68' lang='lat' dir='ltr'><strong>prmsepe</strong></span> <span class='ocrx_word' id='word_1_535' title='bbox 2724 2562 2955 2633; x_wconf 86' lang='lat' dir='ltr'><strong>ligneum</strong></span> <span class='ocrx_word' id='word_1_536' title='bbox 2984 2565 3317 2628; x_wconf 72' lang='lat' dir='ltr'><strong>continebat,</strong></span> <span class='ocrx_word' id='word_1_537' title='bbox 3361 2563 3527 2619; x_wconf 76' lang='lat' dir='ltr'><strong>fuisse</strong></span> <span class='ocrx_word' id='word_1_538' title='bbox 3572 2567 3657 2620; x_wconf 75' lang='lat' dir='ltr'><strong>vel</strong></span> <span class='ocrx_word' id='word_1_539' title='bbox 3689 2569 3758 2618; x_wconf 84' lang='lat' dir='ltr'><strong>la-</strong></span> 
     </span>
    </p>
   </div>
   <div class='ocr_carea' id='block_1_95' title="bbox 2169 2632 3765 2706">
    <p class='ocr_par' dir='ltr' id='par_1_95' title="bbox 2169 2632 3765 2706">
     <span class='ocr_line' id='line_1_101' title="bbox 2169 2632 3765 2706; baseline 0.001 -18"><span class='ocrx_word' id='word_1_540' title='bbox 2169 2632 2405 2706; x_wconf 65' lang='lat' dir='ltr'><strong>pideam.</strong></span> <span class='ocrx_word' id='word_1_541' title='bbox 2437 2632 2519 2689; x_wconf 81' lang='lat' dir='ltr'><strong>vel</strong></span> <span class='ocrx_word' id='word_1_542' title='bbox 2546 2632 2855 2689; x_wconf 85' lang='lat' dir='ltr'><strong>lateritiam.</strong></span> <span class='ocrx_word' id='word_1_543' title='bbox 2892 2634 3294 2706; x_wconf 81' lang='lat' dir='ltr'><strong>Monumentum</strong></span> <span class='ocrx_word' id='word_1_544' title='bbox 3333 2636 3612 2706; x_wconf 86' lang='lat' dir='ltr'><strong>antiquum</strong></span> <span class='ocrx_word' id='word_1_545' title='bbox 3643 2652 3765 2689; x_wconf 57' lang='lat' dir='ltr'><strong>mu-</strong></span> 
     </span>
    </p>
   </div>
   <div class='ocr_carea' id='block_1_96' title="bbox 2169 2704 3765 2827">
    <p class='ocr_par' dir='ltr' id='par_1_96' title="bbox 2169 2704 3765 2827">
     <span class='ocr_line' id='line_1_102' title="bbox 2169 2704 3765 2827; baseline -0.001 -66"><span class='ocrx_word' id='word_1_546' title='bbox 2169 2704 2247 2760; x_wconf 82' lang='lat' dir='ltr'><strong>sei</strong></span> <span class='ocrx_word' id='word_1_547' title='bbox 2274 2706 2520 2775; x_wconf 84' lang='lat' dir='ltr'><strong>Borgiani</strong></span> <span class='ocrx_word' id='word_1_548' title='bbox 2552 2718 2794 2827; x_wconf 52' lang='lat' dir='ltr'><strong>praesepe</strong></span> <span class='ocrx_word' id='word_1_549' title='bbox 2836 2705 3071 2773; x_wconf 77' lang='lat' dir='ltr'><strong>ligneum</strong></span> <span class='ocrx_word' id='word_1_550' title='bbox 3116 2705 3272 2757; x_wconf 86' lang='lat' dir='ltr'><strong>nobis</strong></span> <span class='ocrx_word' id='word_1_551' title='bbox 3310 2704 3555 2760; x_wconf 82' lang='lat' dir='ltr'><strong>exhibet.</strong></span> <span class='ocrx_word' id='word_1_552' title='bbox 3604 2709 3765 2765; x_wconf 73' lang='lat' dir='ltr'><strong>Auno</strong></span> 
     </span>
     <span class='ocr_line' id='line_1_103' title="bbox 2170 2774 3762 2827; baseline 0 0"><span class='ocrx_word' id='word_1_553' title='bbox 2170 2777 2275 2827; x_wconf 67' lang='grc'><strong>612</strong></span> <span class='ocrx_word' id='word_1_554' title='bbox 2300 2779 2517 2827; x_wconf 80' lang='lat' dir='ltr'><strong>circiter</strong></span> <span class='ocrx_word' id='word_1_555' title='bbox 2541 2790 2609 2827; x_wconf 87' lang='lat' dir='ltr'><strong>ex</strong></span> <span class='ocrx_word' id='word_1_556' title='bbox 2642 2775 2729 2827; x_wconf 77' lang='lat' dir='ltr'><strong>Det</strong></span> <span class='ocrx_word' id='word_1_557' title='bbox 2777 2774 3081 2827; x_wconf 84' lang='lat' dir='ltr'><strong>lehetnitica</strong></span> <span class='ocrx_word' id='word_1_558' title='bbox 3110 2776 3361 2827; x_wconf 74' lang='lat' dir='ltr'><strong>Spelunca</strong></span> <span class='ocrx_word' id='word_1_559' title='bbox 3388 2789 3523 2827; x_wconf 85' lang='lat' dir='ltr'><strong>cuna</strong></span> <span class='ocrx_word' id='word_1_560' title='bbox 3548 2785 3603 2827; x_wconf 86' lang='lat' dir='ltr'><strong>et</strong></span> <span class='ocrx_word' id='word_1_561' title='bbox 3628 2794 3762 2827; x_wconf 73' lang='lat' dir='ltr'><strong>nm-</strong></span> 
     </span>
    </p>
   </div>
   <div class='ocr_carea' id='block_1_97' title="bbox 2170 2774 3762 2847">
    <p class='ocr_par' dir='ltr' id='par_1_97' title="bbox 2170 2774 3762 2847">
     <span class='ocr_line' id='line_1_104' title="bbox 2170 2774 3762 2847; baseline -0.001 -15"><span class='ocrx_word' id='word_1_562' title='bbox 2170 2777 2275 2832; x_wconf 66' lang='grc'><strong>612</strong></span> <span class='ocrx_word' id='word_1_563' title='bbox 2300 2774 2517 2830; x_wconf 73' lang='lat' dir='ltr'><strong>circiter</strong></span> <span class='ocrx_word' id='word_1_564' title='bbox 2541 2790 2609 2829; x_wconf 89' lang='lat' dir='ltr'><strong>ex</strong></span> <span class='ocrx_word' id='word_1_565' title='bbox 2637 2774 3081 2847; x_wconf 74' lang='lat' dir='ltr'><strong>Bethlehetnitiea</strong></span> <span class='ocrx_word' id='word_1_566' title='bbox 3110 2776 3523 2847; x_wconf 69' lang='lat' dir='ltr'><strong>speluncacuna</strong></span> <span class='ocrx_word' id='word_1_567' title='bbox 3548 2785 3603 2830; x_wconf 88' lang='lat' dir='ltr'><strong>et</strong></span> <span class='ocrx_word' id='word_1_568' title='bbox 3628 2794 3762 2847; x_wconf 65' lang='lat' dir='ltr'><strong>pra:-</strong></span> 
     </span>
    </p>
   </div>
   <div class='ocr_carea' id='block_1_98' title="bbox 2168 2844 3759 2915">
    <p class='ocr_par' dir='ltr' id='par_1_98' title="bbox 2168 2844 3759 2915">
     <span class='ocr_line' id='line_1_105' title="bbox 2168 2844 3759 2915; baseline -0.001 -14"><span class='ocrx_word' id='word_1_569' title='bbox 2168 2862 2298 2915; x_wconf 90' lang='lat' dir='ltr'><strong>scpe</strong></span> <span class='ocrx_word' id='word_1_570' title='bbox 2331 2846 2553 2900; x_wconf 79' lang='lat' dir='ltr'><strong>Romam</strong></span> <span class='ocrx_word' id='word_1_571' title='bbox 2581 2845 2808 2901; x_wconf 89' lang='lat' dir='ltr'><strong>advecta</strong></span> <span class='ocrx_word' id='word_1_572' title='bbox 2838 2854 2983 2901; x_wconf 88' lang='lat' dir='ltr'><strong>sunt.</strong></span> <span class='ocrx_word' id='word_1_573' title='bbox 3036 2844 3171 2915; x_wconf 91' lang='lat' dir='ltr'><strong>Vide</strong></span> <span class='ocrx_word' id='word_1_574' title='bbox 3199 2844 3593 2915; x_wconf 83' lang='lat' dir='ltr'><strong>Bianchininm.</strong></span> <span class='ocrx_word' id='word_1_575' title='bbox 3632 2844 3759 2900; x_wconf 44' lang='lat' dir='ltr'><strong>’dis—</strong></span> 
     </span>
    </p>
   </div>
   <div class='ocr_carea' id='block_1_99' title="bbox 2171 2914 3763 2981">
    <p class='ocr_par' dir='ltr' id='par_1_99' title="bbox 2171 2914 3763 2981">
     <span class='ocr_line' id='line_1_106' title="bbox 2171 2914 3763 2981; baseline -0.002 -8"><span class='ocrx_word' id='word_1_576' title='bbox 2171 2914 2302 2973; x_wconf 86' lang='lat' dir='ltr'><strong>sert.</strong></span> <span class='ocrx_word' id='word_1_577' title='bbox 2333 2918 2401 2971; x_wconf 90' lang='lat' dir='ltr'><strong>de</strong></span> <span class='ocrx_word' id='word_1_578' title='bbox 2434 2918 2597 2971; x_wconf 75' lang='lat' dir='ltr'><strong>Przes.</strong></span> <span class='ocrx_word' id='word_1_579' title='bbox 2623 2925 2676 2969; x_wconf 91' lang='lat' dir='ltr'><strong>et</strong></span> <span class='ocrx_word' id='word_1_580' title='bbox 2706 2931 2830 2971; x_wconf 92' lang='lat' dir='ltr'><strong>cun.</strong></span> <span class='ocrx_word' id='word_1_581' title='bbox 2861 2914 3069 2969; x_wconf 90' lang='lat' dir='ltr'><strong>Domini</strong></span> <span class='ocrx_word' id='word_1_582' title='bbox 3098 2918 3266 2970; x_wconf 91' lang='lat' dir='ltr'><strong>nostri</strong></span> <span class='ocrx_word' id='word_1_583' title='bbox 3296 2914 3426 2971; x_wconf 83' lang='lat' dir='ltr'><strong>.lcsu</strong></span> <span class='ocrx_word' id='word_1_584' title='bbox 3458 2917 3683 2981; x_wconf 87' lang='lat' dir='ltr'><strong>Christi,</strong></span> <span class='ocrx_word' id='word_1_585' title='bbox 3707 2925 3763 2971; x_wconf 84' lang='lat' dir='ltr'><strong>et</strong></span> 
     </span>
    </p>
   </div>
   <div class='ocr_carea' id='block_1_100' title="bbox 2174 2985 3761 3057">
    <p class='ocr_par' dir='ltr' id='par_1_100' title="bbox 2174 2985 3761 3057">
     <span class='ocr_line' id='line_1_107' title="bbox 2174 2985 3761 3057; baseline 0.001 -16"><span class='ocrx_word' id='word_1_586' title='bbox 2174 2988 2417 3052; x_wconf 82' lang='lat' dir='ltr'><strong>Gorium,</strong></span> <span class='ocrx_word' id='word_1_587' title='bbox 2466 2986 2615 3057; x_wconf 67' lang='grc' dir='ltr'><strong>ιιι-ξεῖ.</strong></span> <span class='ocrx_word' id='word_1_588' title='bbox 2665 2987 2731 3040; x_wconf 88' lang='lat' dir='ltr'><strong>ad</strong></span> <span class='ocrx_word' id='word_1_589' title='bbox 2784 3003 2927 3041; x_wconf 88' lang='lat' dir='ltr'><strong>vers.</strong></span> <span class='ocrx_word' id='word_1_590' title='bbox 2978 2986 3093 3038; x_wconf 84' lang='lat' dir='ltr'><strong>Ital.</strong></span> <span class='ocrx_word' id='word_1_591' title='bbox 3141 3001 3317 3055; x_wconf 79' lang='lat' dir='ltr'><strong>poem.</strong></span> <span class='ocrx_word' id='word_1_592' title='bbox 3344 2985 3661 3041; x_wconf 65' lang='lat' dir='ltr'><strong>Sannazarii</strong></span> <span class='ocrx_word' id='word_1_593' title='bbox 3691 2989 3761 3042; x_wconf 89' lang='lat' dir='ltr'><strong>de</strong></span> 
     </span>
    </p>
   </div>
   <div class='ocr_carea' id='block_1_101' title="bbox 2094 3057 3765 3131">
    <p class='ocr_par' dir='ltr' id='par_1_101' title="bbox 2094 3057 3765 3131">
     <span class='ocr_line' id='line_1_108' title="bbox 2094 3057 3765 3131; baseline 0.001 -20"><span class='ocrx_word' id='word_1_594' title='bbox 2094 3068 2141 3131; x_wconf 64' lang='grc' dir='ltr'><strong>(ς</strong></span> <span class='ocrx_word' id='word_1_595' title='bbox 2176 3060 2334 3113; x_wconf 84' lang='lat' dir='ltr'><strong>Partu</strong></span> <span class='ocrx_word' id='word_1_596' title='bbox 2353 3058 2603 3131; x_wconf 72' lang='lat' dir='ltr'><strong>Virginis,</strong></span> <span class='ocrx_word' id='word_1_597' title='bbox 2635 3058 2723 3113; x_wconf 90' lang='lat' dir='ltr'><strong>ubi</strong></span> <span class='ocrx_word' id='word_1_598' title='bbox 2746 3058 2813 3113; x_wconf 87' lang='lat' dir='ltr'><strong>de</strong></span> <span class='ocrx_word' id='word_1_599' title='bbox 2838 3067 3066 3127; x_wconf 82' lang='lat' dir='ltr'><strong>quatuor</strong></span> <span class='ocrx_word' id='word_1_600' title='bbox 3090 3057 3323 3114; x_wconf 86' lang='lat' dir='ltr'><strong>vetustis</strong></span> <span class='ocrx_word' id='word_1_601' title='bbox 3350 3059 3608 3129; x_wconf 65' lang='lat' dir='ltr'><strong>prmScpis</strong></span> <span class='ocrx_word' id='word_1_602' title='bbox 3630 3060 3765 3113; x_wconf 82' lang='lat' dir='ltr'><strong>ima-</strong></span> 
     </span>
    </p>
   </div>
   <div class='ocr_carea' id='block_1_102' title="bbox 2171 3129 2647 3200">
    <p class='ocr_par' dir='ltr' id='par_1_102' title="bbox 2171 3129 2647 3200">
     <span class='ocr_line' id='line_1_109' title="bbox 2171 3129 2647 3200; baseline -0.002 -17"><span class='ocrx_word' id='word_1_603' title='bbox 2171 3131 2385 3200; x_wconf 84' lang='lat' dir='ltr'><strong>ginibus</strong></span> <span class='ocrx_word' id='word_1_604' title='bbox 2409 3129 2647 3184; x_wconf 85' lang='lat' dir='ltr'><strong>disserit.</strong></span> 
     </span>
    </p>
   </div>
   <div class='ocr_carea' id='block_1_103' title="bbox 2245 3198 3235 3255">
    <p class='ocr_par' dir='ltr' id='par_1_103' title="bbox 2245 3198 3235 3255">
     <span class='ocr_line' id='line_1_110' title="bbox 2245 3198 3235 3255; baseline -0.001 0"><span class='ocrx_word' id='word_1_605' title='bbox 2245 3201 2333 3255; x_wconf 78' lang='lat'><strong>79.</strong></span> <span class='ocrx_word' id='word_1_606' title='bbox 2367 3200 2422 3253; x_wconf 90' lang='lat' dir='ltr'><strong>In</strong></span> <span class='ocrx_word' id='word_1_607' title='bbox 2450 3201 2585 3254; x_wconf 83' lang='lat' dir='ltr'><strong>Aldo</strong></span> <span class='ocrx_word' id='word_1_608' title='bbox 2607 3213 2761 3255; x_wconf 90' lang='lat' dir='ltr'><strong>error</strong></span> <span class='ocrx_word' id='word_1_609' title='bbox 2783 3198 2941 3255; x_wconf 91' lang='lat' dir='ltr'><strong>metri</strong></span> <span class='ocrx_word' id='word_1_610' title='bbox 2965 3198 3235 3254; x_wconf 74' lang='lat' dir='ltr'><strong>stecu&#39;lum.</strong></span> 
     </span>
    </p>
   </div>
   <div class='ocr_carea' id='block_1_104' title="bbox 2244 3268 3762 3339">
    <p class='ocr_par' dir='ltr' id='par_1_104' title="bbox 2244 3268 3762 3339">
     <span class='ocr_line' id='line_1_111' title="bbox 2244 3268 3762 3339; baseline -0.002 -13"><span class='ocrx_word' id='word_1_611' title='bbox 2244 3272 2335 3326; x_wconf 91' lang='lat'><strong>80.</strong></span> <span class='ocrx_word' id='word_1_612' title='bbox 2361 3271 2557 3325; x_wconf 87' lang='lat' dir='ltr'><strong>Bovem</strong></span> <span class='ocrx_word' id='word_1_613' title='bbox 2580 3278 2634 3325; x_wconf 88' lang='lat' dir='ltr'><strong>et</strong></span> <span class='ocrx_word' id='word_1_614' title='bbox 2656 3270 2868 3325; x_wconf 89' lang='lat' dir='ltr'><strong>asinum</strong></span> <span class='ocrx_word' id='word_1_615' title='bbox 2893 3270 2959 3324; x_wconf 87' lang='lat' dir='ltr'><strong>ad</strong></span> <span class='ocrx_word' id='word_1_616' title='bbox 2987 3270 3197 3325; x_wconf 89' lang='lat' dir='ltr'><strong>Domini</strong></span> <span class='ocrx_word' id='word_1_617' title='bbox 3223 3283 3469 3339; x_wconf 70' lang='lat' dir='ltr'><strong>praesepe</strong></span> <span class='ocrx_word' id='word_1_618' title='bbox 3496 3268 3762 3339; x_wconf 84' lang='lat' dir='ltr'><strong>intellige,</strong></span> 
     </span>
    </p>
   </div>
   <div class='ocr_carea' id='block_1_105' title="bbox 2170 3339 3762 3412">
    <p class='ocr_par' dir='ltr' id='par_1_105' title="bbox 2170 3339 3762 3412">
     <span class='ocr_line' id='line_1_112' title="bbox 2170 3339 3762 3412; baseline -0.001 -16"><span class='ocrx_word' id='word_1_619' title='bbox 2170 3345 2312 3408; x_wconf 91' lang='lat' dir='ltr'><strong>quod</strong></span> <span class='ocrx_word' id='word_1_620' title='bbox 2345 3344 2429 3412; x_wconf 89' lang='lat' dir='ltr'><strong>pia</strong></span> <span class='ocrx_word' id='word_1_621' title='bbox 2458 3341 2689 3396; x_wconf 90' lang='lat' dir='ltr'><strong>credidit</strong></span> <span class='ocrx_word' id='word_1_622' title='bbox 2710 3342 3021 3412; x_wconf 75' lang='lat' dir='ltr'><strong>antiquitas.</strong></span> <span class='ocrx_word' id='word_1_623' title='bbox 3050 3339 3376 3412; x_wconf 10' lang='lat' dir='ltr'><strong>lnfcarmine»</strong></span> <span class='ocrx_word' id='word_1_624' title='bbox 3397 3339 3467 3412; x_wconf 85' lang='lat' dir='ltr'><strong>de</strong></span> <span class='ocrx_word' id='word_1_625' title='bbox 3504 3340 3762 3394; x_wconf 89' lang='lat' dir='ltr'><strong>Passione</strong></span> 
     </span>
    </p>
   </div>
   <div class='ocr_carea' id='block_1_106' title="bbox 2173 3409 3763 3481">
    <p class='ocr_par' dir='ltr' id='par_1_106' title="bbox 2173 3409 3763 3481">
     <span class='ocr_line' id='line_1_113' title="bbox 2173 3409 3763 3481; baseline -0.003 -14"><span class='ocrx_word' id='word_1_626' title='bbox 2173 3414 2315 3468; x_wconf 90' lang='lat' dir='ltr'><strong>inter</strong></span> <span class='ocrx_word' id='word_1_627' title='bbox 2342 3409 2599 3468; x_wconf 83' lang='lat' dir='ltr'><strong>Lactantii</strong></span> <span class='ocrx_word' id='word_1_628' title='bbox 2630 3426 2791 3481; x_wconf 89' lang='lat' dir='ltr'><strong>opera</strong></span> <span class='ocrx_word' id='word_1_629' title='bbox 2836 3409 2855 3464; x_wconf 74' lang='grc' dir='ltr'><em>ἐ</em></span> <span class='ocrx_word' id='word_1_630' title='bbox 2888 3409 2992 3464; x_wconf 85' lang='lat' dir='ltr'><strong>Hic</strong></span> <span class='ocrx_word' id='word_1_631' title='bbox 3026 3411 3152 3464; x_wconf 80' lang='lat' dir='ltr'><strong>mihi</strong></span> <span class='ocrx_word' id='word_1_632' title='bbox 3193 3415 3311 3481; x_wconf 74' lang='lat' dir='ltr'><strong>{usa</strong></span> <span class='ocrx_word' id='word_1_633' title='bbox 3343 3410 3485 3463; x_wconf 84' lang='lat' dir='ltr'><strong>dedit</strong></span> <span class='ocrx_word' id='word_1_634' title='bbox 3513 3412 3663 3481; x_wconf 77' lang='lat' dir='ltr'><strong>bruta</strong></span> <span class='ocrx_word' id='word_1_635' title='bbox 3686 3412 3763 3463; x_wconf 86' lang='lat' dir='ltr'><strong>in-</strong></span> 
     </span>
    </p>
   </div>
   <div class='ocr_carea' id='block_1_107' title="bbox 2171 3479 3758 3552">
    <p class='ocr_par' dir='ltr' id='par_1_107' title="bbox 2171 3479 3758 3552">
     <span class='ocr_line' id='line_1_114' title="bbox 2171 3479 3758 3552; baseline -0.003 -15"><span class='ocrx_word' id='word_1_636' title='bbox 2171 3494 2246 3538; x_wconf 89' lang='lat' dir='ltr'><strong>ter</strong></span> <span class='ocrx_word' id='word_1_637' title='bbox 2272 3484 2457 3539; x_wconf 84' lang='lat' dir='ltr'><strong>inertia</strong></span> <span class='ocrx_word' id='word_1_638' title='bbox 2484 3479 2702 3550; x_wconf 81' lang='lat' dir='ltr'><strong>primum</strong></span> <span class='ocrx_word' id='word_1_639' title='bbox 2730 3483 2891 3535; x_wconf 77' lang='lat' dir='ltr'><strong>Arida</strong></span> <span class='ocrx_word' id='word_1_640' title='bbox 2920 3482 2973 3534; x_wconf 88' lang='lat' dir='ltr'><strong>in</strong></span> <span class='ocrx_word' id='word_1_641' title='bbox 3015 3479 3243 3552; x_wconf 77' lang='lat' dir='ltr'><strong>angustis</strong></span> <span class='ocrx_word' id='word_1_642' title='bbox 3266 3481 3577 3552; x_wconf 69' lang='lat' dir='ltr'><strong>praesepibus</strong></span> <span class='ocrx_word' id='word_1_643' title='bbox 3602 3479 3758 3534; x_wconf 78' lang='lat' dir='ltr'><strong>herba</strong></span> 
     </span>
    </p>
   </div>
   <div class='ocr_carea' id='block_1_108' title="bbox 2173 3551 3757 3621">
    <p class='ocr_par' dir='ltr' id='par_1_108' title="bbox 2173 3551 3757 3621">
     <span class='ocr_line' id='line_1_115' title="bbox 2173 3551 3757 3621; baseline -0.002 -14"><span class='ocrx_word' id='word_1_644' title='bbox 2173 3556 2356 3611; x_wconf 85' lang='lat' dir='ltr'><strong>cubile.</strong></span> <span class='ocrx_word' id='word_1_645' title='bbox 2400 3552 2825 3608; x_wconf 88' lang='lat' dir='ltr'><strong>PustClaudiani</strong></span> <span class='ocrx_word' id='word_1_646' title='bbox 2868 3566 3027 3621; x_wconf 89' lang='lat' dir='ltr'><strong>opera</strong></span> <span class='ocrx_word' id='word_1_647' title='bbox 3071 3561 3287 3607; x_wconf 88' lang='lat' dir='ltr'><strong>exstant</strong></span> <span class='ocrx_word' id='word_1_648' title='bbox 3336 3551 3584 3621; x_wconf 69' lang='lat' dir='ltr'><strong>quaedam</strong></span> <span class='ocrx_word' id='word_1_649' title='bbox 3636 3566 3757 3605; x_wconf 84' lang='lat' dir='ltr'><strong>car-</strong></span> 
     </span>
    </p>
   </div>
   <div class='ocr_carea' id='block_1_109' title="bbox 2175 3622 3758 3691">
    <p class='ocr_par' dir='ltr' id='par_1_109' title="bbox 2175 3622 3758 3691">
     <span class='ocr_line' id='line_1_116' title="bbox 2175 3622 3758 3691; baseline -0.004 -12"><span class='ocrx_word' id='word_1_650' title='bbox 2175 3625 2320 3679; x_wconf 88' lang='lat' dir='ltr'><strong>mina</strong></span> <span class='ocrx_word' id='word_1_651' title='bbox 2353 3624 2686 3686; x_wconf 63' lang='lat' dir='ltr'><strong>Christiana,</strong></span> <span class='ocrx_word' id='word_1_652' title='bbox 2736 3638 2856 3691; x_wconf 60' lang='lat' dir='ltr'><strong>quas</strong></span> <span class='ocrx_word' id='word_1_653' title='bbox 2899 3623 3048 3677; x_wconf 89' lang='lat' dir='ltr'><strong>multi</strong></span> <span class='ocrx_word' id='word_1_654' title='bbox 3094 3622 3387 3677; x_wconf 89' lang='lat' dir='ltr'><strong>Claudiano</strong></span> <span class='ocrx_word' id='word_1_655' title='bbox 3423 3622 3758 3691; x_wconf 85' lang='lat' dir='ltr'><strong>adjudicant,</strong></span> 
     </span>
    </p>
   </div>
   <div class='ocr_carea' id='block_1_110' title="bbox 2173 3692 3764 3763">
    <p class='ocr_par' dir='ltr' id='par_1_110' title="bbox 2173 3692 3764 3763">
     <span class='ocr_line' id='line_1_117' title="bbox 2173 3692 3764 3763; baseline -0.003 -14"><span class='ocrx_word' id='word_1_656' title='bbox 2173 3696 2287 3750; x_wconf 86' lang='lat' dir='ltr'><strong>sive</strong></span> <span class='ocrx_word' id='word_1_657' title='bbox 2315 3695 2612 3763; x_wconf 91' lang='lat' dir='ltr'><strong>principum</strong></span> <span class='ocrx_word' id='word_1_658' title='bbox 2632 3693 3060 3749; x_wconf 85' lang='lat' dir='ltr'><strong>Christianorum</strong></span> <span class='ocrx_word' id='word_1_659' title='bbox 3082 3694 3371 3759; x_wconf 90' lang='lat' dir='ltr'><strong>adulatori,</strong></span> <span class='ocrx_word' id='word_1_660' title='bbox 3395 3693 3510 3746; x_wconf 89' lang='lat' dir='ltr'><strong>sive</strong></span> <span class='ocrx_word' id='word_1_661' title='bbox 3534 3692 3764 3760; x_wconf 81' lang='lat' dir='ltr'><strong>denique</strong></span> 
     </span>
    </p>
   </div>
   <div class='ocr_carea' id='block_1_111' title="bbox 2174 3763 3764 3836">
    <p class='ocr_par' dir='ltr' id='par_1_111' title="bbox 2174 3763 3764 3836">
     <span class='ocr_line' id='line_1_118' title="bbox 2174 3763 3764 3836; baseline -0.002 -16"><span class='ocrx_word' id='word_1_662' title='bbox 2174 3765 2531 3823; x_wconf 65' lang='lat' dir='ltr'><strong>Christianam</strong></span> <span class='ocrx_word' id='word_1_663' title='bbox 2565 3765 2721 3820; x_wconf 80' lang='lat' dir='ltr'><strong>ﬁdem</strong></span> <span class='ocrx_word' id='word_1_664' title='bbox 2754 3765 3017 3836; x_wconf 79' lang='lat' dir='ltr'><strong>professo.</strong></span> <span class='ocrx_word' id='word_1_665' title='bbox 3068 3764 3131 3836; x_wconf 82' lang='lat' dir='ltr'><strong>In</strong></span> <span class='ocrx_word' id='word_1_666' title='bbox 3176 3765 3257 3819; x_wconf 88' lang='lat' dir='ltr'><strong>his</strong></span> <span class='ocrx_word' id='word_1_667' title='bbox 3300 3772 3384 3820; x_wconf 88' lang='lat' dir='ltr'><strong>est</strong></span> <span class='ocrx_word' id='word_1_668' title='bbox 3423 3778 3649 3836; x_wconf 81' lang='lat' dir='ltr'><strong>carmen</strong></span> <span class='ocrx_word' id='word_1_669' title='bbox 3696 3763 3764 3817; x_wconf 89' lang='lat' dir='ltr'><strong>de</strong></span> 
     </span>
    </p>
   </div>
   <div class='ocr_carea' id='block_1_112' title="bbox 2177 3833 3760 3903">
    <p class='ocr_par' dir='ltr' id='par_1_112' title="bbox 2177 3833 3760 3903">
     <span class='ocr_line' id='line_1_119' title="bbox 2177 3833 3760 3903; baseline -0.003 -13"><span class='ocrx_word' id='word_1_670' title='bbox 2177 3837 2334 3892; x_wconf 88' lang='lat' dir='ltr'><strong>laude</strong></span> <span class='ocrx_word' id='word_1_671' title='bbox 2356 3836 2576 3898; x_wconf 89' lang='lat' dir='ltr'><strong>Christi,</strong></span> <span class='ocrx_word' id='word_1_672' title='bbox 2612 3833 2930 3903; x_wconf 53' lang='lat' dir='ltr'><strong>quod&#39;certe</strong></span> <span class='ocrx_word' id='word_1_673' title='bbox 2950 3835 3301 3889; x_wconf 77' lang='lat' dir='ltr'><strong>Claudianum</strong></span> <span class='ocrx_word' id='word_1_674' title='bbox 3333 3850 3440 3889; x_wconf 89' lang='lat' dir='ltr'><strong>non</strong></span> <span class='ocrx_word' id='word_1_675' title='bbox 3470 3833 3637 3888; x_wconf 86' lang='lat' dir='ltr'><strong>habet</strong></span> <span class='ocrx_word' id='word_1_676' title='bbox 3667 3848 3760 3886; x_wconf 85' lang='lat' dir='ltr'><strong>au-</strong></span> 
     </span>
    </p>
   </div>
   <div class='ocr_carea' id='block_1_113' title="bbox 2176 3904 3757 3972">
    <p class='ocr_par' dir='ltr' id='par_1_113' title="bbox 2176 3904 3757 3972">
     <span class='ocr_line' id='line_1_120' title="bbox 2176 3904 3757 3972; baseline -0.004 -9"><span class='ocrx_word' id='word_1_677' title='bbox 2176 3917 2401 3971; x_wconf 87' lang='lat' dir='ltr'><strong>ctorem,</strong></span> <span class='ocrx_word' id='word_1_678' title='bbox 2436 3907 2531 3962; x_wconf 87' lang='lat' dir='ltr'><strong>sed</strong></span> <span class='ocrx_word' id='word_1_679' title='bbox 2573 3905 2977 3970; x_wconf 85' lang='lat' dir='ltr'><strong>Merobaudem,</strong></span> <span class='ocrx_word' id='word_1_680' title='bbox 3023 3906 3401 3959; x_wconf 80' lang='lat' dir='ltr'><strong>scholasticam</strong></span> <span class='ocrx_word' id='word_1_681' title='bbox 3444 3904 3757 3972; x_wconf 85' lang='lat' dir='ltr'><strong>Hispanum,</strong></span> 
     </span>
    </p>
   </div>
   <div class='ocr_carea' id='block_1_114' title="bbox 2174 3975 3761 4045">
    <p class='ocr_par' dir='ltr' id='par_1_114' title="bbox 2174 3975 3761 4045">
     <span class='ocr_line' id='line_1_121' title="bbox 2174 3975 3761 4045; baseline -0.004 -14"><span class='ocrx_word' id='word_1_682' title='bbox 2174 3980 2333 4045; x_wconf 84' lang='lat' dir='ltr'><strong>cujus</strong></span> <span class='ocrx_word' id='word_1_683' title='bbox 2384 3979 2599 4033; x_wconf 91' lang='lat' dir='ltr'><strong>nomine</strong></span> <span class='ocrx_word' id='word_1_684' title='bbox 2647 3977 2850 4032; x_wconf 90' lang='lat' dir='ltr'><strong>editum</strong></span> <span class='ocrx_word' id='word_1_685' title='bbox 2890 3988 2975 4031; x_wconf 89' lang='lat' dir='ltr'><strong>est</strong></span> <span class='ocrx_word' id='word_1_686' title='bbox 3022 3975 3075 4029; x_wconf 92' lang='lat' dir='ltr'><strong>in</strong></span> <span class='ocrx_word' id='word_1_687' title='bbox 3123 3976 3438 4030; x_wconf 87' lang='lat' dir='ltr'><strong>collectione</strong></span> <span class='ocrx_word' id='word_1_688' title='bbox 3488 3984 3761 4044; x_wconf 87' lang='lat' dir='ltr'><strong>poetarum</strong></span> 
     </span>
    </p>
   </div>
   <div class='ocr_carea' id='block_1_115' title="bbox 2138 4045 3754 4120">
    <p class='ocr_par' dir='ltr' id='par_1_115' title="bbox 2138 4045 3754 4120">
     <span class='ocr_line' id='line_1_122' title="bbox 2138 4045 3754 4120; baseline -0.004 -16"><span class='ocrx_word' id='word_1_689' title='bbox 2138 4048 2635 4120; x_wconf 18' lang='lat' dir='ltr'><strong>‘Christianorum,</strong></span> <span class='ocrx_word' id='word_1_690' title='bbox 2685 4058 2737 4102; x_wconf 89' lang='lat' dir='ltr'><strong>et</strong></span> <span class='ocrx_word' id='word_1_691' title='bbox 2773 4048 2826 4101; x_wconf 90' lang='lat' dir='ltr'><strong>in</strong></span> <span class='ocrx_word' id='word_1_692' title='bbox 2881 4045 3136 4120; x_wconf 69' lang='lat' dir='ltr'><strong>Diblimh.</strong></span> <span class='ocrx_word' id='word_1_693' title='bbox 3170 4047 3272 4120; x_wconf 67' lang='lat' dir='ltr'><strong>SS.</strong></span> <span class='ocrx_word' id='word_1_694' title='bbox 3309 4047 3551 4100; x_wconf 87' lang='lat' dir='ltr'><strong>Patrum.</strong></span> <span class='ocrx_word' id='word_1_695' title='bbox 3590 4046 3754 4120; x_wconf 63' lang='lat' dir='ltr'><strong>hiero—</strong></span> 
     </span>
    </p>
   </div>
   <div class='ocr_carea' id='block_1_116' title="bbox 2177 4117 3757 4187">
    <p class='ocr_par' dir='ltr' id='par_1_116' title="bbox 2177 4117 3757 4187">
     <span class='ocr_line' id='line_1_123' title="bbox 2177 4117 3757 4187; baseline -0.004 -14"><span class='ocrx_word' id='word_1_696' title='bbox 2177 4119 2379 4174; x_wconf 80' lang='lat' dir='ltr'><strong>baudcs</strong></span> <span class='ocrx_word' id='word_1_697' title='bbox 2422 4119 2581 4187; x_wconf 83' lang='lat' dir='ltr'><strong>igitur</strong></span> <span class='ocrx_word' id='word_1_698' title='bbox 2620 4120 2671 4173; x_wconf 88' lang='lat' dir='ltr'><strong>in</strong></span> <span class='ocrx_word' id='word_1_699' title='bbox 2719 4133 2783 4173; x_wconf 89' lang='lat' dir='ltr'><strong>eo</strong></span> <span class='ocrx_word' id='word_1_700' title='bbox 2812 4118 3050 4173; x_wconf 82' lang='lat' dir='ltr'><strong>carmine</strong></span> <span class='ocrx_word' id='word_1_701' title='bbox 3090 4118 3209 4171; x_wconf 88' lang='lat' dir='ltr'><strong>ait:</strong></span> <span class='ocrx_word' id='word_1_702' title='bbox 3242 4118 3519 4172; x_wconf 79' lang='lat' dir='ltr'><strong>Auctorem</strong></span> <span class='ocrx_word' id='word_1_703' title='bbox 3578 4117 3757 4187; x_wconf 69' lang='lat' dir='ltr'><strong>aciem</strong></span> 
     </span>
    </p>
   </div>
   <div class='ocr_carea' id='block_1_117' title="bbox 2181 4186 3745 4259">
    <p class='ocr_par' dir='ltr' id='par_1_117' title="bbox 2181 4186 3745 4259">
     <span class='ocr_line' id='line_1_124' title="bbox 2181 4186 3745 4259; baseline -0.006 -15"><span class='ocrx_word' id='word_1_704' title='bbox 2181 4191 2340 4244; x_wconf 88' lang='lat' dir='ltr'><strong>Deum</strong></span> <span class='ocrx_word' id='word_1_705' title='bbox 2369 4186 2670 4256; x_wconf 25' lang='lat' dir='ltr'><strong>te,’conscia</strong></span> <span class='ocrx_word' id='word_1_706' title='bbox 2698 4200 2874 4249; x_wconf 85' lang='lat' dir='ltr'><strong>partus</strong></span> <span class='ocrx_word' id='word_1_707' title='bbox 2903 4188 3090 4259; x_wconf 74' lang='lat' dir='ltr'><strong>Mater,</strong></span> <span class='ocrx_word' id='word_1_708' title='bbox 3141 4200 3211 4252; x_wconf 89' lang='lat' dir='ltr'><strong>et,</strong></span> <span class='ocrx_word' id='word_1_709' title='bbox 3251 4188 3457 4259; x_wconf 73' lang='lat' dir='ltr'><strong>attoniti</strong></span> <span class='ocrx_word' id='word_1_710' title='bbox 3499 4186 3745 4259; x_wconf 73' lang='lat' dir='ltr'><strong>pecudum</strong></span> 
     </span>
    </p>
   </div>
   <div class='ocr_carea' id='block_1_118' title="bbox 2174 4256 3753 4321">
    <p class='ocr_par' dir='ltr' id='par_1_118' title="bbox 2174 4256 3753 4321">
     <span class='ocr_line' id='line_1_125' title="bbox 2174 4256 3753 4321; baseline -0.004 -7"><span class='ocrx_word' id='word_1_711' title='bbox 2174 4276 2376 4315; x_wconf 85' lang='lat' dir='ltr'><strong>sensere</strong></span> <span class='ocrx_word' id='word_1_712' title='bbox 2397 4262 2621 4314; x_wconf 84' lang='lat' dir='ltr'><strong>timores.</strong></span> <span class='ocrx_word' id='word_1_713' title='bbox 2654 4260 2924 4321; x_wconf 87' lang='lat' dir='ltr'><strong>Sedulius,</strong></span> <span class='ocrx_word' id='word_1_714' title='bbox 2952 4258 3042 4313; x_wconf 90' lang='lat' dir='ltr'><strong>lib.</strong></span> <span class='ocrx_word' id='word_1_715' title='bbox 3079 4274 3132 4313; x_wconf 92' lang='grc' dir='ltr'><strong>ιιι</strong></span> <span class='ocrx_word' id='word_1_716' title='bbox 3155 4260 3222 4313; x_wconf 91' lang='lat' dir='ltr'><strong>de</strong></span> <span class='ocrx_word' id='word_1_717' title='bbox 3246 4258 3424 4312; x_wconf 80' lang='lat' dir='ltr'><strong>Asello</strong></span> <span class='ocrx_word' id='word_1_718' title='bbox 3451 4256 3536 4311; x_wconf 86' lang='lat' dir='ltr'><strong>cui</strong></span> <span class='ocrx_word' id='word_1_719' title='bbox 3566 4256 3753 4309; x_wconf 88' lang='lat' dir='ltr'><strong>insedit</strong></span> 
     </span>
    </p>
   </div>
   <div class='ocr_carea' id='block_1_119' title="bbox 2180 4324 3751 4400">
    <p class='ocr_par' dir='ltr' id='par_1_119' title="bbox 2180 4324 3751 4400">
     <span class='ocr_line' id='line_1_126' title="bbox 2180 4324 3751 4400; baseline -0.006 -15"><span class='ocrx_word' id='word_1_720' title='bbox 2180 4332 2442 4386; x_wconf 88' lang='lat' dir='ltr'><strong>Dominus</strong></span> <span class='ocrx_word' id='word_1_721' title='bbox 2478 4348 2491 4383; x_wconf 89' lang='lat'><strong>:</strong></span> <span class='ocrx_word' id='word_1_722' title='bbox 2523 4330 2645 4384; x_wconf 82' lang='lat' dir='ltr'><strong>Non</strong></span> <span class='ocrx_word' id='word_1_723' title='bbox 2680 4331 2815 4385; x_wconf 86' lang='lat' dir='ltr'><strong>illius</strong></span> <span class='ocrx_word' id='word_1_724' title='bbox 2859 4330 3047 4400; x_wconf 85' lang='lat' dir='ltr'><strong>impar,</strong></span> <span class='ocrx_word' id='word_1_725' title='bbox 3076 4329 3175 4396; x_wconf 79' lang='lat' dir='ltr'><strong>Qui</strong></span> <span class='ocrx_word' id='word_1_726' title='bbox 3197 4328 3373 4400; x_wconf 86' lang='lat' dir='ltr'><strong>patulo</strong></span> <span class='ocrx_word' id='word_1_727' title='bbox 3404 4324 3751 4400; x_wconf 58' lang='lat' dir='ltr'><strong>Christumji-</strong></span> 
     </span>
    </p>
   </div>
   <div class='ocr_carea' id='block_1_120' title="bbox 2179 4397 3760 4473">
    <p class='ocr_par' dir='ltr' id='par_1_120' title="bbox 2179 4397 3760 4473">
     <span class='ocr_line' id='line_1_127' title="bbox 2179 4397 3760 4473; baseline -0.004 -21"><span class='ocrx_word' id='word_1_728' title='bbox 2179 4410 2255 4457; x_wconf 84' lang='lat' dir='ltr'><strong>ret</strong></span> <span class='ocrx_word' id='word_1_729' title='bbox 2278 4403 2329 4455; x_wconf 91' lang='lat' dir='ltr'><strong>in</strong></span> <span class='ocrx_word' id='word_1_730' title='bbox 2355 4417 2580 4473; x_wconf 65' lang='lat' dir='ltr'><strong>prtesepe</strong></span> <span class='ocrx_word' id='word_1_731' title='bbox 2597 4404 2854 4473; x_wconf 72' lang='lat' dir='ltr'><strong>jacentern</strong></span> <span class='ocrx_word' id='word_1_732' title='bbox 2886 4397 3109 4473; x_wconf 68' lang='lat' dir='ltr'><strong>Agnovit</strong></span> <span class='ocrx_word' id='word_1_733' title='bbox 3125 4397 3291 4452; x_wconf 83' lang='lat' dir='ltr'><strong>tamen</strong></span> <span class='ocrx_word' id='word_1_734' title='bbox 3322 4414 3433 4453; x_wconf 84' lang='lat' dir='ltr'><strong>esse</strong></span> <span class='ocrx_word' id='word_1_735' title='bbox 3459 4398 3647 4450; x_wconf 64' lang='lat' dir='ltr'><strong>Deum.</strong></span> <span class='ocrx_word' id='word_1_736' title='bbox 3670 4397 3760 4450; x_wconf 84' lang='lat' dir='ltr'><strong>Lo-</strong></span> 
     </span>
    </p>
   </div>
   <div class='ocr_carea' id='block_1_121' title="bbox 2179 4470 3754 4541">
    <p class='ocr_par' dir='ltr' id='par_1_121' title="bbox 2179 4470 3754 4541">
     <span class='ocr_line' id='line_1_128' title="bbox 2179 4470 3754 4541; baseline -0.007 -14"><span class='ocrx_word' id='word_1_737' title='bbox 2179 4489 2275 4527; x_wconf 91' lang='lat' dir='ltr'><strong>cus</strong></span> <span class='ocrx_word' id='word_1_738' title='bbox 2312 4480 2395 4526; x_wconf 91' lang='lat' dir='ltr'><strong>est</strong></span> <span class='ocrx_word' id='word_1_739' title='bbox 2422 4471 2569 4526; x_wconf 68' lang='lat' dir='ltr'><strong>Isaia:</strong></span> <span class='ocrx_word' id='word_1_740' title='bbox 2592 4470 2629 4537; x_wconf 72' lang='grc' dir='ltr'>ι,</span> <span class='ocrx_word' id='word_1_741' title='bbox 2665 4472 2699 4526; x_wconf 75' lang='grc'>5</span> <span class='ocrx_word' id='word_1_742' title='bbox 2740 4488 2753 4541; x_wconf 69' lang='grc' dir='ltr'><strong><em>ς</em></strong></span> <span class='ocrx_word' id='word_1_743' title='bbox 2802 4470 3050 4541; x_wconf 78' lang='lat' dir='ltr'><strong>Cognovit</strong></span> <span class='ocrx_word' id='word_1_744' title='bbox 3091 4470 3177 4541; x_wconf 75' lang='lat' dir='ltr'><strong>bes</strong></span> <span class='ocrx_word' id='word_1_745' title='bbox 3216 4485 3561 4537; x_wconf 76' lang='lat' dir='ltr'><strong>possessorem</strong></span> <span class='ocrx_word' id='word_1_746' title='bbox 3597 4481 3754 4529; x_wconf 80' lang='lat' dir='ltr'><strong>suum,</strong></span> 
     </span>
    </p>
   </div>
   <div class='ocr_carea' id='block_1_122' title="bbox 2174 4538 3756 4613">
    <p class='ocr_par' dir='ltr' id='par_1_122' title="bbox 2174 4538 3756 4613">
     <span class='ocr_line' id='line_1_129' title="bbox 2174 4538 3756 4613; baseline -0.007 -15"><span class='ocrx_word' id='word_1_747' title='bbox 2174 4554 2221 4598; x_wconf 86' lang='lat' dir='ltr'><strong>et</strong></span> <span class='ocrx_word' id='word_1_748' title='bbox 2252 4544 2427 4597; x_wconf 84' lang='lat' dir='ltr'><strong>asinus</strong></span> <span class='ocrx_word' id='word_1_749' title='bbox 2456 4556 2682 4613; x_wconf 77' lang='lat' dir='ltr'><strong>prtzsepe</strong></span> <span class='ocrx_word' id='word_1_750' title='bbox 2712 4538 2908 4596; x_wconf 77' lang='lat' dir='ltr'><strong>domini</strong></span> <span class='ocrx_word' id='word_1_751' title='bbox 2933 4542 3014 4594; x_wconf 85' lang='lat' dir='ltr'><strong>sui</strong></span> <span class='ocrx_word' id='word_1_752' title='bbox 3057 4558 3075 4594; x_wconf 93' lang='lat'><strong><em>:</em></strong></span> <span class='ocrx_word' id='word_1_753' title='bbox 3103 4538 3273 4613; x_wconf 59' lang='lat' dir='ltr'><strong>Israel</strong></span> <span class='ocrx_word' id='word_1_754' title='bbox 3319 4550 3494 4613; x_wconf 63' lang='lat' dir='ltr'><strong>autem</strong></span> <span class='ocrx_word' id='word_1_755' title='bbox 3544 4554 3625 4613; x_wconf 61' lang='lat' dir='ltr'><strong>nte</strong></span> <span class='ocrx_word' id='word_1_756' title='bbox 3665 4552 3756 4589; x_wconf 83' lang='lat' dir='ltr'><strong>non</strong></span> 
     </span>
    </p>
   </div>
   <div class='ocr_carea' id='block_1_123' title="bbox 2175 4608 3756 4683">
    <p class='ocr_par' dir='ltr' id='par_1_123' title="bbox 2175 4608 3756 4683">
     <span class='ocr_line' id='line_1_130' title="bbox 2175 4608 3756 4683; baseline -0.004 -16"><span class='ocrx_word' id='word_1_757' title='bbox 2175 4614 2429 4683; x_wconf 81' lang='lat' dir='ltr'><strong>cognovit,</strong></span> <span class='ocrx_word' id='word_1_758' title='bbox 2451 4608 2703 4682; x_wconf 84' lang='lat' dir='ltr'><strong>etc.,quo</strong></span> <span class='ocrx_word' id='word_1_759' title='bbox 2731 4612 2951 4683; x_wconf 84' lang='lat' dir='ltr'><strong>respicit</strong></span> <span class='ocrx_word' id='word_1_760' title='bbox 2980 4610 3324 4683; x_wconf 82' lang='lat' dir='ltr'><strong>Prudentius.</strong></span> <span class='ocrx_word' id='word_1_761' title='bbox 3350 4609 3427 4683; x_wconf 75' lang='lat' dir='ltr'><strong>Ex</strong></span> <span class='ocrx_word' id='word_1_762' title='bbox 3447 4625 3555 4683; x_wconf 86' lang='lat' dir='ltr'><strong>quo</strong></span> <span class='ocrx_word' id='word_1_763' title='bbox 3573 4608 3756 4683; x_wconf 71' lang='lat' dir='ltr'><strong>factum</strong></span> 
     </span>
    </p>
   </div>
   <div class='ocr_carea' id='block_1_124' title="bbox 2174 4677 3757 4748">
    <p class='ocr_par' dir='ltr' id='par_1_124' title="bbox 2174 4677 3757 4748">
     <span class='ocr_line' id='line_1_131' title="bbox 2174 4677 3757 4748; baseline -0.005 -9"><span class='ocrx_word' id='word_1_764' title='bbox 2174 4677 2279 4747; x_wconf 63' lang='lat' dir='ltr'><strong>esi,</strong></span> <span class='ocrx_word' id='word_1_765' title='bbox 2308 4692 2366 4737; x_wconf 91' lang='lat' dir='ltr'><strong>ut</strong></span> <span class='ocrx_word' id='word_1_766' title='bbox 2395 4683 2509 4737; x_wconf 65' lang='lat' dir='ltr'><strong>haec</strong></span> <span class='ocrx_word' id='word_1_767' title='bbox 2546 4677 2792 4748; x_wconf 73' lang='lat' dir='ltr'><strong>historia,</strong></span> <span class='ocrx_word' id='word_1_768' title='bbox 2818 4677 2864 4737; x_wconf 85' lang='lat' dir='ltr'><strong>si</strong></span> <span class='ocrx_word' id='word_1_769' title='bbox 2894 4698 3017 4738; x_wconf 82' lang='lat' dir='ltr'><strong>vera</strong></span> <span class='ocrx_word' id='word_1_770' title='bbox 3049 4682 3230 4747; x_wconf 80' lang='lat' dir='ltr'><strong>fuerit,</strong></span> <span class='ocrx_word' id='word_1_771' title='bbox 3256 4682 3308 4735; x_wconf 91' lang='lat' dir='ltr'><strong>in</strong></span> <span class='ocrx_word' id='word_1_772' title='bbox 3338 4677 3565 4734; x_wconf 84' lang='lat' dir='ltr'><strong>dubium</strong></span> <span class='ocrx_word' id='word_1_773' title='bbox 3599 4681 3664 4733; x_wconf 88' lang='lat' dir='ltr'><strong>ab</strong></span> <span class='ocrx_word' id='word_1_774' title='bbox 3686 4677 3757 4729; x_wconf 82' lang='lat' dir='ltr'><strong>his</strong></span> 
     </span>
    </p>
   </div>
   <div class='ocr_carea' id='block_1_125' title="bbox 2176 4751 3760 4823">
    <p class='ocr_par' dir='ltr' id='par_1_125' title="bbox 2176 4751 3760 4823">
     <span class='ocr_line' id='line_1_132' title="bbox 2176 4751 3760 4823; baseline -0.007 -13"><span class='ocrx_word' id='word_1_775' title='bbox 2176 4754 2246 4810; x_wconf 90' lang='lat' dir='ltr'><strong>sit</strong></span> <span class='ocrx_word' id='word_1_776' title='bbox 2278 4763 2546 4818; x_wconf 90' lang='lat' dir='ltr'><strong>revocata,</strong></span> <span class='ocrx_word' id='word_1_777' title='bbox 2569 4754 2657 4823; x_wconf 92' lang='lat' dir='ltr'><strong>qui</strong></span> <span class='ocrx_word' id='word_1_778' title='bbox 2689 4755 3047 4808; x_wconf 89' lang='lat' dir='ltr'><strong>narrationem</strong></span> <span class='ocrx_word' id='word_1_779' title='bbox 3072 4752 3360 4823; x_wconf 82' lang='lat' dir='ltr'><strong>conﬁctam</strong></span> <span class='ocrx_word' id='word_1_780' title='bbox 3389 4751 3760 4823; x_wconf 81' lang='lat' dir='ltr'><strong>existimarunt</strong></span> 
     </span>
    </p>
   </div>
   <div class='ocr_carea' id='block_1_126' title="bbox 2177 4822 3757 4885">
    <p class='ocr_par' dir='ltr' id='par_1_126' title="bbox 2177 4822 3757 4885">
     <span class='ocr_line' id='line_1_133' title="bbox 2177 4822 3757 4885; baseline -0.004 -7"><span class='ocrx_word' id='word_1_781' title='bbox 2177 4826 2248 4878; x_wconf 86' lang='lat' dir='ltr'><strong>ob</strong></span> <span class='ocrx_word' id='word_1_782' title='bbox 2282 4825 2427 4880; x_wconf 71' lang='lat' dir='ltr'><strong>Isaiae</strong></span> <span class='ocrx_word' id='word_1_783' title='bbox 2460 4822 2653 4885; x_wconf 81' lang='lat' dir='ltr'><strong>verba;</strong></span> <span class='ocrx_word' id='word_1_784' title='bbox 2676 4833 2861 4878; x_wconf 88' lang='lat' dir='ltr'><strong>contra</strong></span> <span class='ocrx_word' id='word_1_785' title='bbox 2885 4825 2929 4880; x_wconf 90' lang='lat' dir='ltr'><strong>si</strong></span> <span class='ocrx_word' id='word_1_786' title='bbox 2961 4822 3090 4879; x_wconf 79' lang='lat' dir='ltr'><strong>falsa</strong></span> <span class='ocrx_word' id='word_1_787' title='bbox 3114 4822 3293 4885; x_wconf 80' lang='lat' dir='ltr'><strong>fuerit,</strong></span> <span class='ocrx_word' id='word_1_788' title='bbox 3322 4837 3387 4876; x_wconf 84' lang='lat' dir='ltr'><strong>ex</strong></span> <span class='ocrx_word' id='word_1_789' title='bbox 3418 4822 3624 4876; x_wconf 86' lang='lat' dir='ltr'><strong>eisdem</strong></span> <span class='ocrx_word' id='word_1_790' title='bbox 3652 4834 3757 4872; x_wconf 78' lang='lat' dir='ltr'><strong>rer-</strong></span> 
     </span>
    </p>
   </div>
   <div class='ocr_carea' id='block_1_127' title="bbox 2178 4892 3755 4960">
    <p class='ocr_par' dir='ltr' id='par_1_127' title="bbox 2178 4892 3755 4960">
     <span class='ocr_line' id='line_1_134' title="bbox 2178 4892 3755 4960; baseline -0.007 -9"><span class='ocrx_word' id='word_1_791' title='bbox 2178 4894 2260 4951; x_wconf 84' lang='lat' dir='ltr'><strong>bis</strong></span> <span class='ocrx_word' id='word_1_792' title='bbox 2296 4910 2325 4950; x_wconf 87' lang='lat' dir='ltr'><strong>a</strong></span> <span class='ocrx_word' id='word_1_793' title='bbox 2380 4895 2653 4949; x_wconf 90' lang='lat' dir='ltr'><strong>nonnullis</strong></span> <span class='ocrx_word' id='word_1_794' title='bbox 2701 4894 2863 4949; x_wconf 83' lang='lat' dir='ltr'><strong>fuerit</strong></span> <span class='ocrx_word' id='word_1_795' title='bbox 2918 4895 3165 4957; x_wconf 86' lang='lat' dir='ltr'><strong>inventa,</strong></span> <span class='ocrx_word' id='word_1_796' title='bbox 3220 4892 3361 4960; x_wconf 90' lang='lat' dir='ltr'><strong>quod</strong></span> <span class='ocrx_word' id='word_1_797' title='bbox 3418 4892 3755 4951; x_wconf 88' lang='lat' dir='ltr'><strong>crediderint,</strong></span> 
     </span>
    </p>
   </div>
   <div class='ocr_carea' id='block_1_128' title="bbox 2179 4961 3757 5034">
    <p class='ocr_par' dir='ltr' id='par_1_128' title="bbox 2179 4961 3757 5034">
     <span class='ocr_line' id='line_1_135' title="bbox 2179 4961 3757 5034; baseline -0.004 -14"><span class='ocrx_word' id='word_1_798' title='bbox 2179 4966 2370 5021; x_wconf 73' lang='lat' dir='ltr'><strong>Isaiam</strong></span> <span class='ocrx_word' id='word_1_799' title='bbox 2405 4981 2510 5021; x_wconf 88' lang='lat' dir='ltr'><strong>non</strong></span> <span class='ocrx_word' id='word_1_800' title='bbox 2536 4965 2824 5034; x_wconf 78' lang='lat' dir='ltr'><strong>allegorice</strong></span> <span class='ocrx_word' id='word_1_801' title='bbox 2847 4965 3108 5029; x_wconf 90' lang='lat' dir='ltr'><strong>locutum,</strong></span> <span class='ocrx_word' id='word_1_802' title='bbox 3126 4963 3218 5019; x_wconf 90' lang='lat' dir='ltr'><strong>sed</strong></span> <span class='ocrx_word' id='word_1_803' title='bbox 3237 4979 3349 5017; x_wconf 91' lang='lat' dir='ltr'><strong>rem</strong></span> <span class='ocrx_word' id='word_1_804' title='bbox 3373 4961 3607 5018; x_wconf 79' lang='lat' dir='ltr'><strong>futuram</strong></span> <span class='ocrx_word' id='word_1_805' title='bbox 3633 4976 3757 5034; x_wconf 52' lang='lat' dir='ltr'><strong>pra;-</strong></span> 
     </span>
    </p>
   </div>
   <div class='ocr_carea' id='block_1_129' title="bbox 2179 5030 3759 5107">
    <p class='ocr_par' dir='ltr' id='par_1_129' title="bbox 2179 5030 3759 5107">
     <span class='ocr_line' id='line_1_136' title="bbox 2179 5030 3759 5107; baseline -0.007 -16"><span class='ocrx_word' id='word_1_806' title='bbox 2179 5035 2407 5101; x_wconf 85' lang='lat' dir='ltr'><strong>dixisse;</strong></span> <span class='ocrx_word' id='word_1_807' title='bbox 2439 5052 2558 5107; x_wconf 66' lang='lat' dir='ltr'><strong>qua?</strong></span> <span class='ocrx_word' id='word_1_808' title='bbox 2588 5030 2823 5105; x_wconf 74' lang='lat' dir='ltr'><strong>alioquin</strong></span> <span class='ocrx_word' id='word_1_809' title='bbox 2863 5035 3055 5090; x_wconf 90' lang='lat' dir='ltr'><strong>similis</strong></span> <span class='ocrx_word' id='word_1_810' title='bbox 3079 5034 3491 5107; x_wconf 82' lang='lat' dir='ltr'><strong>veroredditur,</strong></span> <span class='ocrx_word' id='word_1_811' title='bbox 3526 5030 3759 5107; x_wconf 57' lang='lat' dir='ltr'><strong>cuniSal:</strong></span> 
     </span>
    </p>
   </div>
   <div class='ocr_carea' id='block_1_130' title="bbox 2181 5099 3758 5175">
    <p class='ocr_par' dir='ltr' id='par_1_130' title="bbox 2181 5099 3758 5175">
     <span class='ocr_line' id='line_1_137' title="bbox 2181 5099 3758 5175; baseline 0.001 -19"><span class='ocrx_word' id='word_1_812' title='bbox 2181 5099 2558 5161; x_wconf 35' lang='lat' dir='ltr'><strong>vatoris&#39;ortus</strong></span> <span class='ocrx_word' id='word_1_813' title='bbox 2583 5108 2635 5161; x_wconf 94' lang='lat' dir='ltr'><strong>in</strong></span> <span class='ocrx_word' id='word_1_814' title='bbox 2681 5099 2894 5162; x_wconf 78' lang='lat' dir='ltr'><strong>stabulo</strong></span> <span class='ocrx_word' id='word_1_815' title='bbox 2921 5115 2975 5160; x_wconf 86' lang='lat' dir='ltr'><strong>et</strong></span> <span class='ocrx_word' id='word_1_816' title='bbox 3004 5106 3229 5175; x_wconf 62' lang='lat' dir='ltr'><strong>praesepi</strong></span> <span class='ocrx_word' id='word_1_817' title='bbox 3270 5099 3758 5175; x_wconf 28' lang='grc' dir='ltr'><strong>(ευιιιὲςριὶιζριιοά</strong></span> 
     </span>
    </p>
   </div>
   <div class='ocr_carea' id='block_1_131' title="bbox 2181 5173 3762 5248">
    <p class='ocr_par' dir='ltr' id='par_1_131' title="bbox 2181 5173 3762 5248">
     <span class='ocr_line' id='line_1_138' title="bbox 2181 5173 3762 5248; baseline -0.007 -16"><span class='ocrx_word' id='word_1_818' title='bbox 2181 5186 2362 5233; x_wconf 87' lang='lat' dir='ltr'><strong>autem</strong></span> <span class='ocrx_word' id='word_1_819' title='bbox 2401 5176 2636 5248; x_wconf 85' lang='lat' dir='ltr'><strong>Serryus</strong></span> <span class='ocrx_word' id='word_1_820' title='bbox 2675 5180 2728 5232; x_wconf 90' lang='lat' dir='ltr'><strong>in</strong></span> <span class='ocrx_word' id='word_1_821' title='bbox 2769 5180 2881 5232; x_wconf 90' lang='lat' dir='ltr'><strong>suis</strong></span> <span class='ocrx_word' id='word_1_822' title='bbox 2914 5173 3551 5248; x_wconf 33' lang='lat' dir='ltr'><strong>Exercitat’ionibus‘ait,</strong></span> <span class='ocrx_word' id='word_1_823' title='bbox 3594 5173 3762 5248; x_wconf 69' lang='lat' dir='ltr'><strong>Patres</strong></span> 
     </span>
    </p>
   </div>
   <div class='ocr_carea' id='block_1_132' title="bbox 2181 5245 3760 5317">
    <p class='ocr_par' dir='ltr' id='par_1_132' title="bbox 2181 5245 3760 5317">
     <span class='ocr_line' id='line_1_139' title="bbox 2181 5245 3760 5317; baseline -0.003 -17"><span class='ocrx_word' id='word_1_824' title='bbox 2181 5250 2271 5317; x_wconf 92' lang='lat' dir='ltr'><strong>qui</strong></span> <span class='ocrx_word' id='word_1_825' title='bbox 2301 5250 2453 5303; x_wconf 89' lang='lat' dir='ltr'><strong>bovis</strong></span> <span class='ocrx_word' id='word_1_826' title='bbox 2482 5245 2551 5305; x_wconf 55' lang='lat' dir='ltr'><strong>et&#39;</strong></span> <span class='ocrx_word' id='word_1_827' title='bbox 2580 5250 2714 5303; x_wconf 89' lang='lat' dir='ltr'><strong>asini</strong></span> <span class='ocrx_word' id='word_1_828' title='bbox 2748 5250 3110 5304; x_wconf 88' lang='lat' dir='ltr'><strong>meminerunt</strong></span> <span class='ocrx_word' id='word_1_829' title='bbox 3136 5247 3424 5316; x_wconf 86' lang='lat' dir='ltr'><strong>allegorice</strong></span> <span class='ocrx_word' id='word_1_830' title='bbox 3466 5245 3760 5317; x_wconf 89' lang='lat' dir='ltr'><strong>esse_locu-</strong></span> 
     </span>
    </p>
   </div>
   <div class='ocr_carea' id='block_1_133' title="bbox 2184 5314 3762 5389">
    <p class='ocr_par' dir='ltr' id='par_1_133' title="bbox 2184 5314 3762 5389">
     <span class='ocr_line' id='line_1_140' title="bbox 2184 5314 3762 5389; baseline -0.006 -17"><span class='ocrx_word' id='word_1_831' title='bbox 2184 5314 2290 5383; x_wconf 78' lang='lat' dir='ltr'><strong>tos,</strong></span> <span class='ocrx_word' id='word_1_832' title='bbox 2320 5334 2511 5375; x_wconf 90' lang='lat' dir='ltr'><strong>eorum</strong></span> <span class='ocrx_word' id='word_1_833' title='bbox 2552 5320 2735 5375; x_wconf 87' lang='lat' dir='ltr'><strong>verbis</strong></span> <span class='ocrx_word' id='word_1_834' title='bbox 2776 5329 2829 5375; x_wconf 89' lang='lat' dir='ltr'><strong>et</strong></span> <span class='ocrx_word' id='word_1_835' title='bbox 2860 5319 3029 5374; x_wconf 89' lang='lat' dir='ltr'><strong>menti</strong></span> <span class='ocrx_word' id='word_1_836' title='bbox 3077 5314 3577 5389; x_wconf 52' lang='lat' dir='ltr'><strong>aperterepugnat.</strong></span> <span class='ocrx_word' id='word_1_837' title='bbox 3609 5314 3762 5367; x_wconf 54' lang='lat' dir='ltr'><strong>Locus</strong></span> 
     </span>
    </p>
   </div>
   <div class='ocr_carea' id='block_1_134' title="bbox 2186 5386 3760 5458">
    <p class='ocr_par' dir='ltr' id='par_1_134' title="bbox 2186 5386 3760 5458">
     <span class='ocr_line' id='line_1_141' title="bbox 2186 5386 3760 5458; baseline -0.006 -13"><span class='ocrx_word' id='word_1_838' title='bbox 2186 5404 2305 5458; x_wconf 86' lang='lat' dir='ltr'><strong>cap.</strong></span> <span class='ocrx_word' id='word_1_839' title='bbox 2352 5405 2410 5444; x_wconf 89' lang='grc' dir='ltr'><strong>ιιι</strong></span> <span class='ocrx_word' id='word_1_840' title='bbox 2459 5389 2711 5445; x_wconf 87' lang='lat' dir='ltr'><strong>Habacuc</strong></span> <span class='ocrx_word' id='word_1_841' title='bbox 2764 5406 2833 5447; x_wconf 87' lang='lat' dir='ltr'><strong>ex</strong></span> <span class='ocrx_word' id='word_1_842' title='bbox 2883 5386 3134 5444; x_wconf 82' lang='lat' dir='ltr'><strong>versione</strong></span> <span class='ocrx_word' id='word_1_843' title='bbox 3175 5386 3318 5443; x_wconf 74' lang='lat' dir='ltr'><strong>LXX</strong></span> <span class='ocrx_word' id='word_1_844' title='bbox 3367 5386 3760 5458; x_wconf 46' lang='lat' dir='ltr'><strong>interpretum}</strong></span> 
     </span>
    </p>
   </div>
   <div class='ocr_carea' id='block_1_135' title="bbox 2185 5452 3761 5516">
    <p class='ocr_par' dir='ltr' id='par_1_135' title="bbox 2185 5452 3761 5516">
     <span class='ocr_line' id='line_1_142' title="bbox 2185 5452 3761 5516; baseline -0.005 -1"><span class='ocrx_word' id='word_1_845' title='bbox 2185 5452 2370 5515; x_wconf 80' lang='lat' dir='ltr'><strong>multis</strong></span> <span class='ocrx_word' id='word_1_846' title='bbox 2393 5459 2495 5516; x_wconf 89' lang='lat' dir='ltr'><strong>SS.</strong></span> <span class='ocrx_word' id='word_1_847' title='bbox 2544 5461 2791 5516; x_wconf 87' lang='lat' dir='ltr'><strong>Patribus</strong></span> <span class='ocrx_word' id='word_1_848' title='bbox 2839 5461 2891 5514; x_wconf 93' lang='lat' dir='ltr'><strong>in</strong></span> <span class='ocrx_word' id='word_1_849' title='bbox 2941 5459 3185 5515; x_wconf 83' lang='lat' dir='ltr'><strong>eamdem</strong></span> <span class='ocrx_word' id='word_1_850' title='bbox 3229 5474 3342 5511; x_wconf 89' lang='lat' dir='ltr'><strong>rem</strong></span> <span class='ocrx_word' id='word_1_851' title='bbox 3387 5452 3682 5512; x_wconf 80' lang='lat' dir='ltr'><strong>adducitur.</strong></span> <span class='ocrx_word' id='word_1_852' title='bbox 3710 5452 3761 5501; x_wconf 80' lang='grc' dir='ltr'><strong>1η</strong></span> 
     </span>
    </p>
   </div>
   <div class='ocr_carea' id='block_1_136' title="bbox 2185 5529 3758 5599">
    <p class='ocr_par' dir='ltr' id='par_1_136' title="bbox 2185 5529 3758 5599">
     <span class='ocr_line' id='line_1_143' title="bbox 2185 5529 3758 5599; baseline -0.006 -14"><span class='ocrx_word' id='word_1_853' title='bbox 2185 5532 2353 5586; x_wconf 85' lang='lat' dir='ltr'><strong>medio</strong></span> <span class='ocrx_word' id='word_1_854' title='bbox 2376 5530 2600 5586; x_wconf 84' lang='lat' dir='ltr'><strong>duorum</strong></span> <span class='ocrx_word' id='word_1_855' title='bbox 2628 5532 2931 5586; x_wconf 82' lang='lat' dir='ltr'><strong>animalium</strong></span> <span class='ocrx_word' id='word_1_856' title='bbox 2959 5530 3299 5599; x_wconf 84' lang='lat' dir='ltr'><strong>cegnosceris,</strong></span> <span class='ocrx_word' id='word_1_857' title='bbox 3324 5529 3417 5582; x_wconf 89' lang='lat' dir='ltr'><strong>sed</strong></span> <span class='ocrx_word' id='word_1_858' title='bbox 3442 5531 3642 5599; x_wconf 66' lang='lat' dir='ltr'><strong>ﬁrmam</strong></span> <span class='ocrx_word' id='word_1_859' title='bbox 3668 5538 3758 5575; x_wconf 78' lang='lat' dir='ltr'><strong>non</strong></span> 
     </span>
    </p>
   </div>
   <div class='ocr_carea' id='block_1_137' title="bbox 2186 5597 3753 5671">
    <p class='ocr_par' dir='ltr' id='par_1_137' title="bbox 2186 5597 3753 5671">
     <span class='ocr_line' id='line_1_144' title="bbox 2186 5597 3753 5671; baseline -0.009 -15"><span class='ocrx_word' id='word_1_860' title='bbox 2186 5617 2305 5657; x_wconf 89' lang='lat' dir='ltr'><strong>esse</strong></span> <span class='ocrx_word' id='word_1_861' title='bbox 2335 5616 2455 5657; x_wconf 88' lang='lat' dir='ltr'><strong>eam</strong></span> <span class='ocrx_word' id='word_1_862' title='bbox 2490 5602 2819 5668; x_wconf 84' lang='lat' dir='ltr'><strong>versionem,</strong></span> <span class='ocrx_word' id='word_1_863' title='bbox 2842 5602 3002 5658; x_wconf 88' lang='lat' dir='ltr'><strong>docet</strong></span> <span class='ocrx_word' id='word_1_864' title='bbox 3027 5597 3098 5657; x_wconf 21' lang='lat' dir='ltr'><strong>VS.</strong></span> <span class='ocrx_word' id='word_1_865' title='bbox 3132 5600 3516 5671; x_wconf 83' lang='lat' dir='ltr'><strong>Hieronymus.</strong></span> <span class='ocrx_word' id='word_1_866' title='bbox 3556 5597 3753 5648; x_wconf 80' lang='lat' dir='ltr'><strong>Exstant</strong></span> 
     </span>
    </p>
   </div>
   <div class='ocr_carea' id='block_1_138' title="bbox 2186 5670 3749 5740">
    <p class='ocr_par' dir='ltr' id='par_1_138' title="bbox 2186 5670 3749 5740">
     <span class='ocr_line' id='line_1_145' title="bbox 2186 5670 3749 5740; baseline -0.004 -15"><span class='ocrx_word' id='word_1_867' title='bbox 2186 5672 2364 5727; x_wconf 89' lang='lat' dir='ltr'><strong>adhuc</strong></span> <span class='ocrx_word' id='word_1_868' title='bbox 2407 5673 2673 5740; x_wconf 73' lang='lat' dir='ltr'><strong>imagines</strong></span> <span class='ocrx_word' id='word_1_869' title='bbox 2708 5674 3121 5740; x_wconf 65' lang='lat' dir='ltr'><strong>antiquissimm,</strong></span> <span class='ocrx_word' id='word_1_870' title='bbox 3162 5670 3357 5740; x_wconf 85' lang='lat' dir='ltr'><strong>quibus</strong></span> <span class='ocrx_word' id='word_1_871' title='bbox 3392 5681 3623 5740; x_wconf 70' lang='lat' dir='ltr'><strong>prmsepe</strong></span> <span class='ocrx_word' id='word_1_872' title='bbox 3648 5674 3749 5740; x_wconf 14' lang='lat' dir='ltr'><strong>qui&quot;</strong></span> 
     </span>
    </p>
   </div>
   <div class='ocr_carea' id='block_1_139' title="bbox 2188 5734 3747 5813">
    <p class='ocr_par' dir='ltr' id='par_1_139' title="bbox 2188 5734 3747 5813">
     <span class='ocr_line' id='line_1_146' title="bbox 2188 5734 3747 5813; baseline -0.01 -13"><span class='ocrx_word' id='word_1_873' title='bbox 2188 5743 2322 5800; x_wconf 84' lang='lat' dir='ltr'><strong>bove</strong></span> <span class='ocrx_word' id='word_1_874' title='bbox 2347 5753 2401 5800; x_wconf 87' lang='lat' dir='ltr'><strong>et</strong></span> <span class='ocrx_word' id='word_1_875' title='bbox 2432 5734 2591 5803; x_wconf 77' lang='lat' dir='ltr'><strong>asino</strong></span> <span class='ocrx_word' id='word_1_876' title='bbox 2612 5734 2915 5803; x_wconf 81' lang='lat' dir='ltr'><strong>exhibetur.</strong></span> <span class='ocrx_word' id='word_1_877' title='bbox 2946 5746 2985 5799; x_wconf 81' lang='grc' dir='ltr'><strong>Α</strong></span> <span class='ocrx_word' id='word_1_878' title='bbox 3016 5734 3209 5813; x_wconf 75' lang='lat' dir='ltr'><strong>priscis</strong></span> <span class='ocrx_word' id='word_1_879' title='bbox 3242 5755 3409 5811; x_wconf 62' lang='lat' dir='ltr'><strong>oscine</strong></span> <span class='ocrx_word' id='word_1_880' title='bbox 3436 5735 3636 5797; x_wconf 66' lang='lat' dir='ltr'><strong>saeculis</strong></span> <span class='ocrx_word' id='word_1_881' title='bbox 3666 5734 3747 5785; x_wconf 76' lang='lat' dir='ltr'><strong>liu-</strong></span> 
     </span>
    </p>
   </div>
  </div>
