4068 6190
264 269 369 325 903

505 380 666 452 383
704 378 1113 434 Praedestinavit
1142 376 1402 434 indolem.

442 473 660 543 Regem,
703 472 979 542 Deumque
1016 470 1335 525 annuntiant

260 567 330 621 'It)
507 564 837 627 'I‘hvsanrus,
861 569 917 617 et
944 561 1188 631 fragrans
1208 560 1342 615 odor

507 653 703 709 Thuris
724 651 897 707 Sabaii
927 668 941 704 :
972 659 1028 705 at
1048 650 1331 722 myrrheus

510 743 695 799 Pulvis
719 741 1029 811 sepulcrum
1056 740 1343 807 praedocet.

233 851 245 883 τ
438 837 549 891 lloc
573 842 663 889 est
685 832 992 903 sepulcrum
1012 871 1027 895 ,
1055 845 1163 900 quo
1194 830 1352 894 Deus,

510 925 642 979 Dum
666 936 862 990 corpus
892 919 1155 988 exstingui
1184 919 1332 985 sinit,

260 1018 332 1073 75
506 1010 670 1085 38h
704 1010 881 1080 Atque
917 1008 969 1063 id
1000 1008 1265 1077 sepultum
1293 1008 1537 1074 suscitat,

506 1108 690 1164 Mortis
713 1104 933 1176 refregit
962 1093 1252 1158 carcerem.

1291 265 1830 324 CATIIEMERINON
1872 266 1984 323 XII.
2030 267 2115 323 DE
2153 265 2536 323 EPIPHANIA.

1872 390 1923 447 Α
2126 381 2169 434 υ
2198 381 2309 434 sola
2340 395 2651 449 magnarum
2684 380 2889 435 urbium

2198 470 2363 539 Maior
2395 471 2633 525 Bethlem
2659 488 2672 523 :
2706 473 2790 526 cui
2814 469 3031 541 contigit

2197 561 2393 616 Ducem
2422 560 2605 616 salutis
2644 562 2855 616 caelitus

1950 654 2020 706 $0
2197 652 2597 722 lncorporstum
2627 653 2847 723 gignere

2127 742 2323 798 Altrice
2351 752 2423 809 te,
2455 758 2664 799 summo
2688 743 2827 798 Patri

2199 832 2380 887 Hmres
2410 842 2622 889 creatur
2648 833 2838 889 unicus

2195 924 2357 995 385
2394 923 2565 978 Ilomo
2589 939 2654 979 ex
2676 924 2934 979 Tonantis
2960 924 3193 994 Spiritu,

2197 1015 2445 1084 Idemque
2470 1015 2568 1071 sub
2590 1015 2844 1070 membris
2869 1016 3027 1071 Deus.

1952 1105 2023 1156 85
2130 1103 2281 1158 llunc
2304 1113 2357 1157 et
2381 1104 2651 1174 prophetis
2676 1104 2923 1173 testibus,

1563 1191 1855 1247 eLossa:
1899 1192 2235 1247 VETERES.
3268 1219 3293 1264 ζ

331 1293 421 1348 68.
451 1290 689 1346 lndolem
716 1330 733 1356 ,
760 1288 962 1343 indoles
991 1295 1063 1340 est
1116 1288 1283 1355 imago
1323 1285 1512 1352 futura:
1539 1284 1845 1356 nobilitatis,

260 1379 411 1433 quam
433 1363 488 1433 in
512 1363 680 1430 pueris
703 1352 961 1433 ridemus,
1089 1352 1269 1433 quibus
1300 1369 1401 1408 non
1428 1363 1503 1407 est
1535 1352 1703 1407 adhuc
1740 1354 1845 1407 vir-

260 1425 363 1493 tus.
393 1432 485 1501 sed
511 1425 713 1501 signum
738 1429 972 1501 uirtutis_,
1007 1425 1221 1501 Vat._A.

333 1490 420 1556 Ἡ.
450 1490 645 1566 Sabini,
674 1498 897 1552 Arabici.
924 1495 1064 1551 Saba
1109 1494 1323 1566 Arabia,
1357 1510 1404 1566 a_
1450 1501 1576 1566 potu
1609 1490 1731 1566 (sic)
1760 1504 1848 1566 st-

258 1583 405 1634 IEIN,
437 1571 490 1623 id
519 1579 594 1624 est
622 1561 654 1622 ἁ
701 1567 911 1622 colendo
945 1581 965 1620 :
995 1566 1134 1634 apud
1176 1563 1292 1617 illos
1322 1561 1459 1617 enini
1499 1561 1611 1617 thus
1647 1563 1844 1634 inveni-

1953 1284 2218 1354 permittit,
2252 1283 2368 1338 Val.
2394 1285 2459 1339 Α.

2024 1354 2111 1407 75.
2145 1353 2245 1418 ld.,
2274 1370 2476 1422 corpus,
2503 1354 2624 1408 Val.
2656 1355 2718 1409 Α.

2022 1423 2113 1479 76.
2140 1423 2442 1488 Carcerem,
2475 1424 2753 1493 infernum,
2782 1424 2899 1479 Vat.
2932 1428 2996 1479 Α.

2021 1494 2109 1546 80.
2143 1494 2564 1560 lucorporatutu,
2591 1495 2939 1559 incarnatum,
2969 1494 3083 1549 Vat.
3117 1498 3184 1552 Α.

2021 1561 2111 1632 81.
2145 1562 2398 1632 Summo,
2431 1578 2525 1632 pro
2554 1564 2843 1627 divinitate,
2878 1565 2994 1618 Val.
3035 1566 3100 1619 A.

238 1653 365 1706 .tur,
394 1630 548 1695 Unde
577 1637 735 1720 Deus.
755 1637 980 1719 .Myrrha
1010 1630 1390 1720 interpretvat-ur.
1415 1648 1612 1685 amara.
1647 1630 1773 1686 Ideo
1799 1640 1845 1686 et
1876 1662 1923 1720 Β
2146 1632 2345 1720 μίξινθε,
2377 1630 2627 1720 Christus,
2656 1632 2890 1720 V_at.“A..

261 1703 477 1779 corpora
506 1708 767 1780 putrefieri
788 1703 888 1759 non
917 1705 1181 1780 permittit,
1214 1703 1332 1780 Vat.
1364 1706 1427 1755 A.

343 1771 431 1834 74.
458 1771 689 1848 corpus,
715 1792 884 1831 suum.
914 1771 987 1816 ἐν
1022 1773 1330 1841 Exstingui,
1369 1772 1519 1826 mori.
1564 1801 1634 1811 —
1675 1771 1843 1838 Sinit,

2027 1702 2115 1772 84.
2147 1702 2257 1757 Sub
2283 1701 2537 1772 membris
2559 1742 2573 1765 ,
2611 1704 2743 1772 quia
2773 1704 3012 1757 divinitus
3042 1704 3262 1772 latebat,
3307 1706 3428 1763 Vat.
3457 1710 3522 1765 Δ.

2026 1771 2116 1826 85.
2147 1772 2315 1826 llunc.
2351 1770 2574 1831 Filium,
2607 1771 2726 1826 Vat.
2756 1772 2822 1827 Α.

1604 1862 2161 1920 COMMENTARIUS.

335 1963 425 2018 68.
461 1960 690 2015 Verbum
722 1959 1088 2027 prwdestinare
1114 1957 1259 2012 idem
1282 1956 1585 2025 signiﬁcare
1606 1971 1669 2011 ac
1690 1958 1848 2011 desti-

264 2048 408 2096 nare,
437 2029 578 2100 quod
601 2044 708 2098 prae
736 2044 796 2085 se
816 2031 918 2084 fert
939 2027 1406 2100 antecessionem,
1435 2036 1655 2100 monent
1692 2028 1840 2081 theo-

264 2096 827 2172 logi.V'o_cemAparum
858 2098 1101 2172 Latinam
1135 2111 1256 2172 esse
1299 2097 1449 2150 multi
1493 2096 1843 2172 docuerunt:

266 2165 409 2229 sella
442 2169 593 2225 Livio
623 2165 788 2224 fuisse
809 2168 1100 2222 adhibitam
1140 2167 1314 2221 fassus
1356 2174 1440 2220 est
1484 2165 1748 2220 Cellarius
1794 2167 1845 2219 in

264 2242 425 2297 Curis
454 2239 835 2310 posterioribus
855 2238 922 2293 de
952 2236 1313 2301 barbarismis,
1339 2237 1407 2290 ab
1422 2237 1554 2289 Olao
1571 2235 1848 2290 Borrichio

267 2312 594 2367 admonitus.

339 2382 429 2435 69.
459 2380 634 2448 Magos
656 2378 989 2448 divinitatem
1036 2376 1336 2447 agnovisse,
1388 2385 1443 2430 ct
1480 2374 1732 2430 adorasse
1758 2390 1851 2448 ex-

268 2452 475 2520 plorata
500 2446 586 2503 res
613 2457 713 2502 est.
745 2447 994 2520 Sed_ulius
1025 2446 1116 2520 lib.
1142 2461 1216 2520 tl:
1255 2450 1424 2520 Aurea
1446 2449 1672 2520 nascenti
1702 2446 1852 2520 fude-

269 2514 393 2601 'runt
423 2533 635 2601 munera
662 2516 815 2601 τεθῇ..
841 2516 1037 2601 Thura.
1057 2518 1241 2571 dedere
1276 2516 1431 2601 ,θέοι
1450 2514 1851 2601 Ῠηςξιινζζιρηὶίινὶ-

274 2592 424 2644 bitere
448 2590 700 2658 sepulcro.
723 2585 995 2658 Ileipidius
1024 2587 1078 2639 in
1123 2587 1363 2641 carmine
1400 2585 1468 2639 de
1493 2585 1694 2658 Christi
1724 2586 1851 2658 ,Iesu

277 2655 572 2714 beneliciis.
605 2655 759 2725 Gens
782 2655 1047 2709 Chaldaeo.
1069 2695 1085 2711 .
1108 2695 1122 2709 .
1154 2658 1243 2709 dat
1292 2670 1539 2720 munera,
1578 2655 1686 2725 regi
1716 2655 1856 2708 Divi-

276 2732 396 2792 tias,
428 2730 515 2780 dat
542 2726 694 2780 thura
722 2722 853 2790 Deo,
896 2726 1249 2795 myrrhamque
1285 2726 1541 2795 sepulcro.
1589 2722 1855 2779 Juvencus

275 2799 372 2853 lib.
404 2813 420 2851 ι
448 2815 461 2850 :
492 2796 840 2862 Submissique
879 2797 1034 2848 simul
1078 2812 1197 2849 mox
1241 2797 1451 2864 mystica
1499 2810 1709 2847 munera
1739 2811 1857 2859 proc

277 2877 421 2921 munt
452 2882 474 2921 :
505 2868 718 2927 Aurum,
749 2867 895 2928 thus,
924 2866 1183 2934 myrrham
1223 2866 1450 2935 regique,
1504 2864 1734 2935 Deoque,
1766 2864 1859 2916 ho-

284 2938 511 3004 minique
540 2936 689 2988 Dona
716 2939 915 3002 ferunt;
969 2936 1058 3004 qui
1086 2934 1287 2989 versus
1313 2936 1532 2988 Juvenci
1578 2934 1860 3004 laudantur

280 3022 312 3061 a
335 3007 396 3062 S.
427 3003 773 3074 Hieronymo,
807 3003 1029 3058 Alauiuo
1059 3005 1284 3073 aliisque
1316 3006 1569 3071 antiquis.
1610 3003 1855 3074 Barthius

281 3077 378 3132 lib.
408 3091 553 3140 Lvm,
574 3073 693 3142 cap.
720 3073 777 3139 9.,
806 3074 857 3126 in
884 3076 1110 3143 quodam
1149 3090 1249 3127 ms.
1281 3074 1499 3127 .Iuvcnci
1518 3074 1727 3143 reperit
1754 3073 1861 3125 Au-

283 3163 419 3209 rum,
442 3145 575 3209 thus,
606 3140 1131 3214 myrrltaiit,regique,
1160 3144 1477 3214 hominique,
1507 3140 1730 3209 Deoque.
1754 3144 1859 3196 Sed

283 3227 411 3270 tunc
468 3217 554 3268 hic
601 3216 736 3267 alius
786 3215 918 3267 ordo
958 3213 1112 3268 esset
1138 3213 1542 3268 constituendus
1583 3228 1597 3265 :
1643 3214 1857 3276 Aurum,

284 3284 567 3355 myrrham,
614 3284 750 3355 thus,
799 3285 1022 3355 regique,
1071 3284 1394 3355 hominique,
1443 3281 1669 3355 Deoqite.
1700 3284 1755 3336 In
1798 3282 1859 3335 S.

285 3350 607 3424 Hieronymo
634 3354 724 3406 lib.
755 3350 947 3424 tCom.
979 3354 1031 3424 in
1079 3368 1192 3420 cap.
1246 3368 1282 3407 tt
1310 3352 1494 3424 Matth.
1523 3368 1537 3404 :
1574 3350 1737 3424 Thus,
1760 3368 1860 3424 au-

285 3442 421 3485 rum,
444 3420 704 3493 myrrham
747 3422 970 3491 regique,
1009 3423 1320 3492 hominique,
1348 3420 1555 3490 Deoque
1608 3421 1753 3493 Dona
1782 3423 1860 3489 fe-

282 3504 429 3547 runt.
457 3492 639 3562 neque
670 3493 768 3562 hoc
798 3493 957 3545 modo
979 3494 1109 3546 ordo
1131 3506 1410 3546 munerum
1434 3498 1695 3562 servatur.
1731 3492 1861 3544 Itur-

288 3564 430 3617 thius
461 3561 570 3627 ait,
618 3561 962 3615 Prudentium
1013 3563 1303 3630 Apotheosi
1358 3572 1583 3629 poemate
1621 3561 1769 3613 docto
1820 3571 1863 3614 et

287 3633 553 3687 luculento
578 3630 691 3684 haec
715 3645 932 3701 munera
964 3632 1230 3701 magniﬁce
1254 3642 1300 3684 et
1339 3631 1574 3684 Romana
1603 3632 1866 3697 majestate

281 3704 585 3770 appellasse
615 3702 830 3771 fercula.
885 3700 1015 3771 Vide
1060 3703 1256 3771 Apoth.
1314 3714 1454 3771 vers.
1484 3700 1585 3755 609
1615 3709 1671 3771 ct
1707 3714 1860 3768 seqq.

293 3772 351 3826 In
380 3772 557 3825 olliciu
586 3769 952 3825 ecclesiastico
983 3770 1297 3838 Epiphaniae
1337 3770 1543 3824 canitur
1574 3789 1587 3823 :
1645 3769 1708 3821 In
1735 3786 1863 3822 auro

285 3852 347 3895 stt
369 3842 663 3895 ostendatur
694 3841 826 3908 regis
856 3843 1113 3910 potentia;
1142 3840 1195 3892 in
1224 3840 1718 3910 thuresacerdotem
1750 3854 1862 3891 ma-

280 3929 445 3980 gnum
466 3911 763 3973 considera;
791 3918 837 3963 et
856 3908 925 3964 Vin
965 3913 1170 3979 myrrha
1198 3909 1502 3980 dominicam
1530 3908 1861 3978 sepulturam.

284 3977 657 4037 Sacerdotium
688 3995 935 4048 magnum
976 3977 1047 4032 ita
1073 3979 1400 4048 signiﬁcatur
1440 3977 1623 4043 thure,
1656 3988 1728 4048 ut
1785 3980 1865 4030 tli-

282 4052 491 4119 vinitas
530 4050 717 4118 lnipsn
748 4047 1021 4103 sacerdote
1058 4047 1250 4119 magno
1302 4048 1478 4119 inesse
1519 4047 1859 4119 intelligatur.

360 4122 450 4176 70.
478 4118 534 4173 In
557 4117 702 4182 Pu’t.,
731 4120 958 4187 ﬂagrans
987 4120 1131 4172 odos.
1155 4117 1165 4119 ⁷
1190 4119 1293 4172 Alii
1325 4118 1485 4171 etiam
1520 4117 1606 4170 bit:
1654 4127 1707 4170 et
1738 4117 1861 4171 alibi

284 4194 519 4261 ﬂagrans
540 4190 911 4261 profragrans,
953 4198 1009 4242 ut
1051 4198 1174 4242 ante
1213 4187 1341 4240 dixi.
1390 4187 1621 4241 Isidorus
1668 4187 1867 4240 mavult

283 4259 529 4333 fragrans
580 4259 726 4333 odor.

362 4325 451 4383 7t.
484 4327 605 4382 Vat.
640 4329 699 4392 Β,
730 4328 910 4396 Alex.,
939 4328 1085 4392 Rat.,
1125 4337 1178 4380 at
1222 4325 1676 4398 myrrheus,quod
1710 4325 1866 4397 longe

286 4399 587 4469 elegantius
608 4406 713 4469 est,
742 4414 900 4467 quam
929 4415 988 4450 ac
1022 4397 1309 4469 myrrheus.
1354 4397 1602 4469 lleinsius
1620 4465 1632 4469 Α
1652 4411 1863 4469 quoque

284 4465 491 4539 rep'erit
516 4469 566 4521 in
597 4465 775 4539 Oxon.
792 4476 865 4539 at,
891 4478 943 4521 et
964 4465 1227 4539 probavit,
1251 4467 1492 4539 quamvis
1514 4465 1738 4539 ediderit
1759 4465 1827 4539 ac
1842 4482 1864 4531 ς

282 4536 516 4599 ἱειῬυῑ..
545 4536 630 4601 ad,
660 4538 801 4607 quod
833 4538 1157 4607 tantumdem
1187 4546 1287 4591 e~t.
1323 4537 1380 4590 In
1416 4536 1645 4607 creteris,
1700 4536 1859 4607 etiam

286 4608 434 4661 Vatt.
462 4607 517 4673 l,
554 4607 630 4673 Q,

282 4679 480 4732 σέϐειν.

361 4747 453 4801 75.
484 4746 668 4810 Alex.,
723 4744 933 4808 hocem;
963 4745 1099 4800 forte
1126 4744 1274 4798 hocce
1303 4754 1396 4798 est.
1443 4743 1583 4808 Put.,
1616 4743 1732 4809 hoc,
1763 4743 1859 4798 hoc

285 4824 366 4871 est
385 4816 696 4885 sepulcrum.
727 4816 972 4870 Heinsius
998 4816 1218 4883 corrigit
1247 4818 1341 4868 hoc
1360 4854 1374 4879 ,
1404 4813 1519 4885 hoc
1546 4815 1851 4885 sepulcrum.

284 4888 359 4939 At
388 4883 451 4939 si
479 4884 740 4939 Puteanus
776 4896 858 4938 est
903 4888 1299 4948 emendandus,
1350 4884 1415 4936 ad
1468 4884 1603 4937 alios
1648 4883 1858 4937 codices

286 4954 464 5023 potius
487 4969 643 5022 quam
684 4954 749 5023 ad
795 4955 1071 5008 arbitrium
1118 4954 1453 5008 reducendus
1495 4963 1578 5007 est
1624 4970 1636 5004 :
1680 4955 1857 5007 cieteri

281 5022 431 5078 enim
458 5032 601 5077 recte
632 5022 822 5076 habent
840 5024 935 5076 hoc
963 5034 1034 5077 est
1063 5026 1364 5092 sepulcrum.
1387 5023 1598 5087 Cham.,
1645 5023 1777 5077 Cell.
1806 5032 1860 5092 et

284 5093 504 5147 Teolius
528 5106 649 5146 cum
678 5092 892 5146 lleinsiu
946 5091 1125 5162 legunt
1164 5094 1277 5157 hoc,
1326 5095 1419 5145 hoc
1459 5096 1766 5161 sepulcrum.
1801 5091 1856 5145 In

288 5163 447 5227 Man,
477 5163 750 5242 quodnpro
797 5178 915 5242 quo,
949 5161 1202 5242 ut_supra
1251 5163 1550 5242 corrigiiur.
1602 5161 1859 5242 Erasmus

284 5229 504 5300 quoque
527 5241 580 5303 et
604 5229 717 5285 (iis.
755 5229 820 5285 ad
848 5247 994 5303 oram
1025 5229 1207 5302 legunt
1249 5232 1406 5303 quod.
1457 5231 1575 5285 Vat.
1610 5232 1669 5297 Β,
1699 5233 1857 5298 male,

284 5298 385 5354 lioc
414 5298 719 5369 Sepulcrum,
750 5317 848 5367 quo
877 5298 1033 5354 Deus.

362 5371 453 5424 77.
487 5371 913 5438 Comparativum
947 5386 1042 5442 pro
1066 5370 1394 5442 superlativo
1433 5370 1651 5442 adhibet
1689 5373 1858 5442 major

284 5456 391 5509 pro
410 5442 632 5492 maxima
655 5455 674 5492 :
702 5448 757 5494 et
800 5439 974 5493 tamen
1017 5441 1169 5494 facile
1210 5440 1380 5507 potuit
1408 5439 1466 5510 ὀ
1503 5443 1613 5493 sola
1656 5439 1855 5510 magnis

288 5510 496 5562 urbibus
524 5510 848 5580 majorascd
890 5511 1005 5563 aliis
1030 5512 1191 5580 etiam
1220 5511 1273 5562 in
1303 5509 1434 5580 locis
1458 5509 1608 5580 hanc
1633 5509 1855 5580 phrasin

286 5576 612 5648 usurpavitf
639 5576 767 5632 Vide
797 5579 978 5645 bytnn.
1003 5580 1061 5634 S.
1097 5578 1351 5632 Vincentii
1383 5593 1518 5634 vers.
1550 5576 1676 5643 29$,
1716 5577 1853 5632 For-

282 5650 605 5705 tissimorum
634 5650 844 5713 fortior;
886 5649 1077 5719 Psych.
1102 5661 1248 5705 vers.
1291 5648 1414 5705 550.
1444 5664 1659 5720 magnus
1696 5650 1853 5704 disci-

493 5746 761 5806 Parnon.
809 5745 972 5808 LIX.

236 5822 284 5829 η..

1954 1958 2219 2028 palorum;
2249 1956 2433 2030 hymnf
2460 1957 2525 2011 η
2553 1957 2768 2030 Perist,
2794 1974 2935 2014 vers.
2963 1959 3087 2025 ΗΟ,
3119 1961 3182 2015 Et
3204 1963 3341 2030 quod
3365 1967 3519 2022 malo.

1952 2027 2275 2101 rum__te_trius
2297 2027 2650 2101 omniunt‘est,
2671 2029 3024 2101 Ilc_llenismus
3056 2032 3137 2085 hic
3156 2027 3257 2096 est,
3282 2045 3333 2087 et
3368 2038 3520 2101 phra-

1953 2098 2029 2151 sis
2060 2096 2295 2175 Vulgatte
2324 2095 2976 2175 editionis-Matth;xxttt,
3000 2095 3430 2175 ll_;_Quimajor
3451 2118 3526 2161 est

1952 2166 2412 2243 u_estrit_n_t_._Confer
2448 2167 2728 2243 Drusium,
2753 2167 3033 2243 Observat.
3068 2171 3161 2225 lib.
3199 2187 3250 2237 v,
3283 2166 3403 2243 ca'p.
3433 2176 3525 2243 23,

1952 2234 2277 2311 Cu_rtii_illud
2301 2244 2387 2311 est
2415 2233 2589 2311 {Duo
2623 2240 2822 2311 majora
2859 2240 3084 2311 omnium
3113 2233 3332 2311 navigia.
3350 2233 3521 2300 'Anti;

1954 2306 2044 2380 qui
2076 2305 2363 2380 aliquando
2384 2305 2800 2380 entiamipositivo
2819 2308 3184 2380 adjunxerunt
3204 2305 3519 2380 genitivum.

1960 2374 2366 2446 Enniuslibtt,
2394 2374 2630 2429 Constitit
2660 2378 2781 2430 inde
2810 2374 2906 2431 loci
2937 2389 3141 2446 propter
3170 2374 3252 2433 sos
3277 2382 3364 2435 dia
3399 2385 3522 2437 dea-

1957 2461 2094 2519 rum,
2112 2445 2251 2513 apud
2280 2444 2517 2500 Festum.
2551 2447 2802 2519 Virgilius
2833 2444 3015 2519 lih.'tv
3042 2447 3193 2509 lEn.,
3228 2465 3372 2505 vers.
3398 2456 3522 2519 576,

1956 2517 2215 2590 sequimur
2240 2524 2307 2583 te,
2333 2526 2507 2590 sancte
2525 2517 2754 2569 deorum.
2785 2516 2959 2584 potius
2980 2532 3137 2590 quam
3165 2520 3374 2590 deorum
3397 2516 3533 2590 quis;

1957 2586 2069 2660 quis
2097 2600 2149 2637 es
2158 2598 2192 2660 _:
2214 2585 2571 2660 nam_videtur
2600 2591 2891 2660 sumpsisse
2912 2601 2975 2660 ex
3002 2587 3172 2660 Ennio
3198 2605 3212 2643 :
3248 2585 3528 2660 Respondit

1957 2658 2098 2707 Juno
2147 2655 2414 2721 Saturnia,
2458 2665 2631 2708 sancta
2664 2657 2892 2709 dearum.
2931 2656 3101 2709 Graeci
3143 2655 3226 2712 δῖα
3253 2655 3408 2715 ests.
3435 2678 3528 2717 ea-

1958 2725 2079 2777 dem
2110 2725 2289 2792 phrasi
2321 2725 2523 2778 dicunt.
2564 2726 2862 2780 Ludovicus
2905 2725 3154 2780 Cavallus
3195 2742 3525 2788 correctores

1961 2793 2281 2867 hymnorum
2307 2795 2582 2867 LBreviarii
2631 2795 2853 2867 Romani
2890 2796 3257 2867 reprehendit,
3291 2802 3432 2867 quod
3471 2804 3524 2856 in

1961 2863 2160 2935 hymno
2182 2863 2338 2935 ofﬁcii
2372 2864 2520 2932 parvi
2548 2865 2605 2916 Β.
2638 2865 2818 2935 Mariae
2855 2863 2920 2916 ad
2950 2864 3132 2918 laudes
3165 2863 3454 2935 ediderint,
3482 2874 3526 2924 0

1960 2934 2184 3009 gloriosa
2210 2934 2484 3009 uirginum,
2499 2934 2648 3009 quod
2673 2934 2856 2987 Latine
2880 2935 2982 3009 diei
2999 2935 3238 2995 deberet.
3273 2938 3317 3009 0
3338 2934 3526 3009 gloria.

1961 3003 2162 3056 sissima
2192 3005 2463 3073 virginum.
2499 3003 2694 3073 Verum
2727 3004 3006 3073 exemplis,
3045 3020 3164 3071 qua:
3193 3003 3363 3068 attuli.
3408 3025 3526 3065 cor.

1963 3080 2199 3150 rectores
2221 3071 2443 3150 possunt
2463 3071 2741 3127 vindicari.
2761 3072 3082 3128 Fortunatus
3108 3075 3316 3130 dixerat
3347 3077 3392 3130 0
3416 3082 3526 3150 glo-

1962 3142 2099 3193 riosa
2121 3142 2354 3206 Domina,
2386 3151 2642 3197 renuente
2663 3152 2853 3197 metro.

2036 3212 2124 3265 78.
2144 3212 2276 3265 Mar.
2300 3222 2353 3266 et
2372 3212 2817 3279 Itat.,Bethleem;
2839 3211 3007 3279 Wid.,
3029 3212 3210 3280 Gold.,
3240 3225 3293 3269 et
3325 3216 3524 3273 IIaiIsb.

1966 3285 2211 3356 pariter,_
2225 3280 2507 3356 Bethleem,
2549 3284 2686 3356 quod
2726 3283 2946 3356 retineri
3005 3291 3200 3356 poiest:
3242 3286 3295 3338 In
3347 3287 3525 3356 Egm.,

1968 3350 2142 3421 Major
2169 3349 2417 3421 Bethlem,
2440 3359 2488 3405 et
2508 3353 2589 3405 cui
2613 3352 2841 3421 contigit,
2864 3366 2969 3405 non
2988 3349 3141 3407 male.
3174 3349 3527 3413 Drusins'loc.

1965 3420 2061 3474 cit.
2081 3421 2295 3488 praefert
2313 3420 2538 3474 Bethlem
2556 3437 2619 3474 ex
2637 3420 3020 3476 consuetudine
3037 3424 3246 3487 antiqua
3273 3425 3527 3482 Hebraeo-

1966 3506 2103 3551 rum,
2128 3500 2185 3543 ut
2212 3490 2262 3542 in
2294 3490 2490 3560 hymno
2514 3491 2546 3545 5
2569 3490 2889 3558 Peristeph.,
2912 3490 3217 3550 Belzebulis.
3246 3509 3351 3547 non
3383 3495 3529 3553 Beel.

1965 3560 2175 3613 zebulis.
2213 3560 2343 3615 Vide
2372 3561 2487 3630 ejus
2518 3561 2611 3615 lib.
2637 3576 2727 3615 vn.
2758 3576 2880 3630 cap.
2911 3562 2978 3616 18
3001 3570 3054 3615 et
3084 3562 3167 3616 lt).
3207 3561 3529 3622 Prudentius

1970 3630 2055 3700 hic
2106 3638 2160 3683 et
2190 3630 2312 3683 alibi
2351 3630 2573 3699 corripit
2620 3632 2843 3699 primam
2886 3633 2938 3685 in
2971 3630 3232 3696 Bethlem,
3281 3639 3529 3700 quamvis

1967 3698 2154 3753 Grtcce
2185 3700 2448 3754 scribatur
2476 3698 2570 3768 per
2596 3698 2647 3759 ri.
2677 3701 2818 3754 Nihil
2847 3710 3022 3755 autem
3050 3700 3101 3754 id
3133 3698 3323 3757 mirum
3351 3721 3365 3759 :
3402 3723 3524 3762 nam

1969 3771 2234 3843 corripuit
2282 3770 2443 3843 etiam
2495 3770 2551 3843 S.
2598 3770 2954 3843 Hieronymus
2995 3770 3269 3843 llebraicze
3328 3775 3525 3843 Iingute

1966 3840 2320 3906 peritissimus
2369 3841 2425 3893 in
2466 3839 2737 3907 epitaphio
2788 3841 2845 3893 S.
2892 3839 3094 3893 Paulae.
3137 3840 3269 3895 Eum
3321 3839 3527 3901 dor'mi-

1969 3916 2129 3981 tasse,
2152 3918 2210 3981 et
2240 3909 2537 3981 deceptosa
2566 3918 2709 3981 muta
2739 3917 2793 3963 et
2825 3908 3044 3981 liquida,
3080 3911 3168 3976 qui
3209 3913 3527 3981 corripiunt,

1966 3979 2042 4028 ait
2074 3976 2385 4032 llicciulius.
2415 3983 2484 4035 At
2526 3979 2734 4045 regulas
2764 3992 2868 4030 non
2905 3976 3137 4045 antiquis
3181 3976 3530 4045 praescribere

1967 4046 2241 4110 debemus.
2272 4047 2366 4103 sed
2404 4053 2469 4102 ab
2490 4048 2568 4102 eis
2599 4061 2864 4114 accipere.
2884 4047 2977 4117 Ex
3017 4048 3116 4117 hoc
3146 4057 3200 4101 ct
3228 4063 3341 4117 seq.
3373 4069 3529 4110 versu

1967 4117 2331 4191 conlirmatur,
2356 4119 2633 4191 legendum
2660 4132 2799 4191 vers.
2830 4119 2852 4171 1
2880 4116 3058 4191 hymni
3089 4118 3260 4182 7,du:r
3279 4119 3528 4191 Bethlem,

1967 4188 2106 4260 quod
2132 4203 2344 4260 semper
2386 4189 2515 4244 mihi
2565 4189 2782 4256 placuit,
2820 4190 3062 4257 quamvis
3091 4202 3211 4243 cum
3258 4188 3531 4260 plerisque

1967 4255 2222 4311 ediderim
2248 4255 2356 4312 lux.

2040 4327 2125 4398 79.
2171 4328 2348 4398 I’rag.,
2381 4328 2544 4382 lucem
2571 4342 2667 4395 pro
2693 4327 2890 4392 ducem,
2914 4327 3060 4398 quod
3090 4342 3272 4381 verum
3295 4338 3395 4383 est.
3427 4333 3530 4387 lle-

1967 4394 2297 4468 spicitenini
2324 4408 2476 4468 poeta
2509 4394 2582 4451 ad
2621 4397 2806 4451 Matth.
2838 4412 2896 4460 ll,
2930 4401 2981 4468 ti.
3014 4394 3099 4468 Et
3123 4406 3179 4450 tu
3221 4398 3529 4467 ΒειΙιιιΙιεηι,

1969 4478 2102 4521 terra
2120 4467 2151 4520 J
2161 4469 2282 4535 uda,
2306 4466 2623 4536 nequaquam
2648 4468 2854 4519 minima
2873 4483 2922 4519 es
2942 4467 2992 4517 in
3020 4466 3330 4534 principibus
3350 4468 3384 4521 J
3389 4472 3491 4523 uda
3510 4466 3528 4525 ἐ

1968 4553 2033 4591 ea:
2058 4546 2105 4590 te
2140 4540 2273 4591 enim
2301 4540 2430 4592 exiet
2450 4540 2577 4605 dum,
2605 4538 2694 4607 qui
2720 4546 2863 4605 regal
2886 4539 3131 4607 populum
3154 4554 3319 4590 meum
3341 4538 3523 4596 Israel.

677 4602 756 4660 ac.
808 4608 1029 4663 Ibidem.
1076 4606 1320 4662 Glossam
1362 4605 1601 4674 corrige:
1636 4606 1737 4661 ἀπὸ
1769 4614 1859 4661 τοῦ
1891 4602 1941 4662 D
1969 4608 2073 4661 Pro
2104 4607 2355 4663 adverbio
2386 4602 2582 4661 coalitus
2617 4602 3276 4677 "laudanturLactantius,
3308 4609 3529 4677 Cypria-

1972 4692 2075 4801 {ius
2101 4715 2117 4742 ,
2155 4678 2493 4733 Marcellinus
2521 4709 2539 4738 ν
2580 4678 2832 4739 Orosius,
2889 4675 3271 4743 Hieronymus,
3334 4675 3531 4735 Marius

2020 4758 2171 4801 tctor.

2020 4758 2171 4802 lClOl‘.

2037 4818 2125 4871 80.
2168 4816 2344 4886 Prag.,
2374 4820 2773 4885 incorporatam,
2810 4826 2868 4869 ut
2897 4814 3165 4870 coluereat
3192 4830 3312 4870 cum
3341 4817 3523 4877 lucem.

1967 4886 2031 4940 de
2057 4901 2161 4954 quo
2189 4901 2331 4941 vers.
2362 4903 2515 4955 prox.
2544 4901 2722 4953 super.

2039 4959 2127 5010 82.
2160 4957 2354 5011 Psalm.
2381 4973 2441 5021 ιι,
2469 4957 2502 5011 8
2534 4974 2548 5009 :
2580 4955 2723 5010 Dabo
2746 4956 2833 5009 tibi
2862 4963 3034 5025 gentes
3072 4956 3438 5012 hatreditatem.
3472 4959 3529 5013 In

1967 5026 2065 5095 Eg.
2098 5026 2344 5081 mendum
2372 5036 2586 5081 creator.

2036 5098 2124 5152 85.
2158 5096 2214 5149 In
2246 5097 2376 5151 Mar.
2414 5104 2529 5150 erat
2560 5095 2800 5158 Tonanti.
2842 5096 2933 5151 sed
2974 5108 3122 5152 recte
3161 5098 3333 5151 aliena
3363 5112 3524 5151 manu

1964 5165 2159 5220 factum
2173 5166 2437 5220 Tonantis.
2454 5164 2609 5221 Gold.
2627 5168 2785 5221 etiam
2801 5176 2860 5219 et
2874 5164 3013 5218 Wal.
3029 5169 3093 5218 ad
3117 5181 3264 5219 oram
3282 5163 3524 5219 Tonanti.

1964 5235 2018 5289 lu
2053 5237 2167 5288 Vat.
2195 5237 2210 5288 I
2236 5248 2314 5291 est
2339 5236 2580 5299 Tonanti,
2605 5236 2697 5290 sed
2724 5236 2929 5289 videtur
2955 5236 3116 5287 fuisse
3150 5235 3413 5288 Tonantis.

2034 5307 2125 5360 85.
2168 5306 2379 5361 Perstat
2407 5306 2461 5359 in
2487 5305 2677 5361 eadem
2709 5304 2997 5364 sententia,
3029 5303 3283 5357 hwredem
3309 5303 3525 5357 unicum

1960 5391 2169 5430 summo
2205 5376 2348 5429 Patri
2386 5375 2519 5428 dixit
2545 5374 2710 5426 ﬁlium
2753 5374 3018 5425 hominem
3065 5381 3120 5426 et
3150 5372 3341 5439 Deum,
3387 5388 3529 5428 nunc

1959 5447 2193 5514 appellat
2215 5456 2382 5510 testes,
2410 5445 2694 5515 signatores
2723 5450 2777 5495 et
2797 5449 3108 5515 testalarem.
3147 5442 3306 5497 Pater
3341 5454 3417 5515 e_st
3451 5451 3529 5494 te-

1957 5512 2537 5569 staior:testamentum
2558 5525 2749 5564 novum
2775 5519 2829 5565 et
2848 5512 3230 5578 sempiternum
3257 5523 3337 5567 est
3357 5512 3530 5565 Evan-

1954 5587 2173 5652 gelium.
2208 5581 2488 5652 Pr0phetze
2509 5588 2663 5652 testes
2690 5590 2743 5635 et
2782 5580 3151 5651 obsignatores.
3190 5583 3307 5639 sive
3335 5582 3528 5638 notarii

1955 5650 2253 5711 divinarum
2276 5650 2706 5719 promissionum.
