4068 6190
298 230 474 287 “909

614 341 760 410 Quos
788 337 925 395 lucis
952 338 1071 408 ipso
1101 337 1153 393 in
1184 336 1371 393 limine

617 432 782 503 388
805 427 1004 484 Christi
1038 430 1308 483 insecutor
1332 428 1565 497 sustulit,

615 519 728 578 Ceu
755 518 912 575 turbo
936 528 1219 575 nascentes
1254 531 1408 574 rosas

552 611 662 669 Vos
683 612 855 682 prima
881 608 1081 665 Christi
1111 609 1350 679 victima,

624 702 769 761 Grex
791 700 1187 758 immolatarum
1219 710 1389 771 tener,

635 796 798 851 Aram
826 802 952 848 ante
982 792 1152 863 ipsam
1173 792 1443 863 simplices

630 883 837 952 Palma,
866 894 921 939 et
946 883 1163 939 coronis
1190 884 1393 939 luditis.

559 977 695 1046 Quid
718 978 934 1047 proficit
964 984 1166 1031 tantum
1201 976 1393 1031 nefas?

637 1067 772 1135 Quid
802 1070 1005 1125 crimen
1037 1068 1305 1124 Herodem
1330 1069 1526 1140 juvat?

640 1169 788 1223 Unus
816 1176 895 1221 tot
922 1166 1061 1220 inter
1090 1164 1277 1220 funera

637 1255 857 1328 Impune
881 1255 1125 1312 Christus
1152 1256 1379 1325 tollitur,

566 1350 712 1405 Inter
735 1348 909 1405 coaevi
936 1346 1213 1418 sanguinis

642 1441 872 1496 Fluenta
902 1438 1054 1494 solus
1084 1439 1295 1508 integer
1321 1454 1335 1491 :

638 1530 803 1602 389
831 1529 1077 1597 Ferrum,
1110 1528 1253 1600 quod
1299 1528 1524 1584 orbabat
1555 1542 1741 1597 nurus,

376 704 481 763 150

388 1166 493 1223 155

1392 223 1930 283 CATHEMERlNON
1974 223 2089 281 χιι.
2135 225 2222 281 DE
2264 223 2654 281 EPIPHANIA.

1986 347 2035 402 Α
2070 338 2171 394 MO

3539 217 3649 277 910

2317 338 2508 395 Partus
2534 336 2725 393 fefellit
2749 336 2992 407 virginis.

2244 428 2333 486 Sic
2363 428 2524 484 stulta
2555 427 2850 484 Pharaonis
2880 428 3005 483 mali

2319 520 2507 575 Edicta
2533 520 2801 590 quondam
2831 521 3059 591 fugerat,

2318 610 2518 666 Christi
2545 611 2767 681 figuram
2794 612 3085 681 praeferens

2321 702 2521 768 Moses,
2550 713 2797 771 receptor
2817 703 3033 757 civium.

2080 790 2182 847 MS
2252 793 2502 859 Caututn,
2525 803 2579 847 et
2610 800 2868 847 statutum
2896 794 2982 861 jus
3009 801 3145 859 erat,

2325 882 2443 950 Quo
2471 898 2574 937 non
2599 884 2788 938 liceret
2816 885 3093 949 matribus,

2328 976 2459 1027 Cum
2492 975 2701 1042 pondus
2738 975 2841 1029 alvi
2869 975 3229 1043 absolverent,

2332 1064 2544 1120 Puerile
2575 1065 2767 1135 pignus
2794 1066 3002 1121 tollere.

2258 1154 2408 1210 Mens
2428 1155 2733 1211 obstetricis
2783 1158 3007 1225 sedulat,

2331 1247 2425 1303 Pie
2454 1248 2505 1301 in
2538 1257 2820 1319 tyrannum
2843 1259 3147 1319 contumax,

2334 1339 2416 1394 Ad
2446 1356 2595 1408 spem
2625 1340 2859 1407 potentis
2880 1342 3066 1410 glorire

2335 1433 2528 1487 Furata
2557 1441 2736 1488 servat
2755 1434 3056 1502 parvulum.

2263 1524 2431 1589 Quem
2462 1538 2586 1577 mox
2611 1523 2947 1578 sacerdotem
2971 1523 3073 1579 sibi

2085 1246 2187 1302 150

1687 1620 1977 1678 GLOSSIE
2016 1617 2359 1675 VETERES.

468 1739 591 1794 198.
615 1736 814 1802 Turbo,
844 1736 1033 1805 aufert,
1061 1734 1181 1789 Vat.
1209 1735 1272 1788 Α.

470 1810 594 1865 151.
628 1810 785 1874 Aram
817 1803 942 1859 ante
967 1808 1158 1874 ipsam,
1185 1820 1277 1858 ara
1302 1804 1470 1873 passio
1502 1811 1575 1858 est
1599 1803 1828 1874 Christi:
1856 1813 1973 1857 ante

396 1894 545 1933 aram
573 1873 757 1931 Christi
784 1873 999 1939 dicitur,
1018 1875 1142 1945 quia
1171 1884 1287 1928 ante
1312 1876 1599 1945 passionem
1616 1873 1814 1945 Christi
1839 1873 1974 1945 occi-

396 1950 445 2003 si
478 1957 615 2003 sunt.
651 1946 798 2001 Unde
820 1947 885 1998 de
911 1944 1039 1998 aliis
1056 1946 1279 1999 dicitur:
1310 1944 1430 1998 Vidi
1452 1945 1543 1998 sub
1572 1944 1739 1997 altare
1777 1944 1977 1998 animos

399 2019 707 2081 occisor'um,
732 2017 785 2070 id
806 2025 878 2070 est
910 2032 998 2082 per
1025 2015 1311 2085 passionem
1338 2013 1549 2081 Christi,
1577 2013 1697 2069 Vat.
1723 2013 1790 2069 A.

476 2089 601 2142 158.
633 2087 860 2155 Integer,
889 2086 1099 2149 illa-sus,
1130 2084 1245 2139 Vat.
1268 2084 1336 2141 A.

475 2156 598 2212 159.
623 2152 879 2224 Orbabat,
909 2154 1329 2278 orbasJ‘aciebat,
1362 2152 1484 2209 Vat.
1517 2154 1583 2209 A.

475 2228 598 2278 MO.
644 2226 851 2278 Partus.
881 2225 1039 2278 filius.
1111 2234 1185 2278 at.
1212 2228 1275 2278 Α.

474 2228 598 2282 140.
644 2226 851 2292 Partus,
879 2225 1039 2294 ﬁlius,
1065 2225 1185 2279 Vat.
1212 2228 1275 2279 Α.

402 2366 448 2422 v
476 2297 611 2423 il“;
646 2295 974 2361 Pharaonis,
1023 2294 1234 2350 Pharao
1287 2294 1543 2364 dissipans
1596 2295 1986 2365 interpretatur,

452 2382 483 2422 a
514 2406 528 2420 .
617 2405 631 2420 .
1398 2378 1406 2385 '

452 2378 528 2422 at.
567 2378 631 2422 Δ.
1398 2378 1406 2385 '

2002 1738 2052 1797 Β
2152 1730 2274 1786 144.
2306 1729 2587 1800 lieceptor,
2606 1728 2868 1799 liberator,
2899 1729 3019 1799 quia
3046 1731 3233 1798 recepit
3258 1735 3457 1789 essdent
3484 1737 3547 1790 de
3566 1754 3666 1794 ser.

2077 1803 2251 1857 vitate.
2275 1799 2400 1856 Vat.
2423 1801 2488 1855 A.

2077 1816 2251 1865 mute,
2285 1816 2400 1856 vat.
2423 1816 2488 1855 Α.

2153 1873 2277 1947 145.
2303 1869 2555 1937 Cautum,
2587 1870 2795 1947 ﬁrmum
2829 1885 3021 1947 :Acauo,
3069 1874 3222 1947 cavis,
3271 1884 3344 1929 est
3386 1878 3670 1947 conﬁrmo;

2081 1943 2202 2017 inde
2230 1951 2432 2017 cautum
2456 1952 2514 2017 _et
2545 1940 2738 2017 cautio,
2773 1950 2820 1992 et
2849 1942 2972 2017 facit
3008 1946 3321 2017 prasteritum
3350 1940 3492 2000 omni;
3518 1940 3673 2017 Ceno,

2084 2014 2207 2088 sevi,
2251 2012 2530 2088 indicativo
2560 2010 2714 2063 modo
2738 2018 2814 2064 est
2848 2010 3026 2077 crisso,
3060 2013 3116 2066 id
3143 2025 3218 2069 est
3248 2016 3447 2069 clunem
3473 2010 3672 2088 moveo,

2090 2083 2548 2215 vahé'l‘ollere,
2575 2151 2792 2218 nutrire,
2815 2151 3052 2217 educare,
3081 2153 3202 2208 Vat.
3237 2156 3302 2209 A.

2156 2222 2284 2304 i559:
2312 2221 2629 2304 Cantumax,
2674 2221 2914 2290 superba,
2945 2225 3066 2292 quia
3107 2225 3220 2295 ipsa
3247 2225 3483 2296 superbia
3512 2227 3677 2298 pietas

2090 2292 2210 2362 fuit,
2236 2292 2354 2345 Vat.
2388 2292 2453 2345 Α.
3128 2292 3137 2295 ’

2166 2363 2291 2419 155.
2323 2360 2694 2426 Sacerdotem,
2724 2361 2950 2429 levitam,
2975 2362 3094 2418 Vat.
3128 2365 3193 2417 A.

1771 2473 2330 2533 COMMENTARIUS.

404 2594 538 2652 satis
577 2591 865 2649 verisimile
906 2603 1027 2647 esse
1063 2590 1316 2648 arbitror.

482 2664 606 2720 126.
632 2664 688 2719 ln
721 2662 879 2718 Horis
895 2663 959 2716 ad
990 2674 1143 2716 usum
1173 2660 1423 2716 dioecesis
1453 2660 1697 2731 Lugdun.
1733 2660 1863 2716 edit.
1897 2674 1989 2715 an.

409 2735 575 2799 1778,
614 2745 674 2788 ιιι
694 2745 989 2788 concursus
1013 2731 1278 2786 vocalium
1305 2731 1590 2798 vitaretur,
1609 2734 1681 2785 ita
1710 2731 1826 2786 hare
1852 2739 1995 2786 stro-

410 2806 520 2876 pina
548 2814 630 2859 est
648 2803 942 2876 reformata
972 2820 985 2855 :
1010 2801 1234 2876 Salvete,
1264 2801 1739 2876 ﬂores_ntartyrum
1768 2800 1833 2854 In
1857 2802 1995 2855 lucis

410 2872 524 2945 ipso
545 2875 718 2929 limine
749 2873 888 2945 Quos
910 2887 1071 2926 swvus
1091 2872 1227 2945 ensis
1254 2873 1476 2938 messuit,
1499 2872 1599 2925 Ceu
1620 2872 1767 2945 turbo
1780 2888 1996 2945 noscent

413 2942 489 2999 tes
531 2961 696 2998 rosas.
742 2943 852 2998 Cur
905 2956 1010 2997 non
1058 2942 1236 3011 potius
1279 2956 1468 2996 versus
1497 2942 1995 3009 tranSpositisunt?

415 3014 640 3080 Salvete,
673 3016 824 3085 ﬂores
852 3021 1160 3085 magtyrum,
1186 3011 1325 3077 Quos
1352 3027 1515 3066 steuus
1542 3013 1675 3065 ensis
1702 3016 1904 3085 rnessuit
1928 3011 1995 3066 In

416 3087 545 3140 lucis
569 3081 685 3154 ipso
712 3084 904 3149 limine,
925 3081 1031 3136 Ceu
1059 3081 1203 3135 turbo
1228 3092 1488 3154 nascentes
1516 3097 1677 3154 rosas.
1710 3082 1847 3154 Adire
1877 3084 1994 3136 ine-

416 3164 525 3224 pta:
555 3152 899 3224 traiectiones
917 3167 1173 3224 versuum
1218 3152 1554 3224 reformatori
1586 3152 1711 3224 ejus
1732 3152 1993 3224 Breviarii

2166 2588 2290 2645 156.
2322 2589 2451 2668 i’ost
2487 2589 3109 2668 lianestrophammihil
3133 2594 3273 2668 aliud
3306 2594 3461 2662 hujus
3495 2598 3679 2668 hymni

2082 2660 2889 2735 .cxstat“in‘codiceillarietti.
2920 2662 3035 2735 Sed
3079 2667 3258 2735 statim
3315 2660 3575 2735 sequntur,
3609 2667 3684 2723 De

2094 2730 2352 2798 opusculis
2386 2728 2679 2797 Prudentii,
2713 2742 2770 2786 ut
2818 2733 2871 2786 in
2918 2733 3036 2789 Vat.
3092 2734 3151 2787 Β.

2100 2810 2245 2869 teger
2275 2807 2450 2855 exstat
2472 2801 2558 2855 hic
2589 2801 2840 2870 hymnus.

2174 2872 2295 2925 157.
2330 2872 2556 2939 Sanguis
2584 2871 2951 2927 innocentium
2984 2873 3199 2929 Christo
3228 2891 3424 2931 coaevus
3454 2887 3587 2935 erat.
3619 2879 3682 2935 S.

2100 2939 2460 3010 llieronymus
2483 2941 2647 3010 utitur
2676 2940 2777 2995 hoc
2808 2944 3089 3009 vocabulo,
3124 2958 3228 2998 non
3258 2945 3468 3007 Cicero,
3498 2957 3555 3002 ttt
3584 2950 3686 3004 ali-

2101 3011 2190 3079 qui
2211 3009 2476 3084 putarunt
2503 3009 2591 3081 qui
2628 3011 2872 3084 Iegerunt
2901 3030 3100 3084 catenas
3132 3029 3228 3084 pro
3252 3031 3464 3084 coquus.

2176 3082 2299 3155 139.
2339 3080 2520 3155 Nurus
2558 3097 2652 3155 pro
2685 3081 2942 3155 uxoribus
2981 3083 3236 3155 Martialis
3269 3080 3361 3139 lib.
3395 3100 3467 3150 tv,
3513 3089 3686 3155 epigr.

2104 3152 2203 3206 75:
2240 3153 2403 3220 Atque
2447 3152 2583 3205 inter
2613 3152 2765 3205 latias
2792 3152 2959 3221 gloria
2989 3154 3154 3220 prima
3184 3170 3364 3208 nurus.
3397 3152 3577 3211 l’oetze
3606 3152 3684 3213 fe-

3206 2737 3262 2790 ln
3315 2736 3430 2791 Vat.
3487 2741 3546 2791 Β.
3602 2739 3686 2793 itt-

418 3221 735 3296 placuerunt
758 3241 772 3277 :
803 3233 862 3277 ut
886 3222 941 3277 in
956 3233 1093 3296 nota
1114 3222 1201 3296 illa
1223 3222 1481 3296 clausula,
1503 3221 1651 3296 Jesu,
1679 3222 1768 3296 tibi
1790 3223 1991 3296 sitglo-
2029 3223 2075 3285 C
2108 3223 2283 3296 minas
2304 3223 2417 3296 sive
2440 3235 2666 3291 sponsas
2696 3236 3078 3296 nonnunquam
3109 3235 3304 3296 vocant
3329 3242 3509 3279 nurus.

420 3290 528 3359 ria,
561 3295 663 3361 Qui
688 3307 839 3349 natus
861 3311 910 3347 es
932 3294 995 3347 de
1037 3290 1259 3361 Virgine.
1293 3291 1643 3358 Transposuit
1676 3311 1689 3345 :
1724 3293 1825 3361 Qui
1854 3290 2002 3347 nutus

422 3382 477 3420 es
498 3366 563 3436 de
588 3360 816 3436 Virgine,
837 3362 985 3436 .lesu,
1020 3362 1106 3414 tibi
1124 3360 1187 3436 sit
1217 3362 1400 3436 gloria.
1423 3360 1645 3436 Videtur
1668 3360 1862 3436 legisse
1892 3364 2005 3419 Au-

423 3432 1077 3504 gustinus'Prudentium.
1126 3432 1198 3504 Ita
1244 3432 1405 3487 habet
1434 3433 1521 3488 ille
1542 3448 1705 3488 serm.
1732 3433 1839 3487 2Ξο
1865 3450 1967 3503 app
1992 3450 2005 3487 :

429 3502 574 3570 Quos
603 3502 827 3558 Herodis
870 3504 1104 3569 impietas
1135 3503 1377 3556 lactentes
1403 3512 1626 3558 matrum
1654 3502 2008 3557 uberibus’ab-

427 3575 631 3641 struxit,
653 3576 737 3644 qui
742 3577 864 3645 jure
878 3573 1118 3645 dicuntur
1132 3580 1415 3645 martyrum
1441 3576 1613 3643 ﬂores,
1630 3590 1754 3644 quos
1771 3575 1821 3628 in
1843 3574 2012 3627 medio

429 3644 969 3716 [rigoreiinﬁdelitatis
1013 3653 1235 3716 exortes,
1286 3644 1419 3696 velut
1460 3645 1650 3716 primas
1694 3654 2013 3715 erumpentes

430 3712 678 3770 Ecclesia:
694 3729 937 3784 gemmas,
955 3712 1187 3784 qtttedam
1203 3715 1565 3784 persecutionis
1588 3716 1773 3781 pruina
1790 3712 2012 3768 decoxit.

507 3785 629 3840 £28.
656 3782 879 3847 Statius,
910 3798 988 3845 ut,
1011 3783 1133 3837 silv.
1162 3784 1196 3837 5
1223 3799 1238 3835 :
1270 3782 1457 3848 Qualia
1483 3787 1725 3852 pallentes
1756 3784 2015 3838 declinant

431 3855 544 3911 lilia
569 3855 783 3921 culmos,
830 3852 1178 3924 Pubentesque
1222 3868 1353 3907 rosa:
1397 3856 1587 3924 primos
1627 3856 1913 3909 moriuntur
1950 3856 2016 3906 ad

433 3934 636 3979 austros
643 3964 658 3979 ο

510 3995 634 4051 151.
677 3993 751 4049 ita
796 3993 994 4048 habent
1034 3992 1187 4061 Ald.,
1221 3992 1393 4059 Sich.,
1427 3993 1644 4058 Weitz.,
1676 3994 1862 4049 ilcins.
1896 4009 2017 4048 cum

439 4066 575 4134 suis,
618 4064 785 4119 nostri
833 4063 1017 4129 codd.,
1049 4066 1209 4119 etiam
1244 4066 1427 4130 Alex.,
1458 4065 1601 4119 Vatt.
1630 4065 1672 4130 ι,
1704 4066 1767 4131 ρ,
1820 4065 2015 4134 llymn.

437 4134 634 4190 Thom.
662 4133 888 4191 Widm..
920 4134 1175 4191 Hailsbr..
1198 4134 1354 4190 Gold.
1384 4134 1488 4191 Sed
1519 4137 1793 4191 Erasmus.
1817 4145 1871 4187 et
1898 4149 2015 4188 cum

442 4145 634 4190 'l'hom.
669 4145 888 4199 Wtdm.,
920 4145 1175 4198 ﬂattsbr.,
1198 4145 1354 4190 Uotd.
1384 4145 1488 4191 Sed
1519 4145 1793 4198 Erasmus,
1817 4145 1871 4187 et
1898 4149 2019 4188 cum

442 4221 509 4260 eo
554 4203 844 4267 Giselinus,
889 4220 1035 4257 aram
1070 4215 1189 4274 ante
1216 4206 1383 4274 cujus.
1435 4205 1710 4259 Fabricius
1738 4219 1865 4257 vero
1897 4204 2022 4273 legit

439 4291 583 4330 aram
607 4282 726 4328 ante
750 4282 799 4327 et
827 4275 1031 4340 ipsam;
1063 4273 1218 4343 Egm.
1259 4273 1405 4327 aram
1432 4285 1548 4330 ante
1576 4277 1740 4341 ipsant
1768 4284 1840 4328 et.
1884 4274 2020 4328 Tor-

442 4346 649 4399 rentius
669 4353 722 4399 et
749 4344 1016 4398 Cauchius
1044 4360 1188 4397 aram
1234 4346 1325 4397 sub
1369 4346 1531 4414 ipsam
1563 4361 1627 4399 ex
1676 4345 2024 4414 Apocalypsis

440 4415 602 4470 simili
632 4416 813 4485 phrasi
843 4429 961 4478 cap.
990 4429 1065 4479 vt,
1092 4415 1156 4479 9;
1192 4430 1351 4485 quam
1384 4413 1665 4470 lectionem
1691 4413 2021 4482 prmferretn,

442 4487 490 4539 si
518 4484 677 4539 codd.
701 4500 831 4539 is.
865 4485 1305 4552 suffragarentur.
1334 4484 1391 4538 ln
1418 4486 1534 4537 solo
1560 4485 1689 4539 Urb.
1716 4486 1916 4539 recenti
1942 4500 2026 4538 eo-

2184 3294 2309 3348 115.
2336 3292 2455 3347 Put.
2490 3306 2520 3345 a
2550 3292 2783 3347 secunda
2814 3308 2994 3359 manu,
3041 3294 3263 3363 quadam
3294 3310 3391 3363 pro
3434 3299 3693 3364 quondam

2136 3372 2333 3417 uaerat.

2112 3364 2582 3505 [Ἧιῖῗξοιέρεᾳριον
2604 3432 2902 3505 restitutor,
2940 3432 3214 3499 liberator,
3246 3433 3557 3505 Eutropius,
3587 3438 3690 3491 Ta-

2112 3503 2274 3568 citus,
2302 3503 2413 3557 alii.
2443 3503 2725 3557 llistoriam
2768 3504 2904 3556 hanc
2926 3505 3042 3572 lege
3068 3506 3230 3561 Exodi
3254 3519 3373 3572 cap.
3404 3503 3459 3562 ti.
3482 3508 3539 3562 ln
3577 3509 3693 3563 Vat.

2118 3575 2157 3627 Β
2188 3585 2242 3627 et
2267 3574 2387 3627 Rat.
2412 3588 2626 3643 semper
2652 3572 2843 3641 legitur
2868 3572 3069 3643 Moyses
3095 3590 3193 3643 pro
3221 3575 3410 3629 Moses.

2190 3644 2310 3697 HS.
2347 3642 2493 3713 ΑΜ..
2530 3642 2643 3697 Gis.
2697 3646 2748 3697 itt
2781 3642 3148 3709 textu,’Urb’.,
3202 3646 3318 3698 Vat.
3362 3650 3426 3713 ρ,
3472 3647 3692 3709 Weitz..

2108 3717 2358 3787 jusserat.
2406 3712 2648 3767 Cil’anius
2701 3728 2762 3767 ex
2794 3716 2966 3787 veteri
3020 3716 3154 3768 libro
3185 3712 3417 3787 restituit
3448 3719 3540 3787 jus
3592 3729 3698 3773 erat

2119 3782 2171 3840 in
2196 3784 2481 3838 collectan.
2507 3787 2662 3836 Lucr.
2697 3782 3020 3853 verbojussa
3055 3797 3074 3835 :
3107 3786 3245 3849 quod
3275 3782 3498 3853 arripuit
3526 3788 3693 3842 llein-

2121 3858 2231 3910 sius
2280 3868 2401 3907 cum
2458 3854 2605 3915 Put.,
2659 3852 2845 3917 Amb.,
2895 3862 2951 3905 et
2977 3852 3196 3907 Hotten.
3228 3855 3369 3907 ldum
3392 3852 3695 3911 notaverat

2122 3922 2391 3980 Giselinus
2413 3922 2477 3975 ad
2502 3922 2816 3991 marginem.
2854 3920 3117 3976 Cauchius
3147 3926 3467 3991 emjecerat,
3511 3925 3702 3981 Cautus

2121 4003 2311 4048 statuto
2350 3996 2596 4064 jusserat.
2639 3992 2850 4046 Alicubi
2874 4001 3049 4048 exsmt
3080 3993 3357 4063 mendose,
3386 4005 3576 4048 stutum
3603 4012 3702 4065 pro

2121 4072 2387 4118 statutum.

2196 4132 2321 4205 116.
2346 4135 2495 4205 Egm.
2522 4140 2576 4187 et
2599 4132 2707 4186 Pal.
2724 4173 2739 4198 ,
2768 4133 2857 4203 qui
2888 4147 2984 4203 pro
3005 4150 3126 4203 quo,
3145 4143 3202 4189 ut
3227 4142 3350 4188 ante
3371 4136 3459 4205 qui
3481 4137 3704 4205 proﬁcit.

2205 4203 2325 4259 147.
2350 4204 2473 4258 Ald.
2502 4218 2655 4258 error
2676 4212 2757 4256 est
2783 4205 3080 4258 absolveret.

2199 4272 2616 4347 148.__Cauebius
2646 4283 2832 4347 contra
2881 4277 3253 4347 auctoritatem
3302 4276 3459 4329 codd.
3484 4277 3708 4347 corrigit

2126 4346 2292 4416 uirile.
2322 4344 2485 4416 lieete
2511 4345 2705 4416 puerile
2724 4359 2761 4416 Aa
2788 4360 2970 4416 puero.
3004 4344 3202 4400 Tollere
3230 4355 3314 4401 est
3343 4348 3598 4402 educare.

2203 4415 2325 4470 M9.
2351 4413 2519 4483 Prag.‘
2536 4424 2590 4469 et
2614 4413 2842 4479 Wtdnt.,
2861 4415 3063 4469 sedula.

2202 4485 2323 4542 155.
2349 4485 2558 4554 Moyses
2587 4485 2824 4537 sacerdos
2858 4484 3044 4538 laxiori
3066 4484 3474 4554 significatione,
3507 4496 3567 4541 ut
3587 4496 3710 4542 ante

442 4556 564 4637 dice
587 4555 691 4648 legi
713 4570 868 4648 aram.
885 4554 975 4607 sub
991 4555 1175 4648 ipsam.
1199 4555 1562 4634 Nou_duhium
1584 4564 1666 4609 est
1696 4554 1824 4648 quin
1856 4558 2021 4648 prima
2057 4589 2104 4648 υ
2134 4556 2311 4648 Helias
2341 4564 2393 4609 et
2423 4554 2586 4608 David
2615 4572 2626 4607 :
2651 4555 3201 4637 quanquambioysem
3219 4559 3434 4625 preprie
3449 4557 3713 4648 fuisseosm

444 4626 517 4679 sit
545 4628 709 4693 proba
748 4626 930 4694 lectio,
960 4640 1065 4677 non
1093 4625 1226 4677 eliso
1266 4639 1295 4676 e
1324 4624 1377 4677 in
1404 4633 1542 4689 ante,
1575 4625 1716 4694 quod
1758 4624 2025 4678 interdum

442 4692 729 4749 consuevit
754 4692 1095 4749 Prudentius.
1147 4694 1417 4758 Heinsius,
1439 4692 1703 4749 Cellaiius
1730 4703 1785 4748 et
1812 4695 2029 4748 Teolius

443 4764 620 4831 aiunt,
672 4779 792 4821 esse
846 4765 1219 4833 synalwpham,
1269 4779 1367 4834 ego
1396 4779 1525 4820 vero
1576 4765 1885 4834 dialwpham
1915 4767 2029 4818 sive

444 4833 647 4888 hiatum
668 4850 821 4898 voco,
846 4848 965 4888 cum
980 4849 1086 4888 non
1109 4833 1660 4901 absorbeturvocalis,
1682 4833 2029 4904 synalutpham

445 4920 602 4968 vero,
630 4920 748 4960 cum
770 4905 1109 4959 absorbetur.

526 4976 649 5029 132.
682 4976 860 5036 Δια..
889 4989 995 5028 non
1026 4976 1186 5041 male,
1210 4991 1418 5031 corona.

462 5060 467 5065 '
526 5046 648 5100 155.
690 5045 838 5117 Ald.,
873 5045 988 5099 Gis.
1012 5054 1068 5117 et
1097 5048 1290 5117 noSIri,
1323 5048 1465 5117 quid.
1502 5046 1681 5117 Egm.,
1715 5047 1821 5116 qui.
1870 5045 2032 5100 Hein-

445 5129 566 5185 sius
594 5129 715 5185 eum
742 5116 890 5179 Put.,
920 5114 1106 5185 Anth,
1127 5114 1359 5179 Thuan.,
1383 5114 1569 5179 Rott.,'
1597 5114 1735 5172 Bob.
1764 5118 1950 5185 priori,
1980 5124 2035 5169 et

444 5182 677 5238 Cauchii
709 5185 885 5255 libris,
911 5200 1026 5252 quo.
1053 5184 1273 5239 Teolius
1317 5188 1370 5240 in
1415 5186 1554 5241 Vatt.
1588 5182 1794 5241 duobus
1834 5188 2037 5255 reperit

444 5255 601 5326 quid,
631 5270 753 5309 cum
800 5253 927 5326 aliis
951 5255 1157 5326 duobus
1180 5264 1233 5308 et
1266 5254 1483 5310 Heinsio
1512 5257 1636 5325 legit
1665 5273 1784 5326 quo.
1830 5253 2040 5324 Atlegat

446 5322 739 5380 Erasntum
778 5334 831 5378 et
858 5322 1143 5379 Weitzium
1180 5328 1382 5395 proiqui
1405 5341 1425 5379 :
1458 5322 1592 5379 alios
1624 5322 1846 5395 fortasse
1872 5322 2041 5379 vol—uit

446 5396 756 5460 nominare,
777 5409 897 5448 nam
918 5395 1046 5448 mihi
1072 5395 1193 5463 quid
1221 5394 1499 5459 weitzius,
1516 5406 1569 5449 et
1597 5397 1735 5464 apud
1754 5394 2038 5449 Weitzium

446 5463 734 5520 Erasmus.
785 5464 933 5529 Rat.,
982 5464 1136 5533 Prag.
1186 5479 1238 5518 et
1276 5465 1389 5520 Cis.
1426 5469 1491 5517 ad
1522 5463 1692 5530 oratu,
1721 5466 1911 5534 profuit
1942 5480 2036 5532 pro

441 5534 679 5606 proﬁcit.
700 5534 977 5589 Sententia
1006 5538 1197 5606 eadem
1227 5543 1327 5600 est,
1353 5536 1482 5590 nihil
1511 5536 1768 5591 adversus
1790 5537 2041 5606 Dei_con-

441 5603 577 5658 Silia
610 5603 852 5657 homines
888 5605 1169 5673 prolicere,
1202 5620 1365 5659 unum
1395 5606 1577 5660 Jesum
1622 5607 1759 5662 inter
1786 5615 1861 5662 tot
1890 5604 2045 5661 func-

441 5680 542 5741 r‘a,
574 5687 604 5730 e
635 5676 882 5731 manibus
908 5679 1260 5744 quaerentium
1290 5690 1434 5742 eum,
1464 5676 1622 5747 eripi.

2131 4625 2429 4688 cerdotcm,
2461 4625 2797 4679 communior
2851 4625 3134 4694 veriorque
3174 4636 3257 4681 est
3283 4632 3571 4681 sententia.
3605 4626 3709 4682 Sed

2134 4694 2723 4766 interdumPrudentio
2754 4695 3006 4750 sacerdos
3033 4696 3249 4762 dicitur,
3281 4700 3368 4766 qui
3391 4714 3477 4752 res
3507 4697 3713 4752 divinas

2137 4776 2351 4829 tractat,
2388 4763 2629 4829 disserit,
2670 4766 3013 4831 prtenuntiat,
3060 4763 3316 4821 concinit.
3352 4769 3462 4822 llac
3504 4770 3716 4823 ratione

2136 4846 2305 4902 poem:
2335 4834 2640 4889 sacerdotes
2659 4834 2868 4897 thbi,
2892 4836 3190 4905 phi’050phi
3215 4847 3416 4893 natura:
3438 4851 3719 4893 vocantur.

2137 4906 2447 4973 Propertius
2477 4920 2532 4979 ttt
2564 4912 2697 4979 eieg.
2741 4909 2764 4958 1
2796 4905 3057 4979 :_Printus
3082 4923 3185 4979 ego
3214 4908 3476 4977 ingredior
3498 4925 3627 4979 puro
3659 4910 3721 4962 de

2139 4981 2279 5045 fonte
2307 4975 2575 5028 sacerdos.
2606 4975 2909 5029 Lactantius
2932 4992 3051 5040 cap.
3069 4978 3103 5030 2
3122 4977 3215 5032 lib.
3237 4975 3458 5032 v‘lnstit.
3478 4975 3720 5033 uterninit

2138 5046 2438 5117 cujusdam,
2477 5049 2565 5114 qui
2595 5046 2875 5100 antistitem
2908 5064 2960 5099 se
3002 5047 3339 5117 philosophice
3362 5049 3717 5117 proﬁtebatur.

2141 5115 2461 5170 Prudentius
2515 5116 2829 5170 vocabulum
2868 5116 3126 5182 prresulis,
3173 5118 3313 5180 quod
3344 5115 3504 5171 etiam
3535 5132 3721 5170 sacer-

2141 5187 2327 5241 dotum
2356 5186 2791 5255 propr-iumerat,
2832 5201 2928 5254 pro
2956 5186 3092 5239 duce
3121 5185 3331 5255 accipit.
3368 5186 3499 5238 Vide
3540 5187 3721 5255 hymni

2144 5257 2201 5310 11
2235 5271 2379 5309 vers.
2413 5256 2538 5319 115,
2565 5254 2827 5324 ethymui
2849 5258 2881 5309 5
2927 5270 3069 5307 ντιτε.
3095 5255 3187 5319 85,
3230 5254 3316 5308 ubi
3342 5256 3480 5308 idem
3514 5254 3726 5325 Moyses

2146 5325 2572 5394 prtzsuljustitite
2601 5326 2918 5394 appellatur.
2950 5327 3124 5394 Atque
3153 5325 3253 5394 hoc
3288 5340 3445 5378 sensu
3487 5327 3727 5379 nonnulli

2147 5393 2423 5463 exponunt
2450 5394 2609 5446 verba
2653 5393 2838 5464 psalmi
2865 5407 3045 5456 xcvrn,
3075 5393 3137 5446 6:
3172 5393 3376 5464 Moyses
3404 5408 3447 5447 et
3479 5398 3649 5446 Aaron
3679 5398 3730 5449 in

2146 5462 2494 5531 sacerdotibus
2523 5466 2655 5531 ejus,
2685 5471 2729 5513 et
2756 5462 2967 5513 Samuel
2988 5464 3114 5515 inter
3142 5480 3224 5517 eos
3250 5462 3334 5531 qui
3380 5466 3611 5518 invocant
3646 5484 3731 5517 no-

2152 5550 2264 5587 men
2296 5535 2425 5595 ejus.
2456 5530 2683 5603 Casinus
2712 5532 2948 5597 quinque
2985 5533 3226 5587 diversas
3258 5536 3411 5601 hujus
3436 5537 3532 5587 loci
3565 5539 3732 5603 expli-

2153 5605 2396 5655 cationes
2416 5600 2601 5673 affert,
2636 5603 2879 5673 quamvis
2908 5603 3022 5670 ipse
3044 5613 3221 5663 teneat
3240 5600 3475 5673 Moyse-tn
3502 5600 3649 5661 vere
3684 5616 3734 5659 et

2158 5673 2375 5743 proprie
2410 5670 2573 5728 fuisse
2600 5672 2954 5729 sacerdotem.
