4090 6192
799 399 962 470 390
988 399 1291 469 Assumpsit
1316 398 1463 454 orbis
1487 396 1756 461 conditor.

809 491 910 545 l’er
937 506 1096 561 quem
1124 499 1358 545 notatam
1386 490 1565 545 saxeis

801 581 998 651 Legem
1038 581 1242 637 tabellis
1268 581 1523 637 traderet.

731 672 947 728 Licetne
974 673 1242 728 Christum
1269 687 1498 729 noscere

801 764 958 820 Tanti
988 778 1081 831 per
1104 764 1406 834 exemplum
1430 762 1562 818 viri!

805 857 920 909 Dux
942 856 1056 924 ille,
1088 869 1228 911 caeso
1251 854 1528 926 Egyptio,

803 947 1043 1002 Absolvit
1084 947 1245 1002 lsrael
1271 947 1423 1017 jugo.

733 1040 800 1091 At
831 1053 949 1100 nos,
980 1037 1239 1092 subactos
1264 1037 1467 1107 jugiter

803 1127 1015 1182 Erroris
1048 1127 1276 1196 imperio
1298 1128 1471 1197 gravi,

805 1218 917 1271 Dux
944 1226 1149 1284 noster,
1179 1218 1333 1273 hoste
1359 1218 1568 1283 saucio,

802 1306 987 1361 Mortis
1018 1307 1254 1363 tenebris
1281 1307 1497 1362 liberat.

734 1397 833 1453 llic
859 1398 1123 1467 expiatam
1148 1398 1395 1453 ﬂuctibus

804 1488 1018 1543 Plebem
1043 1488 1248 1549 marino
1276 1488 1330 1542 in
1364 1487 1587 1542 transitu

804 1579 1077 1647 Repurgat
1107 1577 1263 1633 undis
1286 1577 1555 1642 dulcibus,

806 1669 966 1725 Lucis
984 1669 1286 1724 columnam
1310 1669 1620 1737 prmiereits.

732 1763 890 1834 391
925 1761 1019 1816 llic
1049 1760 1323 1831 proeliante
1351 1758 1613 1826 exercitu,

556 491 662 547 155

564 947 661 1002 160

561 1398 662 1453 165

1670 282 1947 340 AURELII
1987 280 2352 339 PRUDENTII
2390 280 2714 336 CARMINA.
3681 273 3764 328 912

2158 404 2204 458 Α
2240 396 2339 451 170

2481 394 2668 448 Pausis
2700 393 2750 446 iu
2781 390 2947 445 altum
2977 387 3227 451 brachiis.

2490 486 2747 543 Sublimis
2767 482 3025 541 Amalech
3048 483 3258 551 premit,

2483 579 2675 635 Crucis
2702 577 2842 649 quod
2870 578 3040 632 instar
3063 584 3187 629 tunc
3216 574 3330 629 fuit.

2413 672 2510 725 llic
2539 684 2731 737 nempe
2758 668 2917 724 Iesus
2946 667 3147 731 verior,

2483 761 2583 825 Qui
2615 760 2767 828 longa
2797 768 2913 829 post
2944 757 3220 827 dispendia

2486 851 2673 906 Victor
2702 850 2812 904 suis
2838 848 3123 903 tribulibus

2496 941 2764 997 Promissa
2789 940 2955 995 solvit
2982 940 3166 1008 jugera
3194 956 3206 990 :

2420 1033 2519 1098 Qui
2549 1044 2629 1087 ter
2648 1042 2936 1100 quaternas
2958 1030 3189 1098 denique

2497 1122 2794 1177 Reﬂuentis
2814 1122 2987 1175 amnis
3018 1121 3173 1174 alveo

2491 1214 2772 1282 Fundavit,
2805 1222 2859 1267 et
2889 1211 3005 1265 ﬁxit
3035 1220 3230 1280 petras,

2490 1306 2651 1376 392
2677 1306 3055 1374 Apostolorum
3083 1310 3382 1357 stemmata.

2420 1395 2549 1452 Iure
2577 1411 2707 1465 ergo
2737 1410 2795 1449 se
2821 1394 2973 1449 Iuda:
3002 1393 3194 1448 ducem

2494 1487 2719 1551 Vidisse,
2750 1494 3020 1541 testantur
3041 1485 3201 1555 magi,

2493 1578 2625 1631 Cum
2658 1577 2792 1631 facta
2826 1578 3125 1646 priscorum
3154 1576 3351 1631 ducum

2498 1668 2700 1722 Christi
2730 1667 2950 1737 ﬁguram
2977 1668 3269 1735 pinxerint.

2249 1762 2349 1815 185
2426 1760 2520 1814 llic
2550 1777 2645 1817 rex
2674 1760 2908 1830 priorum
2933 1759 3194 1827 iudicum,

2245 853 2344 907 175

2247 1308 2346 1361 18)

1871 1849 2161 1905 GLOSS/E
2204 1852 2542 1907 VETERES.-

630 1949 756 2026 1
779 1947 1043 2026 ﬁotatam,
1077 1944 1407 2026 descriptam,
1435 1944 1555 2026 Vat.
1586 1945 1649 2001 Α.
1699 2012 1751 2026 η
1849 2013 1862 2026 ,

628 2018 751 2072 158.
780 2019 879 2072 Per
893 2018 1192 2085 exemplum
1209 2012 1332 2080 viri,
1354 2032 1442 2085 per
1458 2015 1678 2083 ﬁguram
1692 2012 1907 2083 Moysis.
1928 2013 2044 2068 Vat.
2068 2013 2131 2067 Α.

628 2088 743 2142 159.
785 2084 1288 2155 Dusille,fMoyses,
1328 2084 1445 2137 Vat.
1478 2085 1542 2138 A.

634 2158 755 2211 161.
803 2156 935 2223 Nos,
991 2152 1311 2226 allegoriam,
1354 2156 1477 2224 quid
1520 2154 1875 2225 signiﬁcaverit
1915 2152 2135 2223 Moyses,

567 2227 920 2357 valiiébux,
952 2304 1083 2360 etc.,
1110 2293 1361 2359 Christus,
1388 2294 1592 2348 diabolo
1615 2293 1897 2360 vulnerato,
1925 2293 2043 2347 Vat.
2070 2294 2133 2346 A.

631 2367 755 2421 165.
797 2365 1100 2431 Expiatam,
1133 2381 1164 2417 a
1190 2363 1385 2433 Moyse,
1424 2364 1541 2418 Vat.
1575 2366 1637 2418 Α.

630 2437 753 2491 167.
784 2430 1298 2504 Ιὶεριιτεθκίιενιιηῐ
1316 2443 1522 2504 purgat.
1554 2463 1624 2474 —
1653 2431 1843 2499 Undis,
1866 2430 2137 2499 Iordanis,

566 2504 685 2557 Vat.
718 2505 783 2557 A.

632 2574 758 2629 168.
784 2573 966 2639 Lucis,
996 2574 1149 2643 ignis,
1184 2574 1304 2627 Vat.
1330 2578 1395 2628 A.

2171 1946 2217 2005 Β
2319 1945 2441 1999 169.
2478 1945 2591 1999 Hic.
2623 1943 2829 2014 Moyses
2856 1949 3035 2014 contra
3059 1942 3327 2014 Amalech.
3359 1943 3474 1998 Vat.
3495 1944 3556 1999 Α.

2317 2017 2438 2068 175.
2473 2014 2681 2078 Verior,
2703 2011 2857 2081 quam
2884 2011 3111 2081 Moyses,
3146 2012 3265 2065 Vat.
3299 2014 3362 2066 Α.

2317 2085 2439 2137 171.
2475 2083 2778 2152 Dispendia,
2806 2084 3030 2146 pericula
3057 2082 3125 2135 40
3150 2098 3419 2149 annorum,
3446 2082 3553 2137 Vat.
3580 2083 3639 2137 Α.

2318 2155 2439 2208 176.
2465 2153 2680 2221 Iugera,
2715 2163 2899 2206 terram
2928 2152 3302 2218 promissionis,
3334 2153 3450 2207 Vat.
3483 2155 3543 2206 A.

2318 2225 2441 2280 178.
2478 2223 2788 2285 Relltteutis,
2813 2224 2992 2293 iterum
3013 2222 3241 2293 ﬂuentis,
3268 2224 3376 2293 jam
3402 2225 3547 2290 ﬂuere
3564 2223 3765 2291 incipien-

2246 2294 2330 2347 tis.
2359 2324 2426 2334 —
2456 2296 2645 2358 Alveo,
2674 2294 2727 2345 in
2757 2293 2922 2345 medio
2948 2290 3215 2355 Iordanis,
3256 2290 3371 2346 Val.
3399 2294 3463 2347 A.

2316 2365 2440 2418 180.
2470 2364 2788 2426 Stemmata,
2820 2362 3043 2425 ordines,
3078 2361 3192 2415 Vat.
3226 2362 3297 2418 A.

2320 2435 2443 2488 181.
2474 2434 2695 2500 Ducem,
2723 2448 2910 2501 regem,
2935 2430 3057 2501 Vat.
3084 2433 3145 2485 Α.

2316 2505 2439 2558 185.
2472 2504 2649 2564 Facta,
2684 2511 2913 2571 aperata.
2948 2500 3067 2571 Vat.
3094 2502 3158 2554 Α.

2315 2572 2438 2629 18-1.
2477 2569 2774 2635 Pinxerint,
2816 2570 3078 2635 ﬁnxerint,
3119 2569 3541 2628 adumbraverint.
3572 2571 3675 2627 Vat.
3712 2572 3767 2624 Α.

1915 2662 2479 2720 COMMENTARIUS.

632 2753 757 2809 155.
786 2750 955 2806 Exodi
984 2766 1109 2805 snt
1134 2759 1188 2804 et
1215 2767 1382 2805 xuii.

634 2823 760 2878 159.
791 2821 949 2885 lbid.,
973 2835 1093 2890 cap.
1129 2837 1186 2874 ιι.
1216 2821 1335 2873 Vat.
1364 2823 1421 2887 ll,
1449 2821 1556 2890 ipse
1581 2833 1679 2890 pro
1704 2818 1811 2874 ille.

635 2894 763 2947 161.
798 2891 975 2960 Egm.,
1003 2892 1089 2957 ad,
1120 2891 1235 2958 lege
1264 2901 1339 2944 at.

635 2962 759 3018 165.
794 2958 959 3015 Eiodi
987 2976 1076 3014 xm
1102 2972 1154 3015 et
1187 2976 1376 3015 sum.
1400 2958 1555 3023 Nota,
1589 2959 1728 3028 quod
1749 2961 1831 3014 hie
1852 2968 1935 3015 est
1962 2959 2141 3027 Jcsus,

566 3034 720 3103 cujus
744 3031 907 3103 figura
936 3040 1020 3085 est
1049 3031 1283 3103 Moyses.
1329 3032 1786 3103 Poeta__liguram,
1815 3040 1868 3103 et
1918 3030 2143 3103 idquod

565 3099 732 3166 ﬁgura
763 3099 1027 3155 indicatur
1053 3101 1208 3154 simul
1232 3109 1468 3156 enarrat.
1494 3099 1893 3154 Nebrissensis:
1920 3099 2041 3166 Hic,
2069 3118 2143 3157 sc.

2252 2770 2370 2822 quae
2409 2763 2533 2809 sunt
2561 2761 2863 2808 stemmata.
2904 2752 3105 2807 Alludit
3144 2762 3304 2820 poeta
3342 2753 3406 2807 ad
3435 2768 3546 2822 cap.
3575 2769 3623 2808 ut
3661 2760 3707 2806 ct
3730 2765 3772 2806 tv

2256 2824 2439 2886 Iosue,
2470 2824 2558 2878 ubi
2584 2834 2851 2886 narratur,
2874 2822 3160 2877 Iordanem
3199 2838 3509 2877 conversum
3539 2825 3681 2877 fuisse
3704 2836 3774 2877 re-

2257 2904 2513 2958 trorsum,
2541 2903 2601 2948 ut
2632 2900 2732 2948 iter
2762 2893 3015 2947 Israelitis
3042 2901 3281 2961 pateret;
3314 2902 3366 2947 et
3392 2894 3547 2948 Iosue
3565 2894 3769 2961 jussisse,

2252 2964 2532 3019 duodecim
2556 2964 2699 3017 viros
2727 2963 2966 3031 singulos
2994 2978 3025 3016 e
3053 2962 3280 3030 singulis
3304 2964 3534 3017 tribubus
3555 2964 3680 3029 eligi,
3698 2962 3771 3028 qui

2252 3049 2436 3088 rursus
2464 3032 2749 3088 Iordanem
2796 3032 3040 3098 ingressi,
3070 3047 3139 3087 ex
3170 3031 3330 3088 alveo
3356 3033 3539 3102 singuli
3576 3032 3777 3100 singulos

2248 3104 2453 3171 lapides
2480 3105 2747 3166 tollerent,
2776 3112 2837 3154 ut
2864 3102 2930 3155 ad
2959 3112 3297 3170 posterorum
3332 3103 3619 3156 memoriam
3645 3115 3772 3168 tepo-

627 3188 790 3252 oyses,
822 3172 910 3252 qui
956 3172 1202 3252 papulupt
1229 3187 1317 3252 per
1358 3186 1499 3252 matre
1530 3169 1758 3252 (fabrum
1786 3172 2146 3252 trajecit-aper
2172 3217 2215 3252 ρ
2254 3169 2531 3252 uerentur,
2562 3174 2784 3252 θῑὲΙὶος
2797 3169 3010 3252 quoque
3026 3172 3325 3252 duodecim
3362 3172 3555 3252 lapides
3575 3172 3773 3252 posuisse

600 3217 1634 3322 eaag,excantai'msmsesse;
1648 3217 2143 3322 ἰῑιῑδαξίῑῖςάίίιείιςᾷξ
2172 3217 2216 3279 c
2250 3217 2498 3322 Issaei;
2515 3217 3345 3322 exussissent.
3362 3217 3773 3322 summa;

606 3311 816 3365 ordanis
862 3311 1009 3380 aquis
1034 3319 1108 3380 est
1158 3320 1331 3379 postea
1369 3318 1737 3380 consecratum.
1781 3311 2042 3365 Cellarius
2092 3312 2143 3366 id

566 3396 677 3436 non
707 3377 971 3449 intelleiit
1000 3394 1017 3433 :
1051 3377 1399 3435 Nebrissensis
1440 3380 1508 3433 ad
1537 3377 1815 3433 Iordanem
1846 3382 2021 3449 refert,
2058 3398 2147 3449 per

605 3466 717 3504 tum
736 3448 953 3519 papulas
977 3450 1243 3520 traductus
1268 3451 1366 3519 fuit
1385 3467 1403 3514 ;
1424 3459 1473 3502 at
1505 3465 1606 3502 non
1632 3450 1809 3514 Iosue,
1839 3448 1927 3503 sed
1950 3448 2145 3520 Moysis

605 3469 717 3504 ueni
736 3469 953 3519 popmus
977 3469 1239 3503 traaucms
1268 3469 1366 3519 ,uu
1385 3469 1403 3514 ;
1424 3469 1473 3502 at
1505 3469 1606 3502 non
1632 3469 1809 3514 vosae,
1839 3469 1925 3503 sea
1950 3469 1998 3504 Μ
2010 3469 2145 3520 oysts

566 3469 654 3572 xit:
702 3522 839 3589 facta
868 3527 1164 3589 narrantur.
1200 3518 1535 3589 Undeittsutt
1564 3520 1632 3571 ad
1660 3521 1859 3589 dulcem
1886 3537 2070 3589 aquam
2092 3522 2147 3574 in

571 3586 949 3657 HorebﬁExod.
984 3601 1093 3657 xvtt
1119 3589 1317 3651 referri.
1341 3588 1606 3642 Cellarius
1634 3603 1662 3640 a
1692 3588 1878 3641 Teulio
1920 3586 2147 3657 corripi-

572 3669 659 3712 tur
686 3674 698 3711 :
732 3656 882 3720 Haec,
910 3656 1099 3725 inquit,
1124 3657 1353 3725 sinistre
1382 3656 1633 3711 Cellarius
1678 3658 1956 3725 accipiens,
1983 3656 2145 3712 inter-

572 3736 762 3797 pretem
802 3724 1321 3797 hunc_r_'epreltendit,_
1337 3727 1473 3797 quod
1498 3737 1673 3780 contra
1703 3724 2143 3782 historiteverita-

577 3794 677 3850 tem
698 3796 905 3869 disserit,
930 3794 1143 3865 Moysen
1172 3813 1261 3865 per
1286 3794 1566 3869 Iordanem
1596 3798 1854 3869 traiecisse
1877 3800 2143 3869 populum,

577 3816 677 3850 tem
698 3816 905 3864 autem,
930 3816 1143 3865 moysen
1172 3816 1261 3865 per
1286 3816 1566 3849 Joratmem
1596 3816 1674 3851 ινα
1699 3816 1854 3851 861888
1877 3816 2143 3869 populum,

572 3868 710 3936 quod
732 3866 819 3919 ille
839 3880 1115 3936 nunquam,
1130 3866 1417 3920 somniavit.
1444 3866 1570 3921 Mihi
1596 3816 1856 3922 Cellarius
1883 3884 1985 3921 non
2002 3868 2147 3923 vide-

574 3945 662 3991 tur
679 3952 801 3991 eum
824 3935 1413 4009 erroremNebrissensi
1432 3937 1724 4009 obiecisse:
1742 3952 1862 4009 nam
1885 3936 2147 3994 Cellarius

574 4016 754 4079 notam
772 4006 1003 4079 apponit
1029 4007 1207 4061 versui
1248 4007 1395 4079 1673
1421 4006 1860 4079 Repurgatnndis
1889 4009 2143 4079 dulcibus,

571 4076 821 4199 ἓῖῗῖιειὲο
860 4077 1042 4146 Moyse
1087 4078 1319 4146 explitat
1358 4075 1643 4146 Cellarius,
1692 4076 2059 4133 Nebrissensis
2080 4078 2148 4135 de

575 4147 809 4201 Christo.

646 4216 770 4271 170.
795 4215 941 4279 Ald.,
966 4214 1186 4281 Weitz.,
1213 4216 1460 4272 Heinsius
1476 4231 1597 4271 cum
1614 4217 1989 4272 vetustioribus
2012 4217 2141 4283 suis,

574 4287 743 4341 ποειιί
785 4287 977 4353 pansis.
1018 4287 1109 4341 Sic
1149 4288 1452 4341 restituerat
1483 4285 1721 4341 Gil‘anius
1764 4303 1828 4341 ex
1876 4289 2149 4341 veteribus

574 4356 902 4427 membranis
931 4356 1096 4427 verbo
1141 4357 1413 4427 dispensus
1449 4356 1562 4411 Iud.
1595 4356 1778 4425 Lucr.,
1810 4369 1870 4411 ut
1916 4358 1969 4410 in
2017 4357 2148 4427 Psy-

573 4427 779 4492 eltom.,
808 4426 1055 4480 Cornibus
1097 4428 1361 4496 oppansis,
1400 4435 1453 4480 et
1498 4429 1703 4494 praefat.
1748 4427 1840 4481 lib.
1895 4441 1912 4479 ι
1960 4426 2145 4481 contra

574 4496 914 4565 Symmach.,
944 4495 1045 4551 Vix
1072 4512 1230 4567 panso
1256 4506 1450 4562 poterat
1490 4512 1690 4551 currere
1721 4496 1952 4562 carbaso,
1984 4507 2038 4552 et
2067 4513 2145 4550 re-

576 4567 737 4619 tunsis
766 4567 817 4619 in
852 4566 1090 4620 Romanu
1118 4581 1211 4634 pro
1235 4568 1436 4619 retusis.

645 4638 768 4691 171.
794 4636 912 4691 Vat.
948 4639 1014 4698 A,
1036 4637 1320 4702 sublimem,
1350 4634 1624 4690 mendose.

644 4707 769 4761 172.
804 4707 943 4776 Lege
986 4706 1153 4777 Exodi
1182 4716 1341 4775 caput
1379 4720 1504 4768 xvii,
1536 4715 1591 4759 et
1620 4704 1716 4760 SS.
1755 4703 1941 4761 Patres
1988 4706 2148 4762 inter-

577 4784 881 4845 pretesque,
912 4777 1048 4829 hanc
1078 4777 1353 4830 historiam
1381 4784 1715 4845 enarrantes.

648 4844 944 4899 175.1esus
969 4855 1053 4899 est
1084 4848 1333 4911 salvator,
1364 4856 1418 4900 et
1448 4846 1547 4899 hoc
1570 4844 1740 4912 ipsum
1766 4844 2029 4909 signiﬁcat
2052 4846 2146 4900 Jo-

570 4930 682 4977 sue,
705 4928 934 4983 quocum
966 4929 1106 4969 nunc
1148 4914 1352 4969 confert
1389 4914 1592 4969 Iesum.
1625 4914 1692 4969 Ut
1728 4918 1867 4968 enitn
1897 4915 2061 4970 Iosue
2091 4918 2143 4971 in

573 4996 772 5038 terram
812 4984 1181 5053 promissionis
1215 4986 1381 5038 tribus
1423 4984 1635 5036 lsraelis
1665 4985 1832 5048 duxit,
1865 4986 1944 5039 sic
1988 4986 2145 5040 Iesus

572 5068 741 5122 genus
782 5053 1089 5119 humanum,
1127 5069 1157 5107 a
1185 5055 1491 5117 captivitate
1531 5053 1791 5107 daemonis
1834 5054 2139 5111 liberatum.

571 5128 624 5177 in
660 5125 882 5193 patriam
908 5124 1179 5179 caelestem
1216 5124 1435 5176 invexit.
1468 5123 1713 5176 Christus
1738 5125 1911 5193 igitur
1936 5132 2019 5179 est
2048 5140 2141 5180 ve-

570 5192 683 5248 rior
710 5194 887 5262 Iesus,
922 5209 1077 5263 quam
1108 5193 1291 5249 Iosue.
1337 5193 1441 5263 lso,
1478 5194 1688 5260 Cltam.,
1720 5192 1938 5263 Cellar.,
1989 5194 2141 5249 Teol.

568 5274 865 5334 exponunt,
897 5262 1056 5318 Iesus
1082 5274 1155 5318 est
1178 5264 1341 5335 verior
1371 5262 1544 5326 Iesus,
1587 5278 1676 5317 seu
1716 5262 1961 5327 salvator,
1988 5281 2142 5335 quam

570 5335 796 5405 Moyses.
827 5336 941 5389 Non
968 5337 1155 5403 placet.
1189 5334 1322 5390 Vide
1357 5342 1469 5388 not.
1500 5348 1638 5388 vers.
1658 5334 1781 5405 165
1808 5344 1861 5389 et
1889 5335 2013 5405 177.

642 5404 766 5459 177.
791 5406 1043 5459 Erasmus
1065 5406 1189 5474 legit
1214 5406 1301 5474 qui
1330 5404 1714 5475 terguaternis,
1742 5413 1797 5459 et
1821 5404 1957 5459 infra
1995 5418 2140 5459 vers.

568 5475 693 5538 179,
727 5476 901 5543 petris,
942 5476 1083 5543 quod
1114 5476 1179 5529 ad
1209 5489 1358 5529 oram
1389 5474 1658 5529 Giselinus
1700 5475 1973 5529 annotavit
2006 5491 2018 5526 :
2049 5475 2142 5529 sed

566 5557 714 5598 recte
736 5543 976 5614 procedit
999 5560 1189 5599 sensus
1213 5545 1329 5600 sine
1353 5545 1687 5600 correctione
1704 5560 1836 5598 mss.
1862 5544 2103 5599 codicum
2129 5558 2146 5597 :

568 5614 802 5689 fundavit
830 5615 1097 5689 duodecim
1130 5624 1316 5689 petras,
1354 5622 1621 5689 stemmata
1649 5614 2021 5689 apostolorum,
2052 5628 2148 5682 per

568 5683 888 5753 epexegesin
937 5684 1227 5742 Prudentia
1274 5684 1615 5751 lamiliarem,
1654 5683 1755 5739 hoc
1806 5693 1890 5741 est
1944 5694 2145 5753 petras,

2171 4584 2225 4645 D

2249 3316 2532 3383 portabant
2558 3328 2734 3366 arcam
2778 3311 3014 3383 imiteris.
3044 3310 3338 3383 Duodecim
3363 3313 3615 3380 apostolos
3640 3313 3682 3362 in
3708 3309 3772 3383 his

2248 3378 2528 3438 duodecim
2558 3384 2687 3438 viris
2710 3392 2762 3436 et
2796 3381 3061 3449 lapidibus
3077 3382 3362 3446 allegorice
3383 3378 3527 3449 poeta
3552 3378 3771 3450 agnoscit,

2249 3463 2306 3507 ut
2332 3452 2691 3507 Tertullianus
2721 3451 2816 3505 lib.
2850 3448 2899 3503 iv
2924 3459 3106 3504 contra
3145 3451 3340 3519 Marc.,
3373 3448 3489 3519 esp.
3520 3448 3621 3504 15‘:
3658 3448 3770 3519 τοιῆ

2248 3525 2362 3576 dem
2409 3524 2542 3576 enim
2594 3522 2813 3591 apostoli
2858 3516 3382 3591 portendebantur....
3427 3516 3773 3591 [αρὲωῄωὲάὲ

2247 3594 2370 3662 ﬁde,
2403 3609 2528 3659 quos
2556 3588 3124 3662 de'lavacrodordanis
3150 3589 3314 3645 Iesus
3337 3588 3500 3662 venus
3520 3589 3666 3662 elegit,
3686 3596 3771 3662 etc.

2247 3658 2505 3717 Bellarius
2535 3661 2825 3730 duodecim,
2859 3660 3059 3729 lapides
3094 3660 3147 3730 in
3168 3662 3295 3730 ripa
3319 3660 3557 3714 Iordanis
3590 3658 3767 3724 positos

2248 3733 2646 3804 interpretatur.
2684 3729 3045 3804 Teolius_non
3091 3729 3325 3804 videtur,
3354 3731 3483 3804 alios
3519 3738 3771 3804 agnoscere

2250 3792 2474 3870 lapides,
2503 3802 2603 3855 nisi
2644 3813 2737 3853 eos
2772 3801 2863 3870 qui
2910 3800 2964 3853 in
2994 3799 3157 3853 medio
3190 3798 3439 3870 Iordanis
3479 3792 3770 3870 alveopositi

2247 3866 2389 3926 su'ut.
2419 3871 2583 3925 Iosue
2607 3871 2711 3925 loc.
2735 3866 2828 3925 cit.
2858 3870 3035 3924 ethos
3061 3870 3185 3938 poni
3212 3868 3374 3938 jussit
3396 3879 3450 3924 et
3475 3868 3596 3923 alios
3615 3866 3662 3919 in
3682 3866 3771 3917 loco

2248 3951 2554 3995 castrorum.

2322 4012 2442 4065 179.
2475 4012 2652 4078 Prag.,
2679 4010 2794 4078 fecit
2824 4020 3013 4079 petras,
3040 4009 3215 4062 minus
3243 4008 3401 4063 bene.

2322 4083 2442 4137 180.
2470 4070 2605 4147 Quid
2642 4070 2709 4133 sit
2742 4070 2974 4142 stemma,
3001 4070 3198 4132 dictum
3229 4088 3315 4132 est
3356 4092 3510 4147 supra
3540 4077 3705 4147 hymno
3726 4070 3770 4134 7,

2249 4164 2389 4203 vers.
2418 4143 2511 4204 81:
2538 4148 2633 4204 llic
2658 4149 2815 4203 etiam
2841 4160 2983 4203 esset
3011 4150 3158 4203 locus
3185 4143 3509 4218 suspicandi,
3538 4143 3769 4215 legendum

2248 4220 2522 4285 schemata,
2548 4221 2648 4273 hoc
2673 4229 2753 4273 est
2773 4219 2986 4287 ﬁguras.

2323 4291 2445 4343 181.
2482 4289 2599 4343 Vat.
2626 4289 2665 4342 Β
2694 4298 2748 4343 et
2774 4286 2916 4351 liat.,
2950 4286 3169 4351 Iudaea,
3216 4302 3325 4341 non
3357 4287 3546 4357 patitur
3569 4292 3767 4357 carmen:

2322 4360 2445 4414 181.
2478 4359 2609 4427 Magi
2640 4373 2741 4411 non
2777 4344 3233 4427 videruntiducem
3262 4344 3415 4411 Iuda:
3445 4359 3493 4408 in
3519 4352 3673 4416 stella,

2252 4430 2485 4494 stellam,
2516 4418 2637 4483 eum
2662 4428 3004 4482 iudicantem.
3031 4426 3161 4480 Vide
3186 4442 3346 4495 supra
3370 4418 3768 4495 uotamver_s.‘38.

2252 4500 2327 4552 Ex
2359 4492 2565 4553 ratione
2593 4514 2711 4562 quae
2754 4497 3032 4564 subjicuur
3058 4492 3286 4563 amplius
3334 4498 3384 4550 id
3431 4496 3602 4564 liquet.
3628 4492 3769 4564 Argu-

2250 4579 2485 4623 mentum
2536 4561 2678 4622 euim
2719 4561 2913 4634 petitur
2955 4581 3021 4621 ex
3072 4561 3222 4619 fac—tis
3281 4561 3568 4634 priscorum
3610 4561 3767 4634 ducunt

2250 4637 2434 4707 Israel,
2459 4653 2597 4706 qum,
2621 4646 2680 4690 ut
2710 4631 2859 4689 inulti
2889 4636 3195 4704 opinantur,
3224 4631 3406 4707 magos
3424 4648 3527 4689 non
3554 4631 3770 4685 latebant.

2322 4705 2443 4763 183.
2477 4705 2653 4776 Egm.,
2688 4720 2987 4777 perperam.
3016 4707 3179 4777 fracta
3202 4719 3299 4773 pro
3316 4705 3475 4777 facta.
3567 4770 3586 4777 _
3701 4766 3712 4777 _

2322 4778 2445 4832 184.
2484 4770 2548 4831 Ιιῖ
2582 4770 2735 4847 agni.
2776 4770 3027 4847 ét__Pal.,'
3054 4770 3257 4847 (larido
3292 4770 3510 4847 ﬁgurant
3552 4770 3769 4847 ﬂagitati:

2252 4830 2528 4912 Erasmus,
2554 4830 2789 4915 11.39....
2820 4830 3031 4915 Nomsi,
3056 4830 3389 4915 Boheriaiius
3415 4830 3574 4915 prior,
3591 4830 3771 4915 sised

2249 4933 2420 4983 oram,
2450 4905 2623 4982 Teol.,
2658 4905 2845 4969 Christi
2886 4905 3102 4983 ﬁguram
3136 4914 3391 4981 ﬁnxerint.
3416 4905 3769 4983 ’Διάηξγείιιε

2250 4986 2363 5059 Gis.
2397 4973 2448 5041 in
2490 4973 2654 5059 textu,
2686 4973 2896 5059 |_lein_s.,'
2925 4973 3145 5059 Vat},
3184 4982 3331 5059 Sicb.
3378 4992 3431 5037 et
3457 4973 3772 5059 aliiiMaraet

2250 5058 2358 5121 alii,
2392 5048 2670 5125 pinxerint.
2699 5054 2755 5108 ln
2789 5048 2907 5109 Vat.
2937 5054 3006 5121 A,
3036 5053 3302 5122 finxerint,
3335 5066 3494 5122 supra
3522 5048 3662 5103 aliter
3683 5048 3773 5110 pin-

2247 5130 2435 5182 xerint.
3738 5177 3748 5188 ,

2322 5197 2447 5252 185.
2480 5194 2601 5250 Vat.
2634 5193 2675 5247 B
2700 5202 2754 5248 et
2797 5192 2952 5262 Prag.
2985 5204 3169 5247 contra
3213 5190 3368 5247 metri
3399 5190 3657 5262 rationein,
3683 5193 3772 5262 pne

2248 5282 2449 5321 scarum
2467 5280 2561 5333 pro
2585 5265 2833 5334 priorum.
2863 5253 2929 5316 ιιῖ
2942 5262 3059 5317 Vat.
3084 5262 3124 5326 I,
3148 5264 3377 5333 priorum
3394 5259 3590 5334 videtur
3613 5253 3772 5334 facit}?!

2248 5318 2322 5391 ex.
2339 5318 2641 5410 primorum,
2670 5334 2808 5401 quod
2838 5348 2957 5410 cu_m
2980 5318 3221 5410 carmine
3246 5346 3346 5385 non
3366 5318 3773 5410 .coliaareba'tlilf:

2250 5393 2521 5460 tro'etiam
2548 5393 2861 5457 adversatur
2882 5402 3029 5466 Put.,
3064 5402 3161 5454 llic
3190 5417 3279 5455 rea:
3300 5400 3438 5467 prior
3456 5407 3524 5451 est
3533 5393 3767 5467 judicans;

2249 5455 2731 5543 alioquin—poterat
2772 5455 3137 5543 id‘susti’neri,
3162 5480 3221 5525 ut
3254 5455 3374 5543 ante
3401 5455 3645 5543 vers-'77.
3684 5455 3773 5543 {If

2248 5526 2552 5616 magnarum
2594 5542 2793 5616 urbium
2839 5543 3004 5609 maior
3050 5526 3661 5616 {let/slent._ll_ei_nsius"es

2248 5600 2437 5669 errbre
2463 5612 2753 5676 existimat,
2795 5626 2822 5664 a
2854 5600 3013 5665 manu
3058 5608 3328 5664 Prudentii
3364 5606 3524 5661 fuisse
3565 5600 3657 5655 llic
3689 5604 3773 5676 ,τιξ

2247 5686 2473 5752 priorum
2498 5691 2570 5737 est
2584 5673 2839 5751 judieum.
2863 5682 2931 5736 At
2959 5694 3087 5737 vero
3113 5694 3234 5736 cum
3259 5677 3499 5734 Heinsius
3519 5673 3775 5739 saepest”
