4090 6192
330 367 433 424 91⁸5

574 482 782 539 [texere
806 485 896 554 qui
920 483 1088 541 Jacob
1109 497 1299 555 genus,
1380 522 1389 534 ι

576 575 923 645 Dominamque
949 591 1046 631 rex
1073 577 1348 644 Ecclesiae,

572 666 782 737 Templi
810 677 866 724 et
887 669 1101 735 novelli,
1129 677 1184 724 et
1212 668 1443 739 pristini.

502 758 651 813 llunc
678 760 874 827 posteri
900 760 1153 828 Ephraim
1181 762 1383 828 colunt,

575 850 735 919 393
764 849 914 905 Hunc
935 860 1117 905 sancta
1141 852 1383 908 Manasse
1410 854 1618 915 domus,

573 939 879 1011 Omnesque
904 942 1200 1011 suscipiunt
1227 942 1417 1010 tribus,

578 1032 669 1086 Bis
688 1046 816 1087 sena
847 1031 1069 1087 fratrum
1097 1033 1322 1087 semina.

500 1122 639 1190 Quin
666 1132 722 1177 et
748 1136 982 1192 propago
1006 1123 1264 1192 degener,

575 1216 754 1270 Ritnm
772 1224 955 1270 secuta
983 1216 1337 1281 inconditum,

328 847 431 902 100

331 1308 435 1364 195
576 1309 919 1375 Quaecunque
945 1306 1118 1361 dirum
1154 1307 1373 1363 fervidis

575 1400 699 1453 Baal
728 1400 954 1455 caminis
979 1408 1232 1455 coxerat:

500 1490 735 1546 Fumosa
761 1505 983 1546 avorum
1013 1490 1253 1547 numina.

1342 369 1874 428 CATHEMERINON
1912 369 2027 427 XII.
2074 366 2164 428 DE
2202 368 2584 428 EPIPHANIA.

1924 493 1978 550 Α

3478 373 3584 433 911

2248 487 2475 554 Saxum,
2505 486 2802 555 metallum,
2835 488 3098 557 stipitem,

2258 576 2479 642 Rasum,
2510 577 2767 645 dolatum,
2799 580 3010 648 sectile,

2257 669 2316 725 In
2344 669 2540 725 Christi
2569 660 2825 725 honorem
2854 672 3071 727 deserit.

2188 758 2446 823 Gaudete,
2477 760 2731 829 quidquid
2766 763 3001 829 gentium
3023 771 3123 826 est,

2256 850 2459 914 Judzea,
2495 851 2657 906 Roma
2692 863 2743 906 et
2767 853 2994 916 Graecia,

2256 941 2419 1012 394
2441 941 2694 1013 Egypte,
2730 943 2928 1007 Thrax,
2960 945 3141 1013 Persa,
3164 944 3396 1017 Scytha:

2265 1032 2375 1087 lie:
2409 1048 2545 1087 unus
2576 1047 2766 1088 omnes
2794 1035 3047 1103 possidet.

2195 1124 2431 1179 Laudate
2459 1135 2696 1180 vestrum
2719 1127 3039 1195 principem,

2257 1216 2474 1281 Omnes,
2509 1217 2644 1271 beati
2675 1232 2738 1272 ac
2760 1218 2972 1285 perditi,

2260 1305 2399 1370 Vivi,
2428 1306 2678 1361 imbecilli
2702 1322 2768 1362 ac
2798 1309 3027 1362 mortui:

2262 1399 2378 1454 lam
2412 1414 2571 1454 nemo
2598 1399 2819 1469 posthac
2843 1407 3104 1456 mortuus.

2009 669 2114 726 200

2015 1122 2121 1179 205

1625 1577 1911 1636 GLOSSIE
1952 1576 2291 1633 VETERES.

391 1671 520 1726 188.
548 1670 785 1737 Pristini,
817 1672 1012 1740 antiqui
1039 1672 1212 1740 templi
1230 1670 1549 1731 Judworunt,
1576 1671 1696 1726 Vat.
1725 1672 1791 1725 A.

394 1744 520 1796 189.
553 1741 780 1811 Posteri,
803 1742 919 1808 ﬁlii.
943 1771 1012 1811 έ-
1039 1741 1255 1811 Eﬂ'rem,
1285 1742 1339 1795 id
1363 1751 1458 1808 est,
1491 1740 1734 1808 E/fraim,
1756 1752 1802 1796 et
1823 1742 1903 1795 in-

323 1820 628 1883 terpretatur
657 1810 897 1883 frugifer,
928 1810 1047 1865 Vat.
1081 1814 1145 1865 Α.

392 1881 517 1935 190.
551 1880 826 1950 Manasse,
846 1880 1088 1935 Manasse
1108 1880 1290 1934 obliuio
1310 1880 1689 1945 interpretatur.
1725 1880 1900 1950 Signi-

320 1951 445 2020 ﬁcat
469 1961 638 2004 autem
669 1949 915 2020 populum
943 1952 1189 2019 gentium,
1226 1951 1311 2004 cui
1338 1951 1560 2005 dicitur:
1595 1950 1900 2006 Obliviscere

321 2019 571 2090 populum
592 2019 757 2087 tuum,
782 2019 901 2074 Vat.
934 2022 998 2074 A.

388 2090 516 2145 195.
549 2092 808 2161 Degener,
851 2090 1107 2158 ignobilis,
1142 2090 1357 2161 degener
1384 2091 1590 2156 dicitur,
1632 2091 1753 2161 quia
1796 2105 1897 2144 non

317 2162 547 2228 sequitur
566 2160 877 2214 nobilitatem
904 2170 1105 2231 patrum
1124 2170 1170 2216 et
1191 2160 1482 2231 parentum,
1516 2161 1630 2215 Vat.
1646 2160 1723 2215 Α.

1933 1679 1981 1738 Β
2082 1669 2205 1725 196.
2231 1669 2482 1732 Coxerat,
2510 1670 2838 1739 formaverat,
2874 1668 2991 1723 Vat.
3021 1670 3084 1725 A.

2082 1741 2201 1793 198.
2233 1738 2735 1809 Stipitem,lignum,
2772 1738 2890 1793 Vat.
2917 1738 2983 1794 Α.

2080 1809 2203 1864 199.
2237 1809 2456 1883 Rasum,
2488 1808 2618 1883 etc.,
2650 1808 2808 1883 tribus
2836 1810 3003 1883 modis
3035 1811 3201 1865 omnis
3228 1811 3400 1883 forma
3422 1813 3580 1883 ligno.

2006 1895 2121 1932 rum
2148 1881 2491 1949 componitur,
2523 1880 2777 1941 radendo,
2810 1879 3051 1943 dolanda,
3083 1882 3326 1946 secando,
3363 1879 3481 1935 Vati
3514 1884 3579 1936 A.

2075 1948 2201 2003 202.
2224 1948 2428 2021 Judrea,
2456 1959 2661 2021 propter
2682 1949 2861 2016 legent.
2891 1978 2961 1988 —
2991 1950 3178 2013 ltoma,
3208 1960 3413 2021 propter
3440 1952 3581 2021 prin-

2005 2022 2248 2087 cipatum.
2279 2048 2349 2057 —
2377 2018 2601 2079 Grmcia,
2630 2028 2837 2087 propter
2868 2018 3339 2086 sapientiam,Vat.
3372 2023 3438 2077 A.

2075 2089 2201 2140 206.
2237 2088 2455 2140 Perditi-
2489 2099 2792 2140 neccatores.
2826 2088 2945 2140 Vat.
2980 2091 3046 2140 Δ.

2075 2089 2201 2143 206.
2237 2088 2455 2156 Perditi,
2489 2099 2792 2155 peccatores.
2826 2088 2945 2141 Vat.
2980 2091 3046 2143 Δ.

2074 2158 2198 2213 207.
2235 2158 2371 2222 Vivi,
2397 2159 2529 2212 sani.
2560 2187 2631 2197 ——-
2660 2158 2933 2225 lmbecilli,
2965 2160 3177 2228 inﬁrmi,
3209 2160 3331 2216 Vat.
3360 2160 3421 2215 A.

1680 2270 2242 2327 COMMENTARIUS.

316 2360 645 2429 epexegesin
677 2361 729 2414 in
762 2361 1048 2416 Prudentio
1074 2368 1304 2425 tueatur,
1345 2375 1452 2415 non
1484 2369 1590 2428 est,
1623 2376 1722 2415 cur
1762 2361 1899 2415 hanc

316 2431 549 2497 rejiciat,
582 2429 867 2485 stabilitam
907 2433 974 2485 ab
1010 2432 1167 2497 Aldo,
1209 2431 1458 2499 Weitzio,
1488 2431 1731 2487 Giselino
1774 2447 1895 2485 cum

317 2499 438 2570 Vat.
470 2502 539 2568 A,
596 2500 654 2564 Β,
687 2501 979 2570 multisque
1014 2502 1134 2555 aliis
1160 2502 1475 2560 codicibus:
1517 2502 1722 2557 nullum
1752 2502 1894 2557 enim

314 2569 720 2640 dissentientem
750 2569 995 2625 Heinsius
1027 2572 1262 2640 protulit.

380 2638 512 2713 189.
540 2639 657 2713 Val.
694 2640 758 2713 Β.
783 2643 986 2713 domus,
1016 2638 1317 2713 eorrectum
1340 2659 1519 2713 genus.

382 2710 513 2783 187.
557 2709 827 2783 Cauchius
876 2712 930 2763 in
960 2713 1078 2783 _s_uis
1113 2709 1389 2783 invenerat
1430 2720 1729 2783 nostrisque,
1768 2712 1897 2783 ipse

309 2780 551 2851 malebat
584 2781 918 2851 gemimeque.
956 2779 1134 2836 Nostri
1161 2792 1215 2837 et
1257 2782 1529 2837 Heinsiani
1568 2779 1690 2836 cum
1717 2782 1894 2850 editis,

308 2850 652 2917 dominaeque.

381 2918 512 2991 1§8.
541 2920 751 2991 Allibl'.,
777 2918 1136 2986 Rat.,ﬂails.,
1168 2921 1363 2987 Palat.,
1386 2923 1556 2991 templi
1575 2921 1762 2975 novelli
1782 2922 1897 2976 sine

307 2996 377 3042 et.
412 2988 633 3062 Caeteri,
666 2991 842 3062 templi
861 3000 926 3062 et
966 2991 1174 3062 novelli.
1194 2991 1328 3062 AGis.
1368 2991 1433 3062 ad
1484 2988 1679 3058 marg,
1722 2993 1899 3062 templi

306 3059 497 3131 novelli
523 3076 583 3112 ac
606 3061 827 3125 pristini.
860 3060 1100 3131 Ecclesia
1126 3075 1156 3113 a
1179 3060 1393 3131 Christo
1411 3060 1624 3115 fundata
1655 3059 1897 3131 templum

306 3128 574 3181 novellum
599 3139 702 3195 est,
734 3137 792 3183 ut
819 3143 977 3193 supra
1010 3130 1195 3200 hymn.
1237 3130 1324 3197 11,
1356 3143 1496 3184 vers.
1534 3131 1621 3193 59,
1646 3128 1780 3184 dixit
1804 3147 1897 3184 no-

305 3199 501 3250 vellum
549 3202 829 3269 circulum.
858 3199 1137 3267 Templum
1179 3200 1480 3255 Salomonis
1517 3201 1774 3269 templum
1815 3211 1897 3255 est

304 3270 627 3340 pristinum,
652 3268 835 3337 templi
863 3270 1059 3324 novelli
1085 3272 1269 3340 ﬁgura.
1299 3270 1573 3339 Templum
1597 3268 1754 3323 etiam
1780 3283 1897 3339 post

304 3339 676 3411 captivitatem
719 3341 1024 3395 restitutum
1068 3339 1285 3395 nomine
1314 3341 1485 3411 templi
1515 3342 1717 3409 pristini
1752 3356 1899 3395 com-

306 3408 685 3477 prehenditur.

379 3479 825 3551 189._Erasmus,
862 3479 1068 3551 iNebr.,
1112 3479 1250 3546 Gis.,
1287 3480 1469 3544 Fahr.,
1518 3478 1790 3551 Ephraim,
1842 3488 1899 3534 ut

311 3546 493 3618 Graeci
522 3549 828 3618 loquuntur.
859 3550 1105 3605 Heinsius
1132 3565 1250 3604 cum
1279 3546 1655 3604 vetnsnorihus
1679 3552 1811 3615 suis,
1843 3560 1899 3606 et

303 3616 440 3689 Ald.
470 3616 757 3681 cum—aliis,
794 3618 1008 3687 Eﬂ‘rem,
1033 3629 1089 3674 ut
1117 3623 1185 3675 sit
1208 3621 1514 3688 sinalwpha,
1540 3621 1710 3689 inquit
1739 3621 1898 3675 Ilein-

301 3688 463 3826 $35;
506 3691 682 3758 potius
714 3688 1001 3763 dialtepha,
1044 3699 1102 3744 ut
1149 3691 1275 3745 alibi
1321 3691 1452 3745 dixi.
1502 3688 1655 3761 Egin.
1711 3692 1899 3746 scribit

382 3775 517 3812 rem.

382 3775 517 3812 rem.

375 3828 787 3899 190._lleinsins
812 3831 1012 3884 mavult
1038 3830 1295 3884 Manassa:
1322 3846 1478 3899 quam
1513 3831 1773 3884 Manasse.
1807 3830 1898 3886 Sic

298 3897 473 3952 etiam
496 3897 782 3953 Giselinus.
802 3902 947 3964 Ald.,
967 3901 1223 3966 Marmore,
1252 3897 1350 3955 nec
1368 3902 1671 3967 discrepant
1695 3902 1893 3967 nostri;

303 3968 565 4036 idemque
595 3970 791 4035 placuit
821 3970 1051 4025 Weitzio
1087 3986 1208 4025 cum
1239 3971 1434 4025 Widm.
1466 3981 1521 4025 et
1542 3971 1697 4025 Golcl.

373 4039 506 4092 191.
541 4039 685 4102 Ald.,
713 4040 898 4106 Nebr.,
927 4040 1039 4097 Gis.
1074 4041 1127 4095 in
1155 4050 1322 4104 testu,
1354 4042 1559 4105 lleins.,
1590 4044 1892 4104 suspiciunt.

297 4107 455 4179 Vatt,
498 4109 542 4164 A
589 4111 737 4174 etB,
785 4112 962 4179 Prag.,
1002 4112 1147 4173 Rat.,
1196 4112 1389 4165 Weitz.
1438 4126 1558 4165 cum
1605 4111 1803 4167 Widm.
1844 4124 1898 4168 et

297 4174 839 4251 Cold.._suscipiunt.
881 4174 1031 4246 Quod
1071 4184 1292 4236 verbum
1333 4186 1555 4251 petitum
1599 4184 1803 4237 videtur
1831 4178 1909 4238 (δι’

293 4262 421 4312 cap.
455 4264 470 4302 ι
499 4248 835 4325 ξξιεηζνενε.
870 4252 932 4303 11
966 4264 1018 4305 et
1052 4254 1115 4305 12
1145 4270 1157 4304 :
1191 4251 1257 4304 Et
1301 4248 1383 4305 sui
1412 4268 1527 4325 eum
1566 4269 1664 4325 non
1700 4270 1898 4325 recepe-

292 4328 446 4371 runt.
501 4321 763 4391 Quotquot
791 4330 959 4375 autem
990 4333 1283 4391 receperunt
1312 4338 1451 4391 eum,
1483 4322 1622 4377 dedit
1646 4324 1719 4377 eis
1750 4321 1895 4393 pote-

325 4398 511 4441 tatem.
548 4398 652 4441 etc.

296 4398 511 4454 etatem,
548 4398 652 4444 etc.

372 4460 523 4533 195._
540 4458 659 4515 Vat.
692 4460 753 4533 Β,
782 4462 975 4533 quiet;
1010 4461 1102 4517 sed
1134 4471 1434 4517 correctum
1472 4466 1592 4533 quin
1616 4474 1683 4518 et.
1722 4465 1896 4533 Supra

2076 2363 2199 2416 191.
2229 2361 2409 2431 Prag,
2433 2361 2599 2432 ritum
2626 2362 2955 2432 incognitum,
2980 2364 3155 2417 minus
3178 2363 3331 2418 bene,

2076 2433 2201 2488 195.
2234 2433 2382 2498 Ald.,
2430 2431 2608 2502 Egm.,
2662 2431 3041 2502 Pal.,fllails.,
3083 2434 3195 2487 Vat.
3250 2436 3294 2487 Α
3336 2441 3391 2486 et
3437 2433 3581 2502 Rat.,

2004 2505 2212 2567 durum,
2243 2502 2358 2556 Vat.
2390 2503 2447 2566 lt,
2482 2501 2758 2566 Erasmus,
2788 2501 2975 2570 Weit.,
3018 2501 3187 2561 Gisel.
3218 2513 3273 2557 et
3309 2503 3582 2573 Heinsius,

2004 2573 2190 2628 dirum.

2076 2642 2202 2697 196.
2217 2642 2403 2705 Aldus,
2422 2648 2682 2695 coxerant.
2706 2639 2841 2693 Baat
2862 2656 2958 2710 pro
2972 2642 3158 2711 quovis
3182 2641 3330 2698 idolo
3350 2644 3581 2708 ponitur.

2076 2713 2201 2767 197.
2234 2711 2461 2765 Fumosa
2490 2712 2560 2782 ob
2581 2711 2975 2782 antiquitatem,
3010 2720 3068 2766 ut
3093 2717 3307 2782 fumosa:
3337 2714 3586 2782 imagines

2004 2782 2143 2849 apud
2171 2782 2505 2837 Ciceronem.
2531 2781 2661 2835 Nam
2686 2786 2754 2835 de
2781 2780 3055 2837 labrorum
3080 2780 3309 2839 omcinis
3330 2780 3463 2839 nihil
3480 2794 3582 2849 est,

2004 2869 2168 2921 quare
2189 2855 2483 2918 cogitemus
2513 2852 2563 2904 in
2588 2868 2712 2904 saxo
2738 2861 2791 2905 et
2811 2852 3000 2915 stipite.

2073 2920 2195 2976 198.
2228 2923 2472 2977 Mendum
2496 2930 2579 2976 est
2602 2921 2720 2975 Vat.
2753 2920 2819 2982 A,
2848 2922 3047 2990 stipem.

2074 2992 2198 3046 199.
2236 2993 2373 3045 Vatt.
2408 2994 2472 3053 A,
2505 2992 2521 3045 Ι
2552 2999 2605 3043 et
2643 2991 2861 3055 Weitz.,
2894 2992 3136 3045 sectilem.
3177 2990 3382 3048 Numen
3413 2995 3585 3048 sectile

2002 3076 2123 3115 cum
2156 3062 2379 3131 reliquis
2405 3062 2640 3129 intelligo
2658 3075 2881 3131 Lneque
2908 3062 3080 3114 sectile
3117 3060 3351 3117 refertur
3378 3063 3443 3116 ad
3490 3067 3584 3116 sti-

2004 3134 2180 3201 pitem,
2205 3129 2299 3186 sed
2324 3131 2389 3185 ad
2420 3147 2621 3184 saxum.
2662 3129 2805 3197 Tres,
2836 3130 3007 3201 inquit
3043 3130 3313 3201 Erasmus,
3344 3134 3584 3188 materias

2005 3200 2158 3270 refert
2196 3201 2427 3264 deorum,
2471 3200 2715 3268 lapidem,
2758 3215 2848 3271 (es,
2880 3200 3095 3271 lignum.
3135 3200 3416 3270 Opi/icium
3462 3204 3583 3256 item

2003 3273 2185 3344 triplex
2206 3288 2224 3325 :
2252 3272 2513 3326 metallum
2540 3270 2740 3324 raditur
2762 3270 2906 3337 lima,
2930 3286 3115 3326 saxum
3134 3281 3354 3339 secatur,
3385 3273 3582 3344 lignum

2002 3342 2229 3396 dolatur.

2070 3410 2419 3483 205.AGisel..
2467 3409 2628 3483 Persa
2663 3418 2709 3464 et
2748 3410 2961 3483 Strymo.
3007 3410 3114 3483 Alii
3142 3411 3326 3475 Persa,
3365 3411 3580 3483 Scytha,

2000 3482 2125 3550 quia
2170 3481 2350 3535 ultima
2392 3481 2447 3534 in
2491 3482 2646 3534 Persa
2679 3481 2987 3548 producitur
3024 3481 3095 3535 ob
3117 3499 3190 3535 sc.
3222 3481 3470 3537 dictionis
3500 3498 3584 3538 se-

2036 3554 2235 3607 uentis.
2284 3552 2342 3604 In
2394 3550 2772 3619 orthographia
2813 3550 3021 3604 variant
3073 3552 3319 3615 codices,
3380 3553 3582 3619 Scitlta,

2036 3566 2235 3607 llenllS.
2284 3566 2342 3604 tn
2394 3566 2772 3619 ortnograpnta
2813 3566 3021 3604 variant
3073 3566 3319 3615 coerces,
3380 3566 3579 3619 Scurra,

2000 3566 2201 3703 genita,
2237 3622 2415 3703 Scyta,
2441 3621 2656 3703 Scytha.
2671 3620 2826 3703 "Allia,
2860 3620 3134 3703 mendose,
3162 3621 3409 3703 Scytliia‘;
3437 3623 3579 3703 Vatt.

2000 3693 2044 3745 Λ
2076 3705 2129 3747 et
2162 3692 2222 3758 Β,
2254 3689 2429 3746 minus
2473 3689 2629 3756 bene,
2665 3690 2853 3761 Scytaz.
2887 3690 3015 3745 Urb.
3054 3689 3302 3746 Persa'et
3345 3692 3581 3761 Scythia.

2071 3762 2200 3818 205.
2232 3762 2425 3817 Invitat
2461 3776 2619 3815 omne
2662 3760 2935 3814 hominum
2962 3776 3129 3829 genus
3160 3761 3225 3815 ad
3258 3760 3581 3818 laudandum

2005 3833 2193 3899 Deum,
2226 3832 2433 3887 scilicet
2470 3845 2564 3885 eos
2587 3844 2721 3899 quos
2766 3830 2988 3884 adversa
3031 3831 3226 3896 premit
3264 3831 3493 3898 fortuna,
3526 3842 3583 3888 et

2000 3903 2089 3972 qui
2124 3916 2379 3972 prospera
2411 3910 2649 3972 utuntur,
2681 3900 2771 3972 qui
2802 3900 3164 3972 ben‘evalent,
3196 3901 3287 3968 qui
3323 3901 3583 3972 imbecilli

1999 3969 2143 4037 sunt,
2173 3969 2261 4040 qui
2288 3972 2398 4041 jam
2425 3970 2637 4024 mortui.
2677 3971 2799 4023 llaec
2825 3969 3038 4041 quidem
3069 3971 3370 4024 communis
3395 3980 3478 4041 est
3502 3971 3583 4028 in.

2000 4043 2336 4109 terpretatio.
2362 4040 2502 4094 Nihil
2534 4049 2711 4094 tamen
2752 4040 3023 4108 prohibet,
3061 4041 3347 4109 quominus
3373 4040 3438 4094 ad
3467 4056 3584 4096 mo-

2001 4108 2095 4167 res
2121 4113 2342 4173 releras,
2376 4119 2433 4164 ut
2460 4124 2646 4164 omnes
2672 4112 2760 4177 qui
2788 4109 2942 4163 bonis
2967 4108 3226 4173 moribus,
3250 4109 3338 4177 qui
3362 4112 3584 4177 perditis

2002 4191 2146 4248 sunt,
2180 4182 2476 4236 invitentur
2505 4185 2570 4233 ail
2610 4180 2795 4234 laudes
2825 4178 3044 4233 Christo
3067 4180 3446 4246 concinendas,
3484 4183 3582 4237 sed

2002 4252 2073 4306 ita
2107 4264 2165 4306 ut
2186 4269 2330 4306 nemo
2355 4253 2568 4319 post/iac
2594 4259 2820 4303 mortuus
2850 4249 2939 4314 sit,
2958 4248 3061 4319 sed,
3082 4263 3270 4303 omnes
3291 4249 3357 4303 ad
3388 4250 3579 4307 bonam

2002 4324 2208 4391 frugem
2226 4317 2495 4385 conversi,
2510 4324 2638 4383 vita,
2658 4335 2813 4389 quam
2836 4319 2991 4391 ollert
3006 4317 3275 4384 Christus,
3292 4320 3576 4389 gaudeant.

2071 4388 2197 4449 208.
2227 4394 2381 4447 Canit
2410 4388 2883 4455 Ecclesia,Jesum
2905 4388 3175 4443 Christum
3209 4388 3437 4444 mortem
3470 4405 3583 4447 mo-

2002 4464 2196 4519 riendo
2218 4463 2582 4517 destruxisse:
2609 4477 2715 4530 quo
2732 4475 2895 4514 sensu
2924 4475 3071 4512 nemo
3092 4463 3209 4530 jam
3229 4468 3459 4514 mortuus
3485 4468 3579 4530 est.

292 4542 407 4581 non
439 4528 619 4583 solum
644 4528 838 4584 tribum
861 4531 1017 4597 Juda,
1052 4535 1142 4586 sed
1174 4535 1336 4588 etiam
1363 4528 1551 4589 omnes
1577 4536 1708 4588 alias
1733 4528 1894 4590 Deum
1928 4536 1979 4596 Ι)
2080 4535 2136 4587 In
2167 4533 2288 4588 cod.
2324 4533 2440 4587 Vat.
2480 4534 2519 4585 Β
2559 4528 2678 4596 post
2709 4531 2850 4584 hunc
2880 4528 3134 4599 hymnum
3173 4529 3449 4599 sequitur:
3486 4529 3583 4584 In-

289 4599 486 4672 c_nlere
516 4601 787 4656 asseruit:
828 4617 969 4656 nunc
1010 4603 1149 4657 idem
1199 4604 1266 4657 de
1302 4605 1550 4672 gentibus
1587 4607 1888 4662 conﬁrmat.

292 4667 542 4751 _Degene_r
567 4686 795 4751 propago
822 4682 966 4751 sunt,
992 4673 1283 4751 quineque
1305 4667 1341 4727 a
1374 4676 1692 4742 patriarchis
1714 4685 1890 4731 ortum

287 4737 534 4806 ducunt,
561 4749 617 4796 et
639 4737 705 4795 ad
731 4737 994 4798 idolorum
1011 4737 1217 4804 cultum
1240 4759 1298 4801 se
1317 4737 1721 4801 converterunt.

2005 4607 2128 4674 cipit
2157 4605 2221 4657 de
2242 4603 2524 4672 apusculis,
2553 4600 2834 4674 Patrilieo
2866 4601 3118 4674 immolat,
3156 4616 3247 4674 ρετ
3282 4601 3580 4674 tracturum,

2005 4669 2064 4729 et'
2096 4669 2383 4727 trimetrum
2420 4671 2884 4742 endecasyllabum.
2912 4669 2981 4742 _|_n
3012 4669 3584 4742 cod.’Ratisbonensi,

2003 4745 2149 4799 Finit
2177 4743 2575 4827 Cathemerinon
2605 4739 2871 4797 Prudentii
2898 4739 3188 4797 Clementis.
