4090 6192
476 312 587 370 915

1582 326 1858 384 AURELll
1899 327 2263 385 PRUDENTII
2300 329 2627 386 CARMINA.

3646 333 3747 392 916

582 438 3737 468 ._._..____.__..._._.________.___.__________________________

1290 518 1728 604 INCIPIT
1787 524 2132 607 LIBER
2186 500 2947 613 APOTHEOSIS.

1872 674 2364 779 praefatio.

646 909 806 980 395
840 908 934 963 Est
963 910 1061 964 tria
1084 925 1290 965 summa
1322 912 1483 981 Deus,
1520 914 1716 967 trinum
1748 914 2047 982 specimen,
2080 929 2130 987 Α
2158 917 2191 972 5

1618 1004 1795 1075 [vigor
1821 1021 1979 1060 unus.

646 1090 811 1164 396
836 1093 1007 1149 Corde
1035 1093 1209 1148 Patris
1234 1095 1411 1165 genita
1436 1104 1520 1149 est
1553 1094 1848 1165 Sapientia,
1894 1096 2058 1150 Filius

1688 1187 1826 1259 [ipse
1855 1197 1937 1243 est
1970 1205 1983 1240 :

650 1271 879 1328 Sanctus
908 1274 974 1328 ab
1001 1284 1205 1330 aeterno
1232 1276 1478 1331 subsistit
1503 1275 1734 1346 Spiritus
1755 1292 1870 1333 ore.

651 1365 920 1438 Tempore
969 1383 1069 1424 nec
1112 1370 1294 1424 senior
1340 1370 1498 1424 Pater
1538 1379 1658 1436 est,
1710 1385 1810 1426 nec
1839 1371 2060 1428 numine

1749 1462 1945 1533 [major
1973 1481 1985 1517 :

2337 916 2469 971 Nam
2494 916 2708 985 sapiens
2736 924 2883 972 retro
2910 930 3128 987 semper
3146 917 3292 974 Deus
3316 917 3486 974 edidit
3506 934 3573 974 ex
3600 934 3680 985 se,

2344 1007 2448 1063 Per
2496 1007 2638 1078 quod
2680 1022 2896 1079 semper
2941 1017 3058 1064 erat
3100 1009 3366 1079 gignenda
3414 1010 3483 1065 ad
3527 1012 3751 1077 saeuis,

2344 1188 2520 1245 Edere
2550 1188 2644 1245 sed
2667 1189 2902 1245 Verbum
2929 1189 3103 1246 Patris
3129 1197 3233 1257 est,
3266 1198 3321 1245 at
3347 1100 3750 1259 cifeiib‘i'izrbi,

2340 1283 2687 1352 Assumptum
2735 1289 2949 1353 gestare
2992 1283 3265 1339 hominem
3287 1322 3304 1351 ,
3333 1299 3589 1353 reparare
3626 1300 3746 1353 perv

3396 1375 3681 1448 [ειιιριιιιιιν

2345 1465 2506 1536 397
2521 1463 2822 1522 Conciliare
2837 1465 3005 1535 Patri,
3019 1467 3313 1538 dextraque
3334 1466 3387 1523 in
3408 1468 3538 1524 sede
3552 1467 3751 1524 locare.

1790 1550 2077 1609 ειοεειλε
2123 1552 2464 1610 VETERES.

549 1641 604 1697 1.
643 1641 885 1705 Summa,
938 1640 1269 1709 principalia,
1321 1642 1598 1710 principia.
1640 1669 1712 1683 -—
1749 1640 2059 1711 Specimen,

480 1712 659 1766 divisio
688 1728 1037 1780 personarum.
1061 1741 1131 1751 --
1161 1711 1334 1777 Vigor.
1370 1715 1549 1777 virtus,
1573 1712 1611 1765 l.

549 1784 601 1838 5.
646 1782 833 1847 Retro,
862 1785 972 1835 sine
997 1782 1165 1846 initio,
1188 1782 1241 1833 id
1269 1791 1341 1836 est
1363 1791 1480 1836 ante
1506 1782 1774 1849 saeculum,
1798 1784 1851 1836 in
1876 1800 2057 1854 perpe-

2172 1653 2337 1709 tuum,
2373 1646 2413 1698 Ι.

2243 1717 2298 1770 7.
2340 1716 2534 1782 Edere,
2568 1716 2797 1786 gignere,
2831 1713 2936 1771 lso.

1834 1874 2400 1934 COMMENTARIUS.

548 1966 757 2023 Titulus
778 1968 917 2037 apud
941 1969 1133 2024 Aldum
1164 1978 1248 2026 est
1278 1988 1291 2023 ε
1322 1971 1515 2025 Aurelii
1541 1970 1810 2026 Prudentii
1833 1969 2064 2025 Clemen-

482 2038 541 2111 tis
659 2037 718 2093 C.
743 2038 1067 2111 Apotheosis.
1095 2040 1333 2110 Hymnus
1354 2045 1416 2096 de
1440 2040 1690 2111 Trinitate
1719 2061 1733 2094 .·
1758 2057 1877 2111 quas
1901 2042 2061 2095 etiam

481 2108 725 2181 inligtn.
754 2119 837 2181 est
860 2108 1331 2181 inscriptio'hujus
1360 2110 1708 2181 praefationis.
1745 2108 1800 2165 In
1836 2112 1953 2166 Vat.
1988 2112 2058 2166 A:

481 2176 637 2250 Liber
675 2176 1060 2250 deiTrinitate';
1087 2176 1281 2236 caetera
1311 2176 1523 2235 desunt.
1577 2180 1885 2236 Giselinus:
1924 2182 2061 2250 Apa-
2096 2176 2145 2234 B

483 2247 690 2323 theosis.
742 2249 1009 2323 Praefatio,
1058 2260 1113 2305 et
1162 2253 1227 2323 ad
1278 2267 1445 2323 marg.
1481 2251 1744 2306 Trinitatis
1780 2247 2063 2323 qconfessio.

482 2317 742 2391 Heinius
774 2317 1026 2391 {Incipit
1053 2322 1353 2391 Apotheosis
1378 2317 1422 2385 ,⁷
1445 2323 1499 2376 id
1543 2333 1616 2377 est
1661 2323 1725 2377 de
1767 2317 2065 2376 Divinitate.

485 2386 609 2462 Vat.
640 2389 763 2462 qut
785 2389 916 2446 Mar.
937 2386 980 2462 ':_
997 2386 1187 2459 Incipit
1215 2392 1340 2447 liber
1364 2394 1661 2462 Apotheosis
1687 2408 1807 2447 cum
1836 2393 2071 2461 explica-

483 2458 651 2531 tione.
677 2459 747 2531 id
765 2471 836 2531 est
860 2463 921 2514 de
935 2458 1243 2531 Divinitate,
1273 2458 1432 2531 quam
1460 2463 1529 2517 ab
1556 2471 1775 2518 auctore
1814 2458 1920 2518 non
1950 2475 2071 2516 esse

484 2526 685 2601 iudico.
716 2528 820 2601 S_ed
854 2531 905 2601 in
933 2529 1137 2586 Μαι-εει.
1172 2526 1307 2586 liber
1349 2532 1435 2587 hic
1487 2533 1702 2600 ponitur
1729 2541 1850 2601 post
1898 2533 2072 2586 Ditto-

485 2598 717 2672 obesum.
748 2599 803 2653 In
837 2599 1070 2672 Alex.et
1099 2600 1236 2655 Aldo
1265 2602 1445 2672 statim
1478 2598 1597 2670 post
1640 2598 1894 2672 hymnum
1942 2602 2072 2670 Epi-

486 2667 699 2742 phania:
721 2671 1298 2742 suceeditAputheosis.
1323 2671 1460 2742 Vide
1482 2667 1537 2725 in
1569 2667 1774 2742 ιιι-οἶες.
1800 2667 2069 2729 diversum

488 2737 734 2809 ordinem
763 2754 982 2809 operum
1015 2756 1133 2808 cap.
1164 2741 1219 2807 5,
1249 2741 1283 2794 4
1311 2750 1365 2796 et
1402 2740 1459 2798 5.
1491 2737 1696 2798 De‘hoc
1723 2737 1898 2798 'titulo
1942 2743 2071 2797 Bar-

487 2808 634 2893 thius
664 2808 758 2893 lib.
784 2808 899 2893 ξω,
925 2824 1050 2893 cap.
1079 2809 1499 2893 ﬁlisPrudentii
1527 2814 1571 2867 is
1600 2814 1746 2882 liber,
1764 2814 1864 2893 qui
1892 2812 2072 2867 Greece

487 2878 637 2953 titulo
660 2881 961 2953 Apotheosis
990 2878 1303 2945 inscribitur,
1326 2899 1647 2953 nequaquam
1673 2878 1742 2938 nti
1762 2878 2072 2938 Dtvmtrnc

487 2957 563 3024 est
588 2948 939 3024 inscribendus
965 2968 984 3006 :
1016 2968 1119 3005 non
1140 2954 1277 3006 enim
1300 2948 1550 3023 disputat,
1582 2970 1647 3005 an
1673 2955 1759 3018 sit,
1781 2955 1860 3009 vel
1877 2970 1989 3024 qua:
2007 2956 2073 3007 sit

493 3018 768 3094 Divinitas.
804 3020 909 3094 Sgd
947 3037 1131 3094 scopas
1160 3018 1392 3076 auctoris
1413 3024 1600 3094 egregii
1624 3033 1698 3076 est
1728 3018 2074 3079 demonstrare

490 3088 806 3161 divinitatem
826 3088 1045 3161 {Im-isti,
1074 3094 1210 3161 quod
1238 3095 1282 3147 is
1311 3088 1483 3148 divin'o
1512 3088 1701 3147 honore
1720 3096 1962 3150 colendus
1983 3096 2073 3159 sit,

489 3174 583 3235 nec
610 3160 788 3230 dispar
816 3159 983 3229 Patri,
1019 3159 1133 3235 licet
1164 3164 1388 3235 humana
1427 3173 1615 3218 natura
1659 3165 1845 3221 deitate
1873 3174 2075 3235 recepta

489 3229 574 3307 sit,
606 3229 720 3300 quae
739 3247 852 3286 vera
877 3242 953 3307 est
977 3233 1495 3307 apotlteosis.‘Neque
1523 3251 1614 3307 ego
1642 3235 1794 3303 plane
1821 3229 2071 3307 improbo,

489 3298 872 3375 i_mo_propeest
896 3304 1067 3374 plane,
1100 3315 1154 3358 ut
1194 3298 1421 3375 probem,
1465 3298 1652 3359 veteris"
1683 3309 1843 3359 nostri
1884 3298 2075 3360 codicis

492 3368 745 3446 Helvetici
771 3368 1240 3442 interpretationem
1268 3392 1332 3429 ns
1366 3368 1647 3431 anATIONE
1672 3393 1685 3429 :
1714 3392 1828 3446 quae
1851 3376 1967 3431 licet
1987 3393 2076 3431 ea:-

490 3454 668 3514 pressa
698 3443 771 3494 sic
808 3458 909 3496 non
936 3446 1019 3509 sit,
1050 3462 1168 3499 nam
1194 3446 1258 3498 de
1277 3447 1588 3500 divinatione
1612 3443 1891 3514 praeferunt
1918 3462 2076 3499 mem-

491 3508 693 3587 bram,
714 3508 1181 3587 tamenantiquitus
1219 3516 1290 3567 ita
1317 3508 1621 3587 conceptam
1640 3508 1798 3587 [uisse
1826 3533 2071 3587 auguror.

493 3577 783 3655 Respondet
813 3584 945 3634 enim
976 3577 1163 3635 divatio
1194 3577 1482 3653 apotheosi;
1506 3596 1559 3638 ut
1584 3577 1771 3655 referre
1798 3577 1928 3640 inter
1956 3588 2077 3641 deos

492 3647 640 3725 aliud
664 3648 907 3725 [latinum
937 3647 1257 3725 vocabulum,
1308 3647 1467 3706 unum
1502 3647 1727 3725 quidem,
1760 3673 1862 3710 non
1907 3656 2075 3713 habet.

492 3717 696 3795 1ltiseph
724 3720 1021 3795 llodriguca
1051 3723 1119 3795 de
1159 3723 1371 3789 Castro,
1402 3727 1490 3793 qui
1514 3717 1585 3780 'in
1618 3717 1753 3780 Bibl.
1802 3726 1950 3794 llisp.
1981 3727 2074 3795 ait,

496 3788 693 3863 librum
726 3788 1049 3863 Apotheosis
1080 3788 1478 3849 inscribendum
1510 3811 1629 3851 esse
1657 3800 1719 3848 de
1748 3788 2077 3863 divinatione,

493 3860 536 3911 si
567 3858 698 3916 ﬁdes
725 3861 943 3917 Barthio
971 3864 1044 3918 sit
1084 3864 1403 3930 adhibenda,
1435 3866 1659 3921 fortasse
1701 3867 1880 3921 dicere
1911 3858 2080 3923 voluit

493 3929 559 4005 de
578 3930 836 3988 divatione
856 3949 874 3986 :
902 3933 1005 4005 hoc
1042 3935 1182 3990 enim
1212 3929 1412 4005 pugnat
1441 3937 1710 3991 Barthius.
1762 3937 2076 3993 Emmanuel

495 3999 860 4077 Biscustomo
902 4003 1068 4060 XXXI
1102 3999 1251 4073 Ilisp.
1289 3999 1435 4062 sacr.
1474 4007 1727 4072 advertit,
1768 4008 2076 4077 apotheosis

496 4070 808 4149 vocabulum
845 4089 978 4149 non
1001 4092 1120 4131 esse
1150 4070 1337 4149 stricto
1380 4092 1557 4149 sensu
1580 4070 1949 4146 accipiendum
1980 4094 2077 4149 pro

495 4140 756 4219 [elatione
784 4145 1125 4219 ittterpdivos,
1156 4162 1275 4219 eum
1310 4148 1578 4202 Prudentii
1609 4140 1800 4219 sco-pus
1823 4150 1891 4203 sit
1918 4140 2077 4219 agere

495 4210 566 4266 de
595 4212 870 4287 divinitate
916 4210 1137 4272 Christi.
1169 4217 1287 4271 Vat.
1330 4220 1369 4270 Α
1418 4228 1542 4272 ante
1575 4210 2078 4287 prmfationemvpri-

495 4297 637 4337 mam
668 4283 1034 4353 Apotheoseos
1066 4288 1222 4342 aliter
1253 4288 1458 4343 videtur
1501 4283 1603 4342 hoc
1633 4290 1947 4343 vocabulum
1971 4283 2079 4344 ’ἰη-

496 4359 774 4429 terprctari
801 4374 814 4409 :
845 4358 1133 4425 Quomodo,
1166 4360 1362 4429 inquit,
1398 4360 1627 4412 homines
1672 4360 1726 4412 in
1766 4361 2078 4413 divinitatem

494 4425 898 4503 transferuntur.
936 4429 1113 4485 Facile
1153 4425 1445 4503 assentiar,
1480 4429 1826 4483 Prudentium
1860 4446 2079 4503 compo-

494 4495 669 4571 suisse
699 4495 840 4553 hunc
862 4508 914 4552 et
941 4509 1253 4567 sequentem
1282 4500 1569 4571 librttm.ut
1598 4514 1837 4571 errorem
1869 4495 2080 4556 Priscil-

494 4562 849 4638 lianistsrum,
882 4571 970 4636 qui
998 4562 1131 4624 altas
1155 4572 1357 4625 radices
1385 4570 1439 4622 in
1462 4569 1711 4637 Hispania
1737 4582 1935 4638 egerat.
1963 4571 2078 4626 inn-

493 4630 636 4687 ditns
667 4630 953 4693 everteret.
989 4641 1092 4695 Sed
1143 4657 1246 4695 non
1302 4630 1583 4709 propterea
1632 4630 1932 4709 negandum
1973 4655 2073 4709 εει,

494 4710 706 4779 veteres
734 4722 967 4772 errores,
997 4711 1062 4763 ab
1092 4711 1209 4765 aliis
1242 4710 1349 4779 jam
1380 4712 1700 4773 con’utatos,
1734 4726 1763 4763 a
1793 4714 2079 4768 l’rndemio

495 4771 614 4852 data
665 4790 825 4852 0[te_l‘_.'l
863 4771 1155 4852 impugnari
1192 4797 1205 4833 :
1240 4771 1346 4834 imo
1377 4782 1443 4835 ab
1498 4797 1562 4836 eo
1595 4771 1905 4852 Sabellinm,
1940 4784 2077 4836 Mar-

492 4846 725 4918 cionem,
760 4846 1104 4902 Maniehznum
1156 4852 1469 4904 nominatim
1521 4851 1686 4905 refelli
1721 4866 1938 4917 censeo,
1973 4855 2078 4918 pri-

491 4911 737 4990 scllliano
766 4930 1035 4990 nunquam
1080 4923 1375 4985 nominato,
1409 4929 1466 4974 ut
1510 4921 1838 4985 ostenderet,
1888 4911 2077 4990 quibus

491 4984 802 5059 auctoribus
857 4986 964 5041 illa:
1011 4988 1245 5045 haereses
1271 4991 1380 5059 jam
1431 4992 1556 5044 olim
1610 4984 1933 5057 erupissent,
1984 5003 2070 5045 ant

420 5098 447 5103 ,.
489 5051 719 5129 fuissent
749 5067 1072 5129 propagatae.
1104 5051 1289 5128 itaque
1319 5075 1423 5113 non
1454 5061 1589 5115 bene
1618 5051 1832 5129 quidam
1867 5064 1962 5115 hac
1994 5079 2076 5117 ra-

490 5122 637 5180 tione
666 5122 1476 5195 conjicit,lemmata-librorum
1513 5146 1616 5184 non
1635 5122 1759 5185 esse
1787 5148 1815 5184 a
1845 5132 2079 5186 Pruden-

488 5196 585 5259 tio,
621 5197 820 5271 quinis
852 5200 1286 5255 Priscillianistas
1308 5203 1603 5270 praesertim
1628 5213 1918 5271 oppugnat.
1949 5204 2076 5258 Vide

486 5273 599 5339 hut.
632 5268 697 5321 ad
730 5269 939 5325 titulum
972 5268 1368 5339 Apotheoseos.

561 5338 610 5390 Ι.
657 5338 713 5412 In
742 5340 1003 5412 Trinitate
1028 5338 1157 5396 'sunt
1193 5345 1291 5396 tria
1328 5359 1548 5397 summa.
1584 5343 1641 5400 S.
1668 5343 1995 5412 Augustinus
2022 5344 2078 5399 in

484 5410 718 5480 append.
747 5408 813 5463 de
844 5412 1073 5466 diversis
1097 5428 1261 5467 serm.
1293 5414 1363 5469 '50
1395 5430 1406 5461 ε
1441 5414 1634 5468 Sancta
1665 5408 1889 5468 Trinitas
1919 5432 2075 5480 unus,

483 5488 527 5551 et
551 5478 785 5551 sglits,in
810 5481 1096 5536 substantia
1120 5483 1282 5548 solus,
1302 5485 1354 5537 in
1385 5487 1614 5551 personis
1646 5487 1765 5539 tria.
1799 5486 1863 5538 Et
1887 5486 1979 5539 lib.
2005 5478 2076 5540 vt!

483 5548 550 5601 de
578 5548 756 5616 Trin.,
796 5564 917 5618 cap.
947 5553 980 5605 4
1006 5569 1020 5606 :
1058 5551 1183 5605 Haec
1211 5555 1310 5607 tria
1351 5548 1506 5606 simul
1534 5572 1665 5609 unus
1698 5556 1904 5609 Deus...
1936 5555 2083 5608 Rur-

482 5633 567 5694 sus
599 5635 705 5696 non
732 5636 839 5674 esse
861 5625 962 5696 tria
985 5624 1240 5696 quietiam,
1270 5640 1379 5696 non
1404 5635 1600 5689 poterat
1632 5626 1797 5679 dicere
1819 5627 2073 5696 (humana

483 5687 657 5766 inopia
691 5687 1142 5766 loquendi)_‘qu_od
1187 5687 1464 5766 Sabellius,
1494 5696 1616 5766 quia
1644 5697 1791 5761 dixit,
1825 5687 1879 5749 in
1910 5703 2072 5749 lucre-

485 5755 566 5807 ειη
593 5755 778 5824 lapsus
814 5770 909 5815 est.
952 5755 1023 5816 Et
1051 5763 1145 5817 lib.
1175 5776 1225 5816 Vt
1272 5761 1338 5818 de
1368 5755 1649 5833 Trinitate,
1679 5755 1796 5835 cap'.
1829 5766 1862 5819 4
1894 5783 1905 5817 ;
1940 5766 2072 5824 Sunt

2167 1967 2261 2022 illa
2292 1968 2401 2041 tria,
2436 1967 2577 2041 Deus
2606 1983 2760 2041 unus.
2804 1966 3040 2041 Scilicet,
3068 1976 3125 2023 ut
3157 1967 3450 2038 loquuntur
3497 1969 3751 2041 theologi,

2169 2041 2267 2092 tria
2293 2039 2579 2093 individua.
2611 2038 2843 2093 Trinitas
2873 2038 3035 2094 etiam
3064 2053 3415 2107 personarum
3445 2056 3550 2096 non
3578 2038 3755 2097 incon-

2169 2118 2427 2177 gruenter
2454 2122 2554 2178 per
2583 2109 2774 2162 trinum
2802 2109 3056 2177 specimen
3083 2110 3435 2177 significatur,
3479 2126 3545 2166 eo
3574 2126 3753 2172 sensu.

2172 2195 2279 2248 quo
2309 2179 2480 2233 Graeci
2514 2189 2622 2234 tres
2653 2181 2995 2234 characteres
3021 2178 3223 2234 dicunt.
3257 2180 3316 2235 S.
3349 2182 3678 2235 Athanasius
3702 2184 3751 2236 in

2170 2247 2372 2314 Qumst.
2406 2264 2541 2313 sem,
2574 2258 2772 2319 qumst.
2801 2251 2832 2303 7
2860 2267 2873 2303 :
2908 2247 3032 2304 Tres
3070 2265 3316 2319 personas
3362 2252 3629 2319 conﬁteor.
3662 2261 3760 2305 (res

2171 2319 2544 2390 subsistentias,
2583 2321 2683 2373 tria
2714 2320 2942 2390 propria,
2968 2322 3066 2373 tria
3102 2320 3392 2385 individua,
3443 2332 3541 2375 tres
3580 2322 3764 2375 chara-

2172 2400 2352 2443 cteres.
2382 2388 2477 2443 His
2499 2388 2741 2459 apprime
2775 2388 3035 2445 consonat
3062 2390 3352 2445 concilium
3390 2391 3764 2446 Constantino-

2172 2459 2466 2530 politanum
2496 2475 2568 2528 tv,
2593 2460 2805 2515 actione
2827 2462 2893 2517 10
2916 2475 2930 2511 :
2954 2459 3125 2515 Unum
3150 2462 3355 2530 quidem
3379 2471 3428 2515 et
3452 2461 3765 2530 singularem

2172 2529 2339 2583 Deum
2382 2532 2662 2584 secundum
2703 2532 2948 2584 rationem
2977 2529 3294 2596 substantiw,
3336 2529 3542 2585 trinum
3572 2541 3763 2596 autem,

2173 2600 2250 2653 vel
2270 2600 2391 2664 tria,
2423 2600 2469 2652 si
2496 2616 2611 2655 eum
2635 2601 2912 2655 secundum
2942 2604 3190 2654 rationem
3222 2617 3553 2668 personarum
3579 2603 3767 2669 praedi.

2175 2686 2371 2723 camus.
2408 2669 2590 2725 Plures
2612 2669 2815 2724 similes
2841 2671 3139 2726 locutiones
3168 2685 3233 2725 ex
3266 2671 3511 2728 Patribus
3540 2673 3761 2741 exponit

2176 2741 2425 2795 Petavius
2451 2750 2581 2794 tom.
2629 2741 2690 2805 II,
2722 2741 2818 2794 lib.
2854 2756 2974 2805 vui,
3010 2755 3128 2809 cap.
3167 2744 3223 2807 9,
3267 2756 3492 2810 quarum
3523 2744 3767 2799 omnium

2175 2825 2240 2863 eo
2271 2810 2409 2882 redit
2440 2813 2597 2876 ratio,
2626 2821 2690 2882 ut
2716 2811 2935 2878 pluralis
2966 2826 3222 2867 numerus
3252 2811 3540 2882 signiﬁcet,
3583 2828 3770 2880 perso-

2177 2895 2274 2952 nas
2306 2880 2542 2951 singulas
2573 2881 2920 2950 qualitatibus
2952 2882 3074 2952 illis.
3124 2882 3170 2936 si
3220 2880 3488 2952 ita'loqui
3538 2884 3617 2938 las
3664 2892 3767 2951 est,

2185 2951 2405 3005 atl'ectas
2434 2966 2572 3015 esse,
2598 2967 2719 3021 qua:
2747 2959 2923 3005 tamen
2953 2950 3140 3005 divisa:
3168 2967 3275 3007 non
3307 2950 3432 3007 sunt
3459 2953 3554 3017 ita,
3587 2963 3642 3008 ut
3673 2950 3768 3008 sua

2177 3024 2367 3090 cuique
2399 3024 2609 3089 propria
2641 3030 2912 3090 suppetat,
2941 3036 2971 3075 a
3000 3037 3101 3087 qua
3130 3022 3565 3090 denominantur,
3595 3024 3692 3080 sed
3716 3033 3771 3078 ut

2178 3106 2280 3145 una
2312 3101 2365 3145 et
2394 3092 2663 3146 individua
2687 3093 2755 3145 sit
2782 3092 2848 3162 in
2882 3093 3071 3153 tritius,
3106 3093 3563 3162 quemadmodum
3604 3103 3661 3148 et
3685 3109 3771 3149 εει

2178 3163 2369 3216 scotia.
2398 3165 2714 3217 llinemarus
2737 3177 2751 3215 :
2772 3160 2845 3216 De
2872 3178 2971 3216 non
3002 3160 3137 3216 trina
3163 3164 3351 3217 deitate
3371 3177 3477 3216 non
3509 3164 3770 3231 probabat

2179 3233 2367 3285 trinum
2389 3234 2636 3301 specimen
2658 3249 2675 3297 ;
2695 3231 2881 3286 Arator
2906 3234 3090 3286 trinam
3119 3243 3435 3302 potestatem,
3459 3243 3504 3285 et
3532 3232 3771 3287 Pruden-

2178 3304 2278 3355 tius
2300 3305 2483 3357 trinum
2506 3304 2736 3367 pietatem
2756 3303 2931 3356 dicunt
2950 3305 3096 3356 metri
3118 3306 3479 3358 necessitate...
3494 3304 3630 3357 idem
3644 3303 3772 3357 Pru-

2179 3373 2381 3426 dentius
2411 3374 2629 3441 fortasse
2668 3376 2813 3425 metri
2840 3372 2950 3443 lege
2976 3383 3180 3426 coactus
3222 3373 3290 3426 ad
3314 3375 3770 3427 demonstrandum

2179 3450 2280 3496 tres
2302 3458 2546 3513 personas
2568 3443 2717 3497 unius
2745 3442 3039 3497 substantia:
3064 3442 3188 3497 alibi
3214 3444 3410 3509 scribit,
3437 3445 3613 3498 dicens
3637 3458 3657 3496 :
3684 3443 3772 3496 Est

2181 3514 2281 3567 tria
2301 3529 2498 3584 summa
2523 3514 2680 3579 Deus,
2695 3515 2881 3567 trinum
2901 3515 3175 3584 specimen.
3190 3515 3333 3584 vigor
3353 3530 3506 3568 unus.
3522 3513 3628 3569 Sed
3645 3530 3772 3582 quo-

2185 3584 2319 3654 niam
2342 3592 2398 3636 ut
2421 3583 2719 3638 Priscianus
2738 3584 2883 3645 dicit,
2897 3601 2928 3637 a
2948 3586 3113 3650 specie
3131 3583 3399 3637 deducitur
3418 3585 3693 3654 specimen,
3721 3585 3771 3636 in

2184 3652 2293 3706 Deo
2315 3654 2507 3707 trinum
2536 3654 2786 3722 specimen
2808 3654 3052 3723 catholice
3074 3670 3173 3707 non
3200 3663 3362 3722 potest
3378 3652 3500 3719 dici,
3525 3661 3580 3707 ut
3596 3653 3771 3723 Augu-

2181 3724 2346 3777 stinus
2372 3725 2425 3777 in
2453 3724 2582 3779 libro
2605 3739 2676 3778 VII
2704 3725 2767 3777 de
2816 3722 3063 3794 Irinitate
3087 3725 3233 3794 dicit,
3254 3726 3376 3794 quia
3406 3740 3504 3776 non
3531 3731 3651 3777 sunt
3674 3722 3771 3777 tres

2181 3795 2373 3875 species
2399 3797 2550 3848 unius
2570 3796 2802 3875 essentne
2834 3792 3007 3857 Pater,
3037 3804 3083 3847 et
3107 3792 3306 3875 _Filiu_s.,
3324 3805 3371 3875 et
3401 3794 3629 3875 Spiritus
3652 3808 3772 3875 san:

2182 3874 2308 3920 ctus.
2340 3866 2409 3919 At
2443 3866 2696 3933 oportuit,
2734 3864 3076 3918 llinemarum
3107 3864 3223 3920 hcce
3244 3863 3555 3918 diStinsisse
3582 3880 3596 3915 :
3626 3863 3773 3918 aliud

2182 3945 2264 3989 est
2292 3938 2435 3989 enim
2469 3937 2651 3990 dicere
2681 3943 2781 3989 tres
2815 3936 3024 4004 species,
3076 3936 3220 3989 aliud
3253 3937 3441 3988 trinum
3486 3935 3770 4002 specimen;

2183 4007 2322 4060 sicut
2349 4020 2453 4060 non
2483 4016 2565 4061 est
2615 4006 2754 4059 idem
2801 4008 2935 4058 trina
2973 4006 3160 4069 deftas,
3196 4019 3259 4060 ac
3305 4016 3405 4058 tres
3434 4006 3527 4057 dii.
3572 4004 3767 4057 Marius

2182 4074 2367 4129 Victor
2397 4076 2491 4130 lib.
2526 4093 2540 4129 ι
2571 4076 2744 4131 dixit:
2781 4075 2957 4129 Virtus
2987 4077 3121 4128 trina
3162 4074 3316 4129 Deus.
3349 4074 3533 4142 Neque
3564 4076 3616 4128 in
3658 4077 3772 4128 Au.

2181 4148 2394 4215 gnstino
2425 4147 2711 4216 quidquam
2735 4148 2965 4213 reperio,
2992 4146 3132 4213 quod
3161 4145 3425 4199 Hincmari
3456 4160 3635 4199 causa:
3663 4144 3771 4216 ullo

2183 4214 2342 4271 modo
2370 4214 2755 4271 faveatIDudo
2800 4218 3041 4270 Decanns
3084 4216 3140 4271 S.
3195 4216 3428 4281 Quintilii
3477 4216 3572 4269 lib.
3609 4230 3665 4268 Ill
3706 4214 3773 4268 de

2182 4287 2318 4341 Mor.
2344 4286 2626 4344 Norman..
2662 4301 2781 4355 pag.
2818 4286 2945 4351 102,
2969 4301 3184 4340 versum
3235 4288 3373 4340 hunc
3406 4300 3435 4337 a
3479 4284 3772 4339 Prudentio

2183 4367 2457 4412 mutuatus
2489 4368 2572 4412 est
2601 4375 2613 4410 :
2655 4358 2756 4424 Qui
2796 4358 2899 4412 tria
2940 4372 3137 4410 summa
3162 4366 3352 4419 manet,
3386 4356 3579 4411 trinum
3606 4355 3773 4423 speci-

2181 4443 2317 4496 mcn,
2347 4428 2488 4497 vigor
2518 4445 2670 4482 unus.

2251 4494 2309 4554 2.
2349 4494 2476 4553 Post
2504 4500 2675 4567 genita
2701 4498 2852 4553 abest
2869 4505 2942 4552 est
2969 4510 2996 4549 a
3026 4496 3246 4567 Progen.
3265 4494 3540 4551 Giselinus
3560 4494 3613 4550 in
3636 4505 3774 4550 utra-

2181 4583 2284 4636 que
2314 4566 2552 4624 editione
2580 4569 2763 4623 omisit
2791 4579 2866 4621 est
2894 4576 3015 4636 post
3039 4566 3206 4620 Filius
3227 4569 3353 4636 ipse.
3389 4582 3565 4633 neque
3614 4567 3774 4621 Heiu-

2181 4643 2291 4692 sins
2320 4637 2608 4709 quidquam
2640 4639 2936 4699 annotavit,
2979 4640 3231 4709 quamvis
3264 4637 3496 4709 ediderit
3538 4638 3646 4709 ipse
3672 4646 3767 4709 est.

2182 4706 2348 4776 Sche’
2378 4706 2532 4779 poeta
2579 4709 2635 4765 id
2673 4710 2942 4778 exprimit,
2979 4706 3171 4761 Filium
3216 4708 3369 4761 corde
3407 4707 3583 4762 Patris
3624 4708 3773 4776 geni-

2184 4790 2317 4833 tum.

2256 4850 2309 4905 5.
2352 4850 2429 4905 De
2458 4850 2805 4919 processione
2835 4849 3068 4919 Spiritus
3093 4848 3266 4904 sancti
3298 4847 3421 4902 vide
3449 4848 3707 4916 hymnum
3737 4844 3773 4900 6

2108 4907 2155 4966 D
2180 4918 2333 4975 Cath.

2251 4992 2306 5046 4.
2349 4993 2469 5047 Vat.
2504 4992 2566 5057 Β,
2593 4992 2746 5053 Urb.,
2782 4990 2939 5051 Man,
2971 4990 3091 5043 Vat.
3124 4990 3164 5054 l,
3186 4988 3306 5042 Rat.
3331 5002 3361 5041 a
3390 4986 3561 5055 prima
3590 5003 3771 5049 manu,

2182 5064 2406 5118 nomine.
2429 5062 2548 5117 Ald.
2575 5072 2628 5116 et
2648 5062 2738 5117 alii
2772 5061 2921 5126 editi,
2939 5062 3145 5114 numine
3171 5073 3290 5113 eum
3319 5058 3551 5113 Ales.et
3570 5057 3775 5112 Widm.

2182 5144 2212 5182 a
2244 5135 2410 5200 prima
2437 5148 2617 5185 manu.

2260 5208 2317 5257 5.
2360 5204 2581 5257 {Eterna
2607 5203 2767 5257 Verbi
2798 5201 3072 5271 generatio
3096 5199 3393 5255 clarissime
3423 5197 3511 5253 hic
3532 5198 3781 5266 explica-

2186 5282 2295 5349 tur:
2333 5274 2465 5349 Vide
2497 5272 2681 5349 hymrl.
2706 5274 2860 5327 Cath.
2894 5273 2981 5326 Η.
3373 5339 3387 5349 _
3527 5338 3559 5349 η
3607 5337 3639 5349 η
3713 5336 3728 5349 ,

2261 5342 2314 5396 6.
2354 5345 2471 5397 Vat.
2492 5337 2609 5397 A'et
2637 5343 2815 5412 Prag.,
2832 5358 3028 5409 semper
3049 5348 3212 5403 erant,
3230 5339 3505 5412 mendose.
3526 5337 3783 5412 S.C_yril-

2187 5412 2270 5465 lus
2297 5414 2695 5467 Alexandrinus
2718 5409 2767 5466 in
2790 5413 3074 5479 Thesaur.,
3096 5421 3286 5465 assert.
3304 5411 3356 5474 5,
3382 5411 3533 5477 plura
3566 5412 3615 5462 in
3637 5409 3785 5463 hanc

2185 5485 2508 5537 sententiam
2543 5484 2803 5554 congerit,
2838 5481 3090 5549 probans,
3123 5482 3335 5554 Patrem
3364 5495 3472 5535 non
3503 5481 3786 5535 exstitisse

2179 5564 2304 5629 ante
2334 5554 2554 5629 F_i_liun_t,
2586 5552 2794 5629 tametsi
2828 5554 3102 5629 ingenitus
3113 5552 3207 5629 sit.
3259 5619 3273 5629 _
3404 5620 3417 5629 _
3553 5620 3563 5629 ἱ

2251 5626 2303 5679 8.
2349 5625 2637 5699 Theologis
2667 5619 2941 5699 nonnullis
2967 5622 3217 5699 displicet
3259 5619 3603 5699 hrpcjocutio
3626 5634 3786 5699 assu-

2180 5711 2333 5757 mere,
2368 5706 2453 5748 aut
2501 5691 2760 5763 suscipere
2790 5695 3047 5748 hominem
3074 5692 3140 5746 de
3173 5691 3330 5747 Verbi
3380 5691 3781 5763 incarnatione.

2179 5767 2307 5822 Eam
2340 5765 2559 5823 adhibet
2603 5760 2890 5824 cencilium
2934 5763 3105 5819 Tolet.
3146 5777 3217 5831 tv,
3259 5776 3378 5818 can.
3412 5761 3435 5815 el
3479 5760 3662 5813 :Unus
3713 5761 3784 5813 de
