  <div class='ocr_page' id='page_1' title='image "/cluster/home/n/w/nwhite01/storage/ocr_20150623/59/hvd.32044073505117/468.png"; bbox 0 0 4090 6192; ppageno 0'>
   <div class='ocr_carea' id='block_1_1' title="bbox 282 314 389 401">
    <p class='ocr_par' dir='ltr' id='par_1_1' title="bbox 282 314 389 401">
     <span class='ocr_line' id='line_1_1' title="bbox 282 314 389 401; baseline 0 -31"><span class='ocrx_word' id='word_1_1' title='bbox 282 314 389 401; x_wconf 64' lang='lat' dir='ltr'><strong>se:</strong></span> 
     </span>
    </p>
   </div>
   <div class='ocr_carea' id='block_1_2' title="bbox 463 429 1646 503">
    <p class='ocr_par' dir='ltr' id='par_1_2' title="bbox 463 429 1646 503">
     <span class='ocr_line' id='line_1_2' title="bbox 463 429 1646 503; baseline 0.005 -17"><span class='ocrx_word' id='word_1_2' title='bbox 463 429 563 486; x_wconf 90' lang='lat' dir='ltr'><strong>Det</strong></span> <span class='ocrx_word' id='word_1_3' title='bbox 582 430 884 486; x_wconf 75' lang='lat' dir='ltr'><strong>ventilabro</strong></span> <span class='ocrx_word' id='word_1_4' title='bbox 914 429 1051 486; x_wconf 90' lang='lat' dir='ltr'><strong>lecta</strong></span> <span class='ocrx_word' id='word_1_5' title='bbox 1077 445 1303 503; x_wconf 74' lang='lat' dir='ltr'><strong>qumque</strong></span> <span class='ocrx_word' id='word_1_6' title='bbox 1330 438 1388 488; x_wconf 93' lang='lat' dir='ltr'><strong>ut</strong></span> <span class='ocrx_word' id='word_1_7' title='bbox 1413 430 1646 503; x_wconf 79' lang='lat' dir='ltr'><strong>horreis,</strong></span> 
     </span>
    </p>
   </div>
   <div class='ocr_carea' id='block_1_3' title="bbox 538 522 1275 579">
    <p class='ocr_par' dir='ltr' id='par_1_3' title="bbox 538 522 1275 579">
     <span class='ocr_line' id='line_1_3' title="bbox 538 522 1275 579; baseline -0.001 0"><span class='ocrx_word' id='word_1_8' title='bbox 538 522 671 579; x_wconf 86' lang='lat' dir='ltr'><strong>Urat</strong></span> <span class='ocrx_word' id='word_1_9' title='bbox 698 530 1091 579; x_wconf 81' lang='lat' dir='ltr'><strong>recrementum</strong></span> <span class='ocrx_word' id='word_1_10' title='bbox 1124 524 1275 579; x_wconf 69' lang='lat' dir='ltr'><strong>focis.</strong></span> 
     </span>
    </p>
   </div>
   <div class='ocr_carea' id='block_1_4' title="bbox 1687 318 2128 383">
    <p class='ocr_par' dir='ltr' id='par_1_4' title="bbox 1687 318 2128 383">
     <span class='ocr_line' id='line_1_4' title="bbox 1687 318 2128 383; baseline 0.011 -5"><span class='ocrx_word' id='word_1_11' title='bbox 1687 318 2128 383; x_wconf 77' lang='lat' dir='ltr'><strong>APOTHEOSIS.</strong></span> 
     </span>
    </p>
   </div>
   <div class='ocr_carea' id='block_1_5' title="bbox 3448 329 3555 387">
    <p class='ocr_par' dir='ltr' id='par_1_5' title="bbox 3448 329 3555 387">
     <span class='ocr_line' id='line_1_5' title="bbox 3448 329 3555 387; baseline -0.019 0"><span class='ocrx_word' id='word_1_12' title='bbox 3448 329 3555 387; x_wconf 68' lang='lat' dir='ltr'><strong>9i!</strong></span> 
     </span>
    </p>
   </div>
   <div class='ocr_carea' id='block_1_6' title="bbox 1892 440 3480 521">
    <p class='ocr_par' dir='ltr' id='par_1_6' title="bbox 1892 440 3480 521">
     <span class='ocr_line' id='line_1_6' title="bbox 1892 440 3480 521; baseline 0.007 -23"><span class='ocrx_word' id='word_1_13' title='bbox 1892 446 1948 506; x_wconf 76' lang='grc' dir='ltr'><strong>Α</strong></span> <span class='ocrx_word' id='word_1_14' title='bbox 2008 441 2079 499; x_wconf 86' lang='grc'><strong>55</strong></span> <span class='ocrx_word' id='word_1_15' title='bbox 2108 516 2111 521; x_wconf 16' lang='grc' dir='ltr'><strong><em>ί</em></strong></span> <span class='ocrx_word' id='word_1_16' title='bbox 2153 440 2338 497; x_wconf 89' lang='lat' dir='ltr'><strong>Refert</strong></span> <span class='ocrx_word' id='word_1_17' title='bbox 2371 440 2465 497; x_wconf 89' lang='lat' dir='ltr'><strong>sed</strong></span> <span class='ocrx_word' id='word_1_18' title='bbox 2497 442 2608 512; x_wconf 84' lang='lat' dir='ltr'><strong>ipsa</strong></span> <span class='ocrx_word' id='word_1_19' title='bbox 2640 457 2819 511; x_wconf 84' lang='lat' dir='ltr'><strong>nosse,</strong></span> <span class='ocrx_word' id='word_1_20' title='bbox 2847 460 2965 515; x_wconf 70' lang='lat' dir='ltr'><strong>qute</strong></span> <span class='ocrx_word' id='word_1_21' title='bbox 2993 460 3223 504; x_wconf 87' lang='lat' dir='ltr'><strong>messem</strong></span> <span class='ocrx_word' id='word_1_22' title='bbox 3246 456 3440 503; x_wconf 88' lang='lat' dir='ltr'><strong>necant</strong></span> <span class='ocrx_word' id='word_1_23' title='bbox 3461 488 3480 509; x_wconf 90' lang='lat'><strong>.</strong></span> 
     </span>
    </p>
   </div>
   <div class='ocr_carea' id='block_1_7' title="bbox 2222 536 2810 595">
    <p class='ocr_par' dir='ltr' id='par_1_7' title="bbox 2222 536 2810 595">
     <span class='ocr_line' id='line_1_7' title="bbox 2222 536 2810 595; baseline 0.002 -4"><span class='ocrx_word' id='word_1_24' title='bbox 2222 536 2561 592; x_wconf 85' lang='lat' dir='ltr'><strong>Zizaniorum</strong></span> <span class='ocrx_word' id='word_1_25' title='bbox 2583 539 2810 595; x_wconf 92' lang='lat' dir='ltr'><strong>semina.</strong></span> 
     </span>
    </p>
   </div>
   <div class='ocr_carea' id='block_1_8' title="bbox 1570 624 2240 690">
    <p class='ocr_par' dir='ltr' id='par_1_8' title="bbox 1570 624 2240 690">
     <span class='ocr_line' id='line_1_8' title="bbox 1570 624 2240 690; baseline 0.009 -8"><span class='ocrx_word' id='word_1_26' title='bbox 1570 624 1857 684; x_wconf 58' lang='lat' dir='ltr'><strong>GLOSSE</strong></span> <span class='ocrx_word' id='word_1_27' title='bbox 1895 630 2240 690; x_wconf 83' lang='lat' dir='ltr'><strong>VETERES.</strong></span> 
     </span>
    </p>
   </div>
   <div class='ocr_carea' id='block_1_9' title="bbox 298 709 1388 799">
    <p class='ocr_par' dir='ltr' id='par_1_9' title="bbox 298 709 1388 799">
     <span class='ocr_line' id='line_1_9' title="bbox 298 709 1388 799; baseline 0.004 -33"><span class='ocrx_word' id='word_1_28' title='bbox 298 794 303 799; x_wconf 15' lang='grc' dir='ltr'><strong><em>δ</em></strong></span> <span class='ocrx_word' id='word_1_29' title='bbox 352 709 443 766; x_wconf 85' lang='grc'><strong>55.</strong></span> <span class='ocrx_word' id='word_1_30' title='bbox 482 709 686 778; x_wconf 87' lang='lat' dir='ltr'><strong>Refert,</strong></span> <span class='ocrx_word' id='word_1_31' title='bbox 712 713 942 783; x_wconf 86' lang='lat' dir='ltr'><strong>prodest,</strong></span> <span class='ocrx_word' id='word_1_32' title='bbox 970 716 1042 769; x_wconf 84' lang='lat' dir='ltr'><strong>uel</strong></span> <span class='ocrx_word' id='word_1_33' title='bbox 1066 730 1196 785; x_wconf 85' lang='lat' dir='ltr'><strong>opus</strong></span> <span class='ocrx_word' id='word_1_34' title='bbox 1216 724 1323 783; x_wconf 84' lang='lat' dir='ltr'><strong>est,</strong></span> <span class='ocrx_word' id='word_1_35' title='bbox 1349 715 1388 770; x_wconf 87' lang='grc' dir='ltr'><strong>Ι.</strong></span> 
     </span>
    </p>
   </div>
   <div class='ocr_carea' id='block_1_10' title="bbox 1628 811 2189 871">
    <p class='ocr_par' dir='ltr' id='par_1_10' title="bbox 1628 811 2189 871">
     <span class='ocr_line' id='line_1_10' title="bbox 1628 811 2189 871; baseline 0.005 -5"><span class='ocrx_word' id='word_1_36' title='bbox 1628 811 2189 871; x_wconf 68' lang='lat' dir='ltr'><strong>COMMENTARIUS.</strong></span> 
     </span>
    </p>
   </div>
   <div class='ocr_carea' id='block_1_11' title="bbox 351 896 1857 967">
    <p class='ocr_par' dir='ltr' id='par_1_11' title="bbox 351 896 1857 967">
     <span class='ocr_line' id='line_1_11' title="bbox 351 896 1857 967; baseline 0.004 -15"><span class='ocrx_word' id='word_1_37' title='bbox 351 896 441 952; x_wconf 80' lang='lat'><strong>5&#39;5.</strong></span> <span class='ocrx_word' id='word_1_38' title='bbox 481 897 663 965; x_wconf 86' lang='lat' dir='ltr'><strong>Prag.,</strong></span> <span class='ocrx_word' id='word_1_39' title='bbox 685 898 776 952; x_wconf 90' lang='lat' dir='ltr'><strong>dat</strong></span> <span class='ocrx_word' id='word_1_40' title='bbox 797 913 892 967; x_wconf 90' lang='lat' dir='ltr'><strong>pro</strong></span> <span class='ocrx_word' id='word_1_41' title='bbox 919 898 1210 954; x_wconf 85' lang='lat' dir='ltr'><strong>det.Vatic.</strong></span> <span class='ocrx_word' id='word_1_42' title='bbox 1241 897 1304 963; x_wconf 86' lang='grc' dir='ltr'><strong>Β.</strong></span> <span class='ocrx_word' id='word_1_43' title='bbox 1327 900 1410 964; x_wconf 89' lang='lat' dir='ltr'><strong>de,</strong></span> <span class='ocrx_word' id='word_1_44' title='bbox 1435 901 1528 957; x_wconf 84' lang='lat' dir='ltr'><strong>sed</strong></span> <span class='ocrx_word' id='word_1_45' title='bbox 1557 912 1857 959; x_wconf 89' lang='lat' dir='ltr'><strong>correctum</strong></span> 
     </span>
    </p>
   </div>
   <div class='ocr_carea' id='block_1_12' title="bbox 274 967 1857 1036">
    <p class='ocr_par' dir='ltr' id='par_1_12' title="bbox 274 967 1857 1036">
     <span class='ocr_line' id='line_1_12' title="bbox 274 967 1857 1036; baseline 0.005 -17"><span class='ocrx_word' id='word_1_46' title='bbox 274 968 381 1020; x_wconf 59' lang='lat' dir='ltr'><strong>dot.</strong></span> <span class='ocrx_word' id='word_1_47' title='bbox 413 967 519 1021; x_wconf 86' lang='lat' dir='ltr'><strong>Pro</strong></span> <span class='ocrx_word' id='word_1_48' title='bbox 548 976 605 1021; x_wconf 78' lang='lat' dir='ltr'><strong>ut</strong></span> <span class='ocrx_word' id='word_1_49' title='bbox 624 967 819 1022; x_wconf 78' lang='lat' dir='ltr'><strong>horreis</strong></span> <span class='ocrx_word' id='word_1_50' title='bbox 840 968 957 1026; x_wconf 89' lang='lat' dir='ltr'><strong>Vat.</strong></span> <span class='ocrx_word' id='word_1_51' title='bbox 975 970 1042 1031; x_wconf 84' lang='lat' dir='ltr'><strong>A,</strong></span> <span class='ocrx_word' id='word_1_52' title='bbox 1062 982 1090 1021; x_wconf 90' lang='lat' dir='ltr'><strong>a</strong></span> <span class='ocrx_word' id='word_1_53' title='bbox 1114 971 1343 1023; x_wconf 88' lang='lat' dir='ltr'><strong>secunda</strong></span> <span class='ocrx_word' id='word_1_54' title='bbox 1360 985 1541 1036; x_wconf 83' lang='lat' dir='ltr'><strong>manu,</strong></span> <span class='ocrx_word' id='word_1_55' title='bbox 1572 982 1618 1025; x_wconf 82' lang='lat' dir='ltr'><strong>et</strong></span> <span class='ocrx_word' id='word_1_56' title='bbox 1638 972 1857 1028; x_wconf 76' lang='lat' dir='ltr'><strong>horreis.</strong></span> 
     </span>
    </p>
   </div>
   <div class='ocr_carea' id='block_1_13' title="bbox 346 1038 1854 1110">
    <p class='ocr_par' dir='ltr' id='par_1_13' title="bbox 346 1038 1854 1110">
     <span class='ocr_line' id='line_1_13' title="bbox 346 1038 1854 1110; baseline 0.004 -19"><span class='ocrx_word' id='word_1_57' title='bbox 346 1038 441 1094; x_wconf 82' lang='lat'><strong>55.</strong></span> <span class='ocrx_word' id='word_1_58' title='bbox 483 1038 661 1106; x_wconf 82' lang='lat' dir='ltr'><strong>Egm.,</strong></span> <span class='ocrx_word' id='word_1_59' title='bbox 696 1039 865 1092; x_wconf 88' lang='lat' dir='ltr'><strong>Palat.</strong></span> <span class='ocrx_word' id='word_1_60' title='bbox 892 1048 947 1092; x_wconf 86' lang='lat' dir='ltr'><strong>et</strong></span> <span class='ocrx_word' id='word_1_61' title='bbox 978 1038 1095 1093; x_wconf 90' lang='lat' dir='ltr'><strong>Vat.</strong></span> <span class='ocrx_word' id='word_1_62' title='bbox 1124 1039 1202 1102; x_wconf 87' lang='lat' dir='ltr'><strong>A,</strong></span> <span class='ocrx_word' id='word_1_63' title='bbox 1233 1049 1434 1110; x_wconf 79' lang='lat' dir='ltr'><strong>negant,</strong></span> <span class='ocrx_word' id='word_1_64' title='bbox 1460 1043 1640 1097; x_wconf 88' lang='lat' dir='ltr'><strong>minus</strong></span> <span class='ocrx_word' id='word_1_65' title='bbox 1674 1047 1809 1097; x_wconf 86' lang='lat' dir='ltr'><strong>bene</strong></span> <span class='ocrx_word' id='word_1_66' title='bbox 1839 1062 1854 1109; x_wconf 88' lang='lat'><strong>;</strong></span> 
     </span>
    </p>
   </div>
   <div class='ocr_carea' id='block_1_14' title="bbox 1971 905 3549 974">
    <p class='ocr_par' dir='ltr' id='par_1_14' title="bbox 1971 905 3549 974">
     <span class='ocr_line' id='line_1_14' title="bbox 1971 905 3549 974; baseline 0.001 -13"><span class='ocrx_word' id='word_1_67' title='bbox 1971 905 2093 961; x_wconf 82' lang='lat' dir='ltr'><strong>Vat.</strong></span> <span class='ocrx_word' id='word_1_68' title='bbox 2132 906 2201 974; x_wconf 86' lang='lat' dir='ltr'><strong>Q,</strong></span> <span class='ocrx_word' id='word_1_69' title='bbox 2232 905 2393 970; x_wconf 90' lang='lat' dir='ltr'><strong>male,</strong></span> <span class='ocrx_word' id='word_1_70' title='bbox 2423 914 2597 961; x_wconf 71' lang='lat' dir='ltr'><strong>serant</strong></span> <span class='ocrx_word' id='word_1_71' title='bbox 2618 919 2717 974; x_wconf 89' lang='lat' dir='ltr'><strong>pro</strong></span> <span class='ocrx_word' id='word_1_72' title='bbox 2744 914 2946 970; x_wconf 77' lang='lat' dir='ltr'><strong>necant,</strong></span> <span class='ocrx_word' id='word_1_73' title='bbox 2964 912 3026 960; x_wconf 90' lang='lat' dir='ltr'><strong>ut</strong></span> <span class='ocrx_word' id='word_1_74' title='bbox 3054 905 3212 973; x_wconf 90' lang='lat' dir='ltr'><strong>paulo</strong></span> <span class='ocrx_word' id='word_1_75' title='bbox 3237 914 3362 963; x_wconf 83' lang='lat' dir='ltr'><strong>ante</strong></span> <span class='ocrx_word' id='word_1_76' title='bbox 3386 908 3549 963; x_wconf 86' lang='lat' dir='ltr'><strong>inter-</strong></span> 
     </span>
    </p>
   </div>
   <div class='ocr_carea' id='block_1_15' title="bbox 1968 976 3224 1044">
    <p class='ocr_par' dir='ltr' id='par_1_15' title="bbox 1968 976 3224 1044">
     <span class='ocr_line' id='line_1_15' title="bbox 1968 976 3224 1044; baseline 0.001 -14"><span class='ocrx_word' id='word_1_77' title='bbox 1968 986 2129 1031; x_wconf 86' lang='lat' dir='ltr'><strong>necet.</strong></span> <span class='ocrx_word' id='word_1_78' title='bbox 2168 976 2286 1034; x_wconf 89' lang='lat' dir='ltr'><strong>Vat.</strong></span> <span class='ocrx_word' id='word_1_79' title='bbox 2321 976 2365 1030; x_wconf 81' lang='lat' dir='ltr'><strong>A</strong></span> <span class='ocrx_word' id='word_1_80' title='bbox 2386 1016 2402 1042; x_wconf 94' lang='lat'><strong>,</strong></span> <span class='ocrx_word' id='word_1_81' title='bbox 2430 976 2591 1044; x_wconf 79' lang='lat' dir='ltr'><strong>defert</strong></span> <span class='ocrx_word' id='word_1_82' title='bbox 2619 990 2712 1043; x_wconf 92' lang='lat' dir='ltr'><strong>pro</strong></span> <span class='ocrx_word' id='word_1_83' title='bbox 2735 976 2917 1044; x_wconf 76' lang='lat' dir='ltr'><strong>refert,</strong></span> <span class='ocrx_word' id='word_1_84' title='bbox 2950 976 3224 1031; x_wconf 88' lang='lat' dir='ltr'><strong>mendose.</strong></span> 
     </span>
    </p>
   </div>
   <div class='ocr_carea' id='block_1_16' title="bbox 279 1131 3522 1158">
    <p class='ocr_par' dir='ltr' id='par_1_16' title="bbox 279 1131 3522 1158">
     <span class='ocr_line' id='line_1_16' title="bbox 279 1131 3522 1158; baseline 0 -10"><span class='ocrx_word' id='word_1_85' title='bbox 279 1131 3522 1158; x_wconf 50' lang='lat' dir='ltr'><strong>mw</strong></span> 
     </span>
    </p>
   </div>
   <div class='ocr_carea' id='block_1_17' title="bbox 1527 1207 2281 1295">
    <p class='ocr_par' dir='ltr' id='par_1_17' title="bbox 1527 1207 2281 1295">
     <span class='ocr_line' id='line_1_17' title="bbox 1527 1207 2281 1295; baseline -0.012 -3"><span class='ocrx_word' id='word_1_86' title='bbox 1527 1207 2281 1295; x_wconf 87' lang='lat' dir='ltr'><strong>APOTHEOSIS.</strong></span> 
     </span>
    </p>
   </div>
   <div class='ocr_carea' id='block_1_18' title="bbox 452 1385 1854 1460">
    <p class='ocr_par' dir='ltr' id='par_1_18' title="bbox 452 1385 1854 1460">
     <span class='ocr_line' id='line_1_18' title="bbox 452 1385 1854 1460; baseline 0.004 -20"><span class='ocrx_word' id='word_1_87' title='bbox 452 1385 613 1457; x_wconf 66' lang='grc'><strong>402</strong></span> <span class='ocrx_word' id='word_1_88' title='bbox 645 1385 877 1442; x_wconf 82' lang='lat' dir='ltr'><strong>Plurima</strong></span> <span class='ocrx_word' id='word_1_89' title='bbox 901 1396 1060 1456; x_wconf 89' lang='lat' dir='ltr'><strong>sunt,</strong></span> <span class='ocrx_word' id='word_1_90' title='bbox 1091 1386 1185 1444; x_wconf 87' lang='lat' dir='ltr'><strong>sed</strong></span> <span class='ocrx_word' id='word_1_91' title='bbox 1212 1402 1378 1459; x_wconf 87' lang='lat' dir='ltr'><strong>pauca</strong></span> <span class='ocrx_word' id='word_1_92' title='bbox 1404 1388 1614 1460; x_wconf 87' lang='lat' dir='ltr'><strong>loquar,</strong></span> <span class='ocrx_word' id='word_1_93' title='bbox 1644 1405 1714 1447; x_wconf 91' lang='lat' dir='ltr'><strong>ne</strong></span> <span class='ocrx_word' id='word_1_94' title='bbox 1737 1390 1854 1446; x_wconf 89' lang='lat' dir='ltr'><strong>dira</strong></span> 
     </span>
    </p>
   </div>
   <div class='ocr_carea' id='block_1_19' title="bbox 1429 1478 1635 1552">
    <p class='ocr_par' dir='ltr' id='par_1_19' title="bbox 1429 1478 1635 1552">
     <span class='ocr_line' id='line_1_19' title="bbox 1429 1478 1635 1552; baseline 0.005 -19"><span class='ocrx_word' id='word_1_95' title='bbox 1429 1478 1635 1552; x_wconf 88' lang='lat' dir='ltr'><strong>[relatu</strong></span> 
     </span>
    </p>
   </div>
   <div class='ocr_carea' id='block_1_20' title="bbox 451 1571 1850 1645">
    <p class='ocr_par' dir='ltr' id='par_1_20' title="bbox 451 1571 1850 1645">
     <span class='ocr_line' id='line_1_20' title="bbox 451 1571 1850 1645; baseline 0.004 -19"><span class='ocrx_word' id='word_1_96' title='bbox 451 1571 708 1642; x_wconf 77' lang='lat' dir='ltr'><strong>Dogmata</strong></span> <span class='ocrx_word' id='word_1_97' title='bbox 754 1572 1077 1631; x_wconf 80' lang='lat' dir='ltr'><strong>catholicam</strong></span> <span class='ocrx_word' id='word_1_98' title='bbox 1125 1574 1398 1631; x_wconf 88' lang='lat' dir='ltr'><strong>maculent</strong></span> <span class='ocrx_word' id='word_1_99' title='bbox 1452 1574 1595 1631; x_wconf 90' lang='lat' dir='ltr'><strong>male</strong></span> <span class='ocrx_word' id='word_1_100' title='bbox 1642 1575 1850 1645; x_wconf 87' lang='lat' dir='ltr'><strong>prodita</strong></span> 
     </span>
    </p>
   </div>
   <div class='ocr_carea' id='block_1_21' title="bbox 1351 1663 1635 1736">
    <p class='ocr_par' dir='ltr' id='par_1_21' title="bbox 1351 1663 1635 1736">
     <span class='ocr_line' id='line_1_21' title="bbox 1351 1663 1635 1736; baseline -0.007 -17"><span class='ocrx_word' id='word_1_101' title='bbox 1351 1663 1635 1736; x_wconf 88' lang='lat' dir='ltr'><strong>[linguam.</strong></span> 
     </span>
    </p>
   </div>
   <div class='ocr_carea' id='block_1_22' title="bbox 448 1749 1849 1824">
    <p class='ocr_par' dir='ltr' id='par_1_22' title="bbox 448 1749 1849 1824">
     <span class='ocr_line' id='line_1_22' title="bbox 448 1749 1849 1824; baseline 0.003 -19"><span class='ocrx_word' id='word_1_102' title='bbox 448 1749 609 1822; x_wconf 62' lang='lat'><strong>403</strong></span> <span class='ocrx_word' id='word_1_103' title='bbox 632 1752 724 1808; x_wconf 87' lang='lat' dir='ltr'><strong>Ille</strong></span> <span class='ocrx_word' id='word_1_104' title='bbox 751 1752 965 1809; x_wconf 80' lang='lat' dir='ltr'><strong>Patrem</strong></span> <span class='ocrx_word' id='word_1_105' title='bbox 1002 1753 1206 1824; x_wconf 87' lang='lat' dir='ltr'><strong>pellens</strong></span> <span class='ocrx_word' id='word_1_106' title='bbox 1234 1755 1371 1811; x_wconf 91' lang='lat' dir='ltr'><strong>solio</strong></span> <span class='ocrx_word' id='word_1_107' title='bbox 1409 1754 1646 1811; x_wconf 83' lang='lat' dir='ltr'><strong>detrudit</strong></span> <span class='ocrx_word' id='word_1_108' title='bbox 1675 1755 1727 1809; x_wconf 90' lang='lat' dir='ltr'><strong>in</strong></span> <span class='ocrx_word' id='word_1_109' title='bbox 1761 1768 1849 1809; x_wconf 84' lang='lat' dir='ltr'><strong>ar-</strong></span> 
     </span>
    </p>
   </div>
   <div class='ocr_carea' id='block_1_23' title="bbox 1466 1849 1638 1923">
    <p class='ocr_par' dir='ltr' id='par_1_23' title="bbox 1466 1849 1638 1923">
     <span class='ocr_line' id='line_1_23' title="bbox 1466 1849 1638 1923; baseline -0.006 -18"><span class='ocrx_word' id='word_1_110' title='bbox 1466 1849 1638 1923; x_wconf 88' lang='lat' dir='ltr'><strong>[ctum</strong></span> 
     </span>
    </p>
   </div>
   <div class='ocr_carea' id='block_1_24' title="bbox 2138 1389 3469 1459">
    <p class='ocr_par' dir='ltr' id='par_1_24' title="bbox 2138 1389 3469 1459">
     <span class='ocr_line' id='line_1_24' title="bbox 2138 1389 3469 1459; baseline 0 -15"><span class='ocrx_word' id='word_1_111' title='bbox 2138 1389 2394 1458; x_wconf 83' lang='lat' dir='ltr'><strong>Corporis</strong></span> <span class='ocrx_word' id='word_1_112' title='bbox 2422 1389 2638 1444; x_wconf 85' lang='lat' dir='ltr'><strong>humani</strong></span> <span class='ocrx_word' id='word_1_113' title='bbox 2668 1397 2964 1459; x_wconf 86' lang='lat' dir='ltr'><strong>gestamen,</strong></span> <span class='ocrx_word' id='word_1_114' title='bbox 2990 1402 3092 1445; x_wconf 89' lang='lat' dir='ltr'><strong>nec</strong></span> <span class='ocrx_word' id='word_1_115' title='bbox 3111 1396 3269 1458; x_wconf 86' lang='lat' dir='ltr'><strong>pavet</strong></span> <span class='ocrx_word' id='word_1_116' title='bbox 3294 1389 3469 1459; x_wconf 88' lang='lat' dir='ltr'><strong>ipsum</strong></span> 
     </span>
    </p>
   </div>
   <div class='ocr_carea' id='block_1_25' title="bbox 2027 1479 3291 1549">
    <p class='ocr_par' dir='ltr' id='par_1_25' title="bbox 2027 1479 3291 1549">
     <span class='ocr_line' id='line_1_25' title="bbox 2027 1479 3291 1549; baseline -0.003 -11"><span class='ocrx_word' id='word_1_117' title='bbox 2027 1482 2062 1538; x_wconf 87' lang='grc'><strong>5</strong></span> <span class='ocrx_word' id='word_1_118' title='bbox 2134 1480 2419 1548; x_wconf 83' lang='lat' dir='ltr'><strong>Objectare</strong></span> <span class='ocrx_word' id='word_1_119' title='bbox 2442 1479 2584 1545; x_wconf 85' lang='lat' dir='ltr'><strong>neci,</strong></span> <span class='ocrx_word' id='word_1_120' title='bbox 2616 1479 2857 1548; x_wconf 84' lang='lat' dir='ltr'><strong>duroque</strong></span> <span class='ocrx_word' id='word_1_121' title='bbox 2884 1480 3103 1549; x_wconf 87' lang='lat' dir='ltr'><strong>affigere</strong></span> <span class='ocrx_word' id='word_1_122' title='bbox 3126 1480 3291 1549; x_wconf 87' lang='lat' dir='ltr'><strong>ligno.</strong></span> 
     </span>
    </p>
   </div>
   <div class='ocr_carea' id='block_1_26' title="bbox 2129 1569 3397 1640">
    <p class='ocr_par' dir='ltr' id='par_1_26' title="bbox 2129 1569 3397 1640">
     <span class='ocr_line' id='line_1_26' title="bbox 2129 1569 3397 1640; baseline -0.002 -13"><span class='ocrx_word' id='word_1_123' title='bbox 2129 1570 2477 1627; x_wconf 85' lang='lat' dir='ltr'><strong>Passihilisne</strong></span> <span class='ocrx_word' id='word_1_124' title='bbox 2508 1569 2684 1625; x_wconf 78' lang='lat' dir='ltr'><strong>Deus?</strong></span> <span class='ocrx_word' id='word_1_125' title='bbox 2709 1569 2861 1639; x_wconf 86' lang='lat' dir='ltr'><strong>cujus</strong></span> <span class='ocrx_word' id='word_1_126' title='bbox 2882 1571 3113 1639; x_wconf 85' lang='lat' dir='ltr'><strong>species,</strong></span> <span class='ocrx_word' id='word_1_127' title='bbox 3139 1578 3194 1625; x_wconf 92' lang='lat' dir='ltr'><strong>et</strong></span> <span class='ocrx_word' id='word_1_128' title='bbox 3219 1570 3397 1640; x_wconf 90' lang='lat' dir='ltr'><strong>imago</strong></span> 
     </span>
    </p>
   </div>
   <div class='ocr_carea' id='block_1_27' title="bbox 2128 1660 3540 1733">
    <p class='ocr_par' dir='ltr' id='par_1_27' title="bbox 2128 1660 3540 1733">
     <span class='ocr_line' id='line_1_27' title="bbox 2128 1660 3540 1733; baseline -0.001 -14"><span class='ocrx_word' id='word_1_129' title='bbox 2128 1662 2272 1720; x_wconf 82' lang='lat' dir='ltr'><strong>Nulli</strong></span> <span class='ocrx_word' id='word_1_130' title='bbox 2295 1662 2408 1718; x_wconf 84' lang='lat' dir='ltr'><strong>visa</strong></span> <span class='ocrx_word' id='word_1_131' title='bbox 2438 1676 2669 1733; x_wconf 78' lang='lat' dir='ltr'><strong>unquam</strong></span> <span class='ocrx_word' id='word_1_132' title='bbox 2700 1679 2715 1728; x_wconf 89' lang='lat'><strong>;</strong></span> <span class='ocrx_word' id='word_1_133' title='bbox 2746 1675 2849 1718; x_wconf 90' lang='lat' dir='ltr'><strong>nec</strong></span> <span class='ocrx_word' id='word_1_134' title='bbox 2871 1660 3015 1718; x_wconf 86' lang='lat' dir='ltr'><strong>enim</strong></span> <span class='ocrx_word' id='word_1_135' title='bbox 3044 1663 3423 1732; x_wconf 86' lang='lat' dir='ltr'><strong>comprendier</strong></span> <span class='ocrx_word' id='word_1_136' title='bbox 3450 1661 3540 1720; x_wconf 87' lang='lat' dir='ltr'><strong>illa</strong></span> 
     </span>
    </p>
   </div>
   <div class='ocr_carea' id='block_1_28' title="bbox 2130 1750 3430 1821">
    <p class='ocr_par' dir='ltr' id='par_1_28' title="bbox 2130 1750 3430 1821">
     <span class='ocr_line' id='line_1_28' title="bbox 2130 1750 3430 1821; baseline 0 -14"><span class='ocrx_word' id='word_1_137' title='bbox 2130 1752 2381 1821; x_wconf 75' lang='lat' dir='ltr'><strong>Maiestas</strong></span> <span class='ocrx_word' id='word_1_138' title='bbox 2404 1750 2576 1807; x_wconf 85' lang='lat' dir='ltr'><strong>facilis</strong></span> <span class='ocrx_word' id='word_1_139' title='bbox 2604 1766 2857 1818; x_wconf 83' lang='lat' dir='ltr'><strong>sensuve,</strong></span> <span class='ocrx_word' id='word_1_140' title='bbox 2887 1752 3143 1821; x_wconf 85' lang='lat' dir='ltr'><strong>oculisve,</strong></span> <span class='ocrx_word' id='word_1_141' title='bbox 3179 1767 3430 1809; x_wconf 79' lang='lat' dir='ltr'><strong>manuve.</strong></span> 
     </span>
    </p>
   </div>
   <div class='ocr_carea' id='block_1_29' title="bbox 2129 1842 3464 1915">
    <p class='ocr_par' dir='ltr' id='par_1_29' title="bbox 2129 1842 3464 1915">
     <span class='ocr_line' id='line_1_29' title="bbox 2129 1842 3464 1915; baseline -0.001 -14"><span class='ocrx_word' id='word_1_142' title='bbox 2129 1844 2352 1901; x_wconf 78' lang='lat' dir='ltr'><strong>Joannis</strong></span> <span class='ocrx_word' id='word_1_143' title='bbox 2374 1842 2554 1915; x_wconf 89' lang='lat' dir='ltr'><strong>magni</strong></span> <span class='ocrx_word' id='word_1_144' title='bbox 2574 1843 2803 1900; x_wconf 86' lang='lat' dir='ltr'><strong>celebris</strong></span> <span class='ocrx_word' id='word_1_145' title='bbox 2829 1845 3095 1900; x_wconf 87' lang='lat' dir='ltr'><strong>sententia</strong></span> <span class='ocrx_word' id='word_1_146' title='bbox 3117 1854 3316 1915; x_wconf 73' lang='lat' dir='ltr'><strong>prtesto</strong></span> <span class='ocrx_word' id='word_1_147' title='bbox 3344 1853 3430 1900; x_wconf 87' lang='lat' dir='ltr'><strong>est</strong></span> <span class='ocrx_word' id='word_1_148' title='bbox 3446 1884 3464 1912; x_wconf 94' lang='lat'><strong>,</strong></span> 
     </span>
    </p>
   </div>
   <div class='ocr_carea' id='block_1_30' title="bbox 1573 1956 2232 2016">
    <p class='ocr_par' dir='ltr' id='par_1_30' title="bbox 1573 1956 2232 2016">
     <span class='ocr_line' id='line_1_30' title="bbox 1573 1956 2232 2016; baseline -0.005 -1"><span class='ocrx_word' id='word_1_149' title='bbox 1573 1958 1860 2016; x_wconf 71' lang='lat' dir='ltr'><strong>CLOSSE</strong></span> <span class='ocrx_word' id='word_1_150' title='bbox 1904 1956 2232 2012; x_wconf 76' lang='lat' dir='ltr'><strong>VETERES.</strong></span> 
     </span>
    </p>
   </div>
   <div class='ocr_carea' id='block_1_31' title="bbox 340 2048 1323 2119">
    <p class='ocr_par' dir='ltr' id='par_1_31' title="bbox 340 2048 1323 2119">
     <span class='ocr_line' id='line_1_31' title="bbox 340 2048 1323 2119; baseline 0.004 -17"><span class='ocrx_word' id='word_1_151' title='bbox 340 2049 391 2102; x_wconf 81' lang='lat' dir='ltr'><strong>l.</strong></span> <span class='ocrx_word' id='word_1_152' title='bbox 436 2048 778 2119; x_wconf 13' lang='lat' dir='ltr'><strong>Dirairelain,</strong></span> <span class='ocrx_word' id='word_1_153' title='bbox 799 2065 980 2119; x_wconf 84' lang='lat' dir='ltr'><strong>aspera</strong></span> <span class='ocrx_word' id='word_1_154' title='bbox 1009 2048 1150 2103; x_wconf 84' lang='lat' dir='ltr'><strong>dictu</strong></span> <span class='ocrx_word' id='word_1_155' title='bbox 1169 2090 1185 2116; x_wconf 93' lang='lat'><strong>,</strong></span> <span class='ocrx_word' id='word_1_156' title='bbox 1216 2049 1323 2107; x_wconf 89' lang='lat' dir='ltr'><strong>lso.</strong></span> 
     </span>
    </p>
   </div>
   <div class='ocr_carea' id='block_1_32' title="bbox 341 2118 1069 2187">
    <p class='ocr_par' dir='ltr' id='par_1_32' title="bbox 341 2118 1069 2187">
     <span class='ocr_line' id='line_1_32' title="bbox 341 2118 1069 2187; baseline 0.003 -16"><span class='ocrx_word' id='word_1_157' title='bbox 341 2119 393 2172; x_wconf 75' lang='lat'><strong>2.</strong></span> <span class='ocrx_word' id='word_1_158' title='bbox 442 2118 673 2184; x_wconf 83' lang='lat' dir='ltr'><strong>Prodita,</strong></span> <span class='ocrx_word' id='word_1_159' title='bbox 704 2118 937 2187; x_wconf 85' lang='lat' dir='ltr'><strong>prolata,</strong></span> <span class='ocrx_word' id='word_1_160' title='bbox 964 2118 1069 2174; x_wconf 88' lang='lat' dir='ltr'><strong>lso.</strong></span> 
     </span>
    </p>
   </div>
   <div class='ocr_carea' id='block_1_33' title="bbox 334 2188 1851 2259">
    <p class='ocr_par' dir='ltr' id='par_1_33' title="bbox 334 2188 1851 2259">
     <span class='ocr_line' id='line_1_33' title="bbox 334 2188 1851 2259; baseline 0 -15"><span class='ocrx_word' id='word_1_161' title='bbox 334 2191 391 2244; x_wconf 83' lang='lat'><strong>&#39;5.</strong></span> <span class='ocrx_word' id='word_1_162' title='bbox 425 2190 536 2257; x_wconf 84' lang='lat' dir='ltr'><strong>Ille,</strong></span> <span class='ocrx_word' id='word_1_163' title='bbox 580 2188 855 2256; x_wconf 86' lang='lat' dir='ltr'><strong>Sabellius,</strong></span> <span class='ocrx_word' id='word_1_164' title='bbox 897 2190 1016 2244; x_wconf 86' lang='lat' dir='ltr'><strong>inde</strong></span> <span class='ocrx_word' id='word_1_165' title='bbox 1045 2188 1336 2246; x_wconf 88' lang='lat' dir='ltr'><strong>Sabelliani</strong></span> <span class='ocrx_word' id='word_1_166' title='bbox 1355 2234 1371 2259; x_wconf 78' lang='lat'><strong>,</strong></span> <span class='ocrx_word' id='word_1_167' title='bbox 1400 2198 1447 2244; x_wconf 89' lang='lat' dir='ltr'><strong>et</strong></span> <span class='ocrx_word' id='word_1_168' title='bbox 1475 2190 1722 2246; x_wconf 87' lang='lat' dir='ltr'><strong>aberrare</strong></span> <span class='ocrx_word' id='word_1_169' title='bbox 1744 2188 1851 2244; x_wconf 86' lang='lat' dir='ltr'><strong>Pa-</strong></span> 
     </span>
    </p>
   </div>
   <div class='ocr_carea' id='block_1_34' title="bbox 1960 2046 3427 2131">
    <p class='ocr_par' dir='ltr' id='par_1_34' title="bbox 1960 2046 3427 2131">
     <span class='ocr_line' id='line_1_34' title="bbox 1960 2046 3427 2131; baseline -0.003 -27"><span class='ocrx_word' id='word_1_170' title='bbox 1960 2047 2416 2131; x_wconf 55' lang='lat' dir='ltr'><strong>tripassianiuquia</strong></span> <span class='ocrx_word' id='word_1_171' title='bbox 2433 2047 2647 2131; x_wconf 69' lang='lat' dir='ltr'><strong>Patrem</strong></span> <span class='ocrx_word' id='word_1_172' title='bbox 2673 2063 2882 2118; x_wconf 84' lang='lat' dir='ltr'><strong>passum</strong></span> <span class='ocrx_word' id='word_1_173' title='bbox 2901 2048 3178 2118; x_wconf 56' lang='lat' dir='ltr'><strong>afﬁrmant,</strong></span> <span class='ocrx_word' id='word_1_174' title='bbox 3212 2046 3333 2102; x_wconf 82' lang='lat' dir='ltr'><strong>Vat.</strong></span> <span class='ocrx_word' id='word_1_175' title='bbox 3364 2048 3427 2103; x_wconf 78' lang='grc' dir='ltr'><strong>Α.</strong></span> 
     </span>
    </p>
   </div>
   <div class='ocr_carea' id='block_1_35' title="bbox 2027 2118 3153 2260">
    <p class='ocr_par' dir='ltr' id='par_1_35' title="bbox 2027 2118 3153 2260">
     <span class='ocr_line' id='line_1_35' title="bbox 2027 2118 3153 2181; baseline -0.004 -9"><span class='ocrx_word' id='word_1_176' title='bbox 2027 2119 2080 2172; x_wconf 84' lang='grc'><strong>3.</strong></span> <span class='ocrx_word' id='word_1_177' title='bbox 2125 2119 2337 2181; x_wconf 75' lang='lat' dir='ltr'><strong>Facilis,</strong></span> <span class='ocrx_word' id='word_1_178' title='bbox 2370 2128 2464 2179; x_wconf 81' lang='lat' dir='ltr'><strong>est,</strong></span> <span class='ocrx_word' id='word_1_179' title='bbox 2492 2118 2532 2171; x_wconf 92' lang='grc' dir='ltr'><strong>Ι.</strong></span> <span class='ocrx_word' id='word_1_180' title='bbox 3144 2168 3153 2175; x_wconf 84' lang='grc'><em>,</em></span> 
     </span>
     <span class='ocr_line' id='line_1_36' title="bbox 2027 2187 3065 2260; baseline -0.001 -17"><span class='ocrx_word' id='word_1_181' title='bbox 2027 2190 2080 2243; x_wconf 82' lang='grc'><strong>9.</strong></span> <span class='ocrx_word' id='word_1_182' title='bbox 2120 2187 2384 2255; x_wconf 80' lang='lat' dir='ltr'><strong>Celebris,</strong></span> <span class='ocrx_word' id='word_1_183' title='bbox 2410 2188 2730 2260; x_wconf 80' lang='lat' dir='ltr'><strong>gloriosarel</strong></span> <span class='ocrx_word' id='word_1_184' title='bbox 2758 2191 2990 2260; x_wconf 78' lang='lat' dir='ltr'><strong>famosa,</strong></span> <span class='ocrx_word' id='word_1_185' title='bbox 3022 2188 3065 2243; x_wconf 92' lang='lat' dir='ltr'><strong>l.</strong></span> 
     </span>
    </p>
   </div>
   <div class='ocr_carea' id='block_1_36' title="bbox 1612 2298 2168 2380">
    <p class='ocr_par' dir='ltr' id='par_1_36' title="bbox 1612 2298 2168 2380">
     <span class='ocr_line' id='line_1_37' title="bbox 1612 2298 2168 2380; baseline 0.004 -27"><span class='ocrx_word' id='word_1_186' title='bbox 1612 2298 2168 2380; x_wconf 57' lang='lat' dir='ltr'><strong>condemnatus.</strong></span> 
     </span>
    </p>
   </div>
   <div class='ocr_carea' id='block_1_37' title="bbox 339 2409 1845 2481">
    <p class='ocr_par' dir='ltr' id='par_1_37' title="bbox 339 2409 1845 2481">
     <span class='ocr_line' id='line_1_38' title="bbox 339 2409 1845 2481; baseline 0.001 -19"><span class='ocrx_word' id='word_1_187' title='bbox 339 2409 589 2474; x_wconf 86' lang='lat' dir='ltr'><strong>Plerique</strong></span> <span class='ocrx_word' id='word_1_188' title='bbox 637 2409 767 2481; x_wconf 85' lang='lat' dir='ltr'><strong>editi</strong></span> <span class='ocrx_word' id='word_1_189' title='bbox 821 2418 876 2465; x_wconf 92' lang='lat' dir='ltr'><strong>et</strong></span> <span class='ocrx_word' id='word_1_190' title='bbox 927 2424 1057 2465; x_wconf 85' lang='lat' dir='ltr'><strong>mss.</strong></span> <span class='ocrx_word' id='word_1_191' title='bbox 1103 2410 1314 2466; x_wconf 89' lang='lat' dir='ltr'><strong>titulum</strong></span> <span class='ocrx_word' id='word_1_192' title='bbox 1362 2413 1590 2481; x_wconf 89' lang='lat' dir='ltr'><strong>primum</strong></span> <span class='ocrx_word' id='word_1_193' title='bbox 1642 2421 1845 2480; x_wconf 90' lang='lat' dir='ltr'><strong>ponunt</strong></span> 
     </span>
    </p>
   </div>
   <div class='ocr_carea' id='block_1_38' title="bbox 267 2478 1843 2550">
    <p class='ocr_par' dir='ltr' id='par_1_38' title="bbox 267 2478 1843 2550">
     <span class='ocr_line' id='line_1_39' title="bbox 267 2478 1843 2550; baseline -0.003 -16"><span class='ocrx_word' id='word_1_194' title='bbox 267 2478 460 2534; x_wconf 82' lang='lat' dir='ltr'><strong>Contra</strong></span> <span class='ocrx_word' id='word_1_195' title='bbox 500 2480 713 2533; x_wconf 70' lang='lat' dir='ltr'><strong>hwresirt</strong></span> <span class='ocrx_word' id='word_1_196' title='bbox 740 2522 754 2544; x_wconf 96' lang='lat'><strong>,</strong></span> <span class='ocrx_word' id='word_1_197' title='bbox 787 2496 903 2549; x_wconf 71' lang='lat' dir='ltr'><strong>quas</strong></span> <span class='ocrx_word' id='word_1_198' title='bbox 934 2480 1138 2534; x_wconf 83' lang='lat' dir='ltr'><strong>Patrem</strong></span> <span class='ocrx_word' id='word_1_199' title='bbox 1182 2478 1385 2549; x_wconf 80' lang='lat' dir='ltr'><strong>passum</strong></span> <span class='ocrx_word' id='word_1_200' title='bbox 1412 2478 1657 2550; x_wconf 60' lang='lat' dir='ltr'><strong>aﬂirmat.</strong></span> <span class='ocrx_word' id='word_1_201' title='bbox 1698 2481 1843 2545; x_wconf 82' lang='lat' dir='ltr'><strong>Put.,</strong></span> 
     </span>
    </p>
   </div>
   <div class='ocr_carea' id='block_1_39' title="bbox 264 2550 1847 2617">
    <p class='ocr_par' dir='ltr' id='par_1_39' title="bbox 264 2550 1847 2617">
     <span class='ocr_line' id='line_1_40' title="bbox 264 2550 1847 2617; baseline 0.003 -17"><span class='ocrx_word' id='word_1_202' title='bbox 264 2551 388 2601; x_wconf 79' lang='lat' dir='ltr'><strong>dicit</strong></span> <span class='ocrx_word' id='word_1_203' title='bbox 413 2566 507 2615; x_wconf 92' lang='lat' dir='ltr'><strong>pro</strong></span> <span class='ocrx_word' id='word_1_204' title='bbox 527 2550 764 2617; x_wconf 68' lang='lat' dir='ltr'><strong>affirmat.</strong></span> <span class='ocrx_word' id='word_1_205' title='bbox 791 2551 977 2608; x_wconf 73' lang='lat' dir='ltr'><strong>Aldus.</strong></span> <span class='ocrx_word' id='word_1_206' title='bbox 1002 2552 1262 2613; x_wconf 74' lang='lat' dir='ltr'><strong>hwresent,</strong></span> <span class='ocrx_word' id='word_1_207' title='bbox 1286 2562 1341 2605; x_wconf 80' lang='lat' dir='ltr'><strong>ut</strong></span> <span class='ocrx_word' id='word_1_208' title='bbox 1365 2554 1416 2606; x_wconf 89' lang='lat' dir='ltr'><strong>in</strong></span> <span class='ocrx_word' id='word_1_209' title='bbox 1438 2550 1684 2605; x_wconf 89' lang='lat' dir='ltr'><strong>secundis</strong></span> <span class='ocrx_word' id='word_1_210' title='bbox 1704 2550 1847 2604; x_wconf 87' lang='lat' dir='ltr'><strong>curis</strong></span> 
     </span>
    </p>
   </div>
   <div class='ocr_carea' id='block_1_40' title="bbox 266 2618 1851 2692">
    <p class='ocr_par' dir='ltr' id='par_1_40' title="bbox 266 2618 1851 2692">
     <span class='ocr_line' id='line_1_41' title="bbox 266 2618 1851 2692; baseline 0.001 -21"><span class='ocrx_word' id='word_1_211' title='bbox 266 2618 458 2692; x_wconf 81' lang='lat' dir='ltr'><strong>Contra</strong></span> <span class='ocrx_word' id='word_1_212' title='bbox 492 2619 783 2692; x_wconf 70' lang='lat' dir='ltr'><strong>ltmreticos,</strong></span> <span class='ocrx_word' id='word_1_213' title='bbox 811 2622 912 2692; x_wconf 80' lang='lat' dir='ltr'><strong>qui</strong></span> <span class='ocrx_word' id='word_1_214' title='bbox 948 2619 1155 2673; x_wconf 87' lang='lat' dir='ltr'><strong>Patrem</strong></span> <span class='ocrx_word' id='word_1_215' title='bbox 1183 2638 1391 2692; x_wconf 87' lang='lat' dir='ltr'><strong>passum</strong></span> <span class='ocrx_word' id='word_1_216' title='bbox 1419 2623 1687 2689; x_wconf 71' lang='lat' dir='ltr'><strong>aﬂirmant.</strong></span> <span class='ocrx_word' id='word_1_217' title='bbox 1725 2620 1851 2673; x_wconf 80' lang='lat' dir='ltr'><strong>Exi-</strong></span> 
     </span>
    </p>
   </div>
   <div class='ocr_carea' id='block_1_41' title="bbox 269 2689 1851 2756">
    <p class='ocr_par' dir='ltr' id='par_1_41' title="bbox 269 2689 1851 2756">
     <span class='ocr_line' id='line_1_42' title="bbox 269 2689 1851 2756; baseline 0.001 -14"><span class='ocrx_word' id='word_1_218' title='bbox 269 2691 476 2752; x_wconf 70' lang='lat' dir='ltr'><strong>stimo,</strong></span> <span class='ocrx_word' id='word_1_219' title='bbox 544 2690 842 2756; x_wconf 85' lang='lat' dir='ltr'><strong>hujusmodi</strong></span> <span class='ocrx_word' id='word_1_220' title='bbox 898 2689 1151 2744; x_wconf 87' lang='lat' dir='ltr'><strong>lemmata</strong></span> <span class='ocrx_word' id='word_1_221' title='bbox 1184 2689 1312 2744; x_wconf 53' lang='lat' dir='ltr'><strong>’non</strong></span> <span class='ocrx_word' id='word_1_222' title='bbox 1355 2705 1474 2745; x_wconf 86' lang='lat' dir='ltr'><strong>esse</strong></span> <span class='ocrx_word' id='word_1_223' title='bbox 1518 2692 1586 2743; x_wconf 88' lang='lat' dir='ltr'><strong>ab</strong></span> <span class='ocrx_word' id='word_1_224' title='bbox 1633 2699 1851 2743; x_wconf 86' lang='lat' dir='ltr'><strong>auctore</strong></span> 
     </span>
    </p>
   </div>
   <div class='ocr_carea' id='block_1_42' title="bbox 266 2757 1847 2827">
    <p class='ocr_par' dir='ltr' id='par_1_42' title="bbox 266 2757 1847 2827">
     <span class='ocr_line' id='line_1_43' title="bbox 266 2757 1847 2827; baseline 0.003 -17"><span class='ocrx_word' id='word_1_225' title='bbox 266 2757 496 2825; x_wconf 87' lang='lat' dir='ltr'><strong>ascripta</strong></span> <span class='ocrx_word' id='word_1_226' title='bbox 524 2776 538 2811; x_wconf 88' lang='lat'><strong>:</strong></span> <span class='ocrx_word' id='word_1_227' title='bbox 567 2774 685 2827; x_wconf 71' lang='lat' dir='ltr'><strong>quae</strong></span> <span class='ocrx_word' id='word_1_228' title='bbox 712 2760 903 2813; x_wconf 83' lang='lat' dir='ltr'><strong>desunt</strong></span> <span class='ocrx_word' id='word_1_229' title='bbox 929 2761 978 2812; x_wconf 91' lang='lat' dir='ltr'><strong>in</strong></span> <span class='ocrx_word' id='word_1_230' title='bbox 1011 2759 1130 2813; x_wconf 88' lang='lat' dir='ltr'><strong>Vat.</strong></span> <span class='ocrx_word' id='word_1_231' title='bbox 1162 2761 1226 2825; x_wconf 88' lang='lat' dir='ltr'><strong>Q,</strong></span> <span class='ocrx_word' id='word_1_232' title='bbox 1254 2773 1306 2816; x_wconf 88' lang='lat' dir='ltr'><strong>et</strong></span> <span class='ocrx_word' id='word_1_233' title='bbox 1336 2761 1473 2815; x_wconf 81' lang='lat' dir='ltr'><strong>aliis.</strong></span> <span class='ocrx_word' id='word_1_234' title='bbox 1507 2761 1621 2814; x_wconf 85' lang='lat' dir='ltr'><strong>Cis.</strong></span> <span class='ocrx_word' id='word_1_235' title='bbox 1653 2759 1688 2810; x_wconf 77' lang='grc'>2</span> <span class='ocrx_word' id='word_1_236' title='bbox 1718 2760 1847 2814; x_wconf 88' lang='lat' dir='ltr'><strong>edit.</strong></span> 
     </span>
    </p>
   </div>
   <div class='ocr_carea' id='block_1_43' title="bbox 267 2828 1849 2895">
    <p class='ocr_par' dir='ltr' id='par_1_43' title="bbox 267 2828 1849 2895">
     <span class='ocr_line' id='line_1_44' title="bbox 267 2828 1849 2895; baseline 0.001 -13"><span class='ocrx_word' id='word_1_237' title='bbox 267 2842 330 2882; x_wconf 89' lang='lat' dir='ltr'><strong>ea</strong></span> <span class='ocrx_word' id='word_1_238' title='bbox 356 2829 727 2895; x_wconf 68' lang='lat' dir='ltr'><strong>praetermisit,</strong></span> <span class='ocrx_word' id='word_1_239' title='bbox 760 2838 811 2882; x_wconf 90' lang='lat' dir='ltr'><strong>ct</strong></span> <span class='ocrx_word' id='word_1_240' title='bbox 840 2831 940 2881; x_wconf 91' lang='lat' dir='ltr'><strong>hoc</strong></span> <span class='ocrx_word' id='word_1_241' title='bbox 966 2830 1081 2884; x_wconf 90' lang='lat' dir='ltr'><strong>loco</strong></span> <span class='ocrx_word' id='word_1_242' title='bbox 1106 2830 1171 2884; x_wconf 89' lang='lat' dir='ltr'><strong>ad</strong></span> <span class='ocrx_word' id='word_1_243' title='bbox 1197 2846 1344 2883; x_wconf 87' lang='lat' dir='ltr'><strong>oram</strong></span> <span class='ocrx_word' id='word_1_244' title='bbox 1377 2829 1656 2885; x_wconf 84' lang='lat' dir='ltr'><strong>annotavit</strong></span> <span class='ocrx_word' id='word_1_245' title='bbox 1675 2828 1849 2883; x_wconf 85' lang='lat' dir='ltr'><strong>Patri-</strong></span> 
     </span>
    </p>
   </div>
   <div class='ocr_carea' id='block_1_44' title="bbox 268 2897 1846 2969">
    <p class='ocr_par' dir='ltr' id='par_1_44' title="bbox 268 2897 1846 2969">
     <span class='ocr_line' id='line_1_45' title="bbox 268 2897 1846 2969; baseline 0.003 -20"><span class='ocrx_word' id='word_1_246' title='bbox 268 2898 518 2969; x_wconf 74' lang='lat' dir='ltr'><strong>passiani.</strong></span> <span class='ocrx_word' id='word_1_247' title='bbox 552 2897 607 2951; x_wconf 93' lang='lat' dir='ltr'><strong>ln</strong></span> <span class='ocrx_word' id='word_1_248' title='bbox 633 2898 816 2954; x_wconf 84' lang='lat' dir='ltr'><strong>codice</strong></span> <span class='ocrx_word' id='word_1_249' title='bbox 860 2898 1171 2953; x_wconf 79' lang='lat' dir='ltr'><strong>Florentino</strong></span> <span class='ocrx_word' id='word_1_250' title='bbox 1206 2901 1409 2969; x_wconf 89' lang='lat' dir='ltr'><strong>proleg.</strong></span> <span class='ocrx_word' id='word_1_251' title='bbox 1448 2915 1566 2967; x_wconf 92' lang='lat' dir='ltr'><strong>cap.</strong></span> <span class='ocrx_word' id='word_1_252' title='bbox 1593 2900 1628 2954; x_wconf 72' lang='lat' dir='ltr'><strong>Is</strong></span> <span class='ocrx_word' id='word_1_253' title='bbox 1651 2942 1666 2966; x_wconf 92' lang='lat'><strong>,</strong></span> <span class='ocrx_word' id='word_1_254' title='bbox 1697 2915 1846 2954; x_wconf 90' lang='lat' dir='ltr'><strong>num.</strong></span> 
     </span>
    </p>
   </div>
   <div class='ocr_carea' id='block_1_45' title="bbox 268 2967 1846 3036">
    <p class='ocr_par' dir='ltr' id='par_1_45' title="bbox 268 2967 1846 3036">
     <span class='ocr_line' id='line_1_46' title="bbox 268 2967 1846 3036; baseline 0.003 -17"><span class='ocrx_word' id='word_1_255' title='bbox 268 2967 360 3036; x_wconf 71' lang='lat'><strong>8],</strong></span> <span class='ocrx_word' id='word_1_256' title='bbox 410 2968 552 3020; x_wconf 81' lang='lat' dir='ltr'><strong>nulla</strong></span> <span class='ocrx_word' id='word_1_257' title='bbox 595 2977 677 3020; x_wconf 91' lang='lat' dir='ltr'><strong>est</strong></span> <span class='ocrx_word' id='word_1_258' title='bbox 716 2972 949 3035; x_wconf 87' lang='lat' dir='ltr'><strong>capitum</strong></span> <span class='ocrx_word' id='word_1_259' title='bbox 998 2967 1216 3036; x_wconf 73' lang='lat' dir='ltr'><strong>divisio,</strong></span> <span class='ocrx_word' id='word_1_260' title='bbox 1240 2972 1339 3023; x_wconf 91' lang='lat' dir='ltr'><strong>nisi</strong></span> <span class='ocrx_word' id='word_1_261' title='bbox 1363 2967 1501 3035; x_wconf 47' lang='lat' dir='ltr'><strong>&#39;post</strong></span> <span class='ocrx_word' id='word_1_262' title='bbox 1529 2985 1670 3023; x_wconf 86' lang='lat' dir='ltr'><strong>vers.</strong></span> <span class='ocrx_word' id='word_1_263' title='bbox 1703 2969 1846 3025; x_wconf 71' lang='lat'><strong>952:</strong></span> 
     </span>
    </p>
   </div>
   <div class='ocr_carea' id='block_1_46' title="bbox 1953 2410 3534 2480">
    <p class='ocr_par' dir='ltr' id='par_1_46' title="bbox 1953 2410 3534 2480">
     <span class='ocr_line' id='line_1_47' title="bbox 1953 2410 3534 2480; baseline 0.002 -15"><span class='ocrx_word' id='word_1_264' title='bbox 1953 2410 2264 2480; x_wconf 87' lang='lat' dir='ltr'><strong>perductam</strong></span> <span class='ocrx_word' id='word_1_265' title='bbox 2290 2451 2306 2475; x_wconf 88' lang='lat'><strong>,</strong></span> <span class='ocrx_word' id='word_1_266' title='bbox 2351 2411 2501 2479; x_wconf 88' lang='lat' dir='ltr'><strong>quasi</strong></span> <span class='ocrx_word' id='word_1_267' title='bbox 2539 2412 2824 2469; x_wconf 90' lang='lat' dir='ltr'><strong>crederent</strong></span> <span class='ocrx_word' id='word_1_268' title='bbox 2871 2421 3113 2467; x_wconf 86' lang='lat' dir='ltr'><strong>naturam</strong></span> <span class='ocrx_word' id='word_1_269' title='bbox 3150 2411 3316 2480; x_wconf 83' lang='lat' dir='ltr'><strong>ipsam</strong></span> <span class='ocrx_word' id='word_1_270' title='bbox 3346 2412 3534 2468; x_wconf 85' lang='lat' dir='ltr'><strong>buma-</strong></span> 
     </span>
    </p>
   </div>
   <div class='ocr_carea' id='block_1_47' title="bbox 1953 2482 3533 2548">
    <p class='ocr_par' dir='ltr' id='par_1_47' title="bbox 1953 2482 3533 2548">
     <span class='ocr_line' id='line_1_48' title="bbox 1953 2482 3533 2548; baseline 0.002 -13"><span class='ocrx_word' id='word_1_271' title='bbox 1953 2497 2073 2535; x_wconf 92' lang='lat' dir='ltr'><strong>nam</strong></span> <span class='ocrx_word' id='word_1_272' title='bbox 2103 2482 2157 2535; x_wconf 93' lang='lat' dir='ltr'><strong>in</strong></span> <span class='ocrx_word' id='word_1_273' title='bbox 2198 2482 2362 2535; x_wconf 87' lang='lat' dir='ltr'><strong>Deum</strong></span> <span class='ocrx_word' id='word_1_274' title='bbox 2394 2496 2513 2535; x_wconf 88' lang='lat' dir='ltr'><strong>esse</strong></span> <span class='ocrx_word' id='word_1_275' title='bbox 2534 2496 2872 2548; x_wconf 79' lang='lat' dir='ltr'><strong>conversam,</strong></span> <span class='ocrx_word' id='word_1_276' title='bbox 2905 2482 3095 2536; x_wconf 88' lang='lat' dir='ltr'><strong>Verum</strong></span> <span class='ocrx_word' id='word_1_277' title='bbox 3119 2483 3367 2538; x_wconf 88' lang='lat' dir='ltr'><strong>catholici</strong></span> <span class='ocrx_word' id='word_1_278' title='bbox 3399 2484 3533 2538; x_wconf 91' lang='lat' dir='ltr'><strong>nihil</strong></span> 
     </span>
    </p>
   </div>
   <div class='ocr_carea' id='block_1_48' title="bbox 1954 2550 3537 2615">
    <p class='ocr_par' dir='ltr' id='par_1_48' title="bbox 1954 2550 3537 2615">
     <span class='ocr_line' id='line_1_49' title="bbox 1954 2550 3537 2615; baseline 0.003 -11"><span class='ocrx_word' id='word_1_279' title='bbox 1954 2550 2095 2605; x_wconf 89' lang='lat' dir='ltr'><strong>aliud</strong></span> <span class='ocrx_word' id='word_1_280' title='bbox 2130 2551 2231 2605; x_wconf 92' lang='lat' dir='ltr'><strong>hoc</strong></span> <span class='ocrx_word' id='word_1_281' title='bbox 2252 2552 2417 2605; x_wconf 87' lang='lat' dir='ltr'><strong>verbo</strong></span> <span class='ocrx_word' id='word_1_282' title='bbox 2455 2552 2857 2615; x_wconf 77' lang='lat' dir='ltr'><strong>signiﬁcabant,</strong></span> <span class='ocrx_word' id='word_1_283' title='bbox 2892 2552 2990 2605; x_wconf 89' lang='lat' dir='ltr'><strong>nisi</strong></span> <span class='ocrx_word' id='word_1_284' title='bbox 3016 2553 3350 2607; x_wconf 86' lang='lat' dir='ltr'><strong>evectionem</strong></span> <span class='ocrx_word' id='word_1_285' title='bbox 3384 2562 3537 2608; x_wconf 85' lang='lat' dir='ltr'><strong>natu-</strong></span> 
     </span>
    </p>
   </div>
   <div class='ocr_carea' id='block_1_49' title="bbox 1954 2618 3536 2688">
    <p class='ocr_par' dir='ltr' id='par_1_49' title="bbox 1954 2618 3536 2688">
     <span class='ocr_line' id='line_1_50' title="bbox 1954 2618 3536 2688; baseline 0.002 -14"><span class='ocrx_word' id='word_1_286' title='bbox 1954 2636 2029 2674; x_wconf 67' lang='lat' dir='ltr'><strong>ra:</strong></span> <span class='ocrx_word' id='word_1_287' title='bbox 2082 2621 2329 2674; x_wconf 67' lang='lat' dir='ltr'><strong>humana:</strong></span> <span class='ocrx_word' id='word_1_288' title='bbox 2372 2620 2436 2672; x_wconf 88' lang='lat' dir='ltr'><strong>ad</strong></span> <span class='ocrx_word' id='word_1_289' title='bbox 2476 2624 2907 2688; x_wconf 80' lang='lat' dir='ltr'><strong>conju‘nctionem</strong></span> <span class='ocrx_word' id='word_1_290' title='bbox 2940 2637 3059 2674; x_wconf 91' lang='lat' dir='ltr'><strong>cum</strong></span> <span class='ocrx_word' id='word_1_291' title='bbox 3111 2622 3307 2676; x_wconf 89' lang='lat' dir='ltr'><strong>Verbo.</strong></span> <span class='ocrx_word' id='word_1_292' title='bbox 3336 2618 3536 2678; x_wconf 79' lang='lat' dir='ltr'><strong>Contra</strong></span> 
     </span>
    </p>
   </div>
   <div class='ocr_carea' id='block_1_50' title="bbox 1953 2689 3535 2762">
    <p class='ocr_par' dir='ltr' id='par_1_50' title="bbox 1953 2689 3535 2762">
     <span class='ocr_line' id='line_1_51' title="bbox 1953 2689 3535 2762; baseline 0.003 -19"><span class='ocrx_word' id='word_1_293' title='bbox 1953 2690 2205 2762; x_wconf 86' lang='lat' dir='ltr'><strong>catholici</strong></span> <span class='ocrx_word' id='word_1_294' title='bbox 2233 2689 2495 2762; x_wconf 77' lang='lat' dir='ltr'><strong>negabant</strong></span> <span class='ocrx_word' id='word_1_295' title='bbox 2523 2693 2823 2758; x_wconf 79' lang='lat' dir='ltr'><strong>apotheosin</strong></span> <span class='ocrx_word' id='word_1_296' title='bbox 2854 2693 2904 2744; x_wconf 90' lang='lat' dir='ltr'><strong>in</strong></span> <span class='ocrx_word' id='word_1_297' title='bbox 2928 2707 3087 2762; x_wconf 74' lang='lat' dir='ltr'><strong>sensu</strong></span> <span class='ocrx_word' id='word_1_298' title='bbox 3119 2691 3368 2762; x_wconf 71' lang='lat' dir='ltr'><strong>Nestorii,</strong></span> <span class='ocrx_word' id='word_1_299' title='bbox 3391 2692 3535 2762; x_wconf 86' lang='lat' dir='ltr'><strong>quod</strong></span> 
     </span>
    </p>
   </div>
   <div class='ocr_carea' id='block_1_51' title="bbox 1956 2760 3536 2828">
    <p class='ocr_par' dir='ltr' id='par_1_51' title="bbox 1956 2760 3536 2828">
     <span class='ocr_line' id='line_1_52' title="bbox 1956 2760 3536 2828; baseline 0.004 -17"><span class='ocrx_word' id='word_1_300' title='bbox 1956 2761 2114 2815; x_wconf 90' lang='lat' dir='ltr'><strong>homo</strong></span> <span class='ocrx_word' id='word_1_301' title='bbox 2140 2762 2248 2828; x_wconf 88' lang='lat' dir='ltr'><strong>jam</strong></span> <span class='ocrx_word' id='word_1_302' title='bbox 2276 2760 2600 2814; x_wconf 74' lang='lat' dir='ltr'><strong>consﬁtutus</strong></span> <span class='ocrx_word' id='word_1_303' title='bbox 2620 2803 2635 2821; x_wconf 86' lang='lat'><em>.</em></span> <span class='ocrx_word' id='word_1_304' title='bbox 2661 2763 2772 2816; x_wconf 89' lang='lat' dir='ltr'><strong>suis</strong></span> <span class='ocrx_word' id='word_1_305' title='bbox 2801 2762 3006 2815; x_wconf 87' lang='lat' dir='ltr'><strong>meritis</strong></span> <span class='ocrx_word' id='word_1_306' title='bbox 3035 2761 3086 2815; x_wconf 92' lang='lat' dir='ltr'><strong>in</strong></span> <span class='ocrx_word' id='word_1_307' title='bbox 3124 2761 3217 2814; x_wconf 88' lang='lat' dir='ltr'><strong>Dei</strong></span> <span class='ocrx_word' id='word_1_308' title='bbox 3249 2760 3449 2817; x_wconf 87' lang='lat' dir='ltr'><strong>statum</strong></span> <span class='ocrx_word' id='word_1_309' title='bbox 3479 2770 3536 2817; x_wconf 84' lang='lat' dir='ltr'><strong>et</strong></span> 
     </span>
    </p>
   </div>
   <div class='ocr_carea' id='block_1_52' title="bbox 1953 2829 3535 2898">
    <p class='ocr_par' dir='ltr' id='par_1_52' title="bbox 1953 2829 3535 2898">
     <span class='ocr_line' id='line_1_53' title="bbox 1953 2829 3535 2898; baseline 0.004 -17"><span class='ocrx_word' id='word_1_310' title='bbox 1953 2829 2286 2898; x_wconf 72' lang='lat' dir='ltr'><strong>maiestatem</strong></span> <span class='ocrx_word' id='word_1_311' title='bbox 2333 2841 2551 2887; x_wconf 79' lang='lat' dir='ltr'><strong>evectus</strong></span> <span class='ocrx_word' id='word_1_312' title='bbox 2602 2830 2779 2886; x_wconf 88' lang='lat' dir='ltr'><strong>fuerit.</strong></span> <span class='ocrx_word' id='word_1_313' title='bbox 2841 2830 3157 2884; x_wconf 75' lang='lat' dir='ltr'><strong>Prudentius</strong></span> <span class='ocrx_word' id='word_1_314' title='bbox 3214 2831 3535 2888; x_wconf 89' lang='lat' dir='ltr'><strong>catholicum</strong></span> 
     </span>
    </p>
   </div>
   <div class='ocr_carea' id='block_1_53' title="bbox 1953 2899 3533 2969">
    <p class='ocr_par' dir='ltr' id='par_1_53' title="bbox 1953 2899 3533 2969">
     <span class='ocr_line' id='line_1_54' title="bbox 1953 2899 3533 2969; baseline 0.002 -16"><span class='ocrx_word' id='word_1_315' title='bbox 1953 2915 2167 2953; x_wconf 81' lang='lat' dir='ltr'><strong>sensum</strong></span> <span class='ocrx_word' id='word_1_316' title='bbox 2193 2900 2518 2969; x_wconf 83' lang='lat' dir='ltr'><strong>apotheoseos</strong></span> <span class='ocrx_word' id='word_1_317' title='bbox 2549 2899 2649 2954; x_wconf 89' lang='lat' dir='ltr'><strong>hoc</strong></span> <span class='ocrx_word' id='word_1_318' title='bbox 2676 2900 2914 2955; x_wconf 90' lang='lat' dir='ltr'><strong>carmine</strong></span> <span class='ocrx_word' id='word_1_319' title='bbox 2956 2900 3301 2969; x_wconf 82' lang='lat' dir='ltr'><strong>explicat,et</strong></span> <span class='ocrx_word' id='word_1_320' title='bbox 3332 2910 3533 2955; x_wconf 88' lang='lat' dir='ltr'><strong>tuetur.</strong></span> 
     </span>
    </p>
   </div>
   <div class='ocr_carea' id='block_1_54' title="bbox 2029 2968 3534 3037">
    <p class='ocr_par' dir='ltr' id='par_1_54' title="bbox 2029 2968 3534 3037">
     <span class='ocr_line' id='line_1_55' title="bbox 2029 2968 3534 3037; baseline 0.002 -15"><span class='ocrx_word' id='word_1_321' title='bbox 2029 2972 2079 3023; x_wconf 86' lang='grc'><strong>1.</strong></span> <span class='ocrx_word' id='word_1_322' title='bbox 2122 2968 2331 3024; x_wconf 86' lang='lat' dir='ltr'><strong>Bonon.</strong></span> <span class='ocrx_word' id='word_1_323' title='bbox 2360 2978 2413 3022; x_wconf 93' lang='lat' dir='ltr'><strong>et</strong></span> <span class='ocrx_word' id='word_1_324' title='bbox 2445 2968 2561 3023; x_wconf 86' lang='lat' dir='ltr'><strong>Vat.</strong></span> <span class='ocrx_word' id='word_1_325' title='bbox 2586 2969 2632 3035; x_wconf 80' lang='grc' dir='ltr'><strong>ρ</strong></span> <span class='ocrx_word' id='word_1_326' title='bbox 2653 3014 2667 3033; x_wconf 86' lang='grc'>,</span> <span class='ocrx_word' id='word_1_327' title='bbox 2699 2985 2729 3023; x_wconf 88' lang='lat' dir='ltr'><strong>a</strong></span> <span class='ocrx_word' id='word_1_328' title='bbox 2756 2970 2926 3037; x_wconf 91' lang='lat' dir='ltr'><strong>prima</strong></span> <span class='ocrx_word' id='word_1_329' title='bbox 2955 2984 3142 3035; x_wconf 89' lang='lat' dir='ltr'><strong>manu,</strong></span> <span class='ocrx_word' id='word_1_330' title='bbox 3166 2968 3343 3025; x_wconf 90' lang='lat' dir='ltr'><strong>minus</strong></span> <span class='ocrx_word' id='word_1_331' title='bbox 3371 2971 3534 3037; x_wconf 82' lang='lat' dir='ltr'><strong>bene,</strong></span> 
     </span>
    </p>
   </div>
   <div class='ocr_carea' id='block_1_55' title="bbox 268 3034 2912 3109">
    <p class='ocr_par' dir='ltr' id='par_1_55' title="bbox 268 3034 2912 3109">
     <span class='ocr_line' id='line_1_56' title="bbox 268 3034 2912 3109; baseline 0.001 -20"><span class='ocrx_word' id='word_1_332' title='bbox 268 3034 499 3109; x_wconf 68' lang='lat' dir='ltr'><strong>Explicit</strong></span> <span class='ocrx_word' id='word_1_333' title='bbox 520 3034 816 3109; x_wconf 60' lang='lat' dir='ltr'><strong>Apotheosis</strong></span> <span class='ocrx_word' id='word_1_334' title='bbox 846 3048 1025 3109; x_wconf 72' lang='lat' dir='ltr'><strong>contra</strong></span> <span class='ocrx_word' id='word_1_335' title='bbox 1051 3034 1223 3093; x_wconf 84' lang='lat' dir='ltr'><strong>omnes</strong></span> <span class='ocrx_word' id='word_1_336' title='bbox 1245 3034 1477 3094; x_wconf 75' lang='lat' dir='ltr'><strong>hwreses.</strong></span> <span class='ocrx_word' id='word_1_337' title='bbox 1509 3040 1697 3104; x_wconf 86' lang='lat' dir='ltr'><strong>Incipit</strong></span> <span class='ocrx_word' id='word_1_338' title='bbox 1727 3057 1848 3093; x_wconf 85' lang='lat' dir='ltr'><strong>con-</strong></span> <span class='ocrx_word' id='word_1_339' title='bbox 1874 3039 1923 3100; x_wconf 86' lang='lat' dir='ltr'><strong>C</strong></span> <span class='ocrx_word' id='word_1_340' title='bbox 1955 3038 2154 3109; x_wconf 86' lang='lat' dir='ltr'><strong>loquor.</strong></span> <span class='ocrx_word' id='word_1_341' title='bbox 2189 3039 2307 3091; x_wconf 89' lang='lat' dir='ltr'><strong>Vat.</strong></span> <span class='ocrx_word' id='word_1_342' title='bbox 2341 3039 2401 3104; x_wconf 86' lang='grc' dir='ltr'><strong>Β,</strong></span> <span class='ocrx_word' id='word_1_343' title='bbox 2432 3038 2589 3109; x_wconf 83' lang='lat' dir='ltr'><strong>male,</strong></span> <span class='ocrx_word' id='word_1_344' title='bbox 2614 3034 2679 3092; x_wconf 17' lang='lat' dir='ltr'><strong>ini</strong></span> <span class='ocrx_word' id='word_1_345' title='bbox 2711 3034 2806 3109; x_wconf 74' lang='lat' dir='ltr'><strong>pro</strong></span> <span class='ocrx_word' id='word_1_346' title='bbox 2831 3055 2912 3092; x_wconf 86' lang='lat' dir='ltr'><strong>ne.</strong></span> 
     </span>
    </p>
   </div>
   <div class='ocr_carea' id='block_1_56' title="bbox 276 3104 1843 3177">
    <p class='ocr_par' dir='ltr' id='par_1_56' title="bbox 276 3104 1843 3177">
     <span class='ocr_line' id='line_1_57' title="bbox 276 3104 1843 3177; baseline 0.003 -19"><span class='ocrx_word' id='word_1_347' title='bbox 276 3117 357 3177; x_wconf 86' lang='lat' dir='ltr'><strong>tra</strong></span> <span class='ocrx_word' id='word_1_348' title='bbox 398 3104 733 3160; x_wconf 71' lang='lat' dir='ltr'><strong>Manichmos.</strong></span> <span class='ocrx_word' id='word_1_349' title='bbox 780 3106 1061 3173; x_wconf 79' lang='lat' dir='ltr'><strong>Inscriptio</strong></span> <span class='ocrx_word' id='word_1_350' title='bbox 1100 3111 1353 3165; x_wconf 85' lang='lat' dir='ltr'><strong>carminis</strong></span> <span class='ocrx_word' id='word_1_351' title='bbox 1380 3119 1463 3163; x_wconf 88' lang='lat' dir='ltr'><strong>est</strong></span> <span class='ocrx_word' id='word_1_352' title='bbox 1496 3110 1797 3177; x_wconf 79' lang='lat' dir='ltr'><strong>Apotheosis</strong></span> <span class='ocrx_word' id='word_1_353' title='bbox 1827 3149 1843 3173; x_wconf 93' lang='lat'><strong>,</strong></span> 
     </span>
    </p>
   </div>
   <div class='ocr_carea' id='block_1_57' title="bbox 268 3175 1846 3252">
    <p class='ocr_par' dir='ltr' id='par_1_57' title="bbox 268 3175 1846 3252">
     <span class='ocr_line' id='line_1_58' title="bbox 268 3175 1846 3252; baseline 0.003 -24"><span class='ocrx_word' id='word_1_354' title='bbox 268 3175 370 3229; x_wconf 88' lang='lat' dir='ltr'><strong>hoc</strong></span> <span class='ocrx_word' id='word_1_355' title='bbox 394 3186 506 3252; x_wconf 85' lang='lat' dir='ltr'><strong>est,</strong></span> <span class='ocrx_word' id='word_1_356' title='bbox 534 3177 785 3252; x_wconf 74' lang='lat' dir='ltr'><strong>deiﬁcatio</strong></span> <span class='ocrx_word' id='word_1_357' title='bbox 825 3179 1045 3252; x_wconf 79' lang='lat' dir='ltr'><strong>hominis</strong></span> <span class='ocrx_word' id='word_1_358' title='bbox 1078 3196 1124 3252; x_wconf 78' lang='lat'><strong><em>:_</em></strong></span> <span class='ocrx_word' id='word_1_359' title='bbox 1150 3195 1272 3233; x_wconf 88' lang='lat' dir='ltr'><strong>nam</strong></span> <span class='ocrx_word' id='word_1_360' title='bbox 1303 3180 1512 3252; x_wconf 80' lang='lat' dir='ltr'><strong>ethnici</strong></span> <span class='ocrx_word' id='word_1_361' title='bbox 1545 3175 1846 3252; x_wconf 79' lang='lat' dir='ltr'><strong>apotheosin</strong></span> 
     </span>
    </p>
   </div>
   <div class='ocr_carea' id='block_1_58' title="bbox 268 3248 1844 3318">
    <p class='ocr_par' dir='ltr' id='par_1_58' title="bbox 268 3248 1844 3318">
     <span class='ocr_line' id='line_1_59' title="bbox 268 3248 1844 3318; baseline 0 -18"><span class='ocrx_word' id='word_1_362' title='bbox 268 3248 567 3318; x_wconf 46' lang='lat' dir='ltr'><strong>meabat“,</strong></span> <span class='ocrx_word' id='word_1_363' title='bbox 597 3261 717 3300; x_wconf 86' lang='lat' dir='ltr'><strong>cum</strong></span> <span class='ocrx_word' id='word_1_364' title='bbox 760 3248 1028 3318; x_wconf 82' lang='lat' dir='ltr'><strong>hominem</strong></span> <span class='ocrx_word' id='word_1_365' title='bbox 1058 3250 1288 3318; x_wconf 85' lang='lat' dir='ltr'><strong>aliquem</strong></span> <span class='ocrx_word' id='word_1_366' title='bbox 1320 3251 1458 3303; x_wconf 87' lang='lat' dir='ltr'><strong>inter</strong></span> <span class='ocrx_word' id='word_1_367' title='bbox 1484 3250 1615 3303; x_wconf 89' lang='lat' dir='ltr'><strong>deos</strong></span> <span class='ocrx_word' id='word_1_368' title='bbox 1647 3249 1844 3304; x_wconf 78' lang='lat' dir='ltr'><strong>refere-</strong></span> 
     </span>
    </p>
   </div>
   <div class='ocr_carea' id='block_1_59' title="bbox 268 3316 1845 3388">
    <p class='ocr_par' dir='ltr' id='par_1_59' title="bbox 268 3316 1845 3388">
     <span class='ocr_line' id='line_1_60' title="bbox 268 3316 1845 3388; baseline 0.002 -20"><span class='ocrx_word' id='word_1_369' title='bbox 268 3316 422 3388; x_wconf 79' lang='lat' dir='ltr'><strong>bant.</strong></span> <span class='ocrx_word' id='word_1_370' title='bbox 455 3316 744 3388; x_wconf 57' lang='lat' dir='ltr'><strong>impugnat</strong></span> <span class='ocrx_word' id='word_1_371' title='bbox 778 3317 936 3384; x_wconf 87' lang='lat' dir='ltr'><strong>igitur</strong></span> <span class='ocrx_word' id='word_1_372' title='bbox 981 3316 1460 3388; x_wconf 40' lang='lat' dir='ltr'><strong>pocla—haereticus</strong></span> <span class='ocrx_word' id='word_1_373' title='bbox 1501 3333 1748 3373; x_wconf 81' lang='lat' dir='ltr'><strong>errantes</strong></span> <span class='ocrx_word' id='word_1_374' title='bbox 1793 3319 1845 3372; x_wconf 93' lang='lat' dir='ltr'><strong>in</strong></span> 
     </span>
    </p>
   </div>
   <div class='ocr_carea' id='block_1_60' title="bbox 267 3383 1846 3458">
    <p class='ocr_par' dir='ltr' id='par_1_60' title="bbox 267 3383 1846 3458">
     <span class='ocr_line' id='line_1_61' title="bbox 267 3383 1846 3458; baseline 0.004 -19"><span class='ocrx_word' id='word_1_375' title='bbox 267 3386 394 3440; x_wconf 81' lang='lat' dir='ltr'><strong>Jesu</strong></span> <span class='ocrx_word' id='word_1_376' title='bbox 441 3383 642 3458; x_wconf 80' lang='lat' dir='ltr'><strong>Christi</strong></span> <span class='ocrx_word' id='word_1_377' title='bbox 670 3383 948 3458; x_wconf 49' lang='lat' dir='ltr'><strong>apotheosi</strong></span> <span class='ocrx_word' id='word_1_378' title='bbox 982 3383 1322 3453; x_wconf 77' lang='lat' dir='ltr'><strong>explicanda.</strong></span> <span class='ocrx_word' id='word_1_379' title='bbox 1368 3389 1548 3444; x_wconf 86' lang='lat' dir='ltr'><strong>Primo</strong></span> <span class='ocrx_word' id='word_1_380' title='bbox 1593 3389 1787 3458; x_wconf 84' lang='lat' dir='ltr'><strong>capite,</strong></span> <span class='ocrx_word' id='word_1_381' title='bbox 1816 3404 1846 3445; x_wconf 83' lang='lat' dir='ltr'><strong>a</strong></span> 
     </span>
    </p>
   </div>
   <div class='ocr_carea' id='block_1_61' title="bbox 269 3456 1843 3528">
    <p class='ocr_par' dir='ltr' id='par_1_61' title="bbox 269 3456 1843 3528">
     <span class='ocr_line' id='line_1_62' title="bbox 269 3456 1843 3528; baseline 0.002 -19"><span class='ocrx_word' id='word_1_382' title='bbox 269 3456 455 3510; x_wconf 83' lang='lat' dir='ltr'><strong>vers.l</strong></span> <span class='ocrx_word' id='word_1_383' title='bbox 482 3456 546 3528; x_wconf 84' lang='lat' dir='ltr'><strong>ad</strong></span> <span class='ocrx_word' id='word_1_384' title='bbox 571 3470 710 3528; x_wconf 91' lang='lat' dir='ltr'><strong>v_ers.</strong></span> <span class='ocrx_word' id='word_1_385' title='bbox 734 3457 852 3522; x_wconf 81' lang='grc'><strong>177,</strong></span> <span class='ocrx_word' id='word_1_386' title='bbox 873 3458 1525 3527; x_wconf 84' lang='lat' dir='ltr'><strong>refellitPatripassianos,</strong></span> <span class='ocrx_word' id='word_1_387' title='bbox 1553 3456 1843 3528; x_wconf 72' lang='lat' dir='ltr'><strong>qui,unam</strong></span> 
     </span>
    </p>
   </div>
   <div class='ocr_carea' id='block_1_62' title="bbox 269 3526 1846 3598">
    <p class='ocr_par' dir='ltr' id='par_1_62' title="bbox 269 3526 1846 3598">
     <span class='ocr_line' id='line_1_63' title="bbox 269 3526 1846 3598; baseline 0.004 -21"><span class='ocrx_word' id='word_1_388' title='bbox 269 3526 558 3598; x_wconf 61' lang='lat' dir='ltr'><strong>tantumin</strong></span> <span class='ocrx_word' id='word_1_389' title='bbox 592 3526 699 3581; x_wconf 87' lang='lat' dir='ltr'><strong>Deo</strong></span> <span class='ocrx_word' id='word_1_390' title='bbox 736 3542 1017 3593; x_wconf 89' lang='lat' dir='ltr'><strong>personam</strong></span> <span class='ocrx_word' id='word_1_391' title='bbox 1058 3526 1440 3598; x_wconf 73' lang='lat' dir='ltr'><strong>agnoscentes,</strong></span> <span class='ocrx_word' id='word_1_392' title='bbox 1478 3526 1688 3583; x_wconf 81' lang='lat' dir='ltr'><strong>Patrem</strong></span> <span class='ocrx_word' id='word_1_393' title='bbox 1720 3543 1846 3597; x_wconf 83' lang='lat' dir='ltr'><strong>pas-</strong></span> 
     </span>
    </p>
   </div>
   <div class='ocr_carea' id='block_1_63' title="bbox 269 3595 1843 3666">
    <p class='ocr_par' dir='ltr' id='par_1_63' title="bbox 269 3595 1843 3666">
     <span class='ocr_line' id='line_1_64' title="bbox 269 3595 1843 3666; baseline 0.002 -18"><span class='ocrx_word' id='word_1_394' title='bbox 269 3610 386 3649; x_wconf 73' lang='lat' dir='ltr'><strong>sum</strong></span> <span class='ocrx_word' id='word_1_395' title='bbox 410 3595 767 3666; x_wconf 74' lang='lat' dir='ltr'><strong>affirmabant.</strong></span> <span class='ocrx_word' id='word_1_396' title='bbox 793 3598 1038 3653; x_wconf 90' lang='lat' dir='ltr'><strong>Secundo</strong></span> <span class='ocrx_word' id='word_1_397' title='bbox 1053 3595 1246 3666; x_wconf 75' lang='lat' dir='ltr'><strong>capite,</strong></span> <span class='ocrx_word' id='word_1_398' title='bbox 1277 3615 1306 3653; x_wconf 89' lang='lat' dir='ltr'><strong>a</strong></span> <span class='ocrx_word' id='word_1_399' title='bbox 1324 3615 1463 3654; x_wconf 85' lang='lat' dir='ltr'><strong>vers.</strong></span> <span class='ocrx_word' id='word_1_400' title='bbox 1487 3599 1590 3653; x_wconf 81' lang='grc'><strong>178</strong></span> <span class='ocrx_word' id='word_1_401' title='bbox 1608 3599 1673 3651; x_wconf 89' lang='lat' dir='ltr'><strong>ad</strong></span> <span class='ocrx_word' id='word_1_402' title='bbox 1699 3595 1843 3651; x_wconf 71' lang='lat' dir='ltr'><strong>vers.</strong></span> 
     </span>
    </p>
   </div>
   <div class='ocr_carea' id='block_1_64' title="bbox 269 3665 1849 3736">
    <p class='ocr_par' dir='ltr' id='par_1_64' title="bbox 269 3665 1849 3736">
     <span class='ocr_line' id='line_1_65' title="bbox 269 3665 1849 3736; baseline 0.002 -17"><span class='ocrx_word' id='word_1_403' title='bbox 269 3666 588 3736; x_wconf 18' lang='lat' dir='ltr'><strong>320Aeontra</strong></span> <span class='ocrx_word' id='word_1_404' title='bbox 618 3665 902 3721; x_wconf 68' lang='lat' dir='ltr'><strong>Sibellinm</strong></span> <span class='ocrx_word' id='word_1_405' title='bbox 931 3665 1280 3723; x_wconf 85' lang='lat' dir='ltr'><strong>etUnionitas</strong></span> <span class='ocrx_word' id='word_1_406' title='bbox 1305 3671 1559 3736; x_wconf 86' lang='lat' dir='ltr'><strong>disputat,</strong></span> <span class='ocrx_word' id='word_1_407' title='bbox 1591 3684 1683 3722; x_wconf 84' lang='lat' dir='ltr'><strong>eos</strong></span> <span class='ocrx_word' id='word_1_408' title='bbox 1704 3668 1849 3723; x_wconf 85' lang='lat' dir='ltr'><strong>scili-</strong></span> 
     </span>
    </p>
   </div>
   <div class='ocr_carea' id='block_1_65' title="bbox 269 3734 1847 3808">
    <p class='ocr_par' dir='ltr' id='par_1_65' title="bbox 269 3734 1847 3808">
     <span class='ocr_line' id='line_1_66' title="bbox 269 3734 1847 3808; baseline 0.001 -18"><span class='ocrx_word' id='word_1_409' title='bbox 269 3746 357 3790; x_wconf 84' lang='lat' dir='ltr'><strong>cet</strong></span> <span class='ocrx_word' id='word_1_410' title='bbox 389 3734 669 3808; x_wconf 63' lang='lat' dir='ltr'><strong>haereticos</strong></span> <span class='ocrx_word' id='word_1_411' title='bbox 692 3775 709 3800; x_wconf 90' lang='lat'><strong>,</strong></span> <span class='ocrx_word' id='word_1_412' title='bbox 738 3738 828 3806; x_wconf 90' lang='lat' dir='ltr'><strong>qui</strong></span> <span class='ocrx_word' id='word_1_413' title='bbox 858 3754 978 3808; x_wconf 87' lang='lat' dir='ltr'><strong>cum</strong></span> <span class='ocrx_word' id='word_1_414' title='bbox 1022 3734 1429 3808; x_wconf 85' lang='lat' dir='ltr'><strong>Patripassianis</strong></span> <span class='ocrx_word' id='word_1_415' title='bbox 1473 3739 1686 3806; x_wconf 89' lang='lat' dir='ltr'><strong>quidem</strong></span> <span class='ocrx_word' id='word_1_416' title='bbox 1714 3753 1847 3808; x_wconf 84' lang='lat' dir='ltr'><strong>eon-</strong></span> 
     </span>
    </p>
   </div>
   <div class='ocr_carea' id='block_1_66' title="bbox 268 3805 1843 3877">
    <p class='ocr_par' dir='ltr' id='par_1_66' title="bbox 268 3805 1843 3877">
     <span class='ocr_line' id='line_1_67' title="bbox 268 3805 1843 3877; baseline 0.001 -18"><span class='ocrx_word' id='word_1_417' title='bbox 268 3805 573 3877; x_wconf 83' lang='lat' dir='ltr'><strong>sentiebant</strong></span> <span class='ocrx_word' id='word_1_418' title='bbox 592 3806 649 3877; x_wconf 87' lang='lat' dir='ltr'><strong>in</strong></span> <span class='ocrx_word' id='word_1_419' title='bbox 680 3805 921 3874; x_wconf 78' lang='lat' dir='ltr'><strong>neganda</strong></span> <span class='ocrx_word' id='word_1_420' title='bbox 954 3805 1301 3877; x_wconf 81' lang='lat' dir='ltr'><strong>personarum</strong></span> <span class='ocrx_word' id='word_1_421' title='bbox 1332 3805 1570 3863; x_wconf 83' lang='lat' dir='ltr'><strong>trinitate</strong></span> <span class='ocrx_word' id='word_1_422' title='bbox 1595 3853 1610 3874; x_wconf 94' lang='lat'><strong>,</strong></span> <span class='ocrx_word' id='word_1_423' title='bbox 1656 3807 1751 3862; x_wconf 88' lang='lat' dir='ltr'><strong>sed</strong></span> <span class='ocrx_word' id='word_1_424' title='bbox 1775 3808 1843 3861; x_wconf 88' lang='lat' dir='ltr'><strong>ab</strong></span> 
     </span>
    </p>
   </div>
   <div class='ocr_carea' id='block_1_67' title="bbox 267 3875 1849 3947">
    <p class='ocr_par' dir='ltr' id='par_1_67' title="bbox 267 3875 1849 3947">
     <span class='ocr_line' id='line_1_68' title="bbox 267 3875 1849 3947; baseline 0.001 -18"><span class='ocrx_word' id='word_1_425' title='bbox 267 3875 352 3930; x_wconf 89' lang='lat' dir='ltr'><strong>eis</strong></span> <span class='ocrx_word' id='word_1_426' title='bbox 381 3876 787 3947; x_wconf 82' lang='lat' dir='ltr'><strong>dissentiebant,</strong></span> <span class='ocrx_word' id='word_1_427' title='bbox 818 3875 967 3947; x_wconf 81' lang='lat' dir='ltr'><strong>quod</strong></span> <span class='ocrx_word' id='word_1_428' title='bbox 986 3893 1091 3933; x_wconf 92' lang='lat' dir='ltr'><strong>non</strong></span> <span class='ocrx_word' id='word_1_429' title='bbox 1113 3877 1492 3939; x_wconf 85' lang='lat' dir='ltr'><strong>defenderent,</strong></span> <span class='ocrx_word' id='word_1_430' title='bbox 1517 3877 1724 3932; x_wconf 86' lang='lat' dir='ltr'><strong>Patrem</strong></span> <span class='ocrx_word' id='word_1_431' title='bbox 1741 3892 1849 3931; x_wconf 87' lang='lat' dir='ltr'><strong>esse</strong></span> 
     </span>
    </p>
   </div>
   <div class='ocr_carea' id='block_1_68' title="bbox 267 3944 1845 4016">
    <p class='ocr_par' dir='ltr' id='par_1_68' title="bbox 267 3944 1845 4016">
     <span class='ocr_line' id='line_1_69' title="bbox 267 3944 1845 4016; baseline 0.003 -19"><span class='ocrx_word' id='word_1_432' title='bbox 267 3962 497 4015; x_wconf 87' lang='lat' dir='ltr'><strong>passum.</strong></span> <span class='ocrx_word' id='word_1_433' title='bbox 543 3944 723 4013; x_wconf 87' lang='lat' dir='ltr'><strong>Itaque</strong></span> <span class='ocrx_word' id='word_1_434' title='bbox 752 3944 1072 4002; x_wconf 86' lang='lat' dir='ltr'><strong>Prudentius</strong></span> <span class='ocrx_word' id='word_1_435' title='bbox 1103 3949 1205 4003; x_wconf 92' lang='lat' dir='ltr'><strong>hoc</strong></span> <span class='ocrx_word' id='word_1_436' title='bbox 1234 3948 1352 4002; x_wconf 90' lang='lat' dir='ltr'><strong>loco</strong></span> <span class='ocrx_word' id='word_1_437' title='bbox 1382 3948 1717 4016; x_wconf 89' lang='lat' dir='ltr'><strong>potissimum</strong></span> <span class='ocrx_word' id='word_1_438' title='bbox 1749 3947 1845 4002; x_wconf 87' lang='lat' dir='ltr'><strong>de-</strong></span> 
     </span>
    </p>
   </div>
   <div class='ocr_carea' id='block_1_69' title="bbox 271 4016 1846 4088">
    <p class='ocr_par' dir='ltr' id='par_1_69' title="bbox 271 4016 1846 4088">
     <span class='ocr_line' id='line_1_70' title="bbox 271 4016 1846 4088; baseline 0.001 -19"><span class='ocrx_word' id='word_1_439' title='bbox 271 4023 540 4088; x_wconf 78' lang='lat' dir='ltr'><strong>monstrat</strong></span> <span class='ocrx_word' id='word_1_440' title='bbox 564 4056 579 4080; x_wconf 93' lang='lat'><strong>,</strong></span> <span class='ocrx_word' id='word_1_441' title='bbox 605 4016 793 4088; x_wconf 64' lang='lat' dir='ltr'><strong>Filium</strong></span> <span class='ocrx_word' id='word_1_442' title='bbox 823 4017 1129 4073; x_wconf 88' lang='lat' dir='ltr'><strong>distinctam</strong></span> <span class='ocrx_word' id='word_1_443' title='bbox 1158 4032 1441 4088; x_wconf 88' lang='lat' dir='ltr'><strong>personam</strong></span> <span class='ocrx_word' id='word_1_444' title='bbox 1468 4032 1642 4088; x_wconf 69' lang='lat' dir='ltr'><strong>esses</strong></span> <span class='ocrx_word' id='word_1_445' title='bbox 1670 4017 1846 4088; x_wconf 88' lang='lat' dir='ltr'><strong>Patre,</strong></span> 
     </span>
    </p>
   </div>
   <div class='ocr_carea' id='block_1_70' title="bbox 270 4086 1846 4154">
    <p class='ocr_par' dir='ltr' id='par_1_70' title="bbox 270 4086 1846 4154">
     <span class='ocr_line' id='line_1_71' title="bbox 270 4086 1846 4154; baseline 0.001 -15"><span class='ocrx_word' id='word_1_446' title='bbox 270 4093 331 4139; x_wconf 88' lang='lat' dir='ltr'><strong>ut</strong></span> <span class='ocrx_word' id='word_1_447' title='bbox 375 4086 631 4154; x_wconf 81' lang='lat' dir='ltr'><strong>colligat,</strong></span> <span class='ocrx_word' id='word_1_448' title='bbox 662 4086 854 4141; x_wconf 85' lang='lat' dir='ltr'><strong>Filium</strong></span> <span class='ocrx_word' id='word_1_449' title='bbox 900 4103 1019 4143; x_wconf 88' lang='lat' dir='ltr'><strong>csse</strong></span> <span class='ocrx_word' id='word_1_450' title='bbox 1068 4086 1420 4150; x_wconf 80' lang='lat' dir='ltr'><strong>incarnatnm,</strong></span> <span class='ocrx_word' id='word_1_451' title='bbox 1477 4096 1532 4141; x_wconf 91' lang='lat' dir='ltr'><strong>et</strong></span> <span class='ocrx_word' id='word_1_452' title='bbox 1575 4087 1846 4141; x_wconf 87' lang='lat' dir='ltr'><strong>Christum</strong></span> 
     </span>
    </p>
   </div>
   <div class='ocr_carea' id='block_1_71' title="bbox 266 4156 1842 4227">
    <p class='ocr_par' dir='ltr' id='par_1_71' title="bbox 266 4156 1842 4227">
     <span class='ocr_line' id='line_1_72' title="bbox 266 4156 1842 4227; baseline 0.001 -20"><span class='ocrx_word' id='word_1_453' title='bbox 266 4170 392 4227; x_wconf 66' lang='lat' dir='ltr'><strong>eum</strong></span> <span class='ocrx_word' id='word_1_454' title='bbox 440 4156 596 4211; x_wconf 84' lang='lat' dir='ltr'><strong>Patre</strong></span> <span class='ocrx_word' id='word_1_455' title='bbox 641 4170 762 4212; x_wconf 86' lang='lat' dir='ltr'><strong>esse</strong></span> <span class='ocrx_word' id='word_1_456' title='bbox 809 4157 999 4213; x_wconf 90' lang='lat' dir='ltr'><strong>Deum.</strong></span> <span class='ocrx_word' id='word_1_457' title='bbox 1041 4158 1224 4212; x_wconf 88' lang='lat' dir='ltr'><strong>Tertio</strong></span> <span class='ocrx_word' id='word_1_458' title='bbox 1255 4159 1428 4227; x_wconf 89' lang='lat' dir='ltr'><strong>capite</strong></span> <span class='ocrx_word' id='word_1_459' title='bbox 1468 4157 1716 4227; x_wconf 69' lang='lat' dir='ltr'><strong>.ludaeos,</strong></span> <span class='ocrx_word' id='word_1_460' title='bbox 1755 4157 1842 4223; x_wconf 88' lang='lat' dir='ltr'><strong>qui</strong></span> 
     </span>
    </p>
   </div>
   <div class='ocr_carea' id='block_1_72' title="bbox 267 4224 1844 4297">
    <p class='ocr_par' dir='ltr' id='par_1_72' title="bbox 267 4224 1844 4297">
     <span class='ocr_line' id='line_1_73' title="bbox 267 4224 1844 4297; baseline 0.001 -18"><span class='ocrx_word' id='word_1_461' title='bbox 267 4224 537 4297; x_wconf 83' lang='lat' dir='ltr'><strong>Christum</strong></span> <span class='ocrx_word' id='word_1_462' title='bbox 565 4239 672 4281; x_wconf 92' lang='lat' dir='ltr'><strong>non</strong></span> <span class='ocrx_word' id='word_1_463' title='bbox 697 4239 1008 4297; x_wconf 81' lang='lat' dir='ltr'><strong>agnoscunt,</strong></span> <span class='ocrx_word' id='word_1_464' title='bbox 1024 4224 1465 4297; x_wconf 67' lang='lat' dir='ltr'><strong>coargiiitavcrs.</strong></span> <span class='ocrx_word' id='word_1_465' title='bbox 1488 4228 1586 4282; x_wconf 76' lang='grc'><strong>521</strong></span> <span class='ocrx_word' id='word_1_466' title='bbox 1619 4226 1685 4280; x_wconf 89' lang='lat' dir='ltr'><strong>ad</strong></span> <span class='ocrx_word' id='word_1_467' title='bbox 1705 4241 1844 4297; x_wconf 70' lang='lat' dir='ltr'><strong>vers.</strong></span> 
     </span>
    </p>
   </div>
   <div class='ocr_carea' id='block_1_73' title="bbox 268 4294 1843 4365">
    <p class='ocr_par' dir='ltr' id='par_1_73' title="bbox 268 4294 1843 4365">
     <span class='ocr_line' id='line_1_74' title="bbox 268 4294 1843 4365; baseline -0.003 -15"><span class='ocrx_word' id='word_1_468' title='bbox 268 4296 397 4352; x_wconf 77' lang='grc'><strong>551.</strong></span> <span class='ocrx_word' id='word_1_469' title='bbox 422 4297 626 4361; x_wconf 85' lang='lat' dir='ltr'><strong>Quarto</strong></span> <span class='ocrx_word' id='word_1_470' title='bbox 652 4294 826 4365; x_wconf 80' lang='lat' dir='ltr'><strong>capite</strong></span> <span class='ocrx_word' id='word_1_471' title='bbox 853 4294 1183 4352; x_wconf 76' lang='lat' dir='ltr'><strong>Christianos</strong></span> <span class='ocrx_word' id='word_1_472' title='bbox 1207 4297 1566 4362; x_wconf 82' lang='lat' dir='ltr'><strong>Judaizantes,</strong></span> <span class='ocrx_word' id='word_1_473' title='bbox 1590 4298 1705 4351; x_wconf 86' lang='lat' dir='ltr'><strong>sive</strong></span> <span class='ocrx_word' id='word_1_474' title='bbox 1735 4294 1843 4350; x_wconf 81' lang='lat' dir='ltr'><strong>llo-</strong></span> 
     </span>
    </p>
   </div>
   <div class='ocr_carea' id='block_1_74' title="bbox 269 4366 1844 4437">
    <p class='ocr_par' dir='ltr' id='par_1_74' title="bbox 269 4366 1844 4437">
     <span class='ocr_line' id='line_1_75' title="bbox 269 4366 1844 4437; baseline 0 -17"><span class='ocrx_word' id='word_1_475' title='bbox 269 4366 652 4437; x_wconf 81' lang='lat' dir='ltr'><strong>muncionitas,</strong></span> <span class='ocrx_word' id='word_1_476' title='bbox 677 4367 894 4433; x_wconf 81' lang='lat' dir='ltr'><strong>refutat,</strong></span> <span class='ocrx_word' id='word_1_477' title='bbox 919 4369 1006 4437; x_wconf 91' lang='lat' dir='ltr'><strong>qui</strong></span> <span class='ocrx_word' id='word_1_478' title='bbox 1041 4367 1305 4422; x_wconf 82' lang='lat' dir='ltr'><strong>Christum</strong></span> <span class='ocrx_word' id='word_1_479' title='bbox 1338 4367 1608 4422; x_wconf 83' lang='lat' dir='ltr'><strong>homian</strong></span> <span class='ocrx_word' id='word_1_480' title='bbox 1639 4375 1844 4420; x_wconf 90' lang='lat' dir='ltr'><strong>tantum</strong></span> 
     </span>
    </p>
   </div>
   <div class='ocr_carea' id='block_1_75' title="bbox 268 4434 1846 4503">
    <p class='ocr_par' dir='ltr' id='par_1_75' title="bbox 268 4434 1846 4503">
     <span class='ocr_line' id='line_1_76' title="bbox 268 4434 1846 4503; baseline -0.001 -13"><span class='ocrx_word' id='word_1_481' title='bbox 268 4449 393 4491; x_wconf 84' lang='lat' dir='ltr'><strong>esse</strong></span> <span class='ocrx_word' id='word_1_482' title='bbox 420 4434 691 4502; x_wconf 86' lang='lat' dir='ltr'><strong>dicebant,</strong></span> <span class='ocrx_word' id='word_1_483' title='bbox 732 4452 760 4490; x_wconf 88' lang='lat' dir='ltr'><strong>a</strong></span> <span class='ocrx_word' id='word_1_484' title='bbox 793 4434 1071 4492; x_wconf 50' lang='lat' dir='ltr'><strong>versi552</strong></span> <span class='ocrx_word' id='word_1_485' title='bbox 1096 4438 1163 4491; x_wconf 88' lang='lat' dir='ltr'><strong>ad</strong></span> <span class='ocrx_word' id='word_1_486' title='bbox 1203 4453 1348 4493; x_wconf 89' lang='lat' dir='ltr'><strong>vers.</strong></span> <span class='ocrx_word' id='word_1_487' title='bbox 1380 4439 1505 4492; x_wconf 87' lang='lat' dir='ltr'><strong>78l.</strong></span> <span class='ocrx_word' id='word_1_488' title='bbox 1529 4437 1728 4503; x_wconf 80' lang='lat' dir='ltr'><strong>Quinto</strong></span> <span class='ocrx_word' id='word_1_489' title='bbox 1756 4450 1846 4491; x_wconf 86' lang='lat' dir='ltr'><strong>ca-</strong></span> 
     </span>
    </p>
   </div>
   <div class='ocr_carea' id='block_1_76' title="bbox 270 4507 1846 4574">
    <p class='ocr_par' dir='ltr' id='par_1_76' title="bbox 270 4507 1846 4574">
     <span class='ocr_line' id='line_1_77' title="bbox 270 4507 1846 4574; baseline 0.003 -17"><span class='ocrx_word' id='word_1_490' title='bbox 270 4507 382 4573; x_wconf 88' lang='lat' dir='ltr'><strong>pite</strong></span> <span class='ocrx_word' id='word_1_491' title='bbox 404 4545 422 4571; x_wconf 94' lang='lat'><strong>,</strong></span> <span class='ocrx_word' id='word_1_492' title='bbox 452 4520 483 4560; x_wconf 88' lang='lat' dir='ltr'><strong>a</strong></span> <span class='ocrx_word' id='word_1_493' title='bbox 511 4520 654 4561; x_wconf 88' lang='lat' dir='ltr'><strong>vers.</strong></span> <span class='ocrx_word' id='word_1_494' title='bbox 701 4507 806 4562; x_wconf 78' lang='lat'><strong>782</strong></span> <span class='ocrx_word' id='word_1_495' title='bbox 832 4507 898 4562; x_wconf 88' lang='lat' dir='ltr'><strong>ad</strong></span> <span class='ocrx_word' id='word_1_496' title='bbox 928 4522 1072 4563; x_wconf 88' lang='lat' dir='ltr'><strong>vers.</strong></span> <span class='ocrx_word' id='word_1_497' title='bbox 1104 4509 1209 4564; x_wconf 73' lang='lat'><strong>952</strong></span> <span class='ocrx_word' id='word_1_498' title='bbox 1230 4546 1249 4574; x_wconf 96' lang='lat'><strong>,</strong></span> <span class='ocrx_word' id='word_1_499' title='bbox 1290 4509 1560 4563; x_wconf 89' lang='lat' dir='ltr'><strong>diversum</strong></span> <span class='ocrx_word' id='word_1_500' title='bbox 1608 4521 1846 4562; x_wconf 88' lang='lat' dir='ltr'><strong>errorem</strong></span> 
     </span>
    </p>
   </div>
   <div class='ocr_carea' id='block_1_77' title="bbox 268 4575 1848 4646">
    <p class='ocr_par' dir='ltr' id='par_1_77' title="bbox 268 4575 1848 4646">
     <span class='ocr_line' id='line_1_78' title="bbox 268 4575 1848 4646; baseline -0.001 -15"><span class='ocrx_word' id='word_1_501' title='bbox 268 4575 487 4646; x_wconf 83' lang='lat' dir='ltr'><strong>evertit.</strong></span> <span class='ocrx_word' id='word_1_502' title='bbox 515 4575 656 4644; x_wconf 90' lang='lat' dir='ltr'><strong>quod</strong></span> <span class='ocrx_word' id='word_1_503' title='bbox 682 4577 854 4631; x_wconf 88' lang='lat' dir='ltr'><strong>anima</strong></span> <span class='ocrx_word' id='word_1_504' title='bbox 882 4579 951 4630; x_wconf 88' lang='lat' dir='ltr'><strong>sit</strong></span> <span class='ocrx_word' id='word_1_505' title='bbox 975 4580 1231 4646; x_wconf 83' lang='lat' dir='ltr'><strong>particula</strong></span> <span class='ocrx_word' id='word_1_506' title='bbox 1259 4578 1376 4633; x_wconf 89' lang='lat' dir='ltr'><strong>Dei.</strong></span> <span class='ocrx_word' id='word_1_507' title='bbox 1401 4579 1566 4633; x_wconf 80' lang='lat' dir='ltr'><strong>Sexto</strong></span> <span class='ocrx_word' id='word_1_508' title='bbox 1588 4576 1793 4646; x_wconf 88' lang='lat' dir='ltr'><strong>capite,</strong></span> <span class='ocrx_word' id='word_1_509' title='bbox 1817 4592 1848 4630; x_wconf 88' lang='lat' dir='ltr'><strong>a</strong></span> 
     </span>
    </p>
   </div>
   <div class='ocr_carea' id='block_1_78' title="bbox 273 4645 1849 4715">
    <p class='ocr_par' dir='ltr' id='par_1_78' title="bbox 273 4645 1849 4715">
     <span class='ocr_line' id='line_1_79' title="bbox 273 4645 1849 4715; baseline 0.003 -19"><span class='ocrx_word' id='word_1_510' title='bbox 273 4660 419 4701; x_wconf 75' lang='lat' dir='ltr'><strong>vers.</strong></span> <span class='ocrx_word' id='word_1_511' title='bbox 452 4645 557 4702; x_wconf 80' lang='lat'><strong>055</strong></span> <span class='ocrx_word' id='word_1_512' title='bbox 594 4646 660 4701; x_wconf 89' lang='lat' dir='ltr'><strong>ad</strong></span> <span class='ocrx_word' id='word_1_513' title='bbox 688 4663 829 4703; x_wconf 88' lang='lat' dir='ltr'><strong>vers.</strong></span> <span class='ocrx_word' id='word_1_514' title='bbox 861 4645 1025 4715; x_wconf 69' lang='grc'><strong>1062,</strong></span> <span class='ocrx_word' id='word_1_515' title='bbox 1060 4648 1380 4703; x_wconf 76' lang='lat' dir='ltr'><strong>Manichacus</strong></span> <span class='ocrx_word' id='word_1_516' title='bbox 1420 4657 1474 4704; x_wconf 90' lang='lat' dir='ltr'><strong>et</strong></span> <span class='ocrx_word' id='word_1_517' title='bbox 1503 4645 1849 4702; x_wconf 76' lang='lat' dir='ltr'><strong>Phantasma~</strong></span> 
     </span>
    </p>
   </div>
   <div class='ocr_carea' id='block_1_79' title="bbox 272 4715 1851 4787">
    <p class='ocr_par' dir='ltr' id='par_1_79' title="bbox 272 4715 1851 4787">
     <span class='ocr_line' id='line_1_80' title="bbox 272 4715 1851 4787; baseline 0.001 -18"><span class='ocrx_word' id='word_1_518' title='bbox 272 4715 411 4787; x_wconf 83' lang='lat' dir='ltr'><strong>ticos</strong></span> <span class='ocrx_word' id='word_1_519' title='bbox 432 4728 732 4787; x_wconf 87' lang='lat' dir='ltr'><strong>oppugnat,</strong></span> <span class='ocrx_word' id='word_1_520' title='bbox 757 4718 899 4787; x_wconf 89' lang='lat' dir='ltr'><strong>quod</strong></span> <span class='ocrx_word' id='word_1_521' title='bbox 932 4728 1183 4785; x_wconf 84' lang='lat' dir='ltr'><strong>negarent</strong></span> <span class='ocrx_word' id='word_1_522' title='bbox 1215 4718 1486 4775; x_wconf 87' lang='lat' dir='ltr'><strong>Christum</strong></span> <span class='ocrx_word' id='word_1_523' title='bbox 1515 4733 1700 4772; x_wconf 93' lang='lat' dir='ltr'><strong>verum</strong></span> <span class='ocrx_word' id='word_1_524' title='bbox 1729 4731 1851 4771; x_wconf 82' lang='lat' dir='ltr'><strong>cor-</strong></span> 
     </span>
    </p>
   </div>
   <div class='ocr_carea' id='block_1_80' title="bbox 271 4786 1850 4858">
    <p class='ocr_par' dir='ltr' id='par_1_80' title="bbox 271 4786 1850 4858">
     <span class='ocr_line' id='line_1_81' title="bbox 271 4786 1850 4858; baseline -0.001 -17"><span class='ocrx_word' id='word_1_525' title='bbox 271 4800 373 4856; x_wconf 87' lang='lat' dir='ltr'><strong>pus</strong></span> <span class='ocrx_word' id='word_1_526' title='bbox 402 4786 671 4842; x_wconf 88' lang='lat' dir='ltr'><strong>habuisse.</strong></span> <span class='ocrx_word' id='word_1_527' title='bbox 722 4786 787 4842; x_wconf 87' lang='lat' dir='ltr'><strong>Et</strong></span> <span class='ocrx_word' id='word_1_528' title='bbox 820 4802 943 4843; x_wconf 92' lang='lat' dir='ltr'><strong>cum</strong></span> <span class='ocrx_word' id='word_1_529' title='bbox 980 4788 1138 4857; x_wconf 89' lang='lat' dir='ltr'><strong>hujus</strong></span> <span class='ocrx_word' id='word_1_530' title='bbox 1179 4787 1557 4858; x_wconf 82' lang='lat' dir='ltr'><strong>diSputationis</strong></span> <span class='ocrx_word' id='word_1_531' title='bbox 1585 4787 1755 4858; x_wconf 87' lang='lat' dir='ltr'><strong>gratia</strong></span> <span class='ocrx_word' id='word_1_532' title='bbox 1783 4788 1850 4840; x_wconf 88' lang='lat' dir='ltr'><strong>de</strong></span> 
     </span>
    </p>
   </div>
   <div class='ocr_carea' id='block_1_81' title="bbox 272 4857 1846 4926">
    <p class='ocr_par' dir='ltr' id='par_1_81' title="bbox 272 4857 1846 4926">
     <span class='ocr_line' id='line_1_82' title="bbox 272 4857 1846 4926; baseline -0.001 -15"><span class='ocrx_word' id='word_1_533' title='bbox 272 4867 454 4911; x_wconf 89' lang='lat' dir='ltr'><strong>morte</strong></span> <span class='ocrx_word' id='word_1_534' title='bbox 480 4866 536 4912; x_wconf 88' lang='lat' dir='ltr'><strong>et</strong></span> <span class='ocrx_word' id='word_1_535' title='bbox 560 4860 953 4915; x_wconf 83' lang='lat' dir='ltr'><strong>resurrectione</strong></span> <span class='ocrx_word' id='word_1_536' title='bbox 980 4859 1177 4914; x_wconf 84' lang='lat' dir='ltr'><strong>Christi</strong></span> <span class='ocrx_word' id='word_1_537' title='bbox 1201 4857 1429 4913; x_wconf 85' lang='lat' dir='ltr'><strong>disserat</strong></span> <span class='ocrx_word' id='word_1_538' title='bbox 1453 4899 1470 4925; x_wconf 91' lang='lat'><strong>,</strong></span> <span class='ocrx_word' id='word_1_539' title='bbox 1503 4858 1556 4911; x_wconf 92' lang='lat' dir='ltr'><strong>in</strong></span> <span class='ocrx_word' id='word_1_540' title='bbox 1587 4857 1800 4926; x_wconf 90' lang='lat' dir='ltr'><strong>epilogo</strong></span> <span class='ocrx_word' id='word_1_541' title='bbox 1818 4872 1846 4909; x_wconf 90' lang='lat' dir='ltr'><strong>a</strong></span> 
     </span>
    </p>
   </div>
   <div class='ocr_carea' id='block_1_82' title="bbox 270 4928 1847 4998">
    <p class='ocr_par' dir='ltr' id='par_1_82' title="bbox 270 4928 1847 4998">
     <span class='ocr_line' id='line_1_83' title="bbox 270 4928 1847 4998; baseline 0.001 -19"><span class='ocrx_word' id='word_1_542' title='bbox 270 4941 415 4982; x_wconf 71' lang='lat' dir='ltr'><strong>vers.</strong></span> <span class='ocrx_word' id='word_1_543' title='bbox 446 4928 583 4983; x_wconf 76' lang='grc' dir='ltr'><strong>10ϋὸ</strong></span> <span class='ocrx_word' id='word_1_544' title='bbox 605 4929 668 4983; x_wconf 90' lang='lat' dir='ltr'><strong>ad</strong></span> <span class='ocrx_word' id='word_1_545' title='bbox 700 4930 877 4991; x_wconf 87' lang='lat' dir='ltr'><strong>linem,</strong></span> <span class='ocrx_word' id='word_1_546' title='bbox 903 4930 1149 4998; x_wconf 81' lang='lat' dir='ltr'><strong>exemplo</strong></span> <span class='ocrx_word' id='word_1_547' title='bbox 1174 4929 1369 4984; x_wconf 88' lang='lat' dir='ltr'><strong>Christi</strong></span> <span class='ocrx_word' id='word_1_548' title='bbox 1401 4928 1847 4998; x_wconf 82' lang='lat' dir='ltr'><strong>resurrectionem</strong></span> 
     </span>
    </p>
   </div>
   <div class='ocr_carea' id='block_1_83' title="bbox 270 4996 1847 5068">
    <p class='ocr_par' dir='ltr' id='par_1_83' title="bbox 270 4996 1847 5068">
     <span class='ocr_line' id='line_1_84' title="bbox 270 4996 1847 5068; baseline -0.002 -15"><span class='ocrx_word' id='word_1_549' title='bbox 270 4998 455 5053; x_wconf 88' lang='lat' dir='ltr'><strong>carnis</strong></span> <span class='ocrx_word' id='word_1_550' title='bbox 479 4997 721 5053; x_wconf 72' lang='lat' dir='ltr'><strong>humanae</strong></span> <span class='ocrx_word' id='word_1_551' title='bbox 751 5000 959 5067; x_wconf 87' lang='lat' dir='ltr'><strong>probat.</strong></span> <span class='ocrx_word' id='word_1_552' title='bbox 986 4996 1075 5055; x_wconf 84' lang='lat' dir='ltr'><strong>De</strong></span> <span class='ocrx_word' id='word_1_553' title='bbox 1091 4999 1359 5055; x_wconf 65' lang='lat' dir='ltr'><strong>haereticis</strong></span> <span class='ocrx_word' id='word_1_554' title='bbox 1382 5038 1399 5063; x_wconf 93' lang='lat'><strong>,</strong></span> <span class='ocrx_word' id='word_1_555' title='bbox 1426 5000 1515 5068; x_wconf 91' lang='lat' dir='ltr'><strong>qui</strong></span> <span class='ocrx_word' id='word_1_556' title='bbox 1544 4996 1847 5064; x_wconf 83' lang='lat' dir='ltr'><strong>hujusmodi</strong></span> 
     </span>
    </p>
   </div>
   <div class='ocr_carea' id='block_1_84' title="bbox 267 5070 1845 5137">
    <p class='ocr_par' dir='ltr' id='par_1_84' title="bbox 267 5070 1845 5137">
     <span class='ocr_line' id='line_1_85' title="bbox 267 5070 1845 5137; baseline -0.001 -15"><span class='ocrx_word' id='word_1_557' title='bbox 267 5083 490 5122; x_wconf 87' lang='lat' dir='ltr'><strong>errores</strong></span> <span class='ocrx_word' id='word_1_558' title='bbox 514 5070 743 5137; x_wconf 80' lang='lat' dir='ltr'><strong>amplexi</strong></span> <span class='ocrx_word' id='word_1_559' title='bbox 766 5080 912 5136; x_wconf 89' lang='lat' dir='ltr'><strong>sunt,</strong></span> <span class='ocrx_word' id='word_1_560' title='bbox 927 5085 1031 5124; x_wconf 93' lang='lat' dir='ltr'><strong>non</strong></span> <span class='ocrx_word' id='word_1_561' title='bbox 1044 5085 1232 5125; x_wconf 91' lang='lat' dir='ltr'><strong>omnes</strong></span> <span class='ocrx_word' id='word_1_562' title='bbox 1244 5085 1350 5125; x_wconf 91' lang='lat' dir='ltr'><strong>uno</strong></span> <span class='ocrx_word' id='word_1_563' title='bbox 1362 5070 1524 5123; x_wconf 92' lang='lat' dir='ltr'><strong>modo</strong></span> <span class='ocrx_word' id='word_1_564' title='bbox 1539 5070 1845 5137; x_wconf 89' lang='lat' dir='ltr'><strong>loquuntur.</strong></span> 
     </span>
    </p>
   </div>
   <div class='ocr_carea' id='block_1_85' title="bbox 266 5137 1847 5207">
    <p class='ocr_par' dir='ltr' id='par_1_85' title="bbox 266 5137 1847 5207">
     <span class='ocr_line' id='line_1_86' title="bbox 266 5137 1847 5207; baseline -0.001 -16"><span class='ocrx_word' id='word_1_565' title='bbox 266 5138 457 5206; x_wconf 84' lang='lat' dir='ltr'><strong>Neque</strong></span> <span class='ocrx_word' id='word_1_566' title='bbox 481 5140 699 5193; x_wconf 88' lang='lat' dir='ltr'><strong>mirum:</strong></span> <span class='ocrx_word' id='word_1_567' title='bbox 725 5154 906 5194; x_wconf 90' lang='lat' dir='ltr'><strong>notum</strong></span> <span class='ocrx_word' id='word_1_568' title='bbox 923 5141 1066 5194; x_wconf 92' lang='lat' dir='ltr'><strong>enim</strong></span> <span class='ocrx_word' id='word_1_569' title='bbox 1089 5149 1172 5196; x_wconf 86' lang='lat' dir='ltr'><strong>est</strong></span> <span class='ocrx_word' id='word_1_570' title='bbox 1187 5141 1559 5195; x_wconf 64' lang='lat' dir='ltr'><strong>haereticorum</strong></span> <span class='ocrx_word' id='word_1_571' title='bbox 1577 5137 1847 5207; x_wconf 89' lang='lat' dir='ltr'><strong>ingenium</strong></span> 
     </span>
    </p>
   </div>
   <div class='ocr_carea' id='block_1_86' title="bbox 267 5210 1847 5281">
    <p class='ocr_par' dir='ltr' id='par_1_86' title="bbox 267 5210 1847 5281">
     <span class='ocr_line' id='line_1_87' title="bbox 267 5210 1847 5281; baseline -0.001 -19"><span class='ocrx_word' id='word_1_572' title='bbox 267 5217 324 5281; x_wconf 92' lang='lat' dir='ltr'><strong>_et</strong></span> <span class='ocrx_word' id='word_1_573' title='bbox 346 5212 682 5281; x_wconf 83' lang='lat' dir='ltr'><strong>consuetudo</strong></span> <span class='ocrx_word' id='word_1_574' title='bbox 712 5211 946 5265; x_wconf 86' lang='lat' dir='ltr'><strong>variandi</strong></span> <span class='ocrx_word' id='word_1_575' title='bbox 975 5213 1242 5281; x_wconf 85' lang='lat' dir='ltr'><strong>dogmata.</strong></span> <span class='ocrx_word' id='word_1_576' title='bbox 1263 5210 1399 5266; x_wconf 84' lang='lat' dir='ltr'><strong>Hinc</strong></span> <span class='ocrx_word' id='word_1_577' title='bbox 1422 5210 1636 5273; x_wconf 88' lang='lat' dir='ltr'><strong>accidit,</strong></span> <span class='ocrx_word' id='word_1_578' title='bbox 1664 5217 1719 5262; x_wconf 93' lang='lat' dir='ltr'><strong>ut</strong></span> <span class='ocrx_word' id='word_1_579' title='bbox 1746 5210 1847 5281; x_wconf 76' lang='lat' dir='ltr'><strong>Sa-</strong></span> 
     </span>
    </p>
   </div>
   <div class='ocr_carea' id='block_1_87' title="bbox 266 5277 1847 5349">
    <p class='ocr_par' dir='ltr' id='par_1_87' title="bbox 266 5277 1847 5349">
     <span class='ocr_line' id='line_1_88' title="bbox 266 5277 1847 5349; baseline -0.002 -16"><span class='ocrx_word' id='word_1_580' title='bbox 266 5277 438 5333; x_wconf 84' lang='lat' dir='ltr'><strong>bellio</strong></span> <span class='ocrx_word' id='word_1_581' title='bbox 476 5280 696 5335; x_wconf 66' lang='lat' dir='ltr'><strong>haeresis</strong></span> <span class='ocrx_word' id='word_1_582' title='bbox 726 5277 1236 5349; x_wconf 78' lang='lat' dir='ltr'><strong>Patripassianorum</strong></span> <span class='ocrx_word' id='word_1_583' title='bbox 1279 5281 1564 5344; x_wconf 86' lang='lat' dir='ltr'><strong>tribuatur,</strong></span> <span class='ocrx_word' id='word_1_584' title='bbox 1591 5295 1705 5345; x_wconf 63' lang='lat' dir='ltr'><strong>qua»</strong></span> <span class='ocrx_word' id='word_1_585' title='bbox 1732 5279 1847 5345; x_wconf 83' lang='lat' dir='ltr'><strong>ejus</strong></span> 
     </span>
    </p>
   </div>
   <div class='ocr_carea' id='block_1_88' title="bbox 267 5349 1847 5419">
    <p class='ocr_par' dir='ltr' id='par_1_88' title="bbox 267 5349 1847 5419">
     <span class='ocr_line' id='line_1_89' title="bbox 267 5349 1847 5419; baseline -0.001 -18"><span class='ocrx_word' id='word_1_586' title='bbox 267 5358 455 5405; x_wconf 90' lang='lat' dir='ltr'><strong>tamen</strong></span> <span class='ocrx_word' id='word_1_587' title='bbox 495 5366 599 5407; x_wconf 90' lang='lat' dir='ltr'><strong>non</strong></span> <span class='ocrx_word' id='word_1_588' title='bbox 640 5351 767 5417; x_wconf 87' lang='lat' dir='ltr'><strong>luit,</strong></span> <span class='ocrx_word' id='word_1_589' title='bbox 793 5352 887 5406; x_wconf 86' lang='lat' dir='ltr'><strong>sed</strong></span> <span class='ocrx_word' id='word_1_590' title='bbox 928 5352 1385 5415; x_wconf 83' lang='lat' dir='ltr'><strong>Sabellianornm;</strong></span> <span class='ocrx_word' id='word_1_591' title='bbox 1428 5352 1517 5419; x_wconf 90' lang='lat' dir='ltr'><strong>qui</strong></span> <span class='ocrx_word' id='word_1_592' title='bbox 1561 5349 1847 5403; x_wconf 88' lang='lat' dir='ltr'><strong>trinitatem</strong></span> 
     </span>
    </p>
   </div>
   <div class='ocr_carea' id='block_1_89' title="bbox 267 5421 1849 5491">
    <p class='ocr_par' dir='ltr' id='par_1_89' title="bbox 267 5421 1849 5491">
     <span class='ocr_line' id='line_1_90' title="bbox 267 5421 1849 5491; baseline 0.001 -17"><span class='ocrx_word' id='word_1_593' title='bbox 267 5436 620 5487; x_wconf 86' lang='lat' dir='ltr'><strong>personarum</strong></span> <span class='ocrx_word' id='word_1_594' title='bbox 645 5437 764 5477; x_wconf 90' lang='lat' dir='ltr'><strong>cum</strong></span> <span class='ocrx_word' id='word_1_595' title='bbox 795 5422 1030 5478; x_wconf 73' lang='lat' dir='ltr'><strong>Sabellzo</strong></span> <span class='ocrx_word' id='word_1_596' title='bbox 1052 5423 1335 5491; x_wconf 89' lang='lat' dir='ltr'><strong>negabant,</strong></span> <span class='ocrx_word' id='word_1_597' title='bbox 1370 5424 1465 5475; x_wconf 89' lang='lat' dir='ltr'><strong>sed</strong></span> <span class='ocrx_word' id='word_1_598' title='bbox 1487 5421 1849 5491; x_wconf 70' lang='lat' dir='ltr'><strong>agnoscebant</strong></span> 
     </span>
    </p>
   </div>
   <div class='ocr_carea' id='block_1_90' title="bbox 265 5490 1848 5562">
    <p class='ocr_par' dir='ltr' id='par_1_90' title="bbox 265 5490 1848 5562">
     <span class='ocr_line' id='line_1_91' title="bbox 265 5490 1848 5562; baseline -0.001 -18"><span class='ocrx_word' id='word_1_599' title='bbox 265 5492 521 5562; x_wconf 77' lang='lat' dir='ltr'><strong>unionem</strong></span> <span class='ocrx_word' id='word_1_600' title='bbox 549 5491 964 5560; x_wconf 82' lang='lat' dir='ltr'><strong>hypostatic-nn,</strong></span> <span class='ocrx_word' id='word_1_601' title='bbox 999 5490 1158 5560; x_wconf 89' lang='lat' dir='ltr'><strong>quam</strong></span> <span class='ocrx_word' id='word_1_602' title='bbox 1186 5493 1420 5562; x_wconf 84' lang='lat' dir='ltr'><strong>negabat</strong></span> <span class='ocrx_word' id='word_1_603' title='bbox 1448 5492 1729 5547; x_wconf 81' lang='lat' dir='ltr'><strong>Sabellius.</strong></span> <span class='ocrx_word' id='word_1_604' title='bbox 1758 5490 1848 5562; x_wconf 45' lang='lat' dir='ltr'><strong>Vi:</strong></span> 
     </span>
    </p>
   </div>
   <div class='ocr_carea' id='block_1_91' title="bbox 263 5558 1845 5629">
    <p class='ocr_par' dir='ltr' id='par_1_91' title="bbox 263 5558 1845 5629">
     <span class='ocr_line' id='line_1_92' title="bbox 263 5558 1845 5629; baseline 0.002 -17"><span class='ocrx_word' id='word_1_605' title='bbox 263 5559 335 5612; x_wconf 87' lang='lat' dir='ltr'><strong>de</strong></span> <span class='ocrx_word' id='word_1_606' title='bbox 365 5558 663 5627; x_wconf 81' lang='lat' dir='ltr'><strong>Petaviuin,</strong></span> <span class='ocrx_word' id='word_1_607' title='bbox 696 5564 787 5619; x_wconf 91' lang='lat' dir='ltr'><strong>lib.</strong></span> <span class='ocrx_word' id='word_1_608' title='bbox 821 5578 834 5615; x_wconf 91' lang='lat' dir='ltr'><strong>l</strong></span> <span class='ocrx_word' id='word_1_609' title='bbox 866 5564 934 5617; x_wconf 88' lang='lat' dir='ltr'><strong>de</strong></span> <span class='ocrx_word' id='word_1_610' title='bbox 961 5558 1349 5617; x_wconf 77' lang='lat' dir='ltr'><strong>Incarnatione.</strong></span> <span class='ocrx_word' id='word_1_611' title='bbox 1380 5561 1678 5627; x_wconf 89' lang='lat' dir='ltr'><strong>Nestorius,</strong></span> <span class='ocrx_word' id='word_1_612' title='bbox 1703 5558 1845 5629; x_wconf 84' lang='lat' dir='ltr'><strong>apud</strong></span> 
     </span>
    </p>
   </div>
   <div class='ocr_carea' id='block_1_92' title="bbox 262 5629 1844 5700">
    <p class='ocr_par' dir='ltr' id='par_1_92' title="bbox 262 5629 1844 5700">
     <span class='ocr_line' id='line_1_93' title="bbox 262 5629 1844 5700; baseline -0.001 -16"><span class='ocrx_word' id='word_1_613' title='bbox 262 5629 558 5700; x_wconf 83' lang='lat' dir='ltr'><strong>Cyrillum,</strong></span> <span class='ocrx_word' id='word_1_614' title='bbox 594 5632 686 5687; x_wconf 90' lang='lat' dir='ltr'><strong>lib.</strong></span> <span class='ocrx_word' id='word_1_615' title='bbox 720 5649 753 5687; x_wconf 93' lang='lat' dir='ltr'><strong>Il</strong></span> <span class='ocrx_word' id='word_1_616' title='bbox 797 5643 981 5689; x_wconf 88' lang='lat' dir='ltr'><strong>contra</strong></span> <span class='ocrx_word' id='word_1_617' title='bbox 1011 5632 1160 5686; x_wconf 87' lang='lat' dir='ltr'><strong>Nest.</strong></span> <span class='ocrx_word' id='word_1_618' title='bbox 1188 5673 1203 5696; x_wconf 93' lang='lat'><strong>,</strong></span> <span class='ocrx_word' id='word_1_619' title='bbox 1235 5633 1511 5688; x_wconf 89' lang='lat' dir='ltr'><strong>catholicis</strong></span> <span class='ocrx_word' id='word_1_620' title='bbox 1531 5632 1844 5698; x_wconf 86' lang='lat' dir='ltr'><strong>objiciebat,</strong></span> 
     </span>
    </p>
   </div>
   <div class='ocr_carea' id='block_1_93' title="bbox 263 5702 1847 5769">
    <p class='ocr_par' dir='ltr' id='par_1_93' title="bbox 263 5702 1847 5769">
     <span class='ocr_line' id='line_1_94' title="bbox 263 5702 1847 5769; baseline -0.001 -12"><span class='ocrx_word' id='word_1_621' title='bbox 263 5704 411 5769; x_wconf 83' lang='lat' dir='ltr'><strong>quod</strong></span> <span class='ocrx_word' id='word_1_622' title='bbox 441 5702 716 5768; x_wconf 81' lang='lat' dir='ltr'><strong>ducerent,</strong></span> <span class='ocrx_word' id='word_1_623' title='bbox 738 5715 979 5761; x_wconf 83' lang='lat' dir='ltr'><strong>naturam</strong></span> <span class='ocrx_word' id='word_1_624' title='bbox 1002 5702 1287 5759; x_wconf 82' lang='lat' dir='ltr'><strong>humanam</strong></span> <span class='ocrx_word' id='word_1_625' title='bbox 1311 5704 1378 5758; x_wconf 82' lang='lat' dir='ltr'><strong>ad</strong></span> <span class='ocrx_word' id='word_1_626' title='bbox 1401 5703 1698 5769; x_wconf 76' lang='lat' dir='ltr'><strong>apotheosin</strong></span> <span class='ocrx_word' id='word_1_627' title='bbox 1727 5716 1847 5759; x_wconf 89' lang='lat' dir='ltr'><strong>esse</strong></span> 
     </span>
    </p>
   </div>
   <div class='ocr_carea' id='block_1_94' title="bbox 1872 4404 1926 4465">
    <p class='ocr_par' dir='ltr' id='par_1_94' title="bbox 1872 4404 1926 4465">
     <span class='ocr_line' id='line_1_95' title="bbox 1872 4404 1926 4465; baseline 0 0"><span class='ocrx_word' id='word_1_628' title='bbox 1872 4404 1926 4465; x_wconf 93' lang='lat' dir='ltr'><strong>D</strong></span> 
     </span>
    </p>
   </div>
   <div class='ocr_carea' id='block_1_95' title="bbox 2030 3108 3032 3179">
    <p class='ocr_par' dir='ltr' id='par_1_95' title="bbox 2030 3108 3032 3179">
     <span class='ocr_line' id='line_1_96' title="bbox 2030 3108 3032 3179; baseline 0.002 -16"><span class='ocrx_word' id='word_1_629' title='bbox 2030 3110 2083 3163; x_wconf 72' lang='lat'><strong>2.</strong></span> <span class='ocrx_word' id='word_1_630' title='bbox 2132 3110 2309 3176; x_wconf 84' lang='lat' dir='ltr'><strong>Egm.,</strong></span> <span class='ocrx_word' id='word_1_631' title='bbox 2344 3108 2620 3179; x_wconf 81' lang='lat' dir='ltr'><strong>mendose,</strong></span> <span class='ocrx_word' id='word_1_632' title='bbox 2649 3108 2785 3163; x_wconf 85' lang='lat' dir='ltr'><strong>male</strong></span> <span class='ocrx_word' id='word_1_633' title='bbox 2812 3109 3032 3179; x_wconf 84' lang='lat' dir='ltr'><strong>perdita.</strong></span> 
     </span>
    </p>
   </div>
   <div class='ocr_carea' id='block_1_96' title="bbox 2020 3177 3530 3247">
    <p class='ocr_par' dir='ltr' id='par_1_96' title="bbox 2020 3177 3530 3247">
     <span class='ocr_line' id='line_1_97' title="bbox 2020 3177 3530 3247; baseline 0.001 -15"><span class='ocrx_word' id='word_1_634' title='bbox 2020 3179 2074 3234; x_wconf 79' lang='grc'><strong>5.</strong></span> <span class='ocrx_word' id='word_1_635' title='bbox 2119 3180 2267 3247; x_wconf 81' lang='lat' dir='ltr'><strong>Egm.</strong></span> <span class='ocrx_word' id='word_1_636' title='bbox 2294 3218 2308 3238; x_wconf 90' lang='lat'><strong>,</strong></span> <span class='ocrx_word' id='word_1_637' title='bbox 2341 3177 2434 3231; x_wconf 83' lang='lat' dir='ltr'><strong>illa</strong></span> <span class='ocrx_word' id='word_1_638' title='bbox 2460 3218 2476 3242; x_wconf 94' lang='lat'><strong>,</strong></span> <span class='ocrx_word' id='word_1_639' title='bbox 2508 3195 2585 3231; x_wconf 83' lang='lat' dir='ltr'><strong>sc.</strong></span> <span class='ocrx_word' id='word_1_640' title='bbox 2615 3177 2871 3243; x_wconf 79' lang='lat' dir='ltr'><strong>lueresis;</strong></span> <span class='ocrx_word' id='word_1_641' title='bbox 2899 3179 3077 3234; x_wconf 67' lang='lat' dir='ltr'><strong>caeteri</strong></span> <span class='ocrx_word' id='word_1_642' title='bbox 3099 3178 3190 3235; x_wconf 88' lang='lat' dir='ltr'><strong>ille</strong></span> <span class='ocrx_word' id='word_1_643' title='bbox 3212 3219 3228 3243; x_wconf 95' lang='lat'><strong>,</strong></span> <span class='ocrx_word' id='word_1_644' title='bbox 3258 3178 3530 3247; x_wconf 83' lang='lat' dir='ltr'><strong>Patripas-</strong></span> 
     </span>
    </p>
   </div>
   <div class='ocr_carea' id='block_1_97' title="bbox 1950 3248 3531 3316">
    <p class='ocr_par' dir='ltr' id='par_1_97' title="bbox 1950 3248 3531 3316">
     <span class='ocr_line' id='line_1_98' title="bbox 1950 3248 3531 3316; baseline 0.002 -15"><span class='ocrx_word' id='word_1_645' title='bbox 1950 3251 2130 3302; x_wconf 87' lang='lat' dir='ltr'><strong>sianus</strong></span> <span class='ocrx_word' id='word_1_646' title='bbox 2147 3250 2450 3301; x_wconf 66' lang='lat' dir='ltr'><strong>haereticus.</strong></span> <span class='ocrx_word' id='word_1_647' title='bbox 2465 3248 2696 3303; x_wconf 87' lang='lat' dir='ltr'><strong>Carmen</strong></span> <span class='ocrx_word' id='word_1_648' title='bbox 2730 3250 2829 3301; x_wconf 90' lang='lat' dir='ltr'><strong>hoc</strong></span> <span class='ocrx_word' id='word_1_649' title='bbox 2850 3265 3153 3305; x_wconf 80' lang='lat' dir='ltr'><strong>connexum</strong></span> <span class='ocrx_word' id='word_1_650' title='bbox 3175 3257 3257 3303; x_wconf 90' lang='lat' dir='ltr'><strong>est</strong></span> <span class='ocrx_word' id='word_1_651' title='bbox 3270 3264 3393 3303; x_wconf 92' lang='lat' dir='ltr'><strong>cum</strong></span> <span class='ocrx_word' id='word_1_652' title='bbox 3411 3264 3531 3316; x_wconf 89' lang='lat' dir='ltr'><strong>pro-</strong></span> 
     </span>
    </p>
   </div>
   <div class='ocr_carea' id='block_1_98' title="bbox 1951 3318 3530 3387">
    <p class='ocr_par' dir='ltr' id='par_1_98' title="bbox 1951 3318 3530 3387">
     <span class='ocr_line' id='line_1_99' title="bbox 1951 3318 3530 3387; baseline -0.001 -14"><span class='ocrx_word' id='word_1_653' title='bbox 1951 3318 2071 3383; x_wconf 81' lang='lat' dir='ltr'><strong>logo</strong></span> <span class='ocrx_word' id='word_1_654' title='bbox 2100 3336 2114 3373; x_wconf 88' lang='lat'><strong>:</strong></span> <span class='ocrx_word' id='word_1_655' title='bbox 2159 3321 2335 3387; x_wconf 86' lang='lat' dir='ltr'><strong>itaque</strong></span> <span class='ocrx_word' id='word_1_656' title='bbox 2363 3318 2587 3387; x_wconf 87' lang='lat' dir='ltr'><strong>plurima</strong></span> <span class='ocrx_word' id='word_1_657' title='bbox 2610 3330 2728 3372; x_wconf 84' lang='lat' dir='ltr'><strong>sunt</strong></span> <span class='ocrx_word' id='word_1_658' title='bbox 2754 3318 2984 3373; x_wconf 77' lang='lat' dir='ltr'><strong>refertur</strong></span> <span class='ocrx_word' id='word_1_659' title='bbox 3008 3321 3071 3373; x_wconf 89' lang='lat' dir='ltr'><strong>ad</strong></span> <span class='ocrx_word' id='word_1_660' title='bbox 3103 3320 3413 3373; x_wconf 73' lang='lat' dir='ltr'><strong>zizaniorum</strong></span> <span class='ocrx_word' id='word_1_661' title='bbox 3444 3336 3530 3373; x_wconf 87' lang='lat' dir='ltr'><strong>se-</strong></span> 
     </span>
    </p>
   </div>
   <div class='ocr_carea' id='block_1_99' title="bbox 1950 3386 3529 3457">
    <p class='ocr_par' dir='ltr' id='par_1_99' title="bbox 1950 3386 3529 3457">
     <span class='ocr_line' id='line_1_100' title="bbox 1950 3386 3529 3457; baseline 0.001 -15"><span class='ocrx_word' id='word_1_662' title='bbox 1950 3386 2210 3453; x_wconf 85' lang='lat' dir='ltr'><strong>mina,ille</strong></span> <span class='ocrx_word' id='word_1_663' title='bbox 2228 3387 2292 3440; x_wconf 85' lang='lat' dir='ltr'><strong>ad</strong></span> <span class='ocrx_word' id='word_1_664' title='bbox 2306 3386 2485 3453; x_wconf 79' lang='lat' dir='ltr'><strong>hostis,</strong></span> <span class='ocrx_word' id='word_1_665' title='bbox 2499 3389 2603 3456; x_wconf 71' lang='lat' dir='ltr'><strong>fur,</strong></span> <span class='ocrx_word' id='word_1_666' title='bbox 2626 3389 2778 3453; x_wconf 80' lang='lat' dir='ltr'><strong>cuius</strong></span> <span class='ocrx_word' id='word_1_667' title='bbox 2797 3391 2997 3443; x_wconf 87' lang='lat' dir='ltr'><strong>mentio</strong></span> <span class='ocrx_word' id='word_1_668' title='bbox 3019 3390 3069 3444; x_wconf 90' lang='lat' dir='ltr'><strong>in</strong></span> <span class='ocrx_word' id='word_1_669' title='bbox 3091 3392 3308 3457; x_wconf 81' lang='lat' dir='ltr'><strong>prologo</strong></span> <span class='ocrx_word' id='word_1_670' title='bbox 3324 3390 3529 3444; x_wconf 85' lang='lat' dir='ltr'><strong>incidit.</strong></span> 
     </span>
    </p>
   </div>
   <div class='ocr_carea' id='block_1_100' title="bbox 2019 3458 3532 3523">
    <p class='ocr_par' dir='ltr' id='par_1_100' title="bbox 2019 3458 3532 3523">
     <span class='ocr_line' id='line_1_101' title="bbox 2019 3458 3532 3523; baseline 0.001 -11"><span class='ocrx_word' id='word_1_671' title='bbox 2019 3461 2072 3513; x_wconf 86' lang='lat'><strong>7.</strong></span> <span class='ocrx_word' id='word_1_672' title='bbox 2116 3460 2171 3511; x_wconf 92' lang='lat' dir='ltr'><strong>In</strong></span> <span class='ocrx_word' id='word_1_673' title='bbox 2204 3458 2322 3512; x_wconf 80' lang='lat' dir='ltr'><strong>Vat.</strong></span> <span class='ocrx_word' id='word_1_674' title='bbox 2356 3461 2397 3510; x_wconf 82' lang='grc' dir='ltr'><strong>Α</strong></span> <span class='ocrx_word' id='word_1_675' title='bbox 2424 3499 2440 3522; x_wconf 85' lang='grc'><em>,</em></span> <span class='ocrx_word' id='word_1_676' title='bbox 2470 3458 2805 3514; x_wconf 71' lang='lat' dir='ltr'><strong>desideratur</strong></span> <span class='ocrx_word' id='word_1_677' title='bbox 2848 3458 2963 3513; x_wconf 88' lang='lat' dir='ltr'><strong>illa.</strong></span> <span class='ocrx_word' id='word_1_678' title='bbox 3005 3459 3274 3514; x_wconf 78' lang='lat' dir='ltr'><strong>Arnobius</strong></span> <span class='ocrx_word' id='word_1_679' title='bbox 3324 3460 3418 3513; x_wconf 92' lang='lat' dir='ltr'><strong>lib.</strong></span> <span class='ocrx_word' id='word_1_680' title='bbox 3470 3476 3532 3523; x_wconf 86' lang='grc' dir='ltr'><strong>ι.</strong></span> 
     </span>
    </p>
   </div>
   <div class='ocr_carea' id='block_1_101' title="bbox 1948 3528 3534 3599">
    <p class='ocr_par' dir='ltr' id='par_1_101' title="bbox 1948 3528 3534 3599">
     <span class='ocr_line' id='line_1_102' title="bbox 1948 3528 3534 3599; baseline 0.001 -18"><span class='ocrx_word' id='word_1_681' title='bbox 1948 3544 2070 3599; x_wconf 86' lang='lat' dir='ltr'><strong>pag.</strong></span> <span class='ocrx_word' id='word_1_682' title='bbox 2102 3528 2290 3599; x_wconf 45' lang='grc' dir='ltr'><strong>υἷε-0</strong></span> <span class='ocrx_word' id='word_1_683' title='bbox 2313 3530 2554 3591; x_wconf 73' lang='lat' dir='ltr'><strong>maxime,</strong></span> <span class='ocrx_word' id='word_1_684' title='bbox 2584 3545 2612 3582; x_wconf 91' lang='grc' dir='ltr'><strong><em>ο</em></strong></span> <span class='ocrx_word' id='word_1_685' title='bbox 2633 3544 2828 3581; x_wconf 81' lang='lat' dir='ltr'><strong>summe</strong></span> <span class='ocrx_word' id='word_1_686' title='bbox 2851 3544 3023 3581; x_wconf 89' lang='lat' dir='ltr'><strong>rerum</strong></span> <span class='ocrx_word' id='word_1_687' title='bbox 3044 3529 3373 3583; x_wconf 77' lang='lat' dir='ltr'><strong>iniisibilium</strong></span> <span class='ocrx_word' id='word_1_688' title='bbox 3413 3544 3534 3598; x_wconf 76' lang='lat' dir='ltr'><strong>pro-</strong></span> 
     </span>
    </p>
   </div>
   <div class='ocr_carea' id='block_1_102' title="bbox 1953 3597 3535 3667">
    <p class='ocr_par' dir='ltr' id='par_1_102' title="bbox 1953 3597 3535 3667">
     <span class='ocr_line' id='line_1_103' title="bbox 1953 3597 3535 3667; baseline 0 -14"><span class='ocrx_word' id='word_1_689' title='bbox 1953 3597 2187 3653; x_wconf 75' lang='lat' dir='ltr'><strong>creatur!</strong></span> <span class='ocrx_word' id='word_1_690' title='bbox 2211 3597 2255 3650; x_wconf 92' lang='lat'><em>0</em></span> <span class='ocrx_word' id='word_1_691' title='bbox 2292 3599 2403 3662; x_wconf 66' lang='lat' dir='ltr'><strong>ipse</strong></span> <span class='ocrx_word' id='word_1_692' title='bbox 2432 3600 2624 3663; x_wconf 80' lang='lat' dir='ltr'><strong>invise,</strong></span> <span class='ocrx_word' id='word_1_693' title='bbox 2667 3608 2713 3653; x_wconf 89' lang='lat' dir='ltr'><strong>et</strong></span> <span class='ocrx_word' id='word_1_694' title='bbox 2745 3599 2903 3667; x_wconf 87' lang='lat' dir='ltr'><strong>nullis</strong></span> <span class='ocrx_word' id='word_1_695' title='bbox 2932 3616 3154 3666; x_wconf 81' lang='lat' dir='ltr'><strong>unquam</strong></span> <span class='ocrx_word' id='word_1_696' title='bbox 3177 3597 3535 3667; x_wconf 75' lang='lat' dir='ltr'><strong>comprehensa</strong></span> 
     </span>
    </p>
   </div>
   <div class='ocr_carea' id='block_1_103' title="bbox 1949 3666 3535 3738">
    <p class='ocr_par' dir='ltr' id='par_1_103' title="bbox 1949 3666 3535 3738">
     <span class='ocr_line' id='line_1_104' title="bbox 1949 3666 3535 3738; baseline 0 -15"><span class='ocrx_word' id='word_1_697' title='bbox 1949 3669 2172 3723; x_wconf 84' lang='lat' dir='ltr'><strong>naturis.</strong></span> <span class='ocrx_word' id='word_1_698' title='bbox 2203 3668 2461 3723; x_wconf 69' lang='lat' dir='ltr'><strong>blinntius</strong></span> <span class='ocrx_word' id='word_1_699' title='bbox 2490 3668 2637 3723; x_wconf 80' lang='lat' dir='ltr'><strong>Felix</strong></span> <span class='ocrx_word' id='word_1_700' title='bbox 2679 3685 2695 3722; x_wconf 91' lang='lat'><strong>:</strong></span> <span class='ocrx_word' id='word_1_701' title='bbox 2735 3666 2840 3722; x_wconf 84' lang='lat' dir='ltr'><strong>Hic</strong></span> <span class='ocrx_word' id='word_1_702' title='bbox 2866 3684 2969 3722; x_wconf 88' lang='lat' dir='ltr'><strong>non</strong></span> <span class='ocrx_word' id='word_1_703' title='bbox 2998 3670 3158 3724; x_wconf 79' lang='lat' dir='ltr'><strong>rideri</strong></span> <span class='ocrx_word' id='word_1_704' title='bbox 3200 3676 3359 3738; x_wconf 82' lang='lat' dir='ltr'><strong>potest</strong></span> <span class='ocrx_word' id='word_1_705' title='bbox 3381 3708 3399 3735; x_wconf 96' lang='lat'><strong>,</strong></span> <span class='ocrx_word' id='word_1_706' title='bbox 3426 3671 3535 3723; x_wconf 82' lang='lat' dir='ltr'><strong>visu</strong></span> 
     </span>
    </p>
   </div>
   <div class='ocr_carea' id='block_1_104' title="bbox 1954 3738 3536 3809">
    <p class='ocr_par' dir='ltr' id='par_1_104' title="bbox 1954 3738 3536 3809">
     <span class='ocr_line' id='line_1_105' title="bbox 1954 3738 3536 3809; baseline -0.001 -17"><span class='ocrx_word' id='word_1_707' title='bbox 1954 3739 2145 3793; x_wconf 86' lang='lat' dir='ltr'><strong>clarior</strong></span> <span class='ocrx_word' id='word_1_708' title='bbox 2167 3754 2187 3793; x_wconf 91' lang='lat'><strong><em>:</em></strong></span> <span class='ocrx_word' id='word_1_709' title='bbox 2213 3754 2304 3793; x_wconf 85' lang='lat' dir='ltr'><strong>nec</strong></span> <span class='ocrx_word' id='word_1_710' title='bbox 2324 3738 2687 3809; x_wconf 84' lang='lat' dir='ltr'><strong>comprehendi</strong></span> <span class='ocrx_word' id='word_1_711' title='bbox 2710 3779 2726 3803; x_wconf 90' lang='lat'><strong>,</strong></span> <span class='ocrx_word' id='word_1_712' title='bbox 2759 3746 2898 3809; x_wconf 73' lang='lat' dir='ltr'><strong>tactu</strong></span> <span class='ocrx_word' id='word_1_713' title='bbox 2927 3740 3104 3808; x_wconf 86' lang='lat' dir='ltr'><strong>purior</strong></span> <span class='ocrx_word' id='word_1_714' title='bbox 3126 3749 3199 3793; x_wconf 85' lang='lat' dir='ltr'><strong>est</strong></span> <span class='ocrx_word' id='word_1_715' title='bbox 3228 3753 3249 3793; x_wconf 91' lang='lat'><strong><em>:</em></strong></span> <span class='ocrx_word' id='word_1_716' title='bbox 3278 3755 3368 3791; x_wconf 90' lang='lat' dir='ltr'><strong>nec</strong></span> <span class='ocrx_word' id='word_1_717' title='bbox 3396 3740 3536 3809; x_wconf 72' lang='lat' dir='ltr'><strong>aesti-</strong></span> 
     </span>
    </p>
   </div>
   <div class='ocr_carea' id='block_1_105' title="bbox 1951 3807 3535 3877">
    <p class='ocr_par' dir='ltr' id='par_1_105' title="bbox 1951 3807 3535 3877">
     <span class='ocr_line' id='line_1_106' title="bbox 1951 3807 3535 3877; baseline 0.001 -15"><span class='ocrx_word' id='word_1_718' title='bbox 1951 3810 2083 3862; x_wconf 88' lang='lat' dir='ltr'><strong>mari</strong></span> <span class='ocrx_word' id='word_1_719' title='bbox 2112 3847 2129 3871; x_wconf 94' lang='lat'><strong>,</strong></span> <span class='ocrx_word' id='word_1_720' title='bbox 2168 3809 2395 3863; x_wconf 81' lang='lat' dir='ltr'><strong>sensibus</strong></span> <span class='ocrx_word' id='word_1_721' title='bbox 2433 3807 2601 3877; x_wconf 80' lang='lat' dir='ltr'><strong>major</strong></span> <span class='ocrx_word' id='word_1_722' title='bbox 2627 3818 2730 3870; x_wconf 84' lang='lat' dir='ltr'><strong>est,</strong></span> <span class='ocrx_word' id='word_1_723' title='bbox 2753 3807 2983 3877; x_wconf 78' lang='lat' dir='ltr'><strong>inﬁnitus</strong></span> <span class='ocrx_word' id='word_1_724' title='bbox 3005 3849 3019 3871; x_wconf 91' lang='lat'><strong>,</strong></span> <span class='ocrx_word' id='word_1_725' title='bbox 3048 3810 3342 3871; x_wconf 82' lang='lat' dir='ltr'><strong>immensus,</strong></span> <span class='ocrx_word' id='word_1_726' title='bbox 3365 3818 3411 3862; x_wconf 88' lang='lat' dir='ltr'><strong>et</strong></span> <span class='ocrx_word' id='word_1_727' title='bbox 3437 3808 3535 3863; x_wconf 78' lang='lat' dir='ltr'><strong>soli</strong></span> 
     </span>
    </p>
   </div>
   <div class='ocr_carea' id='block_1_106' title="bbox 1948 3876 3535 3945">
    <p class='ocr_par' dir='ltr' id='par_1_106' title="bbox 1948 3876 3535 3945">
     <span class='ocr_line' id='line_1_107' title="bbox 1948 3876 3535 3945; baseline -0.001 -13"><span class='ocrx_word' id='word_1_728' title='bbox 1948 3880 2045 3933; x_wconf 85' lang='lat' dir='ltr'><strong>sibi</strong></span> <span class='ocrx_word' id='word_1_729' title='bbox 2071 3887 2264 3941; x_wconf 86' lang='lat' dir='ltr'><strong>tantus,</strong></span> <span class='ocrx_word' id='word_1_730' title='bbox 2289 3876 2620 3945; x_wconf 87' lang='lat' dir='ltr'><strong>quantusest,</strong></span> <span class='ocrx_word' id='word_1_731' title='bbox 2647 3888 2819 3931; x_wconf 88' lang='lat' dir='ltr'><strong>notus.</strong></span> <span class='ocrx_word' id='word_1_732' title='bbox 2838 3876 2955 3930; x_wconf 92' lang='lat' dir='ltr'><strong>Non</strong></span> <span class='ocrx_word' id='word_1_733' title='bbox 2968 3887 3051 3932; x_wconf 88' lang='lat' dir='ltr'><strong>est</strong></span> <span class='ocrx_word' id='word_1_734' title='bbox 3080 3887 3255 3932; x_wconf 88' lang='lat' dir='ltr'><strong>tamen</strong></span> <span class='ocrx_word' id='word_1_735' title='bbox 3288 3878 3535 3945; x_wconf 84' lang='lat' dir='ltr'><strong>neganda</strong></span> 
     </span>
    </p>
   </div>
   <div class='ocr_carea' id='block_1_107' title="bbox 1949 3946 3533 4016">
    <p class='ocr_par' dir='ltr' id='par_1_107' title="bbox 1949 3946 3533 4016">
     <span class='ocr_line' id='line_1_108' title="bbox 1949 3946 3533 4016; baseline 0 -14"><span class='ocrx_word' id='word_1_736' title='bbox 1949 3949 2364 4002; x_wconf 83' lang='lat' dir='ltr'><strong>communicatio</strong></span> <span class='ocrx_word' id='word_1_737' title='bbox 2390 3946 2723 4009; x_wconf 91' lang='lat' dir='ltr'><strong>idiomatum,</strong></span> <span class='ocrx_word' id='word_1_738' title='bbox 2752 3961 2911 4016; x_wconf 89' lang='lat' dir='ltr'><strong>quam</strong></span> <span class='ocrx_word' id='word_1_739' title='bbox 2942 3946 3160 4000; x_wconf 88' lang='lat' dir='ltr'><strong>tradunt</strong></span> <span class='ocrx_word' id='word_1_740' title='bbox 3185 3954 3241 4000; x_wconf 90' lang='lat' dir='ltr'><strong>et</strong></span> <span class='ocrx_word' id='word_1_741' title='bbox 3259 3955 3533 4013; x_wconf 82' lang='lat' dir='ltr'><strong>exponunt</strong></span> 
     </span>
    </p>
   </div>
   <div class='ocr_carea' id='block_1_108' title="bbox 1952 4015 3533 4085">
    <p class='ocr_par' dir='ltr' id='par_1_108' title="bbox 1952 4015 3533 4085">
     <span class='ocr_line' id='line_1_109' title="bbox 1952 4015 3533 4085; baseline -0.001 -14"><span class='ocrx_word' id='word_1_742' title='bbox 1952 4017 2207 4084; x_wconf 88' lang='lat' dir='ltr'><strong>theologi.</strong></span> <span class='ocrx_word' id='word_1_743' title='bbox 2242 4016 2380 4070; x_wconf 87' lang='lat' dir='ltr'><strong>Dens</strong></span> <span class='ocrx_word' id='word_1_744' title='bbox 2408 4015 2752 4082; x_wconf 88' lang='lat' dir='ltr'><strong>estmortalis,</strong></span> <span class='ocrx_word' id='word_1_745' title='bbox 2775 4015 2850 4070; x_wconf 87' lang='lat' dir='ltr'><strong>est</strong></span> <span class='ocrx_word' id='word_1_746' title='bbox 2876 4016 3154 4085; x_wconf 79' lang='lat' dir='ltr'><strong>possibilia,</strong></span> <span class='ocrx_word' id='word_1_747' title='bbox 3180 4029 3533 4085; x_wconf 64' lang='lat' dir='ltr'><strong>percommun</strong></span> 
     </span>
    </p>
   </div>
   <div class='ocr_carea' id='block_1_109' title="bbox 1952 4084 3534 4154">
    <p class='ocr_par' dir='ltr' id='par_1_109' title="bbox 1952 4084 3534 4154">
     <span class='ocr_line' id='line_1_110' title="bbox 1952 4084 3534 4154; baseline -0.001 -12"><span class='ocrx_word' id='word_1_748' title='bbox 1952 4087 2273 4142; x_wconf 90' lang='lat' dir='ltr'><strong>nicatiunem</strong></span> <span class='ocrx_word' id='word_1_749' title='bbox 2293 4085 2602 4141; x_wconf 88' lang='lat' dir='ltr'><strong>idiomatum</strong></span> <span class='ocrx_word' id='word_1_750' title='bbox 2630 4086 2734 4140; x_wconf 89' lang='lat' dir='ltr'><strong>dici</strong></span> <span class='ocrx_word' id='word_1_751' title='bbox 2758 4084 2956 4153; x_wconf 81' lang='lat' dir='ltr'><strong>petest,</strong></span> <span class='ocrx_word' id='word_1_752' title='bbox 2984 4100 3089 4140; x_wconf 92' lang='lat' dir='ltr'><strong>non</strong></span> <span class='ocrx_word' id='word_1_753' title='bbox 3111 4084 3252 4154; x_wconf 93' lang='lat' dir='ltr'><strong>quod</strong></span> <span class='ocrx_word' id='word_1_754' title='bbox 3276 4084 3534 4140; x_wconf 78' lang='lat' dir='ltr'><strong>Divinital</strong></span> 
     </span>
    </p>
   </div>
   <div class='ocr_carea' id='block_1_110' title="bbox 1950 4154 3530 4227">
    <p class='ocr_par' dir='ltr' id='par_1_110' title="bbox 1950 4154 3530 4227">
     <span class='ocr_line' id='line_1_111' title="bbox 1950 4154 3530 4227; baseline -0.001 -16"><span class='ocrx_word' id='word_1_755' title='bbox 1950 4158 2057 4227; x_wconf 86' lang='lat' dir='ltr'><strong>pati</strong></span> <span class='ocrx_word' id='word_1_756' title='bbox 2079 4160 2331 4227; x_wconf 0' lang='lat' dir='ltr'><strong>autemori</strong></span> <span class='ocrx_word' id='word_1_757' title='bbox 2361 4156 2654 4224; x_wconf 88' lang='lat' dir='ltr'><strong>possit,sed</strong></span> <span class='ocrx_word' id='word_1_758' title='bbox 2677 4157 2797 4227; x_wconf 85' lang='lat' dir='ltr'><strong>quia</strong></span> <span class='ocrx_word' id='word_1_759' title='bbox 2810 4154 3075 4227; x_wconf 80' lang='lat' dir='ltr'><strong>Christus,</strong></span> <span class='ocrx_word' id='word_1_760' title='bbox 3092 4154 3259 4227; x_wconf 82' lang='lat' dir='ltr'><strong>homo</strong></span> <span class='ocrx_word' id='word_1_761' title='bbox 3281 4163 3330 4210; x_wconf 88' lang='lat' dir='ltr'><strong>et</strong></span> <span class='ocrx_word' id='word_1_762' title='bbox 3361 4154 3530 4227; x_wconf 73' lang='lat' dir='ltr'><strong>Deus,</strong></span> 
     </span>
    </p>
   </div>
   <div class='ocr_carea' id='block_1_111' title="bbox 1951 4222 3533 4297">
    <p class='ocr_par' dir='ltr' id='par_1_111' title="bbox 1951 4222 3533 4297">
     <span class='ocr_line' id='line_1_112' title="bbox 1951 4222 3533 4297; baseline -0.001 -16"><span class='ocrx_word' id='word_1_763' title='bbox 1951 4222 2220 4297; x_wconf 79' lang='lat' dir='ltr'><strong>passibilis</strong></span> <span class='ocrx_word' id='word_1_764' title='bbox 2254 4236 2309 4281; x_wconf 91' lang='lat' dir='ltr'><strong>et</strong></span> <span class='ocrx_word' id='word_1_765' title='bbox 2337 4222 2578 4297; x_wconf 83' lang='lat' dir='ltr'><strong>mortalis</strong></span> <span class='ocrx_word' id='word_1_766' title='bbox 2615 4222 2749 4297; x_wconf 75' lang='lat' dir='ltr'><strong>erat.</strong></span> <span class='ocrx_word' id='word_1_767' title='bbox 2782 4226 2944 4280; x_wconf 87' lang='lat' dir='ltr'><strong>Poeta</strong></span> <span class='ocrx_word' id='word_1_768' title='bbox 2979 4225 3066 4297; x_wconf 87' lang='lat' dir='ltr'><strong>hic</strong></span> <span class='ocrx_word' id='word_1_769' title='bbox 3090 4224 3325 4297; x_wconf 83' lang='lat' dir='ltr'><strong>loquitur</strong></span> <span class='ocrx_word' id='word_1_770' title='bbox 3353 4222 3427 4280; x_wconf 86' lang='lat' dir='ltr'><strong>de</strong></span> <span class='ocrx_word' id='word_1_771' title='bbox 3450 4224 3533 4279; x_wconf 62' lang='lat' dir='ltr'><strong>di-</strong></span> 
     </span>
    </p>
   </div>
   <div class='ocr_carea' id='block_1_112' title="bbox 1953 4293 3534 4366">
    <p class='ocr_par' dir='ltr' id='par_1_112' title="bbox 1953 4293 3534 4366">
     <span class='ocr_line' id='line_1_113' title="bbox 1953 4293 3534 4366; baseline -0.001 -15"><span class='ocrx_word' id='word_1_772' title='bbox 1953 4293 2196 4366; x_wconf 75' lang='lat' dir='ltr'><strong>vinitate,</strong></span> <span class='ocrx_word' id='word_1_773' title='bbox 2215 4299 2329 4351; x_wconf 86' lang='lat' dir='ltr'><strong>sive</strong></span> <span class='ocrx_word' id='word_1_774' title='bbox 2354 4296 2422 4351; x_wconf 89' lang='lat' dir='ltr'><strong>de</strong></span> <span class='ocrx_word' id='word_1_775' title='bbox 2439 4296 2673 4352; x_wconf 69' lang='lat' dir='ltr'><strong>essentia</strong></span> <span class='ocrx_word' id='word_1_776' title='bbox 2700 4296 2900 4361; x_wconf 87' lang='lat' dir='ltr'><strong>divina,</strong></span> <span class='ocrx_word' id='word_1_777' title='bbox 2917 4310 3037 4365; x_wconf 67' lang='lat' dir='ltr'><strong>quae</strong></span> <span class='ocrx_word' id='word_1_778' title='bbox 3055 4296 3106 4350; x_wconf 90' lang='lat' dir='ltr'><strong>in</strong></span> <span class='ocrx_word' id='word_1_779' title='bbox 3124 4293 3184 4349; x_wconf 80' lang='lat' dir='ltr'><strong>se</strong></span> <span class='ocrx_word' id='word_1_780' title='bbox 3205 4293 3319 4366; x_wconf 71' lang='lat' dir='ltr'><strong>ipsa</strong></span> <span class='ocrx_word' id='word_1_781' title='bbox 3345 4305 3534 4362; x_wconf 78' lang='lat' dir='ltr'><strong>sensu,</strong></span> 
     </span>
    </p>
   </div>
   <div class='ocr_carea' id='block_1_113' title="bbox 1952 4364 3543 4436">
    <p class='ocr_par' dir='ltr' id='par_1_113' title="bbox 1952 4364 3543 4436">
     <span class='ocr_line' id='line_1_114' title="bbox 1952 4364 3543 4436; baseline -0.003 -13"><span class='ocrx_word' id='word_1_782' title='bbox 1952 4368 2121 4423; x_wconf 90' lang='lat' dir='ltr'><strong>oculis</strong></span> <span class='ocrx_word' id='word_1_783' title='bbox 2147 4408 2163 4433; x_wconf 95' lang='lat'><strong>,</strong></span> <span class='ocrx_word' id='word_1_784' title='bbox 2184 4364 2423 4422; x_wconf 83' lang='lat' dir='ltr'><strong>manuve</strong></span> <span class='ocrx_word' id='word_1_785' title='bbox 2450 4366 2835 4436; x_wconf 88' lang='lat' dir='ltr'><strong>comprehendi</strong></span> <span class='ocrx_word' id='word_1_786' title='bbox 2880 4364 2987 4421; x_wconf 84' lang='lat' dir='ltr'><strong>nun</strong></span> <span class='ocrx_word' id='word_1_787' title='bbox 3020 4364 3235 4434; x_wconf 70' lang='lat' dir='ltr'><strong>potest.</strong></span> <span class='ocrx_word' id='word_1_788' title='bbox 3254 4364 3341 4418; x_wconf 90' lang='lat' dir='ltr'><strong>Vis</strong></span> <span class='ocrx_word' id='word_1_789' title='bbox 3368 4380 3543 4436; x_wconf 46' lang='lat' dir='ltr'><strong>argui-</strong></span> 
     </span>
    </p>
   </div>
   <div class='ocr_carea' id='block_1_114' title="bbox 1952 4435 3543 4505">
    <p class='ocr_par' dir='ltr' id='par_1_114' title="bbox 1952 4435 3543 4505">
     <span class='ocr_line' id='line_1_115' title="bbox 1952 4435 3543 4505; baseline -0.001 -12"><span class='ocrx_word' id='word_1_790' title='bbox 1952 4437 2118 4493; x_wconf 91' lang='lat' dir='ltr'><strong>menti</strong></span> <span class='ocrx_word' id='word_1_791' title='bbox 2140 4438 2192 4493; x_wconf 92' lang='lat' dir='ltr'><strong>in</strong></span> <span class='ocrx_word' id='word_1_792' title='bbox 2209 4453 2274 4493; x_wconf 90' lang='lat' dir='ltr'><strong>eo</strong></span> <span class='ocrx_word' id='word_1_793' title='bbox 2302 4437 2402 4491; x_wconf 82' lang='lat' dir='ltr'><strong>sita</strong></span> <span class='ocrx_word' id='word_1_794' title='bbox 2424 4447 2524 4501; x_wconf 90' lang='lat' dir='ltr'><strong>est,</strong></span> <span class='ocrx_word' id='word_1_795' title='bbox 2554 4435 2695 4505; x_wconf 87' lang='lat' dir='ltr'><strong>quod</strong></span> <span class='ocrx_word' id='word_1_796' title='bbox 2723 4438 2900 4491; x_wconf 80' lang='lat' dir='ltr'><strong>Deitas</strong></span> <span class='ocrx_word' id='word_1_797' title='bbox 2926 4451 3031 4489; x_wconf 91' lang='lat' dir='ltr'><strong>non</strong></span> <span class='ocrx_word' id='word_1_798' title='bbox 3059 4443 3142 4491; x_wconf 85' lang='lat' dir='ltr'><strong>est</strong></span> <span class='ocrx_word' id='word_1_799' title='bbox 3168 4448 3346 4505; x_wconf 85' lang='lat' dir='ltr'><strong>passa.</strong></span> <span class='ocrx_word' id='word_1_800' title='bbox 3368 4435 3543 4491; x_wconf 62' lang='lat' dir='ltr'><strong>adeo~</strong></span> 
     </span>
    </p>
   </div>
   <div class='ocr_carea' id='block_1_115' title="bbox 1951 4503 3540 4577">
    <p class='ocr_par' dir='ltr' id='par_1_115' title="bbox 1951 4503 3540 4577">
     <span class='ocr_line' id='line_1_116' title="bbox 1951 4503 3540 4577; baseline -0.004 -12"><span class='ocrx_word' id='word_1_801' title='bbox 1951 4523 2057 4577; x_wconf 86' lang='lat' dir='ltr'><strong>que</strong></span> <span class='ocrx_word' id='word_1_802' title='bbox 2079 4508 2235 4563; x_wconf 88' lang='lat' dir='ltr'><strong>Pater</strong></span> <span class='ocrx_word' id='word_1_803' title='bbox 2256 4522 2447 4575; x_wconf 85' lang='lat' dir='ltr'><strong>passus</strong></span> <span class='ocrx_word' id='word_1_804' title='bbox 2469 4503 2706 4570; x_wconf 82' lang='lat' dir='ltr'><strong>nonest,</strong></span> <span class='ocrx_word' id='word_1_805' title='bbox 2728 4506 2993 4575; x_wconf 88' lang='lat' dir='ltr'><strong>siquidem</strong></span> <span class='ocrx_word' id='word_1_806' title='bbox 3019 4521 3085 4561; x_wconf 80' lang='lat' dir='ltr'><strong>ex</strong></span> <span class='ocrx_word' id='word_1_807' title='bbox 3114 4503 3284 4561; x_wconf 82' lang='lat' dir='ltr'><strong>sacris</strong></span> <span class='ocrx_word' id='word_1_808' title='bbox 3312 4503 3540 4577; x_wconf 71' lang='lat' dir='ltr'><strong>Litteris.</strong></span> 
     </span>
    </p>
   </div>
   <div class='ocr_carea' id='block_1_116' title="bbox 1949 4573 3539 4643">
    <p class='ocr_par' dir='ltr' id='par_1_116' title="bbox 1949 4573 3539 4643">
     <span class='ocr_line' id='line_1_117' title="bbox 1949 4573 3539 4643; baseline -0.001 -11"><span class='ocrx_word' id='word_1_809' title='bbox 1949 4573 2162 4635; x_wconf 83' lang='lat' dir='ltr'><strong>constat</strong></span> <span class='ocrx_word' id='word_1_810' title='bbox 2202 4573 2397 4633; x_wconf 86' lang='lat' dir='ltr'><strong>Filium</strong></span> <span class='ocrx_word' id='word_1_811' title='bbox 2427 4619 2442 4643; x_wconf 93' lang='lat'><strong>,</strong></span> <span class='ocrx_word' id='word_1_812' title='bbox 2474 4593 2579 4632; x_wconf 89' lang='lat' dir='ltr'><strong>non</strong></span> <span class='ocrx_word' id='word_1_813' title='bbox 2612 4573 2823 4632; x_wconf 85' lang='lat' dir='ltr'><strong>Patrem</strong></span> <span class='ocrx_word' id='word_1_814' title='bbox 2844 4618 2858 4640; x_wconf 93' lang='lat'><strong>,</strong></span> <span class='ocrx_word' id='word_1_815' title='bbox 2901 4586 3144 4630; x_wconf 87' lang='lat' dir='ltr'><strong>naturam</strong></span> <span class='ocrx_word' id='word_1_816' title='bbox 3184 4573 3412 4630; x_wconf 86' lang='lat' dir='ltr'><strong>hominis</strong></span> <span class='ocrx_word' id='word_1_817' title='bbox 3442 4590 3539 4630; x_wconf 57' lang='lat' dir='ltr'><strong>ass</strong></span> 
     </span>
    </p>
   </div>
   <div class='ocr_carea' id='block_1_117' title="bbox 1951 4647 3535 4719">
    <p class='ocr_par' dir='ltr' id='par_1_117' title="bbox 1951 4647 3535 4719">
     <span class='ocr_line' id='line_1_118' title="bbox 1951 4647 3535 4719; baseline -0.001 -17"><span class='ocrx_word' id='word_1_818' title='bbox 1951 4649 2261 4719; x_wconf 79' lang='lat' dir='ltr'><strong>sumpsisse.</strong></span> <span class='ocrx_word' id='word_1_819' title='bbox 2313 4648 2409 4719; x_wconf 76' lang='lat' dir='ltr'><strong>illa</strong></span> <span class='ocrx_word' id='word_1_820' title='bbox 2449 4657 2593 4719; x_wconf 76' lang='lat' dir='ltr'><strong>certa</strong></span> <span class='ocrx_word' id='word_1_821' title='bbox 2633 4647 2814 4717; x_wconf 90' lang='lat' dir='ltr'><strong>regula</strong></span> <span class='ocrx_word' id='word_1_822' title='bbox 2855 4655 2969 4719; x_wconf 68' lang='lat' dir='ltr'><strong>est,</strong></span> <span class='ocrx_word' id='word_1_823' title='bbox 3014 4660 3192 4715; x_wconf 86' lang='lat' dir='ltr'><strong>perse</strong></span> <span class='ocrx_word' id='word_1_824' title='bbox 3228 4660 3299 4719; x_wconf 77' lang='lat' dir='ltr'><strong>ae</strong></span> <span class='ocrx_word' id='word_1_825' title='bbox 3336 4654 3535 4719; x_wconf 61' lang='lat' dir='ltr'><strong>natura</strong></span> 
     </span>
    </p>
   </div>
   <div class='ocr_carea' id='block_1_118' title="bbox 1951 4715 3539 4787">
    <p class='ocr_par' dir='ltr' id='par_1_118' title="bbox 1951 4715 3539 4787">
     <span class='ocr_line' id='line_1_119' title="bbox 1951 4715 3539 4787; baseline -0.001 -14"><span class='ocrx_word' id='word_1_826' title='bbox 1951 4715 2086 4783; x_wconf 77' lang='lat' dir='ltr'><strong>sua,</strong></span> <span class='ocrx_word' id='word_1_827' title='bbox 2115 4733 2221 4773; x_wconf 89' lang='lat' dir='ltr'><strong>non</strong></span> <span class='ocrx_word' id='word_1_828' title='bbox 2253 4718 2430 4772; x_wconf 90' lang='lat' dir='ltr'><strong>minus</strong></span> <span class='ocrx_word' id='word_1_829' title='bbox 2469 4717 2661 4773; x_wconf 87' lang='lat' dir='ltr'><strong>Filium</strong></span> <span class='ocrx_word' id='word_1_830' title='bbox 2701 4715 2866 4787; x_wconf 82' lang='lat' dir='ltr'><strong>quam</strong></span> <span class='ocrx_word' id='word_1_831' title='bbox 2916 4716 3129 4787; x_wconf 87' lang='lat' dir='ltr'><strong>Patrem</strong></span> <span class='ocrx_word' id='word_1_832' title='bbox 3174 4724 3231 4772; x_wconf 87' lang='lat' dir='ltr'><strong>et</strong></span> <span class='ocrx_word' id='word_1_833' title='bbox 3267 4715 3539 4787; x_wconf 63' lang='lat' dir='ltr'><strong>Spiritum</strong></span> 
     </span>
    </p>
   </div>
   <div class='ocr_carea' id='block_1_119' title="bbox 1954 4784 3541 4858">
    <p class='ocr_par' dir='ltr' id='par_1_119' title="bbox 1954 4784 3541 4858">
     <span class='ocr_line' id='line_1_120' title="bbox 1954 4784 3541 4858; baseline -0.002 -15"><span class='ocrx_word' id='word_1_834' title='bbox 1954 4798 2196 4847; x_wconf 85' lang='lat' dir='ltr'><strong>sanctum</strong></span> <span class='ocrx_word' id='word_1_835' title='bbox 2227 4804 2349 4844; x_wconf 89' lang='lat' dir='ltr'><strong>esse</strong></span> <span class='ocrx_word' id='word_1_836' title='bbox 2391 4784 2773 4858; x_wconf 78' lang='lat' dir='ltr'><strong>impassibilein</strong></span> <span class='ocrx_word' id='word_1_837' title='bbox 2815 4796 2872 4842; x_wconf 91' lang='lat' dir='ltr'><strong>et</strong></span> <span class='ocrx_word' id='word_1_838' title='bbox 2900 4786 3248 4842; x_wconf 84' lang='lat' dir='ltr'><strong>invisibilem.</strong></span> <span class='ocrx_word' id='word_1_839' title='bbox 3281 4784 3541 4858; x_wconf 74' lang='lat' dir='ltr'><strong>Rufilnus.</strong></span> 
     </span>
    </p>
   </div>
   <div class='ocr_carea' id='block_1_120' title="bbox 1951 4856 3539 4927">
    <p class='ocr_par' dir='ltr' id='par_1_120' title="bbox 1951 4856 3539 4927">
     <span class='ocr_line' id='line_1_121' title="bbox 1951 4856 3539 4927; baseline -0.002 -14"><span class='ocrx_word' id='word_1_840' title='bbox 1951 4859 2005 4913; x_wconf 89' lang='lat' dir='ltr'><strong>in</strong></span> <span class='ocrx_word' id='word_1_841' title='bbox 2038 4859 2393 4915; x_wconf 86' lang='lat' dir='ltr'><strong>Euarratione</strong></span> <span class='ocrx_word' id='word_1_842' title='bbox 2438 4856 2665 4927; x_wconf 64' lang='lat' dir='ltr'><strong>svmboli</strong></span> <span class='ocrx_word' id='word_1_843' title='bbox 2714 4858 3073 4927; x_wconf 86' lang='lat' dir='ltr'><strong>apostolorum</strong></span> <span class='ocrx_word' id='word_1_844' title='bbox 3112 4864 3356 4927; x_wconf 82' lang='lat' dir='ltr'><strong>testatur,</strong></span> <span class='ocrx_word' id='word_1_845' title='bbox 3386 4856 3539 4927; x_wconf 69' lang='lat' dir='ltr'><strong>apud</strong></span> 
     </span>
    </p>
   </div>
   <div class='ocr_carea' id='block_1_121' title="bbox 1950 4926 3538 5000">
    <p class='ocr_par' dir='ltr' id='par_1_121' title="bbox 1950 4926 3538 5000">
     <span class='ocr_line' id='line_1_122' title="bbox 1950 4926 3538 5000; baseline -0.001 -19"><span class='ocrx_word' id='word_1_846' title='bbox 1950 4944 2077 5000; x_wconf 77' lang='lat' dir='ltr'><strong>suos</strong></span> <span class='ocrx_word' id='word_1_847' title='bbox 2123 4929 2245 5000; x_wconf 77' lang='lat' dir='ltr'><strong>addi</strong></span> <span class='ocrx_word' id='word_1_848' title='bbox 2283 4929 2583 4983; x_wconf 80' lang='lat' dir='ltr'><strong>inuisibilem</strong></span> <span class='ocrx_word' id='word_1_849' title='bbox 2626 4938 2674 4982; x_wconf 90' lang='lat' dir='ltr'><strong>et</strong></span> <span class='ocrx_word' id='word_1_850' title='bbox 2712 4926 3182 5000; x_wconf 77' lang='lat' dir='ltr'><strong>impossibilemad</strong></span> <span class='ocrx_word' id='word_1_851' title='bbox 3242 4926 3538 5000; x_wconf 70' lang='lat' dir='ltr'><strong>articulum</strong></span> 
     </span>
    </p>
   </div>
   <div class='ocr_carea' id='block_1_122' title="bbox 1956 4995 3540 5065">
    <p class='ocr_par' dir='ltr' id='par_1_122' title="bbox 1956 4995 3540 5065">
     <span class='ocr_line' id='line_1_123' title="bbox 1956 4995 3540 5065; baseline -0.001 -14"><span class='ocrx_word' id='word_1_852' title='bbox 1956 4999 2117 5053; x_wconf 84' lang='lat' dir='ltr'><strong>Deum</strong></span> <span class='ocrx_word' id='word_1_853' title='bbox 2139 4999 2349 5053; x_wconf 83' lang='lat' dir='ltr'><strong>Patrem</strong></span> <span class='ocrx_word' id='word_1_854' title='bbox 2385 4995 2799 5065; x_wconf 74' lang='lat' dir='ltr'><strong>omnipotentem,</strong></span> <span class='ocrx_word' id='word_1_855' title='bbox 2834 5008 2888 5051; x_wconf 89' lang='lat' dir='ltr'><strong>ut</strong></span> <span class='ocrx_word' id='word_1_856' title='bbox 2909 4997 3282 5054; x_wconf 68' lang='lat' dir='ltr'><strong>excluderetur</strong></span> <span class='ocrx_word' id='word_1_857' title='bbox 3307 4995 3540 5051; x_wconf 56' lang='lat' dir='ltr'><strong>heresis</strong></span> 
     </span>
    </p>
   </div>
   <div class='ocr_carea' id='block_1_123' title="bbox 1954 5064 3537 5138">
    <p class='ocr_par' dir='ltr' id='par_1_123' title="bbox 1954 5064 3537 5138">
     <span class='ocr_line' id='line_1_124' title="bbox 1954 5064 3537 5138; baseline -0.002 -15"><span class='ocrx_word' id='word_1_858' title='bbox 1954 5070 2368 5138; x_wconf 82' lang='lat' dir='ltr'><strong>Patripassiana.</strong></span> <span class='ocrx_word' id='word_1_859' title='bbox 2417 5064 2625 5125; x_wconf 89' lang='lat' dir='ltr'><strong>Constat</strong></span> <span class='ocrx_word' id='word_1_860' title='bbox 2654 5070 2787 5123; x_wconf 87' lang='lat' dir='ltr'><strong>enim</strong></span> <span class='ocrx_word' id='word_1_861' title='bbox 2804 5109 2820 5134; x_wconf 94' lang='lat'><strong>,</strong></span> <span class='ocrx_word' id='word_1_862' title='bbox 2844 5070 2940 5132; x_wconf 87' lang='lat' dir='ltr'><strong>ait,</strong></span> <span class='ocrx_word' id='word_1_863' title='bbox 2968 5067 3164 5122; x_wconf 83' lang='lat' dir='ltr'><strong>Filium</strong></span> <span class='ocrx_word' id='word_1_864' title='bbox 3190 5082 3293 5138; x_wconf 85' lang='lat' dir='ltr'><strong>non</strong></span> <span class='ocrx_word' id='word_1_865' title='bbox 3317 5064 3537 5138; x_wconf 59' lang='lat' dir='ltr'><strong>Pyrene</strong></span> 
     </span>
    </p>
   </div>
   <div class='ocr_carea' id='block_1_124' title="bbox 1950 5134 3535 5209">
    <p class='ocr_par' dir='ltr' id='par_1_124' title="bbox 1950 5134 3535 5209">
     <span class='ocr_line' id='line_1_125' title="bbox 1950 5134 3535 5209; baseline -0.004 -17"><span class='ocrx_word' id='word_1_866' title='bbox 1950 5134 2295 5196; x_wconf 78' lang='lat' dir='ltr'><strong>incarnatnm.</strong></span> <span class='ocrx_word' id='word_1_867' title='bbox 2315 5179 2329 5194; x_wconf 98' lang='lat'><strong>.</strong></span> <span class='ocrx_word' id='word_1_868' title='bbox 2349 5178 2364 5193; x_wconf 93' lang='lat'><strong>.</strong></span> <span class='ocrx_word' id='word_1_869' title='bbox 2397 5141 2663 5205; x_wconf 81' lang='lat' dir='ltr'><strong>Quantum</strong></span> <span class='ocrx_word' id='word_1_870' title='bbox 2683 5150 2851 5193; x_wconf 88' lang='lat' dir='ltr'><strong>autem</strong></span> <span class='ocrx_word' id='word_1_871' title='bbox 2881 5147 3073 5209; x_wconf 79' lang='lat' dir='ltr'><strong>spectat</strong></span> <span class='ocrx_word' id='word_1_872' title='bbox 3091 5138 3159 5190; x_wconf 83' lang='lat' dir='ltr'><strong>ad</strong></span> <span class='ocrx_word' id='word_1_873' title='bbox 3184 5135 3329 5209; x_wconf 76' lang='lat' dir='ltr'><strong>illam</strong></span> <span class='ocrx_word' id='word_1_874' title='bbox 3355 5134 3535 5188; x_wconf 75' lang='lat' dir='ltr'><strong>Deita-</strong></span> 
     </span>
    </p>
   </div>
   <div class='ocr_carea' id='block_1_125' title="bbox 1953 5205 3527 5279">
    <p class='ocr_par' dir='ltr' id='par_1_125' title="bbox 1953 5205 3527 5279">
     <span class='ocr_line' id='line_1_126' title="bbox 1953 5205 3527 5279; baseline -0.004 -16"><span class='ocrx_word' id='word_1_875' title='bbox 1953 5212 2015 5264; x_wconf 86' lang='lat' dir='ltr'><strong>tis</strong></span> <span class='ocrx_word' id='word_1_876' title='bbox 2042 5210 2379 5266; x_wconf 86' lang='lat' dir='ltr'><strong>immortalem</strong></span> <span class='ocrx_word' id='word_1_877' title='bbox 2397 5212 2753 5271; x_wconf 85' lang='lat' dir='ltr'><strong>substantiam,</strong></span> <span class='ocrx_word' id='word_1_878' title='bbox 2768 5222 2881 5279; x_wconf 79' lang='lat' dir='ltr'><strong>qua:</strong></span> <span class='ocrx_word' id='word_1_879' title='bbox 2894 5205 3011 5279; x_wconf 1' lang='lat' dir='ltr'><strong>una,</strong></span> <span class='ocrx_word' id='word_1_880' title='bbox 3025 5208 3090 5269; x_wconf 88' lang='lat' dir='ltr'><strong>ei,</strong></span> <span class='ocrx_word' id='word_1_881' title='bbox 3112 5205 3527 5279; x_wconf 80' lang='lat' dir='ltr'><strong>eademq_ue_c_um</strong></span> 
     </span>
    </p>
   </div>
   <div class='ocr_carea' id='block_1_126' title="bbox 1953 5272 3525 5352">
    <p class='ocr_par' dir='ltr' id='par_1_126' title="bbox 1953 5272 3525 5352">
     <span class='ocr_line' id='line_1_127' title="bbox 1953 5272 3525 5352; baseline -0.003 -19"><span class='ocrx_word' id='word_1_882' title='bbox 1953 5279 2112 5336; x_wconf 84' lang='lat' dir='ltr'><strong>Patre</strong></span> <span class='ocrx_word' id='word_1_883' title='bbox 2131 5282 2322 5349; x_wconf 85' lang='lat' dir='ltr'><strong>est;ibi</strong></span> <span class='ocrx_word' id='word_1_884' title='bbox 2351 5298 2511 5352; x_wconf 86' lang='lat' dir='ltr'><strong>neque</strong></span> <span class='ocrx_word' id='word_1_885' title='bbox 2534 5272 2953 5352; x_wconf 65' lang='lat' dir='ltr'><strong>Pater,__neqne_1_7</strong></span> <span class='ocrx_word' id='word_1_886' title='bbox 2956 5278 3098 5342; x_wconf 87' lang='lat' dir='ltr'><strong>ilius,</strong></span> <span class='ocrx_word' id='word_1_887' title='bbox 3124 5289 3281 5345; x_wconf 81' lang='lat' dir='ltr'><strong>neque</strong></span> <span class='ocrx_word' id='word_1_888' title='bbox 3301 5272 3525 5344; x_wconf 80' lang='lat' dir='ltr'><strong>Spiritus</strong></span> 
     </span>
    </p>
   </div>
   <div class='ocr_carea' id='block_1_127' title="bbox 1949 5346 3033 5419">
    <p class='ocr_par' dir='ltr' id='par_1_127' title="bbox 1949 5346 3033 5419">
     <span class='ocr_line' id='line_1_128' title="bbox 1949 5346 3033 5419; baseline -0.007 -14"><span class='ocrx_word' id='word_1_889' title='bbox 1949 5364 2157 5406; x_wconf 85' lang='lat' dir='ltr'><strong>sanctus</strong></span> <span class='ocrx_word' id='word_1_890' title='bbox 2181 5346 2389 5405; x_wconf 87' lang='lat' dir='ltr'><strong>visibilis</strong></span> <span class='ocrx_word' id='word_1_891' title='bbox 2410 5346 2496 5404; x_wconf 84' lang='lat' dir='ltr'><strong>aut</strong></span> <span class='ocrx_word' id='word_1_892' title='bbox 2517 5346 2770 5419; x_wconf 76' lang='lat' dir='ltr'><strong>possibilia</strong></span> <span class='ocrx_word' id='word_1_893' title='bbox 2789 5348 3033 5400; x_wconf 88' lang='lat' dir='ltr'><strong>creditur.</strong></span> 
     </span>
    </p>
   </div>
   <div class='ocr_carea' id='block_1_128' title="bbox 2021 5411 3526 5490">
    <p class='ocr_par' dir='ltr' id='par_1_128' title="bbox 2021 5411 3526 5490">
     <span class='ocr_line' id='line_1_129' title="bbox 2021 5411 3526 5490; baseline -0.009 -15"><span class='ocrx_word' id='word_1_894' title='bbox 2021 5424 2075 5475; x_wconf 84' lang='lat'><strong>8.</strong></span> <span class='ocrx_word' id='word_1_895' title='bbox 2116 5421 2433 5476; x_wconf 88' lang='lat' dir='ltr'><strong>Christianis</strong></span> <span class='ocrx_word' id='word_1_896' title='bbox 2478 5411 2829 5486; x_wconf 81' lang='lat' dir='ltr'><strong>scriptoribus</strong></span> <span class='ocrx_word' id='word_1_897' title='bbox 2870 5411 3374 5490; x_wconf 36' lang='lat' dir='ltr'><strong>majestatem‘idem</strong></span> <span class='ocrx_word' id='word_1_898' title='bbox 3404 5424 3526 5490; x_wconf 70' lang='lat' dir='ltr'><strong>esse</strong></span> 
     </span>
    </p>
   </div>
   <div class='ocr_carea' id='block_1_129' title="bbox 1950 5478 3522 5561">
    <p class='ocr_par' dir='ltr' id='par_1_129' title="bbox 1950 5478 3522 5561">
     <span class='ocr_line' id='line_1_130' title="bbox 1950 5478 3522 5561; baseline -0.008 -14"><span class='ocrx_word' id='word_1_899' title='bbox 1950 5492 2237 5561; x_wconf 87' lang='lat' dir='ltr'><strong>aliquando</strong></span> <span class='ocrx_word' id='word_1_900' title='bbox 2260 5505 2323 5545; x_wconf 88' lang='lat' dir='ltr'><strong>ac</strong></span> <span class='ocrx_word' id='word_1_901' title='bbox 2342 5478 2672 5561; x_wconf 74' lang='lat' dir='ltr'><strong>divinitatem</strong></span> <span class='ocrx_word' id='word_1_902' title='bbox 2693 5528 2711 5553; x_wconf 92' lang='lat'><strong>,</strong></span> <span class='ocrx_word' id='word_1_903' title='bbox 2742 5478 3096 5561; x_wconf 62' lang='lat' dir='ltr'><strong>notatutii__est</strong></span> <span class='ocrx_word' id='word_1_904' title='bbox 3122 5500 3149 5536; x_wconf 88' lang='lat' dir='ltr'><strong>a</strong></span> <span class='ocrx_word' id='word_1_905' title='bbox 3181 5481 3399 5537; x_wconf 87' lang='lat' dir='ltr'><strong>Barthio</strong></span> <span class='ocrx_word' id='word_1_906' title='bbox 3428 5478 3522 5535; x_wconf 89' lang='lat' dir='ltr'><strong>lib.</strong></span> 
     </span>
    </p>
   </div>
   <div class='ocr_carea' id='block_1_130' title="bbox 1953 5554 3176 5627">
    <p class='ocr_par' dir='ltr' id='par_1_130' title="bbox 1953 5554 3176 5627">
     <span class='ocr_line' id='line_1_131' title="bbox 1953 5554 3176 5627; baseline -0.008 -9"><span class='ocrx_word' id='word_1_907' title='bbox 1953 5578 1983 5617; x_wconf 74' lang='grc' dir='ltr'><strong>ι</strong></span> <span class='ocrx_word' id='word_1_908' title='bbox 2010 5554 2259 5622; x_wconf 69' lang='grc' dir='ltr'><strong>Ᾰάνυτε..</strong></span> <span class='ocrx_word' id='word_1_909' title='bbox 2292 5573 2410 5627; x_wconf 91' lang='lat' dir='ltr'><strong>cap.</strong></span> <span class='ocrx_word' id='word_1_910' title='bbox 2437 5560 2493 5622; x_wconf 88' lang='grc'><strong>5.</strong></span> <span class='ocrx_word' id='word_1_911' title='bbox 2521 5573 2585 5627; x_wconf 78' lang='lat' dir='ltr'><strong>ex</strong></span> <span class='ocrx_word' id='word_1_912' title='bbox 2619 5554 2906 5611; x_wconf 82' lang='lat' dir='ltr'><strong>Prudentia</strong></span> <span class='ocrx_word' id='word_1_913' title='bbox 2929 5554 3176 5627; x_wconf 76' lang='lat' dir='ltr'><strong>aliisque.</strong></span> 
     </span>
    </p>
   </div>
   <div class='ocr_carea' id='block_1_131' title="bbox 2022 5624 3526 5693">
    <p class='ocr_par' dir='ltr' id='par_1_131' title="bbox 2022 5624 3526 5693">
     <span class='ocr_line' id='line_1_132' title="bbox 2022 5624 3526 5693; baseline -0.007 -8"><span class='ocrx_word' id='word_1_914' title='bbox 2022 5632 2075 5686; x_wconf 90' lang='lat'><strong>9.</strong></span> <span class='ocrx_word' id='word_1_915' title='bbox 2116 5624 2455 5692; x_wconf 53' lang='lat' dir='ltr'><strong>Joan.t,&#39;18</strong></span> <span class='ocrx_word' id='word_1_916' title='bbox 2489 5644 2502 5682; x_wconf 90' lang='lat'>:</span> <span class='ocrx_word' id='word_1_917' title='bbox 2537 5626 2700 5681; x_wconf 86' lang='lat' dir='ltr'><strong>Deum</strong></span> <span class='ocrx_word' id='word_1_918' title='bbox 2726 5640 2872 5679; x_wconf 88' lang='lat' dir='ltr'><strong>nemo</strong></span> <span class='ocrx_word' id='word_1_919' title='bbox 2890 5624 3014 5679; x_wconf 80' lang='lat' dir='ltr'><strong>vidit</strong></span> <span class='ocrx_word' id='word_1_920' title='bbox 3049 5637 3307 5693; x_wconf 85' lang='lat' dir='ltr'><strong>unquam;</strong></span> <span class='ocrx_word' id='word_1_921' title='bbox 3343 5629 3398 5693; x_wconf 88' lang='lat' dir='ltr'><strong>et</strong></span> <span class='ocrx_word' id='word_1_922' title='bbox 3426 5634 3481 5674; x_wconf 89' lang='lat' dir='ltr'><strong>vt</strong></span> <span class='ocrx_word' id='word_1_923' title='bbox 3504 5659 3526 5686; x_wconf 82' lang='grc'><em>,</em></span> 
     </span>
    </p>
   </div>
   <div class='ocr_carea' id='block_1_132' title="bbox 1950 5690 3523 5769">
    <p class='ocr_par' dir='ltr' id='par_1_132' title="bbox 1950 5690 3523 5769">
     <span class='ocr_line' id='line_1_133' title="bbox 1950 5690 3523 5769; baseline -0.007 -10"><span class='ocrx_word' id='word_1_924' title='bbox 1950 5702 2018 5759; x_wconf 69' lang='grc'><strong>46</strong></span> <span class='ocrx_word' id='word_1_925' title='bbox 2049 5717 2063 5758; x_wconf 88' lang='grc'>;</span> <span class='ocrx_word' id='word_1_926' title='bbox 2096 5690 2355 5769; x_wconf 76' lang='lat' dir='ltr'><strong>Nonquia</strong></span> <span class='ocrx_word' id='word_1_927' title='bbox 2380 5697 2587 5754; x_wconf 80' lang='lat' dir='ltr'><strong>Patrem</strong></span> <span class='ocrx_word' id='word_1_928' title='bbox 2613 5697 2738 5752; x_wconf 84' lang='lat' dir='ltr'><strong>ridit</strong></span> <span class='ocrx_word' id='word_1_929' title='bbox 2765 5693 3054 5767; x_wconf 81' lang='lat' dir='ltr'><strong>quisquam,</strong></span> <span class='ocrx_word' id='word_1_930' title='bbox 3079 5690 3177 5750; x_wconf 79' lang='lat' dir='ltr'><strong>nisi</strong></span> <span class='ocrx_word' id='word_1_931' title='bbox 3201 5694 3244 5748; x_wconf 88' lang='lat' dir='ltr'><strong>is</strong></span> <span class='ocrx_word' id='word_1_932' title='bbox 3273 5690 3357 5765; x_wconf 89' lang='lat' dir='ltr'><strong>qui</strong></span> <span class='ocrx_word' id='word_1_933' title='bbox 3377 5700 3452 5749; x_wconf 83' lang='lat' dir='ltr'><strong>est</strong></span> <span class='ocrx_word' id='word_1_934' title='bbox 3489 5712 3523 5753; x_wconf 78' lang='grc' dir='ltr'><em>α</em></span> 
     </span>
    </p>
   </div>
  </div>
