4090 6192
537 342 644 400 923

612 455 680 511 10
715 453 866 510 llaud
894 468 1128 524 unquam
1155 460 1345 509 testata
1368 452 1534 509 Deum
1557 453 1797 524 potuisse
1817 453 2011 509 videri.

720 547 815 603 Ille
842 547 1022 611 Pater,
1051 562 1210 615 quem
1240 546 1381 601 nulla
1400 546 1544 603 acies
1565 546 1797 602 violenta
1823 545 2026 601 tuendo

720 637 944 692 Eminus
982 637 1225 692 ardentis
1252 639 1555 707 penetravit
1581 638 1831 693 acumine
1856 636 2002 692 visus
2036 653 2049 688 :
2109 637 2116 644 '

715 730 998 803 ἀοιρυί
1026 745 1088 786 se
1117 732 1288 786 forma
1322 729 1553 785 hominis
1575 744 1681 785 non
1714 728 1907 790 induit,
1939 736 1994 784 et
2012 725 2126 783 dei-

1782 819 1906 875 tatis

1782 819 1906 875 tatis

714 910 1039 969 Immensum
1078 922 1359 983 assumpto
1392 926 1500 967 non
1546 818 1811 982 temperat
1837 925 1934 967 ore
1957 949 1975 976 ,
2003 924 2123 967 mo-

576 1092 646 1149 15
717 1094 825 1149 Aut
851 1094 1144 1164 evangelici
1178 1095 1347 1164 pietas
1375 1093 1681 1164 spernenda

715 1183 832 1240 l-m
853 1224 870 1251 ,
911 1184 1222 1255 blaspheme
1246 1223 1262 1250 ,
1295 1184 1390 1240 tibi
1418 1193 1503 1240 est
1525 1222 1542 1250 ,
1567 1193 1659 1238 aut
1694 1194 1969 1253 nunquam
2006 1178 2123 1235 visa

1772 1272 1913 1328 beati

1772 1273 1786 1325 l
1842 1273 1911 1326 δι’

718 1365 813 1421 Vis
834 1366 1032 1421 intacta
1060 1367 1235 1422 Patris
1256 1411 1270 1429 .
1303 1382 1407 1421 non
1434 1273 1778 1421 admiscemla
1792 1288 2047 1418 :IdItIClS.

710 1454 818 1511 Sed
841 1464 1018 1511 tamen
1033 1467 1088 1512 et
1109 1457 1285 1512 Patris
1303 1466 1384 1511 est
1403 1456 1703 1526 specimen,
1724 1452 1867 1525 quod
1897 1466 2124 1509 cernere

1669 1547 1778 1619 [ias
1804 1546 1903 1612 sit,

713 1639 974 1698 [inmanis
1018 1640 1310 1712 aliquando
1356 1638 1529 1697 oculis
1563 1650 1890 1695 concurrere
1934 1649 2115 1705 prom-

1084 1756 1089 1759 ~
1688 1728 1861 1801 [ptum
1895 1745 1910 1783 :

1658 338 1936 397 AURELIl
1980 334 2344 394 PRUDENTII
2384 333 2713 390 CARMINA.

2146 455 2202 514 Α
2258 450 2330 506 20
2402 447 2555 516 Quod
2616 445 2861 519 quamvis
2928 444 3096 502 hebes
3166 444 3392 503 intuitus
3462 448 3833 517 speculamine

3730 335 3833 392 924

3416 539 3466 593 la
3599 580 3614 604 ,

2411 632 2775 703 Humentique
2797 630 2912 688 acie
2952 631 3131 702 potuit
3156 539 3447 686 nebulogfis
3472 555 3649 685 2;?re.

2412 736 2649 806 Quisque
2678 733 2959 790 hominum
3006 732 3209 790 vidisse
3249 732 3417 789 Deum
3466 744 3823 800 memoratur,

3362 823 3465 895 [ab
3496 823 3614 892 ipso

2408 925 2571 998 5.05
2597 924 2836 981 infusum
2860 924 2991 980 vidit
3015 933 3234 979 natum:
3267 938 3391 979 nam
3414 923 3585 979 Filius
3601 924 3826 990 hocest,

2408 1026 2562 1092 Quod
2581 1027 2649 1081 de
2675 1027 2837 1081 Patre
2862 1027 3070 1083 micans
3089 1040 3150 1083 se
3170 1024 3825 1096 praestititinspiciendum

2264 1130 2337 1186 25
2411 1128 2515 1184 Per
2534 1128 2902 1198 species,quas
2913 1139 3095 1198 posset
3107 1127 3272 1183 homo
3286 1126 3673 1197 comprendere
3683 1126 3821 1180 visu.

2405 1227 2536 1281 Nam
2560 1241 2707 1281 mera
2731 1226 2985 1294 maiestas
3014 1235 3099 1280 est
3124 1226 3354 1294 infinita,
3380 1239 3481 1293 nec
3505 1225 3671 1279 intrat

2404 1329 2631 1385 Obtutus
2650 1369 2664 1393 ,
2694 1328 2872 1397 aliquo
2899 1327 2999 1381 nisi
3030 1341 3090 1382 se
3125 1326 3497 1382 moderamine
3526 1325 3746 1381 formet.

2407 1429 2518 1483 lloc
2545 1427 2680 1482 vidit
2706 1427 2953 1497 princeps
2974 1428 3221 1496 generosi
3251 1427 3473 1483 seminis
3504 1427 3703 1481 Abram
3731 1467 3750 1494 ,

2407 1526 2523 1582 .lam
2555 1535 2681 1582 tunc
2702 1526 2903 1596 dignati
2933 1534 3105 1581 terras
3140 1525 3373 1581 invisere
3399 1526 3603 1581 Christi

2264 1635 2335 1691 30
2408 1633 2616 1704 Hospes
2661 1631 2824 1688 homo
2849 1675 2865 1701 ,
2913 1632 2967 1686 in
3027 1631 3293 1701 triplicem
3340 1647 3541 1686 numen
3582 1631 3827 1690 radiasse

3362 1722 3607 1792 ﬁguram.

1843 1858 2132 1918 GLOSSE
2171 1860 2531 1917 VETERES.-

608 1999 695 2053 11.
736 1999 914 2067 Pater,
943 2012 1037 2069 est,
1078 2000 1117 2057 l.
1146 2032 1219 2043 —
1243 2000 1487 2056 Violenta
1509 2040 1526 2067 ,
1552 2015 1647 2071 pro
1668 1997 1939 2066 violenter,
1966 1999 2021 2053 id
2048 2005 2120 2053 est
2154 2002 2198 2063 Β

538 2068 753 2140 (ονιὲιστ,
789 2072 831 2124 Μ
839 2087 918 2125 ar.

610 2141 693 2193 1‘2.
736 2140 980 2205 Eminus",
1008 2141 1175 2208 longe,
1202 2142 1279 2195 vel
1300 2156 1327 2193 ε
1351 2151 1550 2209 contra,
1579 2140 1617 2194 Ι.

607 2210 691 2264 14.
734 2211 1081 2277 Immensum,
1102 2212 1509 2265 immensitatem.
1539 2208 1609 2250 4-
1631 2208 1758 2276 Ore,
1791 2209 1942 2279 facie,
1971 2208 2014 2264 l.

739 2281 886 2352 Visa,
915 2284 1117 2352 cognita
1137 2293 1233 2345 est,
1260 2283 1299 2335 Ι.

607 2351 851 2489 1‘3.)an
881 2348 1223 2408 admiscenda
1246 2394 1260 2417 ,
1295 2351 1583 2424 spernenda
1615 2360 1693 2406 est
1736 2348 1922 2427 (forte,
1981 2366 2123 2420 sepa-

607 2438 628 2472 u
667 2437 699 2473 ιι
731 2461 746 2483 ,
799 2460 813 2475 .
1810 2438 1813 2439 ⁷

533 2432 746 2483 ranae),
774 2432 813 2475 t.
1810 2438 1813 2439 '

610 2489 695 2545 18.
742 2490 826 2562 Et,
856 2508 950 2562 pro
976 2492 1145 2556 etiam,
1168 2489 1210 2547 i.
1233 2521 1303 2532 —
1324 2491 1630 2561 Specimen,
1684 2489 1881 2548 Filius.
1901 2518 1975 2533 —-
1993 2489 2123 2546 Cer-

535 2572 687 2628 nere,
712 2561 775 2615 ob
796 2561 1228 2631 insinuationem,
1256 2562 1378 2617 Vat.
1409 2565 1476 2618 A.

2304 1999 2388 2053 l9.
2432 1997 2637 2065 Oculis,
2666 1995 2856 2050 scilicet
2872 1995 2996 2065 quid
3012 1996 3108 2058 sit,
3140 1993 3245 2049 lso.

2300 2069 2391 2123 20.
2437 2064 2629 2132 llebes,
2655 2067 2867 2125 stultus.
2884 2064 2962 2120 ire!
2976 2074 3227 2119 retunsns.
3255 2094 3325 2104 —-
3344 2064 3567 2129 Glauco,
3586 2067 3761 2132 viridi,
3783 2068 3828 2123 Ι.

2300 2140 2392 2194 21.
2435 2137 2814 2205 "umentique,
2828 2136 3059 2190 humida.
3072 2165 3143 2175 —-
3158 2135 3338 2205 Adire,
3355 2137 3546 2193 scilicet
3569 2148 3761 2206 tamen,
3778 2137 3827 2193 l.

2298 2209 2390 2263 2'2.
2433 2207 2516 2264 Ab
2546 2208 2683 2276 ipso,
2716 2208 2888 2266 Patre,
2919 2207 2960 2261 l.

2297 2280 2389 2335 26.
2433 2274 2605 2337 Mora.
2642 2294 2772 2344 pura
2796 2317 2813 2338 .
2847 2278 2921 2330 vel
2949 2277 3149 2331 sincera
3173 2318 3190 2342 ,
3239 2276 3296 2329 id
3323 2283 3397 2330 est
3437 2274 3702 2332 divinitas.
3747 2307 3825 2320 —

2232 2349 2504 2416 Maiestas,
2540 2347 2711 2401 Patris
2728 2388 2742 2407 ,
2776 2346 2814 2402 Ι.

2300 2414 2391 2545 ‘28i
2436 2421 2632 2474 Abram
2653 2458 2672 2487 ,
2704 2420 2789 2472 ubi
2817 2427 2917 2472 tres
2941 2417 3196 2487 suscepit,
3224 2424 3272 2472 et
3300 2414 3436 2472 velut
3463 2416 3558 2470 uni
3586 2417 3831 2487 loqueba-

2300 2506 2337 2545 r.
2397 2505 2480 2545 so.

2231 2499 2337 2550 mf.
2375 2499 2480 2546 ISO.

1890 2669 2460 2728 COMMENTARIUS.

539 2823 682 2895 Deo,
713 2824 798 2879 hic
824 2825 946 2881 sidit
990 2824 1219 2881 Patrem.
1245 2826 1379 2882 Vide
1407 2825 1663 2895 hymnum
1689 2825 1723 2882 6
1748 2825 1904 2881 Catb.
1922 2866 1938 2889 ,
1966 2840 2114 2881 vers.

535 2894 590 2965 2.
622 2905 675 2950 et
703 2895 886 2965 hyum.
916 2897 971 2952 S.
1000 2896 1554 2958 Romani,vers.512.
1580 2896 1912 2953 PlurimiSS.
1934 2897 2117 2951 Patres

536 2964 752 3037 docent,
786 2965 838 3037 in
873 2969 1103 3036 Antiquo
1132 2969 1427 3037 prtesertim
1460 2968 1803 3022 Testamento
1828 2968 2001 3021 solum
2029 2965 2117 3019 Fi-

537 3034 666 3107 lium
698 3034 757 3091 se
789 3034 1094 3091 hominibus
1114 3034 1549 3107 conspiciendum
1581 3038 1995 3106 prmbnisse.qui
2022 3053 2119 3089 an-

536 3105 680 3177 gelus
711 3107 975 3162 interdum
1008 3105 1271 3174 vocatur,
1304 3108 1445 3178 quod
1474 3123 1503 3178 a
1533 3106 1695 3162 Patre
1725 3105 2024 3162 mitteretur.
2061 3107 2114 3160 lu

535 3190 597 3248 ea
642 3186 765 3230 sunt
806 3177 1069 3248 sententia
1100 3177 1373 3242 Justinus,
1406 3177 1664 3248 Origenes
1686 3218 1700 3243 ,
1730 3179 2113 3243 Tertullianus,

536 3244 769 3319 lrenams
799 3287 829 3319 ,_
849 3247 1031 3303 Patres
1054 3289 1069 3311 ,
1103 3251 1189 3312 qui
1218 3265 1282 3305 ex
1314 3234 1647 3304 Antiocliena
1677 3234 1883 3319 synodo
1914 3234 2116 3315 epistol
2146 3234 2191 3293 C

536 3315 640 3387 Iam
663 3317 971 3387 synodlcam
1003 3320 1067 3371 ad
1099 3318 1316 3373 Paulum
1338 3315 1743 3374 Samosatenum
1763 3320 2120 3384 scripserunt,

537 3386 860 3459 Athanasius
884 3430 899 3453 ,
959 3389 1189 3459 Cyrillus
1237 3389 1759 3459 Hierosolymitanus
1785 3430 1799 3449 .
1847 3388 2076 3442 Basilius
2103 3432 2118 3454 ,

536 3454 978 3540 Elii-ysostomus,
1003 3454 1239 3540 Cyrinus
1265 3454 1655 3540 Alexandrinus
1678 3500 1694 3525 ,
1729 3459 2119 3540 Theodoretps,

542 3524 791 3589 Hilarius,
828 3524 1177 3596 Ambrosius,
1207 3528 1315 3583 Leo
1344 3542 1499 3596 papa,
1537 3524 1789 3581 Isidorus.
1821 3527 1999 3596 Itaque
2027 3527 2124 3580 fal-

542 3609 661 3665 sum
694 3604 798 3658 est,
827 3595 1033 3649 caeteris
1062 3607 1179 3661 pOsl
1210 3598 1269 3653 S.
1304 3595 1652 3664 Augustinum
1688 3595 1931 3651 Patribus
1953 3599 2123 3665 magis

538 3664 809 3729 arrisisse,
832 3680 1019 3719 omnes
1050 3667 1259 3721 Veteris
1280 3666 1607 3720 Testamenti
1638 3668 1998 3736 apparitiones
2026 3664 2124 3736 per

540 3736 759 3807 angelos
788 3751 907 3791 esse
955 3736 1144 3802 factas,
1181 3738 1323 3807 quod
1357 3752 1525 3807 nuper
1573 3738 1785 3807 aliquis
1813 3736 2118 3792 afﬁrmavit.

539 3804 644 3857 Alii
674 3806 1021 3869 existimant,
1046 3822 1150 3861 non
1182 3804 1352 3861 solum
1385 3806 1573 3860 Filium
1607 3804 1970 3875 apparitiones
2003 3809 2122 3863 illas

540 3889 729 3928 omnes
754 3875 974 3940 obiisse,
1019 3876 1112 3930 sed
1157 3878 1364 3932 Patrem
1396 3879 1581 3945 etiam,
1606 3879 1738 3931 alius
1760 3879 1931 3932 solum
1950 3919 1965 3943 ,
1990 3878 2123 3932 alias

537 3959 658 3998 cum
685 3945 818 4000 Filio
847 3958 901 4001 et
920 3947 1120 4013 Splritu
1152 3960 1337 4002 sancto
1357 3988 1372 4012 ,
1406 3963 1785 4017 nonnunquam
1817 3963 1946 4003 vero
1976 3950 2121 4003 solos

538 4018 774 4088 angelos.
800 4020 968 4083 Quam
992 4019 1297 4086 opinionem
1328 4018 1388 4073 S.
1421 4018 1746 4088 Augustinus
1770 4033 1882 4088 pra:
1904 4020 2119 4074 caeteris

538 4085 854 4141 corroborat
876 4088 968 4141 lib.
996 4085 1039 4142 tt
1058 4089 1125 4142 de
1149 4088 1340 4143 Trinit.

614 4157 701 4210 15.
723 4157 980 4228 ΑΙΙρίηςὶιιε
1007 4174 1069 4213 ex
1093 4159 1203 4213 suis
1234 4172 1363 4213 mss.
1384 4199 1398 4223 ,
1431 4169 1483 4214 et
1515 4159 1670 4213 Fabr.
1705 4201 1720 4224 ,
1749 4158 1851 4222 Qui
1877 4175 1928 4213 se
1953 4160 2122 4228 [arma

540 4226 759 4279 hominis
785 4243 883 4280 non
914 4230 1101 4283 induit.
1130 4229 1299 4283 Aldus
1328 4230 1673 4296 ctWeitzius,
1696 4230 1796 4294 Qui
1817 4245 1866 4281 se
1900 4226 2122 4296 formam

540 4296 759 4349 hominis
800 4313 901 4351 non
939 4300 1105 4353 induit
1134 4315 1152 4362 ;
1183 4301 1380 4354 nullam
1425 4300 1705 4354 lcetioncm
1736 4299 1802 4352 ab
1834 4298 1932 4351 hac
1959 4301 2119 4352 dissi-

539 4368 754 4421 dentem
782 4367 1053 4424 Mariettus
1073 4372 1368 4423 annotavit.
1399 4370 1660 4425 Utrolibet
1687 4369 1842 4423 modo
1874 4368 2012 4423 idem
2040 4377 2124 4425 est

540 4451 748 4511 sensus.
776 4437 911 4511 Infra
938 4479 954 4506 ,
979 4453 1119 4494 vers.
1154 4440 1258 4511 456
1280 4482 1293 4507 ,
1328 4439 1465 4495 Deus
1495 4457 1547 4494 se
1589 4454 1801 4511 corpore
1831 4444 2005 4493 matris
2039 4442 2123 4492 in-

540 4507 675 4581 duit.
704 4509 808 4581 §ed
830 4518 953 4563 tunc
972 4518 1199 4581 metrum
1220 4510 1270 4564 id
1299 4512 1618 4581 postulabat.
1646 4507 1801 4564 Alex.
1839 4525 1960 4564 cum
1986 4511 2121 4581 Aldo

540 4575 975 4671 5,611:th
1004 4575 1315 4671 (ignarus;
1341 4582 1669 4671 Augustinus
1698 4583 1789 4671 lib.
1815 4581 2005 4671 VllLtle
2030 4580 2120 4662 βί-
2148 4611 2200 4671 D

541 4648 635 4717 vit.
654 4649 766 4716 Dei,
787 4665 905 4717 cap.
935 4651 957 4702 1
994 4669 1005 4702 :
1033 4650 1186 4704 Hanc
1210 4648 1543 4709 divinitatem.
1575 4651 1653 4705 vel
1698 4659 1751 4703 ut
1784 4652 1856 4703 sic
1878 4652 2114 4717 dixerim,

545 4716 824 4794 DEI'I'ATEH
846 4716 867 4771 εί
891 4735 1006 4773 nam
1024 4721 1191 4794 ethoc
1221 4721 1365 4776 verba
1390 4724 1464 4775 uti
1478 4725 1593 4794 jam
1616 4733 1817 4794 nostros
1838 4737 1939 4794 non
1963 4716 2119 4791 piget,

542 4796 597 4837 ut
614 4802 651 4862 _e
670 4784 1149 4862 Grmcoexpressius
1173 4801 1309 4844 trans
1317 4784 1496 4860 ferant;
1519 4796 1655 4862 quod
1678 4792 1757 4846 illi
1781 4784 1996 4849 θεότητᾶ
2018 4784 2121 4861 ap-

543 4855 953 4934 pelluntLb‘titur
981 4862 1137 4934 etiam
1156 4864 1219 4934 Δ5.
1247 4855 1618 4934 Hieronymus.

617 4926 699 5007 Hi:
735 4926 1088 5007 Blaspheinus,
1116 4926 1787 5007 litasti/temo,blasphemia,
1808 4945 1967 5007 voces
1996 4940 2120 5007 sunt.

543 5012 577 5069 ag
604 4997 729 5051 solis
757 4999 1110 5069 scriptoribus
1142 4997 1519 5056 ecclesiasticis
1541 4997 2123 5069 usitatce,’uta'l‘ertul-

547 5067 687 5139 liano
710 5108 725 5132 ,
756 5067 1104 5139 Hieronymo,
1135 5071 1347 5124 Orosio.

621 5137 701 5192 l8.
744 5139 799 5192 In
833 5137 970 5194 Vat.‘
996 5142 1037 5194 A
1070 5150 1124 5194 et
1154 5157 1259 5193 ttnu
1286 5140 1535 5195 Torrent.
1578 5144 1729 5197 abc-t
1754 5155 1829 5196 est
1858 5151 1978 5207 post
2010 5140 2115 5193 Pa-

545 5209 654 5281 t_ris.
690 5208 840 5280 Egm.
882 5221 941 5281 et
975 5211 1086 5266 l'al.
1110 5253 1124 5276 ,
1153 5222 1200 5264 et
1230 5215 1477 5281 specimen
1512 5228 1608 5277 pro
1636 5223 1708 5267 est
1751 5212 2026 5280 specimen.
2062 5213 2117 5267 ln

543 5279 747 5350 Thuan.
795 5289 847 5335 et
877 5280 1069 5335 Bulter.
1104 5279 1288 5350 priori,
1323 5282 1429 5335 Sed
1452 5280 1623 5337 Patris
1651 5279 1816 5336 tamen
1847 5292 1917 5335 est
1950 5285 2085 5348 speci
2097 5314 2114 5324 υ

543 5366 675 5404 men.
703 5349 880 5419 Egm.,
912 5356 991 5420 [as
1021 5349 1220 5424 est’prn
1249 5358 1324 5421 {as
1352 5354 1435 5406 sit.
1470 5354 1523 5406 lu
1548 5354 1781 5421 'l‘tiuan.,
1815 5353 1917 5407 Sed
1944 5351 2122 5406 Putris

538 5428 709 5495 tamen
741 5427 813 5495 est
844 5424 1126 5495 specimen,
1154 5425 1291 5493 quod
1320 5440 1522 5478 cernere
1543 5429 1623 5495 fus
1642 5424 1727 5478 sit.

614 5492 701 5545 19.
743 5491 864 5546 Vat.
891 5493 934 5547 A
954 5533 968 5556 ,
1000 5491 1292 5561 promptum
1316 5504 1407 5549 est.

609 5561 699 5616 20.
726 5561 879 5631 Egm.
908 5574 963 5635 et
984 5563 1121 5632 PaL,
1144 5565 1318 5617 clauso
1337 5605 1350 5629 ,
1381 5565 1542 5631 male,
1570 5579 1665 5630 pro
1686 5564 1889 5635 glauco.
1917 5563 2088 5633 Speru

540 5630 645 5703 tum
671 5630 995 5702 pro’pupulu
1028 5630 1205 5698 poeuit
1242 5649 1382 5689 ναῖε.
1408 5630 1536 5691 869.
1565 5630 1829 5700 Hauiart.,
1861 5644 1909 5689 et
1932 5630 2113 5703 specu-

539 5701 701 5777 (atria:
728 5706 949 5773 pupula,
975 5703 1101 5759 ibid.
1120 5743 1135 5769 ,
1173 5719 1314 5777 vers.
1338 5707 1463 5760 308.
1492 5708 1533 5759 A
1565 5705 1909 5777 Grmcadvoce
1938 5701 2114 5777 γλαὺξ.

544 5770 686 5825 situla
708 5770 735 5832 .7
757 5770 941 5831 noctua
962 5813 979 5839 .
1012 5783 1094 5833 est
1128 5775 1344 5851 glaufus
1369 5814 1383 5843 ,
1411 5777 1700 5843 glaucoma.
1734 5774 1922 5834 Celsus
1944 5770 2119 5833 'vocat

2221 2827 2584 2895 suﬂ‘usionem.

2293 2891 2386 2952 92.
2428 2897 2636 2960 Noms.,
2664 2903 2996 2961 memoratus,
3028 2891 3203 2950 minus
3228 2893 3388 2951 bene.

2293 2969 2389 3021 25.
2436 2966 2558 3021 Ald.
2587 3009 2603 3033 ,
2638 2967 2792 3021 Alex.
2813 3008 2828 3030 ,
2864 2965 2992 3021 Urb.
3020 3007 3036 3032 ,
3075 2965 3194 3021 Vat.
3225 2966 3269 3032 Q
3300 2976 3356 3019 et
3400 2967 3599 3033 vetusti
3626 2981 3823 3023 omnes

2220 3038 2445 3101 lleinsii,
2505 3036 2606 3090 Per
2652 3038 2883 3106 species,
2931 3052 3060 3106 quas
3089 3036 3246 3106 possit
3290 3035 3461 3106 homo.
3512 3036 3636 3091 Vat.
3682 3039 3725 3093 A
3764 3052 3827 3094 et

2225 3109 2413 3177 Egm.,
2443 3123 2617 3178 quant.
2646 3105 2911 3178 Cellarius
2937 3105 3126 3178 saltem
3166 3105 3333 3178 iued.
3366 3108 3431 3171 2,
3468 3106 3581 3160 Par
3600 3110 3817 3178 species,

2222 3174 2351 3249 quas
2372 3174 2547 3248 possit.
2575 3175 2827 3231 Fortasse
2860 3175 3140 3249 legendum
3155 3177 3271 3249 erit
3289 3174 3397 3228 Par
3418 3174 3635 3243 species,
3664 3195 3825 3247 quam

2227 3246 2382 3316 possit
2410 3250 2560 3300 homo
2589 3248 2952 3316 comprendere
2991 3248 3121 3299 visu.
3154 3246 3341 3300 Melius
3374 3256 3553 3301 tamen
3586 3265 3677 3316 per
3701 3265 3824 3315 spe—

2229 3320 2349 3383 cies,
2370 3335 2495 3385 quas
2509 3325 2697 3387 posset,
2721 3317 2833 3372 sive
2862 3316 3057 3387 possit.
3073 3317 3182 3370 Hoc
3212 3317 3357 3370 enim
3387 3317 3677 3372 discrimen
3700 3322 3823 3373 exi-

2226 3391 2310 3459 gui
2340 3386 2592 3443 momenti
2623 3396 2726 3442 est.
2757 3387 2896 3444 Vatt.
2929 3388 2971 3440 A
2991 3428 3005 3450 ,
3041 3386 3079 3439 Β
3108 3396 3163 3441 et
3192 3387 3349 3459 Man,
3377 3399 3566 3455 posset.

2298 3459 2392 3513 26.
2438 3459 2688 3527 Maiestas
2715 3474 2852 3511 mera
2882 3465 2982 3520 est,
3010 3471 3129 3525 quae
3159 3458 3357 3510 nullam
3392 3460 3615 3512 formam
3641 3459 3818 3515 induit

2225 3544 2253 3582 a
2291 3544 2384 3582 sna
2414 3539 2600 3583 natura
2641 3527 2970 3581 distinctam.
3017 3527 3329 3598 Scholastici
3380 3527 3621 3581 dicerent
3650 3532 3817 3598 maje-

2224 3610 2328 3654 stas
2357 3600 2495 3653 nude
2519 3606 2742 3667 sumpta.
2764 3597 3379 3669 ilym‘noS.iFrnctnosi,
3395 3612 3539 3651 vers.
3565 3599 3626 3652 91
3642 3638 3658 3669 ,
3679 3597 3817 3653 calce

2228 3682 2367 3723 ntera
2396 3684 2493 3741 pro
2519 3666 2646 3741 pede
2663 3666 2833 3741 nudo.
2860 3666 3005 3741 Mere
3024 3668 3181 3721 virtus
3204 3667 3298 3741 lib.
3330 3683 3387 3731 ll,
3416 3676 3615 3741 contra,
3632 3668 3809 3741 _Sym.,

2225 3755 2366 3794 vers.
2398 3734 2528 3795 741.
2555 3738 2796 3794 Gil'anins
2834 3739 3185 3799 allncinatur,
3218 3736 3343 3790 dum
3392 3734 3806 3805 contendit'lnd.

2227 3810 2441 3864 Lucret.
2472 3852 2485 3873 ,
2519 3809 2685 3864 verbo
2721 3823 2920 3866 uitans.
2957 3808 3093 3862 hanc
3123 3821 3306 3860 vocem
3334 3822 3363 3859 a
3396 3807 3591 3876 lingua:
3616 3809 3817 3863 Latina:

2225 3881 2535 3935 auctoribus
2569 3888 2772 3932 tantum
2796 3878 2921 3949 poni
2955 3893 3051 3949 pro
3074 3893 3207 3941 vero,
3231 3879 3515 3949 pra’slnnti,
3538 3896 3651 3949 non
3674 3881 3811 3949 ﬁcto,

2225 3967 2327 4004 non
2367 3950 2612 4004 simulato
2637 3990 2650 4011 ,
2698 3964 2790 4018 pro
2819 3948 3048 4017 insigni,
3092 3957 3138 4001 et
3173 3946 3471 4001 vehementi.
3504 3948 3601 4003 Vel
3634 3946 3700 4002 ex
3735 3949 3814 4003 his

2226 4019 2356 4075 solis
2380 4020 2653 4074 Prndentii
2678 4018 2809 4072 locis
2830 4018 3117 4072 refellitur.
3154 4018 3282 4070 Vide
3310 4018 3409 4070 alia
3438 4035 3559 4084 qua:
3593 4021 3813 4073 Becnia-

2229 4107 2329 4143 nus
2355 4091 2423 4144 de
2444 4090 2591 4161 Orig.
2622 4092 2763 4161 ling._
2780 4089 2895 4161 Lat.
2924 4090 3185 4143 adversus
3209 4102 3330 4161 eum
3374 4090 3613 4161 protulit.
3642 4091 3698 4161 in
3724 4106 3813 4143 eo-

2226 4162 2346 4216 dem
2389 4157 2719 4230 argumento
2737 4158 3060 4230 Prudentius
3100 4157 3370 4230 persistit.
3401 4157 3603 4230 Natura
3631 4160 3807 4213 divina

2224 4226 2587 4298 conspici'non
2608 4238 2779 4299 potest
2800 4229 2970 4283 oculis
2997 4226 3295 4299 corporeis,
3317 4227 3419 4281 nisi
3443 4228 3618 4281 forma
3641 4232 3806 4295 aliqua

2223 4311 2515 4370 assumpta.
2546 4298 2768 4355 Genstat
2798 4308 2975 4353 autem
3007 4339 3023 4363 ,
3076 4298 3239 4353 Deam
3286 4307 3536 4370 naturam
3582 4301 3807 4354 hominis

2225 4369 2578 4443 assumpsisse
2610 4386 2716 4443 non
2742 4371 2802 4443 in
2834 4372 3038 4425 unitate
3068 4378 3294 4434 natura,
3324 4369 3415 4422 sed
3444 4369 3497 4423 in
3531 4371 3807 4440 singulari~

2226 4451 2332 4496 tate
2359 4440 2601 4509 persona:
2628 4440 2813 4495 Verbi.

2294 4516 2384 4570 27.
2429 4514 2615 4579 Aldus,
2646 4513 2845 4578 aliquos
2876 4524 2973 4579 pro
3001 4510 3190 4577 aliqua.
3218 4509 3421 4563 Sensus
3444 4509 3659 4574 quidem
3690 4510 3797 4562 ido-

2225 4600 2358 4638 neus
2383 4585 2605 4638 subesse
2651 4589 2843 4650 potest.
2874 4584 2976 4635 Sed
3021 4581 3177 4635 codd.
3207 4580 3401 4632 habent
3429 4580 3627 4648 aliqua.
3655 4581 3803 4634 llein-

2232 4657 2343 4707 sius
2375 4656 2427 4708 in
2455 4655 2564 4708 suis
2594 4654 2793 4721 reperit
2824 4653 2874 4704 ni
2904 4668 2957 4704 se
2980 4692 2994 4717 ,
3026 4652 3165 4715 quod
3202 4661 3378 4721 tenent
3414 4651 3538 4703 Ald.
3565 4695 3579 4711 ,
3617 4651 3793 4719 Bong.,

2233 4725 2355 4780 \‘at.
2383 4725 2426 4791 Q
2454 4735 2506 4779 ct
2532 4720 2681 4792 Vulg.
2708 4723 2764 4775 ln
2796 4723 2990 4777 nostris
3011 4762 3024 4782 ,
3052 4721 3267 4783 Weitz.,
3301 4720 3440 4792 (iis,
3473 4722 3575 4773 nisi
3598 4739 3669 4775 se.

2301 4789 2660 4850 28._Adduci't
2678 4792 2920 4860 exempla
2950 4807 3011 4843 ex
3038 4806 3185 4844 sacra
3216 4789 3424 4855 pagina,
3453 4794 3647 4858 quibus
3674 4791 3800 4843 Deus

2230 4869 2539 4929 apparuisse
2573 4864 2766 4917 dicitur
2787 4904 2801 4928 ,
2836 4878 2954 4932 qua:
2985 4861 3161 4915 omnia
3193 4863 3257 4913 de
3288 4861 3421 4914 Filio
3448 4860 3540 4914 Dei
3568 4861 3796 4927 exponit.

2229 4937 2363 4990 Vide
2394 4936 2589 4990 Gcnes.
2630 4950 2779 4999 xvnu,
2815 4936 2836 4987 1
2874 4942 2925 4984 et
2959 4948 3072 4999 seq.
3107 4932 3420 4996 Dominum,
3454 4948 3612 5001 quem
3648 4932 3802 4985 Abra—

2231 5008 2354 5076 bam
2385 5006 2716 5076 alloquitur,
2757 5010 2912 5076 vocat
2957 5003 3225 5076 tibristum
3260 5017 3353 5068 per
3375 5003 3664 5076 prolepsin
3694 5044 3706 5063 ,
3740 5009 3803 5053 ut

2228 5074 2377 5139 alibi,
2411 5073 2618 5131 hoc-est
2650 5074 2903 5130 Verbum.
2946 5074 3317 5141 Apparuernnt
3361 5073 3660 5126 Abrahamo
3695 5081 3802 5125 tres

2229 5147 2327 5199 viri
2381 5155 2583 5201 stantes
2608 5186 2625 5212 ,
2666 5155 2725 5199 ut
2751 5158 3096 5212 personarum
3126 5144 3366 5195 Trinitas
3394 5144 3797 5210 signiﬁcaretur.

2225 5217 2439 5285 Triplex
2461 5218 2629 5287 ﬁgura
2659 5224 2783 5269 sunt
2806 5227 2915 5269 tres
2936 5213 3055 5287 viri.
3090 5213 3143 5267 In
3183 5214 3420 5266 carmine
3463 5215 3516 5265 in
3542 5212 3759 5287 Genesiu
3780 5254 3799 5267 .

2225 5284 2377 5355 cujus
2417 5284 2689 5342 auctorem
2723 5300 2828 5340 non
2859 5300 2977 5338 esse
3006 5284 3295 5339 Juvencum
3315 5323 3328 5346 ,
3361 5286 3569 5355 ostendi
3601 5284 3651 5336 in
3679 5296 3806 5355 pro-

2228 5353 2421 5426 legom.
2458 5372 2613 5411 versu
2643 5356 2747 5413 556
2787 5373 2801 5410 :
2839 5355 3075 5425 Dumque
3116 5355 3277 5407 Deum
3307 5354 3441 5407 trina
3469 5357 3680 5424 positum
3707 5353 3803 5405 sub

2226 5430 2447 5498 imagine
2478 5428 2657 5492 pascit.

2297 5492 2386 5552 Ξῖ).
2422 5498 2686 5553 Arnobius
2712 5537 2726 5560 ,
2774 5496 2865 5552 lib.
2904 5511 2961 5560 ι,
2995 5510 3114 5565 pag.
3150 5496 3172 5551 1
3203 5537 3218 5562 ,
3243 5496 3393 5564 queri
3439 5494 3657 5561 gentiles
3680 5492 3801 5565 ait,

2229 5568 2375 5635 ipsos
2405 5569 2564 5624 etiam
2596 5567 2824 5633 cmlites,
2859 5564 3133 5621 derelictis
3148 5567 3292 5620 curis
3320 5564 3655 5625 solemnibus,
3676 5564 3799 5629 qui-

2228 5638 2325 5693 bus
2346 5638 2612 5709 quondam
2644 5637 2889 5709 solebant
2930 5638 3144 5691 invisere
3170 5654 3251 5691 res
3280 5645 3509 5706 nostras,
3543 5646 3802 5691 terrarum

2226 5726 2253 5765 a
2281 5707 2590 5782 regionibus
2616 5707 3023 5768 esterminatos.

3228 5909 3249 5917 ,-
3275 5906 3391 5915 .-.μμ
