4090 6192
218 394 328 453 ως

401 598 521 663 Ipse
550 595 704 647 dator
731 591 864 660 legis
889 590 1083 644 divina:
1110 588 1369 642 accedere
1399 600 1582 640 coram

402 687 566 758 406
592 684 801 743 Iussus,
827 679 1076 735 amicitia.-
1103 679 1298 732 collato
1318 678 1407 746 qui
1433 677 1580 732 stetit
1607 689 1704 730 ore

401 780 679 838 Cominus,
709 783 764 830 et
792 773 960 828 sacris
981 772 1264 840 conjunxit
1295 770 1456 824 verba
1485 767 1736 838 loquelis,

255 874 330 928 35
404 871 593 927 Carnis
624 870 674 921 in
701 868 878 936 efﬁgie
898 865 1172 920 Christum
1203 879 1260 917 se
1299 876 1519 917 cernere
1548 861 1739 915 sensit.

403 964 508 1020 Sed
535 963 736 1027 majora
771 969 956 1026 petens
977 1002 990 1017 .
1018 958 1255 1010 animum
1289 970 1382 1024 per
1398 964 1518 1007 vota
1550 951 1776 1007 tetendit

402 1059 718 1113 lnconcessa
745 1051 970 1112 homini,
995 1049 1113 1118 plus
1137 1062 1293 1118 quam
1324 1045 1548 1100 mortale
1566 1045 1814 1096 laborans

405 1147 604 1216 lpsutn,
627 1150 856 1211 quantus
873 1149 1009 1206 erat,
1052 1139 1168 1193 sine
1208 1150 1436 1205 corpore
1463 1133 1639 1189 visere
1661 1131 1814 1186 Chri-

1406 1226 1602 1299 [stnm.

405 1325 646 1392 Denique
667 1334 787 1393 post
813 1320 965 1376 multi
991 1320 1256 1375 sermonis
1277 1329 1480 1383 mutua,
1515 1325 1742 1387 postque

259 1421 335 1475 40
405 1417 763 1486 Conspectum
788 1414 1068 1484 prmsentis
1093 1413 1228 1480 heri,
1259 1420 1314 1466 et
1337 1410 1608 1466 consortia
1635 1411 1813 1477 longa,

406 1511 622 1577 Quaeso,
639 1509 733 1576 ait,
747 1507 975 1560 ntliceat
989 1513 1042 1559 te
1059 1518 1220 1568 nunc,
1237 1503 1378 1557 Dcus
1395 1503 1620 1570 optime,
1634 1514 1814 1554 nosse.

407 1597 707 1668 Respondit
735 1594 1154 1665 Dominus:Mea,
1171 1610 1274 1648 non
1297 1610 1404 1661 me,
1421 1609 1645 1647 cernere
1659 1592 1817 1659 iustis

407 1692 709 1747 Posteriora
733 1692 905 1756 dabo;
935 1688 1060 1760 quid
1083 1689 1321 1755 apertius
1341 1727 1356 1752 ,
1382 1688 1584 1756 absque
1613 1687 1813 1750 aliena,

409 1784 580 1850 Quam
602 1791 793 1846 sumat,
828 1782 981 1847 facie,
1020 1779 1249 1833 Verbum
1279 1793 1382 1831 non
1412 1791 1566 1846 posse
1605 1776 1770 1830 videri
1798 1815 1814 1841 ,

274 1879 349 1935 85
413 1877 580 1931 Posse
608 1884 810 1939 tamen,
834 1888 956 1926 cum
989 1870 1138 1925 malit
1161 1868 1324 1932 idem,
1357 1882 1626 1936 nunquam
1659 1866 1815 1920 Patre
1848 1885 1896 1943 Β

1437 1957 1598 2030 [viso,

1640 376 2080 437 APOTHEOSIS.

403 505 517 560 lloc
545 497 884 556 colluctantis
912 505 1211 552 tractarunt
1231 493 1450 550 brachia
1471 491 1656 548 Jacob.
1835 515 1889 572 Α

3391 365 3493 421 926

2092 479 2347 539 Terrenis
2376 479 2566 545 oculis,
2596 478 2778 535 habitu
2799 491 2861 535 se
2881 477 3168 534 ostendere
3197 487 3381 532 nostro
3397 481 3422 530 ἲ

2019 599 2021 601 ·
2093 577 2251 646 διξερε
2271 581 2326 630 et
2353 574 2403 628 in
2429 573 2721 643 angelicas,
2753 573 2840 627 vel
2870 573 3126 628 mortales
3144 580 3497 628 memoratum

2091 756 2273 812 lnduci
2303 756 2542 825 species,
2573 762 2734 822 queat
2761 761 2820 808 ut
2849 755 2950 810 sub
2973 662 3411 824 imagin[eesc::rni.

2093 847 2206 903 Hoc
2256 846 2490 902 Verbum
2537 853 2664 913 est,
2713 845 2856 916 quod
2897 848 3159 901 vibratum
3207 846 3379 901 Patris
3407 861 3504 900 ore

3016 934 3035 1007 [
3054 936 3285 1007 benigno

1917 1031 1988 1088 50
2094 1030 2255 1102 407
2295 1030 2538 1100 Sumpsit
2588 1029 2834 1100 virgineo
2881 1027 3122 1098 fragilem
3169 1028 3236 1083 de
3277 1043 3506 1100 corpore

3160 1120 3431 1192 [ἴοι-111³111.

2104 1210 2234 1265 inde
2270 1210 2434 1280 ﬁgura
2467 1211 2702 1267 hominis
2734 1211 2970 1267 nondum
3005 1213 3105 1268 sub
3132 1228 3315 1278 carne,
3342 1214 3507 1287 Moysi

2100 1302 2347 1372 Obiecta,
2376 1303 2607 1371 effigiem
2641 1305 2814 1358 nostri
2844 1304 3147 1373 signaverat
3173 1307 3304 1373 oris,

2098 1392 2250 1458 Quod
2276 1392 2597 1461 quandoque
2626 1393 2766 1447 Deus
2789 1392 2949 1448 Verbi
2975 1395 3174 1449 virtute
3195 1403 3437 1450 coactum

2097 1481 2423 1548 Sumpturus
2453 1496 2672 1551 corpus,
2701 1482 2889 1536 faciem
2917 1483 3183 1538 referebat
3209 1486 3474 1540 eamdem.

1921 1573 1991 1629 55
2095 1572 2203 1629 Sed
2245 1581 2426 1627 tamen
2456 1583 2511 1627 et
2537 1581 2746 1628 sentam
2775 1572 2888 1627 visa
2919 1583 3002 1628 est
3031 1573 3204 1628 excita
3233 1589 3478 1631 cremare

2098 1665 2336 1720 Flamma
2358 1665 2573 1719 rubum.
2606 1666 2748 1721 Deus
2770 1666 2824 1721 in
2851 1666 3022 1737 spinis
3041 1667 3301 1722 volitabat
3321 1670 3512 1737 acutis,

2099 1777 2500 1849 Vulniﬁcasque
2527 1793 2711 1833 comas
2743 1779 2995 1834 innoxius
3027 1781 3165 1850 ignis
3191 1779 3408 1849 agebat,

2096 1869 2260 1941 [‘08
2298 1870 2456 1926 Esset
2509 1879 2568 1925 ut
2619 1870 2865 1940 exemplo
2903 1870 3044 1926 Deus
3117 1870 3410 1937 illapsurus
3458 1869 3513 1926 in

3207 1958 3377 2032 [artus

1553 2051 1837 2109 GLOSSAE
1881 2055 2220 2113 VETERES.

305 2149 396 2202 3|.
436 2147 751 2202 Tractarunt
774 2187 786 2208 ,
817 2147 1085 2214 tetigerunt
1113 2184 1126 2205 ,
1158 2143 1233 2196 vel
1259 2143 1616 2212 palpaverunt.
1641 2173 1710 2182 —
1737 2143 1826 2198 Ja-

234 2222 361 2277 tolt,
394 2220 480 2271 ubi
509 2219 878 2272 collurtabalur
904 2231 1018 2268 cum
1048 2216 1228 2282 angelo
1248 2252 1262 2277 ,
1299 2214 1398 2266 ISo.

304 2288 398 2341 ‘52.
439 2288 655 2350 Coram,
687 2286 878 2353 palam,
908 2285 983 2338 uel
1017 2301 1192 2350 prope,
1219 2284 1258 2336 I.

313 2359 411 2412 35.
452 2350 762 2425 Collatoqui
789 2358 958 2420 stetit,
988 2356 1116 2424 facie
1142 2357 1207 2405 att
1234 2351 1416 2424 [aciem
1437 2350 1634 2405 locutus
1663 2361 1756 2417 est,
1783 2352 1824 2406 1.

316 2429 415 2482 δι.
456 2428 742 2488 Cominus,
769 2428 947 2496 juxta,
981 2425 1020 2478 I.

308 2499 403 2552 57.
449 2497 570 2551 Plus
599 2493 780 2564 quam,
805 2497 996 2548 scilicet
1022 2495 1291 2559 debuisset,
1323 2493 1362 2545 l.

309 2567 400 2621 59.
445 2567 643 2628 Mutua,
670 2569 897 2618 alternas
918 2565 1301 2628 collocationes,
1333 2564 1372 2617 l.

306 2633 402 2689 40.
451 2638 596 2698 lleri,
634 2635 750 2700 Dei,
777 2634 813 2688 Ι.

303 2705 397 2759 45.
447 2707 771 2770 Posteriora,
798 2705 1011 2770 Filium,
1039 2703 1168 2757 sicut
1186 2705 1345 2769 inquit
1365 2703 1491 2774 ipse,
1518 2704 1636 2774 quia
1664 2705 1829 2774 major

242 2789 332 2826 me
353 2785 453 2838 est,
480 2792 702 2828 carnem.
727 2805 795 2816 —
829 2777 1099 2842 Apertius,
1134 2774 1253 2828 huic
1271 2776 1364 2841 rei,
1390 2773 1432 2827 ι.

315 2849 407 2901 ιι.
451 2845 706 2908 Verbum,
736 2844 953 2908 Filium,
975 2844 1012 2898 1.

312 2916 408 2969 45.
453 2916 618 2978 Idem,
647 2914 835 2977 Filius,
872 2915 910 2966 I.

311 2986 408 3041 46.
452 2985 667 3052 llabitu,
699 2987 751 3040 in
782 2985 979 3051 habitu,
1005 2984 1044 3038 1.

2007 2149 2096 2202 69.
2143 2147 2442 2216 Vihralum,
2469 2147 2732 2213 emissum,
2754 2146 2796 2201 1.

2008 2219 2096 2272 50.
2141 2218 2428 2288 Fragilem,
2460 2217 2748 2280 mortalem,
2780 2217 2881 2271 lso.

2008 2290 2097 2342 51.
2145 2286 2291 2352 Inde,
2323 2289 2512 2342 scilicet
2533 2289 2670 2357 quod
2693 2290 2921 2351 emicuit,
2950 2286 2991 2342 1.

2008 2357 2098 2411 5‘2.
2139 2358 2281 2420 Oris,
2315 2359 2484 2428 faciei,
2518 2358 2558 2413 Ι.

2009 2429 2096 2481 55.
2142 2426 2417 2492 Coactum,
2447 2427 2794 2496 coagulatum,
2827 2426 2866 2481 Ι.

2007 2499 2098 2552 54.
2141 2499 2449 2560 Referebat,
2481 2495 2758 2566 ﬁgurabat,
2789 2497 3084 2561 simulabat,
3111 2495 3151 2551 1.

2008 2568 2113 2692 55.l
2139 2569 2382 2634 Sentam,
2415 2578 2688 2621 sentosam.
2720 2594 2792 2607 -
2817 2567 3000 2623 Excita
3021 2607 3035 2632 ,
3082 2575 3355 2634 connuota,
3389 2569 3525 2623 excl-

2008 2657 2060 2692 a.
2121 2679 2133 2691 .

1934 2645 2060 2699 lata,
2095 2645 2133 2692 l.

2009 2709 2096 2762 57.
2140 2707 2454 2772 Vulniﬁcas,
2503 2709 2712 2762 vulnera
2760 2708 3024 2778 facientes.
3051 2737 3119 2747 —
3150 2706 3375 2778 Agebat,
3427 2709 3530 2760 cir-

1934 2779 2246 2902 cuztdasai,
2267 2779 2569 2902 Atangebat,
2613 2776 2792 2832 leniter
2837 2778 3103 2849 tangebat,
3149 2777 3188 2831 Ι.
3216 2808 3284 2817 --
3312 2776 3528 2842 Comas,

1935 2863 1998 2900 ru
2039 2865 2076 2902 ι,
2165 2867 2189 2900 a
2224 2888 2237 2901 .
2320 2889 2331 2902 .

1935 2859 2076 2906 rubr.
2121 2859 2237 2902 Vat.
2267 2859 2331 2902 A.

2007 2917 2097 2972 58.
2138 2919 2415 2988 Exemplo,
2449 2918 2760 2988 exemplum.
2781 2945 2851 2958 -ο
2877 2918 3038 2983 Deus,
3071 2932 3142 2972 sc.
3165 2917 3305 2987 quod
3325 2926 3454 2984 erat,
3486 2915 3529 2972 l.

1607 3078 2161 3138 COMMENTARIUS.

317 3175 410 3227 ⁸51.
455 3172 528 3226 De
558 3171 723 3228 Iacob
757 3187 876 3226 cum
926 3170 1152 3224 Domino
1182 3171 1413 3224 luctante
1443 3169 1563 3222 vide
1592 3169 1775 3238 hymn.
1807 3171 1842 3224 2

239 3243 409 3297 Catil.
433 3285 448 3307 ,
475 3258 618 3297 vers.
645 3245 730 3297 75.
770 3243 954 3295 Fuisse
986 3241 1207 3303 Filitttn,
1242 3240 1352 3293 sive
1399 3241 1687 3293 secundum
1720 3241 1840 3294 Tri-

254 3316 449 3369 uitatis
475 3328 758 3380 personam
789 3313 996 3379 plurimi
1032 3311 1266 3364 tradunt.

321 3385 410 3437 52.
460 3379 665 3455 MoySes
702 3379 1334 3455 Israelitislegt-indedit
1366 3395 1393 3432 a
1418 3380 1645 3455 Domino
1679 3381 1840 3434 tradi-

242 3465 383 3510 tam.
411 3451 560 3508 lluné
583 3455 754 3507 locum
781 3452 924 3520 attigi
956 3451 1139 3522 hymu.
1171 3451 1396 3515 7Cath.,
1420 3466 1563 3504 vers.
1600 3453 1688 3506 40.

316 3525 408 3578 55.
455 3525 570 3578 Put.
590 3566 604 3589 ,
634 3526 685 3576 in
711 3524 939 3590 e/ﬁgiem.

317 3596 413 3648 ⁸56.
457 3595 634 3663 Prag.,
671 3593 947 3656 mendose,
977 3600 1153 3662 potens
1177 3606 1272 3658 pro
1291 3602 1483 3663 petens.

315 3665 412 3718 ⁸58.
456 3667 541 3718 Ait
572 3660 907 3717 Prudentius
931 3703 946 3726 ,
978 3660 1332 3717 desiderasse
1375 3660 1609 3730 Moysem
1652 3660 1836 3717 videre

245 3735 544 3790 secundam
572 3733 848 3788 Trinitatis
879 3747 1160 3801 personam
1193 3736 1310 3785 sine
1357 3730 1524 3784 forma
1565 3731 1670 3784 ulla
1717 3747 1836 3786 cor-

248 3821 439 3870 porei,
459 3804 596 3874 quod
621 3813 800 3857 votum
825 3804 1193 3856 inconcessum
1221 3802 1420 3854 homini
1449 3810 1595 3874 recte
1620 3804 1832 3874 asserit.

249 3871 488 3930 Consule
537 3874 814 3943 theologos
846 3874 1178 3942 diSputantes
1210 3911 1225 3936 ,
1267 3881 1442 3925 utrum
1477 3871 1618 3926 Deus
1662 3873 1834 3927 oculis

248 3948 532 4013 corporeis
561 3944 707 3998 cerni
737 3944 926 4012 possit.

321 4017 415 4069 39.
462 4017 690 4078 Bonon.,
715 4015 922 4076 munia;
949 4013 1138 4066 melius
1168 4020 1368 4064 mutua.

322 4087 414 4140 L3.
459 4085 751 4139 Posteriora
785 4085 1202 4136 incarnationem
1229 4083 1526 4146 intelligunt
1563 4094 1683 4134 esse
1713 4081 1834 4135 Hie-

251 4171 541 4228 ronyuius,
577 4156 969 4228 Darnasceuus,
1006 4153 1341 4228 Bernartius,
1371 4151 1483 4228 alii.
1516 4151 1598 4202 lso
1628 4151 1836 4228 videtur

252 4221 560 4293 respexisse
602 4225 668 4279 ad
709 4225 1022 4294 prioritatem
1056 4233 1110 4276 et
1148 4223 1582 4294 posterioritatem
1600 4221 1830 4294 originis,

253 4292 412 4364 quam
433 4292 976 4364 explicant'theologi,
1003 4296 1138 4347 inter
1158 4295 1394 4364 Patrem.
1415 4300 1468 4344 et
1484 4292 1700 4364 Filium.
1729 4292 1833 4346 Alii

253 4361 806 4436 referunt'posteriora
833 4365 897 4418 ad
916 4361 1120 4436 corpus
1154 4363 1411 4436 lucidum,
1446 4377 1552 4429 quo
1575 4361 1714 4436 Deus
1744 4376 1835 4430 ap-

253 4433 679 4506 paruerit.'Ald.,
708 4435 868 4506 male,
892 4435 1027 4505 quod
1057 4434 1301 4505 apertius.
1334 4433 1686 4501 Interrogatio
1707 4447 1836 4485 eon-

254 4503 495 4561 iinuatur
524 4507 587 4557 ad
623 4520 766 4560 vers.
801 4503 911 4558 46.
975 4520 983 4528 ·

321 4578 414 4631 47.
461 4576 750 4640 Giselinus,
779 4585 825 4627 et
858 4578 1116 4628 mortales.
1150 4573 1297 4637 Ald.,
1323 4573 1464 4637 Put.,
1498 4573 1673 4636 Rott.,
1700 4569 1838 4626 Cau-

251 4647 510 4709 chianus,
556 4645 671 4699 Vat.
708 4650 748 4700 A
781 4661 878 4712 pro
902 4646 1111 4700 diversa
1141 4646 1402 4710 scriptura
1431 4685 1444 4707 ,
1472 4646 1786 4696 moderatum
1818 4684 1833 4708 ,

251 4732 374 4772 cum
404 4718 580 4784 glossa
617 4726 955 4783 temporatum
987 4715 1116 4768 illud
1161 4714 1400 4767 Verbum.
1443 4714 1747 4776 Sallustius,
1780 4725 1835 4767 et

257 4788 351 4842 alii
380 4788 634 4840 dixerunt
661 4786 888 4850 modero,
918 4804 972 4840 as
992 4803 1009 4852 ;
1031 4797 1085 4840 et
1112 4785 1438 4840 Prudentius
1461 4786 1646 4838 eadem
1671 4785 1832 4852 signi-

254 4840 509 4912 ﬁcatione
537 4858 747 4924 passiva
778 4840 1096 4909 moderamen
1120 4871 1224 4908 non
1250 4855 1416 4910 semel
1449 4840 1772 4924 posuit.Vai.
1792 4858 1834 4908 A
1864 4840 1913 4900 Ῐ)

249 4942 280 4981 a
327 4927 499 4997 prima
540 4941 698 4981 manu
724 4967 738 4989 ,
777 4927 892 4980 Vat.
929 4927 968 4980 Β
996 4969 1009 4990 ,
1037 4927 1209 4980 Oxon.
1236 4965 1251 4988 ,
1279 4936 1643 4997 memoratum;
1673 4924 1792 4977 Rat.
1824 4966 1838 4991 ,

251 4994 427 5067 Man,
453 4997 672 5062 Weitz.,
704 4997 890 5066 Prag.,
925 5006 1257 5067 memoratum
1306 5007 1397 5050 est.
1440 4997 1493 5050 lu
1528 4994 1740 5050 Thuan.
1790 5006 1843 5048 et

250 5067 470 5123 Noms..
498 5071 815 5121 moderatum
839 5075 930 5121 est.
959 5067 1030 5121 Ita
1059 5067 1173 5118 Vat.
1206 5066 1270 5132 Q.

323 5139 419 5193 49.
459 5138 598 5209 Vide
627 5139 879 5209 hymnum
915 5139 973 5191 Η
1006 5138 1183 5199 Cath.,
1216 5151 1353 5192 vers.
1389 5135 1476 5209 i7.

326 5209 419 5263 5'5.
451 5205 906 5277 Nempe'Spiritus
926 5211 1092 5262 sancti
1119 5208 1334 5272 virtute,
1360 5205 1843 5261 aitChamillardus

252 5293 534 5347 exponens
583 5278 670 5333 illa
723 5278 886 5332 verba
945 5278 1096 5331 Verbi
1141 5279 1342 5332 virtute.
1392 5278 1507 5331 Non
1553 5279 1838 5347 assentior.

250 5346 442 5402 Solum
471 5349 662 5402 Filium
696 5364 815 5402 esse
844 5349 1071 5402 Verbum
1105 5349 1378 5402 notionale
1407 5348 1576 5401 Patris
1609 5346 1842 5416 theologi

251 5429 531 5484 asserunt,
566 5429 619 5473 et
644 5419 971 5475 S.Basilium
1006 5419 1192 5472 Iaxiori
1220 5432 1380 5472 sensu
1410 5418 1642 5471 locutum
1673 5419 1842 5481 aiunt,

253 5503 379 5542 cum
407 5489 544 5542 dixit
576 5490 666 5542 lib.
696 5504 728 5540 v
752 5498 937 5541 contra
965 5489 1280 5542 Eunomium
1318 5504 1331 5541 :
1369 5487 1461 5541 Dei
1489 5489 1692 5556 quidem
1721 5487 1848 5541 Ver-

253 5557 374 5610 bum
397 5571 471 5612 est
489 5557 675 5612 Filius.
703 5558 917 5612 Verbum
937 5569 1101 5612 autem
1118 5559 1239 5611 Filii
1265 5557 1512 5625 Spiritus.
1533 5558 1849 5612 Prudentius

253 5643 434 5698 neque
470 5633 583 5697 ipse
613 5637 768 5683 vocat
800 5629 1031 5683 Verbum
1073 5630 1330 5697 Spiritum
1378 5638 1643 5692 sanctum,
1676 5643 1849 5696 neque

255 5713 398 5764 opus
427 5707 531 5766 est,
564 5708 624 5753 ut
653 5699 723 5753 ita
755 5713 781 5751 a
813 5699 967 5754 nobis
995 5700 1315 5767 esplicetur.
1356 5699 1446 5753 Ait
1473 5714 1621 5768 ergo,
1654 5714 1850 5766 corpus

255 5778 507 5824 coactum
539 5771 738 5824 virtute
765 5769 946 5835 Verbi,
980 5770 1083 5824 hoc
1111 5779 1223 5835 est,
1258 5768 1410 5834 Filii,
1448 5770 1562 5823 sive
1601 5769 1849 5823 secundae

258 5851 531 5906 personae.
563 5839 696 5896 Vide
713 5855 829 5909 qua:
852 5841 1030 5898 notavi
1056 5841 1120 5898 ad
1144 5841 1245 5900 loc.
1266 5839 1657 5910 cit.,bymnill.
1689 5837 1850 5904 Infra,

1949 3188 2092 3227 vers.
2120 3172 2260 3243 lib:
2300 3173 2518 3227 Verbum
2557 3173 2892 3243 conspicuum
2921 3173 3077 3236 misit,
3109 3171 3426 3243 missumque
3436 3186 3534 3243 _re-

1942 3245 2097 3313 cepit,
2127 3241 2461 3313 Cumrvoluit,
2497 3243 2662 3296 Verbo
2683 3240 3000 3312 praestrinxit
3030 3243 3383 3313 viscera‘pura:
3410 3240 3534 3295 Vir-

1942 3309 2096 3383 ginis,
2140 3324 2186 3367 et
2228 3312 2394 3368 Verbo
2442 3313 2633 3367 struxit
2679 3309 2901 3381 puerilia
2933 3314 3175 3366 membra.
3215 3309 3403 3383 omnia
3439 3326 3536 3378 per

1946 3381 2179 3438 Verbum
2209 3385 2343 3439 facta
2365 3393 2511 3450 sunt,
2537 3393 2591 3439 et
2613 3383 2729 3438 sine
2759 3384 2874 3449 ipso
2898 3383 3092 3437 factum
3122 3392 3206 3437 est
3236 3381 3368 3435 nihil
3391 3383 3533 3451 quod

1863 3469 1908 3528 ρ
1943 3454 2139 3508 factum
2170 3463 2274 3509 est.
2313 3455 2513 3528 _lt_aque
2543 3470 2637 3521 per
2671 3453 2902 3507 Verbum
2943 3455 3105 3528 etiam
3141 3453 3334 3528 factum
3367 3459 3451 3505 est
3481 3460 3539 3506 ut

1941 3539 2159 3589 Corpus,
2189 3524 2328 3593 quod
2355 3523 2496 3578 Deus
2521 3532 2637 3578 erat
2659 3533 3055 3590 assumpturus,
3083 3523 3238 3576 fuerit
3267 3529 3533 3593 coactum.

2013 3594 2104 3648 5i.
2137 3591 2310 3659 Sich.,
2342 3596 2534 3662 Bong.,
2572 3604 2624 3648 et
2650 3593 2795 3648 Wid.
2826 3594 2894 3647 ab
2917 3593 3017 3647 alia
3050 3608 3209 3646 manu
3241 3607 3305 3646 ex
3334 3591 3534 3662 glossa,

1941 3665 2213 3718 simulabat
2260 3680 2357 3733 pro
2403 3661 2672 3732 relerebat.
2720 3664 2970 3718 Barthius
2999 3664 3094 3716 lib.
3124 3678 3232 3723 xu,
3281 3675 3399 3730 cap.
3439 3661 3535 3733 24,

1940 3736 2210 3800 observat,
2248 3731 2436 3803 poetas
2455 3731 2791 3789 Christianos
2831 3735 2978 3787 varie
3002 3743 3302 3800 temporum
3349 3731 3538 3803 modos

1941 3802 2365 3874 transposuiSse;
2392 3813 2450 3858 ut
2469 3805 2788 3858 Prudentius
2810 3804 3259 3874 faciemreferebat
3277 3802 3533 3874 equidem,

1942 3876 2044 3928 hoc
2066 3871 2168 3939 est,
2197 3878 2450 3928 relaturus
2470 3876 2554 3927 sit.
2585 3877 2652 3927 At
2672 3871 3074 3940 vero'referebat
3101 3882 3275 3936 potest
3303 3880 3358 3924 et
3378 3871 3540 3940 debet

1940 3944 2166 4012 intelligi
2192 3945 2260 3998 de
2296 3953 2540 4011 tempore
2566 3959 2670 4011 quo
2697 3944 2836 3996 Deus
2867 3939 2926 3996 se
2949 3942 3116 4011 Moysi
3147 3939 3535 4010 inspiciendum

1941 4014 2208 4080 praestitit,
2236 4030 2339 4067 non
2364 4015 2432 4067 de
2455 4023 2696 4079 tempore
2717 4028 2824 4080 quo
2847 4020 3156 4080 sumpturus
3177 4020 3294 4066 erat
3313 4025 3532 4077 corpus.

1938 4084 2174 4147 Scilicet,
2209 4083 2368 4147 Deus,
2401 4083 2486 4152 qui
2509 4083 2814 4151 (mundaque
2855 4091 3152 4152 sumpturus
3182 4089 3292 4134 erat
3322 4095 3530 4152 co_r_pus,

1939 4153 2124 4221 faciem
2171 4149 2420 4207 eamdem‘
2448 4149 2736 4223 referebat,
2767 4167 2855 4205 seu
2894 4151 3185 4217 simulabat,
3217 4165 3332 4204 cum
3363 4149 3536 4220 Moysi

1939 4226 2204 4293 apparuit.

2032 4295 2103 4349 i5.
2145 4295 2482 4350 Vetustiores
2501 4292 2774 4348 Heinsiani
2804 4303 2857 4347 et
2880 4291 3278 4359 nostri,Weit.,
3311 4301 3532 4356 sentam,

1939 4379 2016 4419 se.
2036 4375 2230 4419 sentam
2251 4367 2453 4418 rubum.
2479 4365 2754 4429 Ald.,Gis.
2781 4371 2836 4418 et
2858 4362 3037 4431 Vulg.,
3063 4372 3278 4417 sentum.
3307 4363 3534 4426 Bonon.,

1937 4444 2145 4498 sentem,
2179 4435 2459 4489 mendose.
2493 4434 2769 4488 Fabricius
2815 4433 3041 4502 putavit,
3088 4448 3210 4487 esse
3255 4447 3536 4502 syncopen

1937 4517 2135 4558 sentum
2165 4521 2259 4575 pro
2286 4509 2526 4558 sentiunt.
2557 4505 2661 4559 Sed
2691 4503 3030 4575 poetapaulu
3057 4515 3177 4570 post
3205 4504 3278 4575 ait
3293 4513 3535 4575 contorta

1937 4577 2110 4643 rubus,
2159 4573 2212 4629 et
2257 4584 2453 4629 sentum
2504 4590 2791 4642 peccamen.
2848 4573 3162 4644 lnhymno
3208 4573 3265 4628 S.
3291 4573 3538 4644 Eulaliae,

1938 4660 2078 4699 vers.
2097 4648 2187 4710 47,
2214 4645 2313 4699 Per
2334 4646 2446 4698 loca
2467 4656 2613 4698 senta
2633 4646 2756 4708 situ,
2776 4653 2832 4698 et
2853 4661 2890 4699 tt
2927 4643 2981 4698 in
3004 4643 3176 4714 εγω,
3201 4657 3339 4696 vers.
3364 4643 3532 4714 1059,

1942 4715 2280 4787 Extirpamus
2326 4717 2473 4787 enim,
2499 4725 2664 4769 sentos
2707 4714 2771 4766 de
2810 4726 3013 4787 pectore
3048 4713 3259 4787 uepres,
3293 4714 3382 4787 ubi
3427 4713 3533 4766 alia

1943 4784 2194 4842 addit'rei
2224 4786 2479 4855 praesenti
2506 4787 2876 4854 congruentia.
2899 4784 3259 4839 Chamillardo
3285 4784 3431 4838 visus
3456 4793 3541 4838 est

1946 4856 2264 4912 Prudentius
2295 4871 2400 4909 non
2426 4857 2557 4911 satis
2583 4857 2690 4910 duo
2718 4855 3065 4920 distinguere,
3097 4856 3239 4925 quod
3272 4856 3324 4908 in
3354 4865 3543 4909 monte

1950 4927 2096 4998 Sinai
2130 4927 2272 4982 Deus
2302 4927 2468 4998 Moysi
2510 4929 2678 4996 legem
2711 4926 2972 4998 dedcrit,_
2997 4935 3052 4980 et
3098 4926 3149 4998 in
3191 4934 3370 4998 monte
3399 4925 3546 4998 Oljcb

1946 4997 2045 5121 ipsi
2094 4995 2402 5066 apparuerit
2453 4997 2504 5051 in
2546 4995 2701 5051 rubo.
2750 4998 2862 5066 Ego
2891 4996 2976 5052 vel
3013 4997 3246 5050 maxime
3279 4995 3393 5050 haec
3435 4995 3546 5048 duo

1987 5068 2260 5121 istinxisse
2287 5077 2498 5121 metam
2527 5068 2811 5121 conﬁrmo.
2837 5070 3081 5121 ouamvis
3110 5067 3367 5121 temporis
3396 5064 3543 5117 Ordi-

1987 5064 2260 5123 istiniisse
2287 5077 2498 5136 poetam
2527 5064 2814 5133 conﬁrmo,
2837 5070 3081 5138 quamvis
3110 5067 3367 5138 temporis
3396 5064 3543 5117 Ordi-

1948 5154 2070 5192 nem
2122 5153 2226 5192 non
2277 5141 2593 5193 servaverit.
2644 5137 2913 5193 llacteuus
2946 5139 3012 5192 de
3043 5138 3246 5191 visione
3279 5137 3329 5187 in
3359 5143 3542 5187 monte

1946 5209 2090 5262 Sinai
2139 5211 2350 5263 locutus
2395 5219 2504 5274 est,
2536 5223 2636 5278 qua
2680 5210 2845 5278 figura
2891 5207 3134 5278 hominis,
3181 5211 3406 5258 nondum
3448 5201 3543 5278 sub

1948 5295 2100 5352 carne
2144 5278 2312 5349 Moysi
2345 5275 2590 5352 objecta“,
2633 5275 2844 5352 efﬁgiem
2885 5278 3042 5352 nostri
3088 5277 3376 5352 signauerat
3417 5275 3538 5352 pris.

1955 5350 2105 5404 Nunc
2133 5343 2470 5418 progreditur
2498 5350 2565 5402 ad
2596 5343 2855 5401 visitinem
2890 5347 2945 5398 in‘
2965 5346 3128 5413 ﬁgura
3157 5343 3317 5418 ignis.
3349 5343 3542 5418 rubum

1954 5413 2317 5475 combdreritis
2343 5437 2354 5472 :
2385 5421 2490 5474 Sed
2515 5430 2682 5471 tanten
2703 5427 2746 5470 et
2772 5426 2986 5482 sentam,
3007 5430 3175 5485 usque
3196 5415 3262 5468 ad
3289 5426 3429 5468 vers.
3451 5413 3538 5467 70.

1957 5491 2090 5546 Vide
2124 5491 2290 5543 Exod.
2322 5505 2398 5542 m.

2027 5562 2115 5614 57.
2162 5561 2389 5622 Bonon.,
2429 5558 2596 5612 alebat
2627 5571 2731 5610 non
2769 5555 2989 5611 omnino
3018 5555 3178 5622 male,
3210 5569 3308 5624 pro
3341 5553 3542 5624 agebat.

1957 5630 2092 5684 Vide
2128 5629 2425 5699 Sedulium,
2459 5629 2597 5699 Iib.t
2629 5643 2641 5679 :
2674 5626 2885 5699 Ignibus
2923 5628 3159 5680 innocuis
3186 5628 3413 5699 ﬂagrans
3452 5640 3545 5699 (ψη

1959 5699 2130 5770 paruit
2160 5697 2435 5770 olintNon
2465 5695 2858 5770 ardettsia'rtlere
2883 5699 3059 5761 rubus,
3087 5706 3190 5752 etc.
3228 5695 3546 5770 Prudentius

1960 5767 2016 5824 in
2048 5769 2183 5824 rubo
2215 5769 2423 5828 ardenti
2458 5770 2632 5842 ignem
2659 5769 2892 5828 Verbum
2925 5770 3334 5840 interpretatur,
3363 5767 3545 5838 spinas

1958 5840 2365 5897 humanitatem.

1999 5849 2365 5898 umanttatcm.
