4090 6192
572 323 681 380 93}

749 441 1070 511 Spiuiferos,
1093 442 1316 499 sudibus
1333 458 1471 514 quos
1491 450 1676 499 texunt
1696 443 1921 498 crimina
1941 441 2143 505 densis,
2174 440 2224 499 Δ

573 534 646 590 00
752 533 816 587 Et
845 544 1059 602 peccata
1097 535 1253 589 malis
1284 535 1485 590 hirsuta
1515 535 1790 589 doloribus
1827 534 2072 601 implent.

751 625 951 678 Inculto
979 639 1100 677 nam
1130 628 1296 693 stirpe
1327 625 1501 680 frutex
1527 626 1750 680 vitiosus
1781 624 1977 692 iniquis

752 713 1035 769 Luxuriam
1065 716 1232 785 virgis
1261 716 1545 771 inhonesto
1574 715 1851 771 etl‘undere
1877 727 2040 768 succo

748 805 1019 874 (Imperat,
1048 814 1104 861 et
1130 807 1298 862 nodos
1323 823 1416 874 per
1445 807 1687 862 acumina
1711 805 1902 862 crebra
1929 804 2144 874 ligabat.

749 897 984 959 Cernere
1002 906 1138 965 erat,
1165 899 1378 954 steriles
1397 898 1574 954 subito
1601 897 1974 968 splendescere
1997 894 2142 949 fron-

1933 987 2072 1058 [des,

574 1077 643 1131 63
747 1079 1107 1150 Accensisque
1142 1079 1306 1135 citum
1340 1078 1480 1134 foliis
1509 1092 1702 1148 magno
1731 1078 1928 1145 impete
1958 1077 2063 1130 late

747 1171 1028 1226 Collucere
1059 1171 1244 1236 Deum,
1278 1184 1376 1226 nec
1403 1170 1591 1239 spinea
1621 1169 1816 1225 laedere
1846 1177 2018 1232 texta,

746 1261 1016 1317 Lambere
1045 1261 1366 1328 sanguineos
1390 1260 1610 1326 fructus,
1641 1269 1696 1313 et
1715 1273 1874 1328 poma
1904 1264 2144 1324 cruenta,

753 1351 1028 1419 Stringere
1057 1349 1318 1406 mortiferi
1347 1351 1528 1404 vitalia
1555 1350 1796 1419 germina
1825 1347 1976 1418 ligni.

735 1440 1174 1510 Quandoquidem
1189 1441 1372 1496 tristes
1385 1440 1940 1509 purgantursanguine
1951 1440 2144 1508 culpae,

571 1530 642 1587 70
746 1531 915 1596 Quem
945 1541 1189 1586 contorta
1218 1531 1384 1585 rubus
1411 1529 1602 1585 densis
1628 1529 1951 1584 cruciatibus
1975 1530 2109 1585 edit.

743 1621 888 1688 Ergo
905 1620 1038 1674 nihil
1053 1621 1248 1685 visum,
1267 1620 1524 1690 nisiquod
1540 1619 1640 1675 sub
1654 1634 1815 1675 carne
1831 1619 2145 1688 videndam,

741 1707 905 1779 409
927 1708 1150 1776 Lumen.
1171 1708 1347 1780 imago
1369 1709 1485 1775 Dei,
1503 1707 1736 1765 Verbum
1756 1709 1920 1773 Dens,
1939 1718 1993 1763 et
2011 1709 2148 1762 Deus

1885 1797 2066 1872 lienis.

1742 321 2020 379 AURELII
2059 317 2427 379 PRUDENTII
2466 322 2791 378 CAMHNA.

3731 337 3826 394 913

2426 440 2526 507 Qui
2554 450 2764 494 sentum
2797 440 2968 496 nostri
3000 454 3288 510 peccamen
3320 445 3563 514 corporis
3594 445 3791 516 implet.

2423 531 2556 585 Nam
2590 531 2724 586 lucis
2751 531 2983 600 genitor,
3008 531 3172 586 Verbi
3200 543 3370 600 sator,
3402 545 3588 591 auctor
3612 547 3672 592 ct
3697 539 3825 608 ignis

2247 620 2317 676 75
2425 622 2830 677 Crediturextra
2845 623 3050 688 oculos,
3063 633 3159 677 uta
3168 626 3405 693 postolus
3416 627 3606 683 edocet
3624 643 3822 697 auctor,

2422 713 2520 780 Qui
2549 722 2724 781 negat,
2758 713 2949 767 intuitu
2977 714 3179 768 fontem
3213 716 3429 770 deitatis
3458 719 3620 776 adiri.

2422 802 2657 866 Credite,
2682 817 2841 856 nemo
2870 803 3034 858 Deum
3060 804 3214 870 vidit,
3241 806 3372 860 mihi
3399 807 3628 873 credite,
3655 825 3820 866 nemo.

2439 893 2677 948 Visnbilis
2704 892 2772 947 de
2799 894 2943 949 fonte
2968 893 3130 959 Deus,
3163 910 3269 948 non
3297 896 3411 966 ipse
3439 897 3579 954 Deus
3607 899 3734 953 fons

2430 983 2684 1048 Visibilis,
2715 986 2862 1038 cerni
2891 985 3034 1054 potis
3059 993 3162 1050 est,
3186 987 3277 1055 qui
3305 988 3574 1043 nascitur:
3603 999 3665 1042 at
3697 1005 3794 1044 non
3875 1000 3882 1008 '

2253 1077 2320 1133 80
2429 1075 2644 1130 lnnatus
2672 1078 2820 1132 cerni
2848 1078 2985 1146 potis
3007 1087 3118 1142 est;
3149 1078 3278 1135 latet
3302 1093 3363 1134 os
3385 1080 3558 1135 Patris
3585 1081 3741 1146 illud,

2434 1168 2583 1223 Unde
2615 1169 2757 1223 Deus
2787 1187 2800 1220 :
2829 1168 2920 1237 qui
2948 1168 3216 1223 visibilem
3246 1185 3305 1225 se
3330 1172 3581 1240 praestitit
3607 1172 3761 1236 olim,

2428 1260 2559 1316 Tale
2594 1259 2797 1329 aliquid
2827 1260 3064 1315 formans
3094 1261 3146 1314 in
3176 1274 3296 1316 sese
3315 1303 3329 1326 ,
3360 1263 3514 1331 quale
3542 1273 3729 1318 secuta
3757 1275 3827 1318 est

2432 1350 2594 1422 4ιο
2621 1350 2828 1418 Passio,
2854 1365 2974 1420 quae
3001 1364 3196 1421 corpus
3226 1350 3328 1406 sibi
3357 1351 3592 1406 vindicat
3622 1371 3635 1404 :
3672 1353 3827 1408 ardua

3493 1441 3639 1514 [nam
3683 1448 3764 1498 vis

2426 1531 2522 1586 Est
2549 1532 2934 1601 impassibilis:
2967 1533 3222 1602 quoniam
3252 1541 3442 1587 natura
3473 1534 3701 1602 superni

2250 1624 2319 1680 85
2429 1624 2568 1694 ignis
2597 1623 2663 1679 ad
2694 1624 2970 1679 horrificas
3008 1623 3177 1679 nescit
3207 1623 3533 1679 descendere
3560 1641 3779 1693 poenas,

2429 1714 2538 1768 Nec
2581 1714 2723 1783 capit
2752 1714 2999 1769 humanis
3029 1714 3320 1784 angoribus
3351 1717 3648 1770 excruciari
3679 1733 3694 1769 :

2418 1804 2581 1872 Pura,
2606 1820 2821 1873 serena,
2851 1805 3074 1875 micans,
3106 1807 3306 1878 liquido
3337 1806 3626 1877 przelibcra
3659 1816 3825 1871 motu,

1874 1934 2160 1993 GLOSSAE
2204 1939 2535 1996 VETERES.

633 2029 721 2085 59.
759 2029 991 2095 Texnnt,
1022 2027 1420 2092 insimulatione,
1447 2025 1552 2081 lso.

633 2099 721 2153 61.
763 2098 985 2170 inculto,
1015 2097 1651 2170 agresti.—luiquis,_non
1671 2096 1849 2165 (equis,
1864 2099 2065 2169 nequis,
2093 2100 2133 2155 l.

633 2170 724 2224 62.
761 2166 1070 2233 Luxuriam,
1103 2167 1488 2232 abundantiam,
1530 2166 1569 2220 l.

633 2239 720 2293 65.
764 2241 982 2307 lmpete,
1017 2255 1107 2308 pro
1138 2240 1350 2308 impetu.
1372 2235 1611 2308 —-Late,
1643 2235 1842 2308 ubique,
1874 2238 1914 2294 ι.

631 2310 721 2363 157.
762 2304 1025 2374 Cruenta,
1049 2304 1350 2361 rubicunda.
1380 2307 1421 2360 Ι.
1454 2307 1629 2370 rubra,
1661 2304 1782 2359 Vat.
1813 2308 1879 2361 A.

630 2378 721 2432 68.
763 2379 1057 2446 Stringere,
1090 2380 1378 2448 decerpere,
1412 2377 1516 2443 lso,
1549 2377 1680 2448 Mar.

561 2517 612 2573 1⁸
632 2448 721 2503 69.
761 2448 1220 2517 Quandoquidem,
1241 2446 1591 2518 iquoniam.—
1613 2446 1899 2516 Sanguine,
1926 2448 2135 2515 Christi,

617 2536 666 2571 1).

583 2532 666 2573 ⁸1).

567 2581 571 2584 ’
630 2587 720 2642 70.
759 2587 1015 2640 Contorta
1047 2586 1229 2646 rubus.
1267 2585 1453 2650 Maria,
1489 2587 1658 2654 passio
1684 2585 2136 2649 Christi.-—Edit.,

559 2657 745 2728 gignit,
738 2657 997 2779 (protulit,
1020 2658 1180 2726 parit,
1213 2657 1251 2709 Ι.
1269 2655 1558 2722 -—Rubus,
1583 2658 1755 2726 passio
1780 2654 1991 2725 Christi,
2013 2657 2134 2712 Vat.

557 2729 623 2781 Δ.
648 2755 719 2766 -
779 2724 926 2778 Imm
949 2742 1156 2781 corpus.
1185 2725 1314 2780 Mar.

611 2766 623 2779 .
648 2755 719 2766 —
738 2741 926 2779 cnnsu
949 2742 1156 2793 corpus,
1185 2741 1314 2780 mar.

628 2797 717 2853 73.
759 2796 1000 2866 Sentum,
1030 2807 1313 2861 sentosum,
1343 2795 1384 2850 1.

2315 2032 2401 2087 75.
2450 2035 2608 2087 Extra
2635 2033 2839 2098 oculos,
2873 2033 3161 2098 invisibilis,
3190 2033 3232 2087 ῐ.

2316 2103 2403 2156 76.
2449 2104 2690 2166 Fontettt,
2724 2102 2949 2168 Patrem,
2979 2103 3018 2156 l.

2322 2173 2406 2228 77.
2454 2175 2641 2236 Deum,
2674 2174 2863 2226 scilicet
2891 2173 3116 2238 Patrem,
3149 2172 3188 2225 1.

2315 2243 2404 2298 78.
2452 2243 2707 2310 Visihilis,
2737 2245 2927 2296 scilicet
2952 2253 3129 2296 est.—
3152 2242 3340 2308 Fonte,
3370 2241 3542 2296 Patre.
3567 2273 3634 2282 —
3661 2243 3821 2309 Deus,

2246 2312 2437 2366 Filius.
2460 2342 2530 2353 —
2556 2313 2720 2380 Fons,
2753 2314 2932 2378 quiest
2957 2315 3096 2377 fons,
3132 2313 3171 2365 I.

2316 2384 2404 2436 79.
2450 2381 2704 2447 Visibilis,
2732 2382 3106 2448 Pater.—Qui
3139 2381 3390 2440 nascitur,
3421 2381 3464 2432 F
3466 2383 3608 2446 ilius,
3642 2385 3698 2434 in
3729 2402 3823 2451 quo

2246 2461 2318 2506 est
2348 2452 2520 2516 Pater,
2555 2452 2594 2506 I.
2621 2482 2692 2493 —
2716 2453 2861 2507 Potis
2887 2462 2988 2514 est,
3013 2453 3170 2522 cerni
3199 2452 3475 2522 possibilis,
3507 2453 3621 2505 Vat.
3651 2455 3718 2506 Α.

2315 2523 2402 2576 85.
2449 2523 2711 2582 Vindicat,
2741 2532 2976 2585 usurpat,
3007 2521 3047 2575 l.

2317 2593 2405 2646 86.
2445 2593 2618 2660 Capit,
2642 2601 2819 2660 potest.
2849 2591 2957 2644 Nec
2979 2593 3124 2658 ualet,
3152 2608 3239 2645 nec
3264 2591 3819 2662 vult.—Angoribus,

2245 2663 2514 2731 angustiis,
2546 2662 2905 2721 anxietatibus,
2921 2730 2924 2731 ν
2940 2662 2982 2717 l.

2319 2730 2410 2788 87.
2451 2733 2694 2800 Liquido,
2723 2749 2874 2802 puro,
2907 2730 2947 2785 l.

1903 2904 2461 2963 COMMENTARIUS.

627 2998 718 3053 59.
742 2997 894 3053 Lact.
921 2998 1015 3058 lib.
1038 3015 1109 3064 vr,
1138 3014 1258 3068 cap.
1284 2999 1351 3054 15
1374 3016 1388 3053 :
1420 2998 1559 3052 Nam
1583 3000 1712 3054 sicut
1733 3000 1786 3052 in
1808 3009 1973 3054 sentes
1991 3016 2134 3069 ager,

555 3070 642 3138 qui
669 3079 745 3122 est
771 3077 953 3122 natura
983 3069 1252 3138 fecundus,
1272 3069 1552 3123 exuberat:
1574 3072 1646 3123 sic
1671 3074 1872 3122 animus
1894 3071 2132 3138 incultus,

554 3138 690 3190 vitiis
715 3156 808 3193 sua
829 3148 1007 3209 sponte
1033 3139 1464 3209 inualescentibus,
1493 3140 1628 3192 velut
1655 3141 1814 3207 spinis
1845 3140 2131 3193 obducitur.

553 3209 790 3263 Alcimus
817 3207 1028 3275 A'vitus,
1056 3209 1148 3262 lib.
1171 3225 1203 3262 v
1227 3228 1244 3266 ι
1274 3207 1338 3263 Et
1367 3209 1524 3262 rubus
1554 3211 1606 3263 in
1627 3210 1780 3262 rubro
1809 3210 1989 3262 viridis
2015 3226 2134 3275 per-

554 3290 808 3332 manserat
828 3289 976 3350 cestu,
999 3279 1113 3344 Quo
1133 3279 1277 3347 signo
1300 3280 1475 3350 spinas
1493 3290 1680 3334 nostrce
1701 3281 1974 3349 fervescere
1996 3296 2134 3333 men-

554 3350 647 3401 tis.
670 3388 685 3401 .
713 3389 724 3402 .
745 3388 759 3402 .
785 3349 869 3416 pia
900 3360 1101 3416 pectora
1129 3349 1352 3403 nossent.

2238 2998 2457 3067 intelligi
2507 2995 2701 3050 Paulus
2744 2993 3060 3067 apostolus,_
3097 2995 3185 3064 qui
3226 2994 3437 3050 Patrem
3494 2996 3811 3055 inrisibilcm

2238 3065 2432 3131 vocat;
2462 3074 2519 3120 ut
2567 3066 2789 3134 exposui
2833 3081 2975 3119 vers.
3003 3065 3088 3118 72.
3143 3067 3235 3118 Est
3281 3076 3458 3119 autem
3498 3067 3656 3121 Pater
3699 3072 3809 3124 fons

2236 3138 2470 3201 deitatis,
2500 3145 2760 3203 quatenus
2791 3137 3147 3188 communicat
3176 3135 3426 3189 deitatem
3466 3155 3476 3187 :
3507 3153 3611 3204 quo
3651 3153 3806 3194 sensu

2238 3206 2488 3276 frequens
2511 3221 2629 3260 esse
2652 3204 2790 3273 apud
2815 3204 2998 3276 Patres
3020 3219 3212 3276 vocare
3235 3204 3444 3276 Patrem
3473 3205 3669 3260 fontem
3698 3210 3807 3263 dei-

2237 3274 2360 3330 tatis
2390 3286 2444 3331 et
2471 3275 2788 3346 divinitatis,
2827 3290 2893 3328 ex
2917 3274 2988 3346 VS.
3019 3274 3249 3346 Dionysii
3281 3276 3611 3346 aliorumque
3638 3283 3806 3346 aperi-

2242 3347 2338 3400 bus
2361 3347 2694 3415 demonstrat
2710 3344 2994 3415 Suarezius
3019 3345 3109 3397 lib.
3131 3360 3221 3397 vui
3244 3346 3308 3396 de
3325 3345 3603 3410 Trinitatc,
3622 3344 3738 3415 cap.
3753 3351 3800 3404 5.

626 3418 714 3471 et.
763 3405 944 3486 tingi,
975 3419 1188 3471 inculta.
1218 3419 1364 3484 Ald.,
1390 3417 1610 3482 Wcitz.,
1642 3418 1783 3484 Gis.,
1809 3421 2122 3476 vetustiores

2239 3417 2453 3473 Minime
2486 3432 2612 3472 vero
2639 3414 2796 3468 Pater
2828 3427 2910 3469 est
2938 3414 3055 3469 fons
3083 3415 3319 3480 deitatis,
3351 3417 3503 3481 quasi
3533 3405 3651 3471 eam
3689 3405 3802 3487 pro-

556 3485 832 3555 lleinsiani
861 3485 917 3541 et
945 3488 1134 3553 nostri,
1165 3489 1356 3541 inculto
1381 3504 1502 3540 nam
1529 3490 1703 3555 stirpe.

626 3556 716 3627 62.
748 3554 1140 3627 _Vetustiores_,_
1168 3557 1460 3627 (agrariam,
1511 3554 1629 3627 non
1661 3559 1934 3623 luxuriem,
1991 3560 2132 3627 qttod

556 3625 715 3696 habet
735 3624 1021 3696 Giselinus.
1045 3625 1193 3696 Ald.,
1218 3626 1382 3696 iurgia
1408 3626 1658 3679 mendum
1684 3638 1811 3694 puto
1841 3643 1936 3696 pro
1953 3624 2128 3696 virgis.

557 3695 613 3747 In
649 3693 764 3748 Vat.
795 3697 844 3751 Α
893 3695 1132 3764 dignosci
1159 3695 1285 3750 satis
1308 3693 1420 3750 non
1461 3699 1633 3764 potuit
1657 3693 1855 3767 jurgis,
1882 3715 1949 3752 an
1980 3693 2132 3770 virgis

554 3774 693 3819 es~et
701 3803 718 3820 ο

622 3835 711 3890 6'5.
757 3834 874 3888 Vat.
899 3835 966 3896 Α,
997 3843 1044 3886 et
1071 3835 1257 3897 nudos,
1292 3848 1591 3904 perperam.

625 3904 716 3959 65.
754 3905 900 3974 ᾼΙιΙη
935 3905 1125 3957 circum
1154 3905 1315 3974 foliis,
1345 3914 1531 3959 contra
1559 3912 1810 3959 metrum.

624 3975 714 4028 67.
755 3973 1038 4028 Lambendi
1062 3975 1226 4028 verbo
1255 3990 1383 4029 usus
1409 3989 1620 4044 quoque
1641 3983 1723 4030 est
1742 3975 1991 4030 Sedulius
2020 3977 2124 4034 loc.

551 4042 668 4105 cit.,
699 4053 755 4098 et
782 4053 936 4098 antea
964 4044 1219 4113 Virgilius
1247 4045 1340 4099 lib.
1375 4061 1409 4098 ιι
1429 4042 1675 4107 Εῆείάη
1705 4060 1848 4101 vers.
1878 4048 2004 4113 685,
2034 4057 2128 4099 ta-

549 4124 729 4180 ctuque
759 4115 974 4167 innoxia
997 4115 1139 4169 molli
1161 4114 1403 4169 Lambere
1421 4118 1630 4183 ﬂamma
1650 4131 1841 4169 comas.

619 4186 708 4237 68.
755 4183 871 4236 Vat.
897 4185 939 4236 A
970 4185 1220 4238 mendum
1254 4186 1448 4252 ostiferi
1475 4200 1503 4237 a
1534 4187 1701 4250 prima
1729 4199 1910 4241 manu.

623 4252 710 4306 7|.
752 4253 992 4321 Colligit,
1025 4255 1184 4309 etiam
1219 4253 1270 4307 in
1302 4255 1437 4308 rubo
1467 4253 1600 4307 nihil
1632 4253 1822 4320 visum,
1857 4256 1956 4310 nisi
1988 4256 2124 4310 Vcr-

548 4319 676 4375 bum
709 4323 871 4377 Deum
895 4319 924 4377 _:
959 4339 1079 4377 nam
1110 4324 1340 4378 Verbum
1373 4325 1536 4388 idem,
1568 4326 1706 4392 quod
1737 4319 1930 4379 sentum
1961 4330 2125 4380 nostri

585 4409 820 4465 eccamen
855 4394 1082 4465 corporis
1121 4395 1328 4465 implet,
1353 4395 1854 4465 repraesentabatur
1898 4397 1951 4450 in
2001 4398 2122 4465 igne

571 4463 786 4529 ttnoxio,
815 4465 902 4533 qui
931 4464 984 4517 in
1007 4464 1166 4532 spinis
1187 4463 1422 4517 volitabat
1444 4463 1627 4518 acutis.
1657 4463 1884 4531 lmplere
1909 4463 2117 4521 sentum

547 4546 833 4604 peccamen
864 4533 1107 4600 corporis
1135 4541 1216 4588 est
1242 4534 1411 4588 Deum
1438 4548 1712 4589 assumere
1737 4549 1932 4604 corpus
1963 4537 2016 4592 in
2046 4537 2120 4591 si-

546 4603 896 4672 militudinem
927 4604 1150 4672 peccati.

615 4671 1158 4744 72.7Filittsfdicitur
1211 4673 1383 4744 imago
1427 4672 1524 4728 Dei
1565 4689 1685 4744 cap.
1731 4690 1748 4728 ι
1792 4673 1857 4728 ad
1907 4675 2114 4731 Coloss.

2237 3490 2416 3542 ducaL

2309 3557 2394 3610 78.
2428 3557 2572 3619 Διά..
2599 3557 2787 3614 Bona”
2813 3563 2866 3607 et
2885 3565 3110 3618 quatuor
3131 3553 3402 3608 lleinsiani
3427 3557 3797 3620 praestantioris

2233 3636 2394 3693 notae,
2425 3628 2518 3680 Dei
2539 3628 2673 3694 fons.
2700 3623 2835 3684 Gis.,
2860 3623 3079 3694 Weitp,
3104 3625 3246 3677 Vatt.
3270 3625 3313 3678 Δ
3337 3635 3387 3677 et
3411 3625 3470 3686 Β,
3499 3624 3645 3688 Rat.,
3674 3627 3795 3680 Deus

2233 3698 2366 3765 fons.
2397 3697 2451 3750 In
2478 3693 2607 3749 Mar.
2635 3695 2840 3748 videtur
2863 3708 2984 3748 esse
3002 3693 3160 3760 Deus,
3185 3694 3399 3765 licetsit
3421 3694 3596 3761 aliqua
3624 3696 3792 3750 litura.

2237 3763 2468 3836 Utroque
2498 3766 2656 3820 modo
2686 3779 2873 3836 sensus
2905 3775 3133 3836 constat.
3164 3765 3216 3817 ln
3244 3763 3480 3836 editione
3504 3767 3791 3836 glossarqu

2233 3833 2401 3890 lsonis
2430 3834 2664 3890 Colonia:
2699 3833 2852 3897 1701,
2887 3833 3124 3902 trajecta:
3167 3841 3291 3886 sunt
3315 3835 3528 3901 glossae,
3573 3843 3627 3888 et
3675 3835 3792 3888 falsa

2229 3908 2492 3960 sententia
2520 3906 2755 3973 irrepsit,
2780 3903 2984 3957 scilicet
3008 3922 3020 3958 :
3051 3920 3116 3957 ne
3139 3919 3331 3964 mare,
3359 3904 3422 3954 de
3451 3903 3636 3964 Patre;
3668 3905 3794 3959 Dens

2231 3990 2380 4039 mss,
2412 3975 2604 4038 Filius,
2637 3975 2726 4042 qui
2756 3983 2826 4024 est
2857 3974 2989 4042 fons.
3034 3974 3090 4027 ln
3121 3975 3255 4026 Aldo
3284 3987 3496 4039 quoque
3531 3975 3666 4027 male
3693 3975 3794 4029 hzec

2227 4045 2472 4100 distincta
2495 4055 2620 4098 sunt
2638 4060 2737 4097 non
2757 4044 2864 4114 ipse
2881 4043 2974 4097 Dei
3000 4044 3114 4113 fons
3143 4042 3369 4097 Visibilis
3393 4045 3534 4096 cerni
3554 4045 3685 4112 potis
3708 4056 3791 4107 est,

2229 4116 2312 4182 qui
2341 4118 2584 4169 nascitur.

2297 4187 2383 4238 79.
2425 4186 2476 4238 In
2507 4185 2713 4239 Bonan.
2764 4182 3018 4250 scriptum
3056 4190 3142 4236 est
3175 4184 3355 4250 poterit
3401 4196 3498 4251 pro
3527 4183 3659 4252 potis
3695 4191 3788 4246 est,

2225 4253 2310 4324 ab,
2331 4255 2509 4324 aliquo
2539 4255 2705 4308 sciolo
2734 4253 3022 4317 invectum,
3053 4263 3160 4306 tum
3199 4253 3300 4306 hoc
3342 4253 3395 4306 in
3423 4253 3565 4317 loco,
3605 4263 3712 4306 tum
3742 4255 3787 4306 in

2224 4323 2364 4380 aliis.

2292 4395 2380 4448 8t).
2430 4392 2648 4446 Innatus
2686 4407 2781 4460 pro
2816 4407 2914 4444 non
2940 4399 3093 4444 natus
3115 4390 3493 4446 Tertullianus.
3537 4391 3640 4446 Pro
3667 4393 3788 4446 intus

2222 4472 2370 4516 natus
2392 4463 2596 4528 Cicero,
2620 4472 2673 4516 ct
2693 4463 2802 4515 alii.
2833 4461 2885 4514 In
2909 4463 3059 4516 Alex.
3085 4462 3233 4516 deest
3261 4476 3394 4514 unus
3416 4476 3628 4524 versus,
3652 4472 3701 4516 et
3725 4464 3784 4515 ita

2222 4533 2309 4586 alii
2341 4534 2584 4601 leguntur
2611 4550 2625 4586 :
2664 4531 2889 4585 Visibilis
2918 4531 3054 4584 cerni
3088 4532 3218 4600 potis
3246 4541 3318 4584 est
3344 4545 3363 4584 :
3394 4530 3520 4584 latet
3548 4549 3605 4585 os
3633 4531 3782 4584 Patris

2221 4601 2374 4665 illud,
2409 4603 2555 4656 Unde
2583 4602 2742 4654 Deus.

2291 4672 2380 4727 83.
2421 4674 2474 4726 In
2505 4673 2745 4737 Tltuau.,
2774 4686 2919 4739 quem
2957 4685 3143 4741 corpus
3182 4670 3277 4724 sibi
3313 4671 3558 4739 vindicat,
3607 4687 3782 4737 nempe

543 4755 688 4817 vers.
844 4743 942 4807 Qui
961 4755 1032 4796 cst
1055 4745 1221 4817 imago
1244 4743 1337 4817 Dei
1358 4742 1644 4817 inuisibilis.
1662 4744 1920 4817 Tlteologi
1941 4755 2117 4799 osten-
2145 4757 2197 4817 Ι)
2221 4759 2366 4817 quem
2399 4742 2580 4817 Deum.

545 4811 676 4863 dunt
716 4811 907 4867 Filium
945 4828 1064 4866 esse
1106 4811 1388 4879 imaginem
1428 4814 1596 4869 Patris
1630 4814 1716 4869 vel
1756 4830 1818 4869 ex
1859 4811 1959 4869 lioc
2001 4817 2115 4870 loco

545 4880 835 4954 apostoli;
887 4896 1005 4954 nam
1056 4882 1504 4954 Densinvisibilis
1558 4884 1766 4954 ibidem
1797 4881 2116 4954 intelligitur

545 4947 722 5011 Pater,
754 4959 811 5004 ut
838 4965 904 5004 ex
934 4951 1033 5007 SS.
1057 4951 1305 5005 Patribus
1341 4961 1569 5008 constat.
1615 4953 1724 5007 luto
1752 4953 1919 5008 Filius
1948 4947 2115 5010 solius

545 5019 716 5073 Patris
741 5029 822 5091 est
852 5020 1026 5087 imago
1049 5038 1062 5073 :
1083 5037 1188 5074 non
1212 5024 1351 5076 enim
1384 5022 1519 5076 ratio
1551 5023 1791 5091 imaginis
1818 5025 2113 5080 consistere

545 5097 722 5164 potest
750 5090 866 5146 sine
892 5106 1016 5145 vera
1051 5092 1506 5164 processioneLet
1535 5093 1574 5146 F
1581 5090 1700 5164 ilius
1736 5109 1768 5164 7a
1799 5093 1955 5149 Patre
1988 5111 2113 5164 pro-

542 5157 707 5235 ccdit,
736 5176 842 5235 non
883 5177 910 5214 a
940 5157 1137 5235 natura
1167 5162 1366 5235 divina.
1396 5157 1518 5218 Vat.
1548 5165 1614 5219 A.
1646 5162 1772 5232 legit
1802 5157 2003 5218 numen'
2015 5180 2113 5235 pro

543 5228 713 5301 tanien
750 5246 769 5284 :
805 5233 908 5286 hoc
939 5232 1095 5301 longe
1127 5232 1316 5286 melius
1344 5242 1444 5287 cst.

614 5300 701 5354 74.
728 5301 842 5372 Non
867 5300 1232 5372 placet’glossa
1259 5303 1374 5355 Vat.
1399 5306 1444 5358 A
1467 5319 1479 5355 :
1508 5303 1663 5368 lenis,
1686 5302 1910 5367 Spiritus
1930 5305 2111 5358 sancti.

541 5370 732 5443 Sermo
747 5371 833 5427 hic
851 5370 1050 5426 tantum
1065 5370 1151 5428 est
1167 5373 1231 5427 de
1249 5373 1446 5441 Verbo,
1469 5374 1606 5441 quod
1626 5384 1705 5427 cst
1725 5372 1861 5426 Deus
1882 5375 2033 5443 ignis,
2062 5387 2121 5429 ut

543 5442 703 5506 paulo
730 5451 877 5497 ante.
909 5444 1183 5498 Fabricius
1208 5460 1370 5497 ttnutn
1399 5446 1620 5498 verbum
1649 5445 1768 5497 facit
1804 5442 2114 5508 Verbisator,

540 5520 597 5584 et
621 5511 715 5584 ait,
744 5513 1016 5584 epitheton
1054 5514 1145 5584 Dei
1183 5514 1354 5568 Patris
1387 5529 1528 5584 esse,
1581 5524 1639 5568 ut
1675 5513 1972 5584 Verbigena.
2011 5515 2113 5570 Sed

543 5581 645 5634 hoc
675 5582 792 5637 loco
818 5583 952 5637 ratio
983 5583 1134 5636 metri
1165 5585 1397 5651 postulat
1429 5583 1581 5637 Verbi
1603 5593 1761 5638 sator.

615 5652 706 5722 75.
746 5653 1044 5721 Apostolunt
1085 5653 1234 5706 aiunt
1269 5667 1389 5708 esse
1413 5653 1671 5709 Joannem
1711 5654 2112 5722 evangelistam,

543 5719 694 5791 cuius
719 5719 982 5780 sententia
1004 5722 1211 5780 laudata
1234 5732 1314 5780 est
1336 5738 1492 5790 supra
1515 5739 1653 5780 vers.
1675 5724 1727 5778 9.
1755 5719 1930 5780 Potest
1953 5724 2112 5780 etiam

2289 4812 2377 4866 86.
2409 4811 2519 4864 Nec
2550 4811 2683 4880 capit
2712 4808 2849 4880 idem
2880 4817 2962 4862 est
2988 4822 3049 4863 ac
3073 4825 3171 4862 non
3204 4816 3385 4880 potest,
3417 4809 3553 4870 sive,
3586 4819 3643 4862 ut
3670 4808 3778 4880 alibi

2219 4880 2452 4950 loquitur
2474 4879 2817 4950 Prudentius,
2847 4880 3065 4950 incapaa:
3084 4888 3175 4932 est.
3210 4879 3565 4950 Hicron_ymus
3595 4889 3648 4950 et
3669 4879 3790 4950 Pau-

2217 4947 2358 5006 linus
2387 4953 2547 5007 etiam
2580 4949 2838 5005 vocabulo
2866 4949 3087 5016 incapax
3116 4957 3355 5002 utuntur.
3396 4947 3676 5002 Fabricius
3694 4949 3779 5001 ad-

2220 5022 2401 5090 vertit,
2430 5023 2569 5077 hunc
2597 5034 2811 5076 versum
2842 5032 2963 5074 esse
2990 5035 3057 5073 ex
3089 5017 3170 5072 his
3197 5017 3285 5088 qui
3315 5017 3567 5090 dicuntur
3599 5019 3782 5090 fistula-

2216 5107 2336 5160 res,
2370 5087 2512 5161 quod
2543 5091 2868 5162 syllabarum
2897 5103 3154 5144 numerus
3183 5103 3304 5143 cum
3347 5087 3574 5158 singulis
3619 5089 3784 5142 verbis

2216 5173 2605 5286 crgsgli‘iatura
2631 5230 2806 5285 divina
2829 5227 3023 5282 dicitur
3051 5227 3315 5298 prwlibera
3345 5227 3539 5295 liquido
3564 5237 3701 5280 motu
3729 5240 3782 5279 ea

2221 5302 2640 5370 significatione,
2689 5314 2790 5369 qua
2834 5299 3101 5370 interdum
3143 5308 3296 5370 poeta
3336 5307 3517 5370 noster
3545 5299 3782 5370 liquidam

2224 5366 2460 5442 usurpat,
2491 5366 2740 5442 videlicet
2769 5386 2895 5442 puro
2933 5367 3190 5442 spiritttali
3219 5377 3378 5420 motu.
3409 5366 3542 5420 Vide
3583 5366 3780 5442 proleg.

2223 5437 2369 5497 num:
2400 5437 2520 5496 itii.
2552 5439 2943 5495 Chamillardus
2973 5438 3281 5501 arbitratur,
3312 5447 3518 5504 poetam
3547 5437 3780 5490 allusisse

2221 5513 2287 5566 ad
2320 5514 2485 5567 Deum
2515 5511 2825 5564 volitantem
2859 5509 2922 5580 in,
2944 5508 3098 5571 rubo,
3129 5519 3181 5562 et
3212 5508 3391 5580 nescio
3416 5509 3663 5580 quaealia
3689 5504 3776 5580 ad-

2220 5584 2319 5648 dit,
2343 5583 2480 5651 quod
2508 5582 2612 5634 ι)εο
2640 5581 2758 5632 vitia
2784 5579 2950 5632 carnis
2976 5593 3076 5629 non
3102 5587 3297 5639 nocent,
3325 5576 3435 5651 licet
3459 5578 3522 5628 sit
3544 5578 3594 5629 in
3623 5573 3774 5651 medio

2219 5645 2506 5724 san-guinis,
2542 5652 2626 5719 qui
2645 5651 2876 5724 liquidus
2909 5657 3000 5712 est,
3030 5656 3345 5724 _c_t_mouctur.
3392 5645 3512 5701 "mc
3553 5662 3580 5699 a
3609 5649 3768 5698 tuente

2217 5717 2389 5794 poclm
2427 5717 2580 5790 longe
2611 5721 2779 5776 aliena
2819 5733 2936 5774 cssc
2972 5717 3100 5772 mihi
3127 5717 3396 5773 videntur.
