4090 6192
517 299 624 357 935

1596 288 1872 346 AURELII
1912 287 2283 346 PRUDENTII
2320 285 2652 343 CARMINA.

3686 294 3800 352 950

767 408 933 474 Cede,
964 405 1270 478 profanator
1291 402 1510 469 Christi,
1540 402 1652 470 jam
1683 403 1836 467 cede,
1866 401 2084 466 Sabelli,
2117 401 2298 466 Α185
2369 400 2522 468 Quod
2554 399 2695 454 Deus
2723 403 2827 463 est,
2853 397 3166 469 adimasque
3187 398 3355 456 decus
3386 401 3576 468 patris,
3612 414 3670 459 et
3701 421 3802 475 ge.

693 499 1080 570 Depositorque
1105 494 1294 557 Patris,
1325 494 1542 562 natique
1565 493 1750 546 insane
1779 499 2021 561 negator.

517 590 622 647 180

1762 764 1980 836 [exstet
2005 778 2019 816 :

692 858 802 914 Nec
842 857 1080 914 vocitare
1122 861 1329 929 patrem
1372 853 1514 926 potis
1553 867 1632 917 es,
1665 867 1823 923 quem
1854 852 2094 922 germine

1736 940 1980 1014 [fraudas
2007 958 2021 994 :

693 1041 801 1097 Sed
827 1041 1054 1096 fortasse
1073 1039 1206 1094 velis
1227 1037 1413 1107 patriae
1444 1035 1656 1105 pietatis
1685 1036 1892 1088 honore

693 1132 1007 1203 Despoliare
1037 1132 1224 1198 Deum,
1255 1138 1538 1185 contentus
1559 1126 1775 1183 nomine
1804 1125 1971 1194 nudo,

692 589 880 644 Nonne
903 595 1106 656 patrem
1128 584 1323 649 violas,
1345 583 1470 636 dum
1493 592 1677 637 natum
1691 582 1831 636 scire
1847 581 2097 636 recusas?

691 675 1134 747 Quandoquidem
1194 687 1300 729 non
1359 680 1442 728 est
1492 672 1740 743 genitor,
1798 671 1900 726 nisi
1957 671 2098 725 illius

3368 489 3557 562 [ueris
3584 493 3722 547 vim.

2373 580 2538 650 418
2555 565 2748 649 Ecquis
2763 579 2813 634 iu
2838 578 3000 634 idolio
3015 579 3275 634 recubans
3289 580 3429 635 inter
3443 596 3596 636 sacra
3611 585 3795 649 mille,

2379 670 2762 738 Ridiculosque
2783 668 2914 724 deos
2927 684 3184 724 venerans
3196 671 3333 736 sale,
3349 672 3572 739 cespite,
3603 674 3792 741 thure,

2377 761 2493 816 Non
2522 767 2672 830 putat
2702 759 3001 815 esseDeum
3023 772 3316 827 summum,
3347 769 3402 815 et
3425 775 3590 830 super
3612 769 3799 816 omnia

3471 852 3489 923 ί
3511 853 3728 907 solum?

2377 941 2632 1008 Quamvis
2658 939 2928 1006 Saturnis,
2958 939 3279 1008 Junenibus,
3315 953 3370 997 et
3391 943 3721 1012 Cytheraais.

2204 1031 2306 1087 190
2379 1030 2757 1100 Portentisque
2784 1031 2904 1084 aliis
2936 1031 3204 1086 fumantes
3232 1045 3514 1089 consecret
3546 1052 3706 1100 aras;

2373 1121 2626 1175 Attamen
2655 1121 2707 1175 in
2727 1121 2923 1176 emtum
2951 1123 3165 1188 quoties
3189 1126 3459 1193 suSpexit,
3488 1127 3544 1180 in
3571 1141 3686 1181 uno

1815 1258 2101 1317 GLOSSIE
2139 1257 2478 1315 VETERES.

524 1407 717 1460 Filium
765 1413 812 1458 et
855 1401 1130 1473 Spiritum_
1163 1400 1439 1469 negabant,
1481 1398 1575 1473 sed
1615 1396 1896 1473 dicebant“;
1947 1391 2093 1446 Idem

523 1475 681 1536 Deus,
707 1465 920 1544 quando,
940 1473 1066 1544 uult,
1099 1465 1252 1522 Pater
1279 1480 1381 1544 est;
1404 1468 1607 1544 quando
1634 1466 1757 1544 uult,
1790 1465 1957 1518 Filius
1986 1473 2057 1516 est
2075 1479 2095 1517 :

519 1536 731 1612 quando
755 1554 799 1596 et
830 1543 1059 1612 Spiritus
1089 1538 1528 1612 sanctus._Ar_iani
1554 1536 1808 1612 dicebant,
1840 1543 1949 1612 tres
1981 1545 2095 1612 esse

519 1603 760 1684 personas
784 1621 830 1665 et
861 1603 960 1662 tres
980 1608 1282 1662 substantias
1311 1608 1363 1660 in
1402 1607 1719 1684 Divinitate;
1758 1603 2037 1684 S_abelli_qni
2064 1619 2091 1654 e

524 1670 701 1736 contra
724 1697 879 1735 unam
920 1695 1204 1750 personam,
1247 1687 1293 1729 et
1342 1693 1497 1750 unam
1543 1676 1898 1730 substantiam.
1932 1670 2092 1724 Fides

521 1761 691 1806 autem
736 1746 985 1804 catholica
1038 1751 1298 1817 utriusque
1348 1746 1574 1800 deuitans
1618 1761 1879 1808 errorem,
1906 1756 2094 1817 _unam

2276 1392 2399 1468 181.
2425 1391 2888 1462 Quandoquidem,
2916 1395 3156 1462 quoniam
3187 1396 3292 1450 ille.
3318 1425 3389 1435 —
3417 1397 3665 1467 Genitor,
3699 1417 3800 1468 pa-

2202 1463 2395 1587 teriili’i.
2421 1531 2636 1602 Patrias,
2665 1540 2907 1600 paternae,
2938 1535 3074 1601 quod
3097 1537 3261 1602 patris
3288 1545 3383 1601 est,
3418 1536 3456 1589 Ι.

2280 1603 2403 1656 184.
2436 1601 2678 1666 Nomine,
2700 1602 2889 1655 scilicet
2917 1601 3302 1671 procreationis,
3333 1604 3437 1658 lso.

2273 1673 2396 1726 185.
2429 1673 2652 1742 Generis
2677 1673 2806 1735 vim,
2839 1673 2934 1740 ﬁlii
2961 1673 3204 1742 vigorem,
3237 1673 3274 1726 ι.

2273 1743 2397 1796 186.
2439 1741 2631 1804 Idolio,
2658 1744 2972 1808 paganitate,
3010 1741 3064 1794 in
3098 1745 3209 1795 loco
3241 1744 3516 1807 idolorum,
3551 1745 3691 1797 Mar.
3725 1775 3794 1784 -—-

525 1822 740 1906 Qeitatis
760 1820 1116 1906 substantiam,
1137 1826 1181 1869 et
1199 1810 1298 1870 t'res
1321 1833 1563 1906 personas
1587 1817 1843 1906 reruciterl
1857 1813 2092 1906 afﬁrmat.
2131 1847 2172 1906 Β
2205 1812 2471 1906 ξςοξὶοὶ-ἱη
2492 1810 2780 1891 sacrilegio,
2800 1813 2851 1906 in
2878 1812 2986 1864 loco
3008 1813 3281 1906 idglo’rum,
3311 1831 3403 1884 pro
3428 1831 3484 1868 eo
3505 1817 3620 1883 quis
3640 1817 3800 1906 hoino

522 1891 659 1944 Nam
683 1891 861 1943 Ariani
883 1889 1005 1941 bene
1035 1899 1134 1940 tres
1162 1883 1423 1953 personas,
1457 1887 1589 1938 male
1618 1896 1716 1937 tres
1753 1883 2096 1945 substantias;

522 1960 803 2015 Sabelliani
833 1959 953 2011 bene
981 1973 1132 2010 unum
1175 1957 1530 2020 substantiam,
1571 1954 1702 2008 male
1734 1969 1889 2006 unant
1926 1967 2099 2020 perso-

527 2047 644 2083 nam
675 2029 927 2091 dicebant,
957 2027 995 2080 1.

589 2101 714 2153 178.
744 2097 1076 2159 i’rofanator,
1102 2095 1498 2163 blasphematur,
1521 2102 1831 2159 contemptor
1843 2092 2092 2163 profanus

521 2169 729 2235 dicitur,
754 2169 888 2236 quod
918 2183 1070 2235 porro
1090 2183 1122 2219 a
1161 2162 1390 2236 fano,id
1420 2174 1491 2236 est
1525 2182 1572 2236 _a
1599 2162 1787 2235 templo
1837 2162 1954 2231 Dei,
1999 2163 2095 2215 hoc

521 2249 593 2294 cst
623 2234 957 2306 irreligiosus.
988 2265 1056 2274 —
1079 2236 1242 2298 Cede,
1271 2235 1493 2306 discede,
1523 2234 1566 2290 Ι.

593 2307 714 2362 179.
747 2305 1048 2371 Depositor,
1082 2314 1312 2374 negator,
1344 2305 1382 2356 l.

591 2379 715 2432 189.
746 2378 939 2445 Violas,
965 2371 1237 2444 negasJ—
1262 2375 1476 2440 Natum,
1515 2371 1724 2438 Filium,
1752 2372 1855 2427 lso.

2203 1882 2530 1952 idolothitunt
2559 1891 2632 1932 est
2662 1880 2998 1934 immolatum.
3027 1880 3257 1934 [dolium
3288 1880 3404 1936 vero
3432 1880 3800 1952 est‘templnns

2200 1952 2346 2005 idoli.
2385 1981 2456 1990 —
2479 1951 2779 2011 Recubans,
2810 1952 3018 2014 scilicet,
3047 1953 3246 2018 quavis,
3276 1954 3314 2006 Ι.

2276 2021 2401 2075 187.
2449 2021 2685 2088 Cespite,
2735 2036 2903 2090 cespes
2954 2032 3027 2074 est
3075 2033 3209 2075 terra
3256 2022 3434 2077 auulsa
3466 2040 3578 2076 cum
3606 2025 3798 2087 herba,

2204 2094 2340 2144 unde
2365 2091 2614 2159 faciebant
2645 2089 2853 2158 altaria,
2880 2089 2917 2141 Ι.

2276 2161 2402 2232 189.
2428 2161 2692 2232 Saturnis,
2715 2176 2806 2232 pro
2831 2160 3061 2213 omnibus
3081 2160 3180 2215 diis
3204 2162 3798 2232 posuit.-—Citbera2i-'.

2203 2229 2476 2293 Cithertva,
2524 2229 2722 2295 Venus,
2741 2231 2780 2286 1.

2279 2299 2402 2356 190.
2436 2302 2829 2371 Portentisque,
2853 2301 3024 2371 idolis,
3050 2301 3090 2356 1.

1853 2479 2405 2538 COMMENTARIUS.

594 2617 716 2680 178.
749 2623 903 2678 Alex.
937 2623 1120 2676 titulus
1162 2629 1245 2674 est
1292 2629 1416 2674 ante
1465 2619 1605 2674 hunc
1653 2633 1867 2672 versum
1901 2617 2095 2672 Contra

525 2696 815 2752 Unionitas.
863 2693 936 2744 Ita
961 2690 1152 2746 Weitz.
1181 2701 1234 2744 et
1258 2689 1378 2744 Vat.
1408 2690 1474 2744 A.
1506 2691 1559 2743 In
1612 2689 1730 2742 νέαι.
1773 2689 1813 2740 Β
1862 2696 1916 2741 et
1942 2687 2099 2751 Man,

525 2766 716 2820 Contra
741 2762 1010 2817 Unionitas
1054 2760 1396 2816 Sabellianos.
1426 2760 1479 2812 lu
1529 2760 1674 2822 Rat.,
1705 2758 1892 2811 Contra
1924 2758 2099 2811 Sabel-

525 2838 712 2891 lianos.
754 2833 810 2886 In
841 2831 963 2885 Ald.
1008 2841 1064 2885 et
1089 2830 1204 2886 Gis.
1249 2830 1272 2883 1
1315 2829 1468 2894 etliL,
1501 2829 1688 2882 Contra
1723 2828 2011 2889 Unionitas,
2045 2829 2101 2881 id

525 2914 598 2961 est
626 2902 968 2960 Sabellianos.
1002 2899 1114 2955 Gis.
1139 2900 1176 2953 2
1205 2899 1288 2954 ed.
1321 2901 1384 2952 ad
1409 2914 1557 2952 oram
1595 2898 1868 2953 υηίοιιὶιω.
1903 2898 2097 2952 Confer

526 2977 835 3030 Browerum
863 2987 980 3040 pag.
1013 2971 1120 3024 225
1147 2971 1210 3024 ad
1238 2969 1605 3032 Fortunatum,
1641 2969 1730 3022 ubi
1785 2978 2096 3040 argumenta

527 3043 800 3099 Prudentii
820 3037 1006 3096 contra
1028 3040 1307 3095 Unionitas
1331 3053 1451 3093 cum
1476 3041 1627 3092 laude
1649 3039 1927 3090 doctissimi
1949 3037 2098 3089 Chri-

523 3116 807 3169 stianorum
838 3118 1102 3178 poetarum
1121 3108 1480 3164 commendat.
1505 3108 1814 3176 Huiusmodi
1851 3108 2094 3161 lemmata

525 3185 716 3239 Contra
750 3181 1043 3247 Unionitas,
1072 3189 1128 3234 et
1149 3180 1341 3234 similia
1369 3195 1474 3232 non
1505 3179 1573 3231 ab
1607 3186 1826 3231 auctore
1856 3191 1976 3231 esse
2001 3190 2096 3247 ap-

528 3255 723 3324 posita,
764 3253 859 3324 sed
905 3251 973 3304 ab
996 3251 1133 3324 _aliis
1158 3249 1749 3324 addita,__dicam_etiam
1778 3249 1830 3301 in
1860 3246 2095 3324 Psycho-

525 3317 752 3378 inachia.
783 3320 1244 3376 PetrusCoustaut
1271 3320 1322 3378 in
1357 3317 1612 3372 Vindiciis
1643 3333 1773 3371 mss.
1813 3317 2092 3370 eodd.non

526 3393 662 3448 bene
687 3390 922 3446 aflirmat
944 3405 1064 3458 pag.
1095 3389 1223 3454 274,
1255 3389 1644 3458 Sabellianosa
1676 3387 1968 3458 Prudentio
1993 3387 2094 3439 hoc

523 3463 647 3519 loco
667 3463 844 3516 vocari
873 3455 1168 3514 Unionitas.
1189 3459 1506 3512 Prudentius
1535 3455 1786 3525 deinceps
1804 3457 1973 3526 pergit
1993 3470 2095 3510 ex-

527 3545 748 3601 ponere,
780 3529 988 3601 Patrem
1018 3538 1073 3601 et
1104 3528 1296 3582 Filium
1333 3531 1383 3580 iu
1413 3527 1673 3601 Trinitate
1714 3525 1816 3579 non
1848 3540 1967 3579 esse
1992 3525 2098 3601 duo

527 3595 669 3655 nuda
691 3598 930 3663 nomina,
958 3597 1054 3651 sed
1082 3611 1338 3664 personas
1355 3610 1486 3650 vere
1513 3595 1823 3649 distinctas:
1850 3610 1969 3648 nam
2001 3595 2097 3648 Pa-

528 3668 831 3739 tripassiani
859 3682 921 3721 ea
950 3665 1170 3739 ratione
1208 3667 1681 3739 Patrem__passum
1736 3664 2095 3739 afﬁrmabant,

528 3733 673 3808 quod
701 3739 859 3792 Pater
885 3752 915 3788 a
950 3735 1082 3790 Filio
1108 3751 1212 3789 non
1235 3744 1378 3808 esset
1404 3735 1709 3789 distinctus.
1754 3733 2012 3788 Unionitte
2043 3734 2098 3808 hi

526 3805 765 3864 haeretici
785 3814 1176 3874 nuncupantur,
1195 3805 1319 3875 quia
1343 3820 1502 3859 unam
1525 3813 1730 3858 tantum
1745 3819 2022 3875 personam
2045 3805 2097 3875 in

539 3879 719 3943 Patre,
766 3877 899 3931 Filio
935 3885 990 3931 et
1031 3874 1233 3945 Spiritu
1281 3883 1465 3929 sancto
1495 3876 1824 3930 astruebant.
1863 3874 1919 3928 in
1963 3874 2097 3945 Urb.

529 3949 671 4003 Nam
691 3949 810 4002 cede
839 3947 1050 4015 legitur.
1074 3943 1456 4016 'Exscriptores
1488 3953 1699 3998 veteres
1727 3959 1870 4014 saepe
1900 3947 2014 4017 jam
2044 3943 2098 3998 in

523 4035 645 4072 nam
674 4018 1088 4072 commutabant.

599 4089 723 4144 179.
769 4088 884 4141 Vat.
919 4087 979 4151 Β,
1009 4086 1284 4156 depositas,
1314 4085 1588 4151 mendose,
1616 4086 1701 4140 vel
1723 4100 1790 4156 ex
1813 4091 2101 4139 consuetu-

527 4158 657 4214 dine
690 4157 978 4220 scribendi,
1008 4155 1112 4222 qua
1144 4165 1355 4210 veteres
1380 4173 1404 4207 s
1428 4171 1523 4223 pro
1550 4171 1576 4206 r
1621 4155 1884 4210 interdum
1930 4169 2099 4222 pone-

529 4229 677 4294 bant,
713 4240 768 4280 ut
797 4229 975 4292 honos,
1006 4225 1170 4294 labos,
1205 4241 1300 4292 pro
1334 4226 1514 4290 honor,
1553 4224 1719 4282 labor.
1749 4225 1906 4279 Poeta
1933 4225 2099 4292 depo-

527 4300 750 4354 sitorem
782 4297 953 4350 Patris
999 4303 1160 4349 vocat
1206 4295 1520 4359 Sabellium,
1560 4297 1682 4364 quia
1727 4296 1935 4349 Patrem
1974 4308 2102 4347 vere

531 4382 651 4422 esse
694 4367 943 4434 negabat,
969 4375 1024 4421 et
1072 4364 1262 4419 Filium
1307 4380 1413 4418 non
1454 4381 1580 4418 vere
1614 4366 1853 4432 genitum
1894 4377 2102 4434 assere-

529 4436 640 4492 bat.
677 4433 943 4506 Vocabulo
969 4436 1227 4506 depositor
1265 4437 1431 4490 utitur
1475 4435 1832 4501 Quintilianus
1869 4435 1924 4488 in
1963 4433 2098 4488 lem-

526 4517 660 4562 mat.
678 4505 973 4561 Declamat.

602 4579 723 4631 181.
756 4577 884 4630 Mar.
909 4575 1096 4630 scribit
1124 4575 1419 4644 dispoliare.

604 4648 727 4701 186.
765 4647 821 4700 In
859 4646 978 4699 flat.
1018 4642 1229 4712 ineptus
1268 4653 1564 4709 corrector,
1612 4645 1823 4699 cmtcris
1867 4642 2093 4707 abrasis,

529 4717 804 4770 substituit
826 4715 1062 4784 quisnam
1081 4715 1360 4777 idolorum,
1393 4725 1448 4768 ut
1476 4716 1682 4768 scilicet
1704 4723 1875 4768 metro
1897 4727 2095 4767 consu-

533 4786 689 4840 leret.
723 4785 842 4838 Vat.
874 4787 941 4849 Δ,
971 4795 1024 4839 et
1054 4785 1302 4853 Egmon.,
1325 4786 1522 4854 nequis
1554 4801 1648 4852 pro
1673 4785 1862 4853 ecquis,
1910 4794 1998 4837 aut
2049 4792 2098 4836 et

530 4856 667 4922 quis.
696 4854 751 4907 Si
776 4854 981 4920 legatur
1022 4870 1084 4906 ne
1127 4856 1261 4922 quis,
1299 4855 1589 4908 auferenda
1627 4865 1711 4910 est
1753 4855 2098 4923 interrogatio

533 4937 690 4992 versu
718 4923 836 4986 188.
869 4932 1139 4992 etsensus
1168 4924 1290 4988 erit,
1329 4939 1394 4977 ne
1420 4926 1539 4992 quis
1573 4938 1679 4978 non
1707 4933 1879 4992 putat,
1904 4935 2010 4977 etc.
2040 4924 2095 4976 In

535 4991 761 5054 Widm.,
779 5001 832 5044 ut
853 4991 990 5060 quis,
1013 5005 1173 5060 supra
1199 5002 1245 5044 et
1269 4994 1402 5060 quis.
1426 4991 1667 5048 Gifanius
1693 4991 1849 5047 Lucr.
1881 4993 2096 5046 collect.

534 5062 698 5116 verbo
728 5061 803 5115 Er
823 5068 1064 5131 ουΑνΝτιε,
1095 5077 1161 5115 ετ
1201 5075 1317 5123 oms
1360 5062 1632 5127 obéervat,
1662 5065 1900 5131 quaedam
1935 5063 2097 5116 verba

535 5134 603 5186 ab
622 5132 853 5200 antiquis
902 5130 1110 5185 duobus
1158 5132 1330 5185 modis
1379 5132 1551 5193 dicta,
1593 5130 1713 5201 qua:
1766 5133 2098 5186 recentiores

536 5203 695 5257 unico
718 5201 956 5270 proterrc
981 5201 1342 5256 contendunt:
1374 5201 1619 5256 dicebant
1643 5201 1783 5256 enim
1804 5202 1997 5270 ecquis,
2044 5211 2100 5256 et

535 5283 584 5327 et
610 5276 742 5343 quis,
770 5280 823 5325 et
855 5274 924 5324 ita
968 5272 1094 5343 legit
1135 5271 1373 5326 Gifanius
1405 5273 1455 5343 in
1498 5272 1782 5343 Prudentia
1835 5287 1901 5343 ex
1933 5273 2100 5343 veteri

540 5341 674 5399 libro
701 5355 746 5395 et
767 5345 876 5408 quis
904 5343 956 5393 in
984 5341 1164 5405 idolio,
1193 5350 1248 5396 et
1281 5341 1524 5395 similiter
1553 5343 1668 5395 aliis
1695 5342 1744 5395 in
1777 5342 1926 5396 lucis.
1955 5341 2101 5395 ldolii

540 5428 672 5483 voce
699 5422 914 5464 utuntur
951 5411 1332 5483 Tertullianus,
1371 5412 1756 5483 Hieronymus,
1790 5421 1844 5466 et
1887 5412 2000 5464 alii.
2037 5412 2102 5467 Ut

541 5482 851 5536 Minervium
883 5490 934 5534 et
955 5482 1196 5536 Dianium
1217 5492 1372 5537 erant
1395 5482 1646 5537 Minervius
1673 5492 1726 5536 et
1756 5484 1931 5537 Dianae.
1963 5492 2100 5535 tem-

542 5555 706 5619 plum,
771 5553 850 5604 sic
898 5551 1115 5605 idolium
1186 5555 1439 5620 templum
1485 5553 1771 5608 idolorum.
1817 5551 2100 5619 Reperitur

539 5623 698 5674 etiam
717 5621 1074 5688 ASsculapium
1106 5637 1200 5688 pro
1224 5623 1512 5692 Esculapii
1543 5625 1761 5692 templo.
1786 5621 2097 5692 Corrigendi

539 5702 661 5744 sunt
686 5706 864 5746 nonuu
890 5692 923 5745 ii
948 5692 1285 5761 interpretes.
1321 5696 1410 5764 qui
1445 5691 1545 5747 lad
1568 5691 1804 5748 Corinth.
1850 5707 1964 5758 vui,
1998 5691 2084 5758 10,

2122 3213 2168 3276 C

2204 2619 2256 2671 in
2279 2617 2441 2701 idolio
2465 2617 2834 2701 recumbentem
2869 2619 3137 2701 accipiunt
3164 2623 3379 2701 idolium
3427 2639 3539 2701 p_ro_
3569 2641 3795 2701 mensa,

2206 2697 2298 2742 aut
2320 2688 2500 2756 epulo.
2545 2688 2753 2742 Ethnici
2785 2690 2836 2743 in
2869 2688 3080 2758 templis
3117 2693 3228 2746 suis
3273 2688 3660 2750 recumbebant
3715 2688 3794 2755 ad

2210 2774 2604 2832 mensam,_non
2636 2759 2921 2832 inmensa,
2951 2763 3120 2816 multo
3145 2777 3276 2818 vero
3314 2768 3490 2818 minus
3521 2783 3569 2818 ιιι
3597 2771 3796 2832 epulo.

2207 2830 2375 2904 Erant
2408 2829 2551 2904 enim
2586 2829 2806 2904 loeti,‘_i_n
2839 2833 3036 2900 quibus
3071 2836 3473 2898 recumbebant,
3523 2846 3579 2888 ut
3624 2829 3795 2904 prau-

2207 2898 2704 2972 tierentsBartliius
2733 2901 2826 2953 lib.
2859 2898 3039 2968 autv,
3079 2918 3195 2969 cap.
3228 2904 3283 2966 4,
3306 2906 3541 2972 expauit.
3570 2898 3641 2958 ἐπ’
3673 2910 3798 2962 ido-

2208 2969 2278 3021 lio
2306 2969 2573 3030 recubans,
2606 2969 2655 3021 id
2702 2980 2784 3022 est
2815 2974 3113 3038 paganismo
3142 2969 3456 3038 deditusput
3476 2975 3679 3027 dicitur
3701 2994 3796 3031 cu.

2206 3039 2267 3091 ba
2278 3055 2332 3092 re
2347 3040 2409 3114 in
2425 3039 2636 3114 inorbo.
2661 3038 3039 3107 Cudworthus,
3056 3057 3174 3110 cap.
3193 3042 3224 3094 4
3238 3043 3474 3113 System.
3496 3046 3796 3114 intellect.,

2207 3125 2364 3182 num1
2383 3107 2507 3182 54},
2545 3110 2640 3182 hos
2662 3125 2868 3182 versus,
2894 3125 3084 3182 magna
3107 3107 3225 3165 cum
3258 3107 3412 3166 laude
3443 3119 3718 3182 producit.

2277 3180 2398 3232 187.
2432 3179 2546 3230 Vat.
2579 3178 2643 3237 Δ,
2668 3179 2949 3242 radiculas,
2984 3178 3142 3244 male,
3171 3198 3264 3248 pro
3292 3178 3555 3238 ridiculos.
3584 3185 3664 3237 De
3697 3203 3794 3242 ara

2201 3250 2464 3329 cespititia
2494 3248 2668 3301 dicam
2712 3250 2778 3301 ad
2825 3251 3080 3320 hymnum
3127 3256 3183 3306 S.
3227 3253 3446 3306 Eulalia:
3473 3264 3525 3308 et
3554 3254 3614 3309 S.
3658 3255 3796 3311 Vin-

2201 3329 2384 3372 centu.

2274 3389 2395 3463 189.
2425 3387 2632 3463 βοηοη.
2660 3395 3093 3463 c_ontra_mc_trum
3131 3393 3429 3463 ctetrr'sdis
3455 3408 3550 3460 pro
3577 3392 3791 3463 Cyr/ne—

2199 3459 2322 3512 reis.
2357 3458 2485 3528 Urb.
2536 3457 2813 3528 mendose,
2843 3458 3127 3528 Cythereis.
3171 3461 3362 3514 Plurali
3407 3457 3640 3515 numeri;
3671 3465 3781 3517 Sa-

2204 3538 2400 3592 turnos,
2431 3526 2684 3592 Iunones,
2721 3525 3033 3602 Cythera'as,
3064 3545 3156 3582 seu
3194 3529 3411 3602 Veneres
3447 3536 3650 3597 profert
3685 3550 3786 3602 per

2200 3605 2585 3669 contemptum,
2618 3607 2675 3650 ut
2721 3598 2879 3669 infra,
2921 3614 3059 3652 vers.
3111 3602 3237 3664 299.,
3269 3601 3660 3669 Deucalionum,
3687 3598 3781 3659 _ch

2201 3669 2362 3723 etiam
2401 3675 2457 3719 ut
2490 3667 2687 3721 indicet
2712 3667 2953 3722 diversos
2980 3669 3178 3729 titulos,
3212 3671 3402 3737 quibus
3443 3673 3582 3724 idem
3636 3667 3775 3727 deus

2201 3740 2268 3791 ab
2295 3737 2522 3808 ethnicis
2559 3737 2797 3808 insigniri
2837 3749 2891 3791 et
2918 3739 3018 3792 coli
3064 3739 3291 3793 solebat.
3348 3741 3421 3793 De
3466 3741 3778 3808 huiusmodi

2202 3823 2330 3862 vero
2362 3807 2507 3860 falsis
2525 3807 2828 3860 numinibus
2858 3823 3151 3876 eorumque
3179 3811 3323 3864 cultu
3351 3810 3515 3862 fusius
3533 3807 3779 3866 dicemus

2203 3880 2268 3934 ad
2289 3878 2541 3946 bymn.S.
2565 3877 2785 3930 Eulaliae
2805 3893 2945 3930 vers.
2971 3877 3093 3941 49.9.,
3123 3880 3180 3932 S.
3215 3879 3332 3933 Vim
3350 3880 3477 3932 entii
3502 3895 3643 3935 vers.
3680 3881 3774 3944 50,

2203 3949 2261 4006 S.
2292 3947 2584 4011 Laurentii,
2638 3955 2693 4016 et
2743 3948 3006 4016 praecipue
3043 3948 3101 4002 S.
3145 3950 3389 4014 Romani,
3420 3959 3474 4003 et
3496 3952 3565 4003 ad
3606 3951 3774 4007 libms

2203 4026 2388 4074 contra
2420 4015 2818 4088 Symmachum.

2276 4088 2402 4142 191.
2431 4087 2612 4155 Prag.,
2643 4087 2800 4157 male,
2832 4088 2934 4139 imo
2979 4102 3074 4156 pro
3114 4103 3235 4140 uno.
3277 4087 3584 4157 Radulphus
3626 4090 3768 4145 Cud-

2204 4157 2469 4221 worthus,
2499 4157 2646 4225 Syst.
2676 4155 2933 4211 intellect.
2977 4155 3096 4224 cap.
3124 4159 3178 4219 lt,
3210 4155 3476 4226 intelligit,
3522 4162 3768 4214 virtutum

2203 4229 2450 4281 rationem
2473 4227 2573 4280 hoc
2602 4227 2719 4280 loco
2741 4240 2858 4280 esse
2884 4230 3133 4281 amicmm
3159 4238 3211 4280 et
3240 4229 3480 4282 habitum
3519 4245 3772 4298 persona-

2205 4314 2344 4365 rum,
2375 4297 2629 4368 ministros
2654 4310 2780 4368 vero
2801 4311 2919 4368 esse
2939 4297 3232 4365 daemones,
3262 4300 3350 4368 qui
3394 4307 3449 4353 et
3470 4297 3540 4353 dii
3583 4303 3764 4354 audie—

2207 4368 2353 4433 bant,
2378 4378 2432 4422 ct
2475 4367 2666 4435 quibus
2693 4367 2918 4420 Deusad
2952 4369 3196 4421 mandata
3246 4367 3488 4422 uteretur
3524 4385 3596 4424 ex
3624 4371 3770 4425 theo-

2207 4439 2339 4506 logia
2369 4438 2575 4492 scilicet
2618 4436 2914 4504 gentilium,
2942 4437 3007 4490 de
3034 4438 3222 4504 quibus
3270 4438 3504 4506 loquitur
3536 4440 3770 4494 Pruden-

2206 4505 2330 4561 tids.
2356 4508 2512 4560 Putat
2549 4510 2690 4559 enim
2722 4505 3082 4559 Cudwortbus
3126 4507 3302 4574 plures
3344 4505 3572 4576 gentiles
3601 4511 3771 4564 credi-

2126 4580 2177 4640 Ι)
2201 4578 2343 4632 disse
2381 4591 2472 4629 sua
2511 4576 2733 4646 numina
2761 4577 2890 4629 nihil
2922 4577 3064 4629 aliud
3095 4591 3215 4630 esse
3247 4592 3403 4646 quam
3458 4581 3620 4633 unius
3675 4580 3764 4634 Dei

2202 4648 2575 4717 perfectiones,
2608 4661 2670 4698 ac
2689 4645 2893 4717 virtutes
2924 4645 3498 4717 personarum’nomine
3523 4651 3762 4702 indutas:

2200 4715 2354 4787 quam
2378 4717 2679 4785 opinionem
2695 4715 2775 4787 _ad
2797 4731 3020 4787 emunen
3047 4717 3308 4770 revocabo
3335 4716 3427 4770 lib.
3455 4732 3490 4770 ιι
3516 4719 3768 4774 adversus

2200 4784 2371 4858 Sym.,
2388 4784 2531 4858 vers.
2551 4787 2652 4840 58:
2685 4784 2783 4836 Res
2812 4786 3276 4855 incorporeas,etc.
3303 4787 3568 4841 Minucius
3591 4789 3763 4844 Felix:

2204 4856 2342 4923 Quid
2395 4856 2528 4909 enim
2566 4863 2727 4920 potest
2775 4869 2884 4906 esse
2912 4865 3012 4907 tam
3039 4865 3292 4926 apertum,
3325 4866 3427 4909 tam
3459 4859 3763 4926 confessum,

2203 4937 2404 4995 tamque
2431 4926 2777 4994 perspicuum,
2811 4941 2924 4976 cum
2963 4925 3138 4978 oculos
3181 4927 3233 4977 in
3270 4927 3450 4979 caelum
3478 4925 3762 4988 sustuleris,

2203 5006 2251 5050 et
2301 5011 2412 5064 quia
2467 5005 2582 5047 sunt
2621 4996 2779 5062 infra,
2811 4996 3045 5064 circaque
3088 4997 3399 5058 lustraveris,
3453 5013 3610 5064 quam
3665 5013 3763 5050 esse

2202 5065 2410 5132 aliquod
2435 5079 2622 5118 numen
2659 5065 3089 5132 prwstantissimce
3108 5067 3310 5127 mentis,
3357 5081 3459 5133 quo
3488 5069 3652 5119 omnis
3673 5084 3761 5118 na-

2203 5145 2317 5189 tura
2363 5135 2658 5202 inspiretur,
2715 5143 2991 5203 moveatur,
3027 5135 3217 5199 alatur,
3247 5134 3593 5203 gubernetur?
3644 5136 3762 5187 Vide

2204 5221 2324 5273 qua:
2354 5204 2425 5258 ibi
2455 5213 2640 5257 notant
2670 5202 2969 5264 Wowerus,
3007 5202 3436 5258 Elmenhorstius
3461 5244 3476 5269 ,
3523 5206 3762 5259 Ouzelius

2205 5291 2270 5329 ex
2297 5284 2480 5328 nostro
2506 5283 2683 5340 poeta,
2713 5288 2780 5326 ex
2825 5275 3140 5343 Augustino,
3188 5274 3540 5343 Hieroiiytno,
3572 5276 3761 5328 Isidoro

2207 5345 2494 5407 Pelusiota,
2529 5343 2826 5407 Lactantio,
2859 5342 3147 5398 Cicerone:
3177 5352 3258 5397 est
3297 5342 3441 5397 enim
3491 5359 3761 5411 argumen-

2206 5425 2317 5469 tum
2339 5429 2367 5465 a
2391 5415 2569 5467 multis
2595 5423 2996 5482 pem-aetatum.
3029 5414 3139 5466 Hoc
3166 5412 3372 5467 scilicet
3402 5423 3484 5466 est
3532 5415 3760 5467 testimo-

2207 5487 2351 5539 nium
2377 5485 2503 5538 illud
2533 5486 2716 5535 anima:
2745 5485 3047 5535 naturaliter
3069 5482 3376 5536 Christiana:
3410 5483 3477 5536 de
3509 5484 3620 5536 Deo
3643 5497 3757 5542 uno,

2205 5555 2347 5624 quod
2370 5553 2620 5623 singulari
2647 5553 2798 5624 libro
2837 5553 3097 5624 adversus
3118 5563 3323 5624 gentes;
3340 5555 3616 5620 ingeniose
3648 5569 3756 5616 pro-

2209 5622 2860 5693 pugnaviti'l‘ertullianus.
2895 5622 3024 5675 Vide
3049 5623 3164 5690 ejus
3193 5622 3417 5693 Apolog.
3447 5637 3564 5693 cap.
3611 5625 3694 5685 17,
3713 5629 3755 5674 et

2201 5692 2395 5749 librum
2418 5693 2484 5750 de
2513 5693 2846 5748 'l‘cstiuionio
2870 5692 3083 5746 animai.
