4090 6192
232 366 329 420 937

408 571 672 624 Virtutum
704 570 858 632 ratio,
891 570 1053 624 variis
1090 571 1349 626 instructa
1388 572 1674 630 ministris.

409 664 538 729 Qua:
562 675 695 731 gens
726 669 831 716 tam
863 662 1055 717 stolida
1083 673 1167 718 est
1194 667 1406 727 animis,
1440 674 1547 720 tam
1580 667 1815 721 barbara

1487 756 1505 828 [
1529 756 1744 826 linguis,

239 843 337 900 l95
411 844 609 909 Quaeve
655 842 967 910 superstitio
1004 853 1108 897 tam
1156 844 1389 911 sordida,
1417 861 1537 915 quae
1583 847 1815 903 canifor-

1539 938 1744 1009 [ωθωο

415 1024 834 1095 Latrantemque
863 1024 1055 1081 throno
1086 1027 1208 1083 caeli
1239 1029 1817 1097 praeponatAnubem?

1685 373 1721 424 Α
1733 370 1906 426 POTll
1917 369 2125 427 EOSIS.

232 482 391 553 419
414 478 703 533 ConStituit
725 479 810 548 jus
837 493 996 533 omne
1033 478 1138 534 Deo
1164 496 1177 533 :
1207 482 1290 535 cui
1314 482 1510 536 serviat
1535 482 1723 552 ingens
1840 488 1894 545 Α

2751 333 2777 353 ο.

3400 374 3502 431 938

2097 484 2267 540 Nemo
2288 482 2580 548 Cloacinae,
2608 493 2698 537 aut
2720 483 2917 553 Eponae
2939 498 3101 553 super
3132 494 3273 539 astra
3305 486 3509 546 deabus

2098 575 2260 647 520
2303 575 2401 629 Dat
2442 575 2657 639 solium,
2691 575 2933 642 quamvis
2982 574 3183 629 olidam
3234 580 3506 645 pet-sum;

3169 682 3409 723 acerrann

3137 667 3433 739 [acerram,

2096 756 2486 826 Sacrilegisque
2508 756 2706 810 molam
2730 756 2996 822 manibus,
3026 758 3254 815 rimetur
3280 768 3338 816 et
3358 770 3505 818 exta.

1922 848 2028 903 200
2098 845 2333 901 Consule
2357 846 2565 901 barbati
2582 846 2933 901 deliramenta
2968 836 3222 917 Platonis,

2101 936 2329 993 Consule
2357 945 2432 1004 et,
2461 936 2702 991 hircosus
2726 937 2946 1006 cynicus
2974 939 3117 1009 quod
3160 941 3412 1010 somniat,
3454 953 3514 1001 et

3277 1032 3437 1107 [quos

1552 1138 1835 1195 GLOSSA‘J
1875 1138 2214 1195 VETERES.

312 1253 437 1309 ΜΞ.
462 1252 575 1317 Jus,
598 1252 914 1322 religionem,
950 1253 988 1305 l.

313 1325 437 1378 {93.
470 1322 747 1389 Miuistris,
774 1324 993 1392 angelis,
1020 1323 1060 1376 l.

316 1395 437 1447 194.
475 1391 729 1463 Barbara,
760 1391 1071 1463 alienigena,
1106 1392 1211 1447 lso.

316 1464 443 1517 195.
470 1461 811 1530 Superstitio,
846 1461 1135 1533 paganitas.
1168 1492 1237 1503 —
1265 1461 1645 1529 Canilormem,
1679 1468 1822 1520 canis

247 1536 431 1585 habens
463 1536 703 1599 formam,
727 1533 830 1585 lso.

319 1604 441 1675 196.
471 1601 919 1675 Anubem,_deum
945 1602 1183 1673 Egypti,
1220 1603 1274 1656 id
1288 1613 1380 1675 est
1407 1604 1631 1671 simiam,
1671 1615 1822 1675 caput

247 1675 386 1726 canis
413 1672 696 1744 habentem.
732 1671 1223 1744 Mercurius'lingua
1253 1673 1564 1744 [Egyptiaca
1616 1671 1824 1728 vocatur

248 1744 465 1808 Anubis,
499 1743 585 1811 qui
613 1741 735 1793 deus
768 1742 1065 1810 eloquentia:
1108 1741 1286 1809 fertur.
1325 1741 1471 1797 Unde
1502 1762 1612 1797 cum
1638 1747 1823 1798 canina

247 1816 417 1885 capite
441 1812 761 1885 depingitur,
788 1815 908 1880 quia
937 1815 988 1865 in
1018 1814 1323 1865 animalibus
1352 1815 1483 1866 nihil
1514 1831 1635 1867 cane
1678 1832 1827 1885 saga-

1929 1256 2391 1333 dani,_putridam,
2426 1258 2543 1311 Vat.
2578 1256 2640 1312 Τ.
2664 1260 3013 1329 —Acerram,
3058 1280 3148 1319 vas
3190 1265 3507 1333 thurarium,

1930 1327 2272 1389 thuribulum,
2303 1328 2403 1379 lso.

2000 1396 2359 1473 199.__Mola_tu,
2386 1397 2819 1473 sacriﬁciumve!
2840 1409 3047 1467 natam;
3080 1403 3218 1456 mola
3248 1414 3320 1458 est
3349 1422 3507 1473 genus

1926 1467 2166 1541 sacriﬁcii
2187 1482 2249 1519 ea:
2265 1467 2407 1541 farre
2424 1477 2468 1518 et
2480 1468 2606 1541 sale,
2626 1470 2761 1521 unde
2778 1470 2944 1538 ignem
2966 1475 3322 1541 aspergebant,
3340 1467 3388 1528 Et
3403 1478 3515 1528 cul-

1932 1546 2059 1608 tum,
2083 1548 2127 1608 et
2143 1538 2455 1608 hostiam.—
2478 1538 2738 1600 Rimetur,
2772 1538 3031 1608 vertat—4
3051 1538 3203 1605 Ex'ta,
3232 1544 3445 1608 viscera,
3469 1545 3510 1599 l.

2001 1606 2127 1661 200.
2154 1606 2389 1671 Barbati,
2420 1610 2573 1665 senis.
2614 1609 2742 1661 Mar.
2772 1606 2923 1662 Illius
2950 1612 3108 1676 senis,
3145 1613 3182 1665 Ι.
3209 1641 3274 1651 -—
3308 1606 3511 1668 Delira—

1932 1688 2137 1746 menta,
2174 1680 2503 1741 dementiam,
2536 1678 2819 1741 mendacia,
2848 1683 3225 1735 amentiam.—
3251 1683 3511 1746 Platonis,

1935 1745 2088 1821 Plato
2139 1748 2331 1821 dicitur
2375 1764 2405 1799 α
2458 1746 3241 1821 latitudineItu‘merarum;qui
3290 1745 3513 1820 primum

1933 1816 2127 1869 athleta
2168 1818 2400 1893 invictus,
2447 1825 2622 1883 postea
2674 1818 2741 1893 ad
2791 1816 3175 1893 philosophiam
3215 1816 3509 1893 conversus,

249 1872 356 1935 eius
399 1872 894 1954 hqbétuﬂlatfare
922 1892 1105 1954 autem
1139 1885 1328 1936 dicitur
1373 1895 1579 1953 prapter
1625 1872 1826 1951 copiam
1858 1872 1905 1931 Β
1934 1902 2107 1939 omnes
2132 1872 2459 1954 philosOplios
2486 1889 2760 1954 superavit,
2791 1872 2837 1939 ’1.

247 1953 516 2015 sermonis,
554 1952 688 2004 unde
704 1960 747 2003 et
774 1961 999 2006 oratores
1029 1953 1342 2006 rabulatores
1375 1952 1636 2009 dicuntur.
1663 1954 1829 2009 Deum

250 2022 617 2091 /Egyptiarum
643 2021 1026 2091 similitudinem
1048 2024 1187 2075 canis
1219 2024 1500 2089 habentem,
1527 2024 1567 2078 I.

319 2090 445 2146 197.
477 2091 765 2157 Cloacinae,
818 2090 1063 2146 Cloacina
1110 2105 1159 2147 et
1208 2094 1412 2161 Epona,
1458 2096 1566 2148 dea:
1622 2094 1827 2148 rustica:

248 2173 385 2216 sunt.
418 2161 666 2231 Cloacina
695 2161 803 2231 dea,
838 2162 1147 2216 cloacarum.
1173 2193 1243 2203 —
1270 2164 1475 2231 Epona,
1518 2165 1614 2219 dea
1657 2166 1830 2220 horto-

247 2250 384 2284 rum.
410 2230 651 2285 Cloacina
678 2240 723 2284 et
764 2230 965 2296 Epona,
988 2234 1097 2286 dea:
1126 2230 1349 2295 rusticae,
1378 2234 1496 2290 Vat.
1525 2236 1589 2289 Τ.

317 2302 443 2358 198.
478 2301 734 2369 Solidum,
767 2301 989 2371 plenam,
1017 2304 1229 2369 olidam,
1250 2305 1531 2373 putridam,
1558 2306 1600 2359 l.
1632 2335 1699 2345 —
1721 2304 1829 2361 Oli-

2006 1956 2132 2009 20l.
2159 1958 2426 2019 llircosos,
2462 1957 2796 2020 adulterinos,
2829 1957 2905 2009 vel
2941 1960 3172 2023 caninas,
3199 1961 3319 2017 Vat.
3351 1963 3414 2017 Τ.
3442 1993 3514 2004 --

1936 2026 2191 2101 Hircosus
2221 2026 2461 2101 cynicus.
2494 2026 2916 2101 Epicurus,‘Vat.
2949 2036 3111 2101 Α.ν-ι
3144 2032 3391 2085 Hircosus
3417 2049 3512 2101 cy-

1938 2099 2108 2161 nicus,
2133 2098 2339 2170 propria
2380 2097 2588 2170 nomina
2612 2096 2971 2170 luereticorum
3001 2100 3145 2163 dicit,
3176 2117 3391 2170 quorum
3420 2096 3513 2157 alii

1936 2180 2145 2235 praptcr
2172 2166 2540 2219 immunditiem
2568 2165 2698 2219 hirci
2726 2167 2989 2233 dicuntur,
3013 2170 3106 2221 alii
3135 2165 3324 2233 canini,
3362 2174 3513 2226 adul-

1935 2238 2028 2289 teri
2057 2246 2330 2290 vocantur:
2359 2238 2489 2290 κύων
2512 2239 2645 2291 enim
2675 2237 2813 2307 apud
2834 2235 3037 2293 Graecas
3058 2241 3198 2296 canis
3232 2241 3439 2310 dicitur,
3466 2243 3508 2299 1.

1593 2434 2149 2493 COMMENTARIUS.

317 2548 447 2603 195.
477 2546 712 2601 Virtutes
731 2546 1010 2617 ctelorum,
1043 2548 1155 2602 sive
1186 2548 1358 2617 angeli
1384 2548 1435 2604 in
1462 2552 1641 2604 varios
1666 2550 1825 2604 mini-

246 2620 535 2674 strantium
564 2618 782 2672 ordines
805 2616 1095 2671 distributi.
1119 2618 1181 2673 S.
1205 2616 1494 2688 Gregorius
1525 2620 1821 2676 homil.5t:

252 2690 455 2744 Navem
483 2689 777 2755 angelorum
800 2689 1001 2740 ordines
1029 2688 1270 2751 diximus,
1294 2691 1416 2758 quia
1442 2691 1671 2745 videlicet
1691 2707 1822 2757 esse,

248 2767 466 2813 testante
485 2773 631 2810 sacro
652 2758 870 2831 eloquia,
894 2758 1079 2831 scimus
1102 2761 1330 2831 angelos,
1348 2760 1699 2831 archangelos,
1724 2763 1827 2813 vir-

244 2841 408 2889 tutes,
458 2837 745 2895 potestates,
789 2828 1123 2893 principatus,
1154 2828 1559 2897 dominationes,
1598 2832 1822 2895 thronos,

247 2900 513 2953 cherubim
542 2906 703 2969 atque
734 2896 1011 2964 seraphim.
1059 2897 1266 2952 Hebraei
1307 2900 1492 2953 decem
1519 2904 1828 2969 angelorum

246 2972 473 3023 ordines
518 2968 869 3035 distinguunt,
892 2982 955 3019 ac
978 2972 1119 3020 varia
1164 2970 1243 3022 eis
1272 2972 1485 3022 nomina
1530 2968 1828 3035 imponunt.

249 3042 535 3095 Erasmnm
559 3046 612 3090 et
641 3037 851 3111 Bezam,
879 3037 969 3106 qui
994 3039 1232 3106 Apostoli
1256 3041 1428 3111 locum
1454 3042 1649 3111 Ephes.
1672 3061 1712 3109 ι,
1735 3042 1797 3097 21
1816 3081 1830 3105 ,

252 3112 440 3175 Supra
468 3124 661 3159 omnem
686 3108 1046 3176 principatum,
1095 3118 1221 3171 etin,
1256 3108 1557 3177 intelligunt
1588 3108 1833 3162 minimae

251 3182 318 3233 de
351 3180 605 3234 omnibus
632 3180 789 3230 rebus
816 3179 1029 3245 creatis,
1063 3177 1258 3231 refellit
1292 3179 1544 3232 Petavius
1578 3192 1705 3233 tam.
1741 3178 1829 3245 lll,

253 3251 350 3304 lib.
389 3265 450 3311 ιι,
479 3262 597 3315 cap.
634 3247 684 3313 1,
715 3261 778 3300 ex
811 3247 1031 3318 lgnatio,
1059 3247 1280 3311 lrl-nreo,
1304 3248 1832 3318 Athapasio,Cyrillo

252 3318 766 3388 llierosolymitano,
801 3317 1013 3388 Basilio,
1045 3318 1345 3386 Epiphanio
1375 3317 1620 3387 aliisque.
1662 3320 1833 3371 Virtu-

251 3402 359 3443 tum
391 3406 423 3442 n
450 3386 737 3459 sminetuti
764 3386 1082 3455 angelorum,
1110 3388 1373 3441 interdum
1395 3386 1585 3459 omnes
1605 3389 1831 3459 angelici

1930 2548 2112 2613 lidam,
2146 2554 2202 2599 nt
2241 2544 2517 2615 Virgilius,
2564 2559 2595 2615 a
2639 2560 2747 2615 quo
2775 2547 2943 2602 multa
2996 2557 3293 2605 mutuatum
3349 2552 3513 2612 tuisse

1932 2616 2281 2672 Prudentium
2332 2614 2513 2693 monet
2541 2614 2813 2693 Gitanius;
2856 2618 3082 2693 {Em},
3113 2621 3264 2689 plena
3297 2626 3513 2693 supplex

1932 2696 2197 2741 veneratur
2234 2702 2430 2759 acerra.
2452 2686 2549 2759 _l_so
2578 2685 2711 2759 duas
2743 2688 2839 2741 has
2878 2685 3137 2759 lectiones
3164 2685 3405 2759 explicat
3425 2711 3511 2749 sa-

1932 2759 2093 2811 lidam
2117 2757 2414 2831 et_ol_i_dam_.
2440 2755 2695 2831 _ﬂeinsins
2721 2771 2840 2831 eum
2885 2759 3017 2831 suis,
3068 2755 3341 2831 Giselinus
3383 2779 3507 2831 per-

1941 2836 2115 2902 motus
2145 2826 2302 2902 simili
2324 2827 2565 2902 epitheto
2600 2826 2741 2902 apud
2775 2826 3084 2902 iuvenalem
3108 2829 3222 2883 Sat.
3268 2832 3321 2897 8,
3356 2826 3513 2902 [acies

1942 2899 2079 2950 olida
2108 2897 2173 2948 ad
2198 2896 2655 2967 prwsipiapietas,
2695 2896 2859 2967 Bpng.
2894 2914 2925 2967 a
2960 2900 3128 2965 prima
3162 2896 3507 2967 mann,'lllar.

1940 2984 1968 3037 a
2003 2967 2187 3037 prima
2220 2964 2399 3029 manu,
2444 2964 2600 3032 Prag.
2642 2978 2690 3018 et
2727 2964 2845 3019 Rat.
2888 2964 3069 3037 legunt
3110 2964 3340 3023 olidam.
3367 2974 3512 3028 Prte-

1943 3036 2055 3089 fero
2082 3034 2304 3107 olidam:
2327 3050 2446 3086 nam
2478 3038 2758 3107 epitheton
2777 3038 2917 3089 olida
2940 3034 3006 3092 de
3030 3041 3356 3107 praesepibus
3380 3059 3511 3099 cou-

1942 3120 2215 3176 gruenter,
2250 3104 2315 3176 d_e
2345 3119 2531 3176 acerra
2564 3106 2721 3157 etiam
2746 3104 2881 3159 bene
2910 3104 3120 3169 dicitur,
3157 3104 3275 3176 quia
3307 3114 3509 3169 scilicet

1941 3171 2064 3228 thus
2097 3175 2226 3240 olet,
2262 3171 2529 3227 Giselinus
2560 3177 2611 3226 in
2642 3176 3011 3231 Daventriensi
3060 3171 3263 3232 invenit
3304 3182 3506 3236 solitam

1936 3245 2187 3315 quamvis,
2226 3244 2364 3310 quod
2390 3259 2492 3315 noti
2522 3244 2766 3298 dedecet.

2010 3314 2131 3389 199.
2185 3314 2353 3389 Aldus
2396 3314 2549 3367 aliter
2586 3314 2861 3389 distinguit
2911 3316 3285 3389 Sacrilegisque
3320 3325 3507 3378 molam

1936 3386 2169 3459 monibus
2207 3385 2443 3448 rimetur,
2474 3392 2519 3435 et
2542 3394 2678 3438 exta.
2702 3386 2790 3459 lso
2821 3401 3033 3455 quoque
3061 3385 3210 3442 addit
3234 3392 3504 3459 glossam:

249 3461 478 3513 ordines
516 3454 903 3528 intelliguntur,
929 3468 1000 3528 Aut
1052 3466 1259 3510 constat
1304 3474 1368 3512 ex
1422 3454 1826 3528 Chrysostomo,
1855 3461 1899 3521 C
1937 3470 1957 3505 ι
1989 3455 2252 3518 lliusrun,
2292 3463 2472 3519 vertat,
2503 3472 2522 3505 ι
2564 3454 2713 3520 quasi
2739 3454 2957 3508 rimetur
2983 3459 3189 3513 malam.
3234 3454 3509 3520 Sententia

250 3530 625 3590 Theodoreto,
664 3526 887 3591 llilario,
926 3526 1245 3596 Hieronymo
1277 3539 1329 3581 et
1375 3528 1513 3583 aliis.
1538 3526 1729 3583 Graiae
1776 3529 1830 3583 in

252 3600 432 3719 iacrli's
475 3596 766 3665 Scripturis
809 3604 1068 3651 vocantur
1108 3597 1377 3669 δυνάμεις,
1413 3598 1673 3653 Hebraice
1725 3600 1831 3654 Sa-

286 3679 373 3719 aot
424 3707 435 3717 .

252 3671 435 3722 baoth.

326 3740 459 3793 196.
490 3736 676 3790 Ald.et
697 3737 833 3800 Gis.,
867 3736 1105 3791 Anubim.
1125 3736 1347 3803 Weitz.,
1370 3754 1490 3793 eum
1516 3753 1641 3793 mss.
1670 3736 1829 3792 codd.

252 3810 557 3879 plerisque,
578 3806 843 3879 AAnubem.

328 3878 459 3933 197.
492 3877 637 3948 Διά..
699 3876 836 3948 Ox_._,
859 3876 977 3930 Vat.
1019 3876 1324 3948 Q.77Noms..
1383 3877 1647 3948 Tiphome,
1680 3876 1831 3948 ω»,

252 3945 725 4019 TyphonaeLGisq
765 3945 942 4019 Hippo
981 3949 1047 4000 ab
1074 3947 1250 4016 [lippo
1281 3945 1557 4017 Hipponis,
1596 3955 1662 4019 ut
1697 3945 1835 4019 Dido

251 4016 506 4072 Didonis.
540 4017 747 4070 Etenim
775 4016 873 4070 dea
897 4031 1157 4084 equorum
1191 4035 1214 4067 τι
1250 4016 1437 4071 Graeco
1460 4018 1715 4070 vocabulo
1759 4017 1838 4068 di-

249 4088 435 4143 cenda
471 4096 553 4140 est
580 4085 754 4155 Hippo
775 4095 865 4139 aut
894 4086 1149 4156 Hippona.
1184 4087 1302 4140 Vat.
1334 4087 1401 4152 A,
1448 4086 1641 4155 Ypane.
1688 4086 1834 4139 Prae-

249 4158 555 4211 smntiores
585 4156 856 4209 lleinsiani
902 4172 1021 4209 cum
1062 4159 1268 4210 duobus
1291 4157 1679 4218 Torrentianis,
1711 4156 1831 4209 Vat.

259 4228 321 4290 Β,
382 4230 575 4291 Alex.,
634 4226 812 4292 Prag.,
876 4226 1024 4294 Rat.,
1066 4228 1219 4292 Man,
1256 4225 1470 4295 Epante.
1520 4226 1689 4293 Quam
1744 4240 1839 4279 ve-

253 4316 376 4351 ram
416 4297 698 4350 lectionem
733 4296 1159 4360 Elmenhorstius
1206 4308 1283 4350 est
1312 4297 1588 4360 odoratus,
1630 4304 1683 4348 et
1714 4305 1837 4349 ante

253 4370 418 4419 illum
437 4366 674 4419 thanius
706 4365 818 4418 Iud.
853 4357 1007 4418 Lucr.
1039 4368 1201 4420 verbo
1224 4367 1439 4429 Suum,
1474 4382 1541 4420 ex
1570 4357 1837 4419 veteribus

258 4440 446 4489 liln'is.
481 4436 731 4488 riaindem
781 4436 1059 4489 lectionem
1094 4437 1351 4505 approbat
1400 4437 1664 4489 Adrianus
1695 4434 1835 4487 'l‘ur-

257 4511 441 4560 uelitis
472 4521 613 4557 num.
638 4506 733 4558 791
768 4504 1002 4567 advers.,
1032 4504 1354 4573 quia’Latiui
1388 4506 1479 4568 ita,
1511 4521 1629 4573 quae
1652 4505 1837 4558 erca

256 4584 419 4638 sunt,
453 4575 712 4627 interdum
745 4574 992 4637 elferunt,
1029 4588 1081 4628 nt
1120 4587 1291 4628 ortum
1332 4578 1541 4640 eiurent
1569 4591 1745 4639 suum,
1785 4582 1839 4627 et

252 4648 390 4714 quia
452 4645 503 4696 in
551 4645 890 4714 Juvenalihus
952 4646 1389 4699 bibliothecarum
1455 4646 1839 4713 pulverulentis

254 4712 548 4767 invenerat
574 4714 824 4779 Eponam.
854 4712 1119 4768 Giselinus
1165 4715 1215 4768 in
1246 4712 1461 4768 Buslid.’
1487 4716 1607 4767 cod.
1640 4716 1839 4779 reperit

260 4785 476 4853 Hippo,
510 4794 562 4836 et
606 4784 801 4849 iudicat
850 4785 1167 4853 scripturam
1208 4786 1548 4851 depravatani
1601 4784 1759 4853 Tipha
1785 4793 1839 4836 et

254 4854 497 4919 Epona’,
530 4853 844 4924 aueloritate
893 4852 1130 4924 Gyraldi,
1173 4856 1262 4923 qui
1292 4856 1344 4908 in
1391 4854 1617 4906 Historia
1644 4852 1711 4906 de
1740 4853 1841 4906 diis

252 4924 511 4993 gentium
530 4923 662 4976 hanc
686 4924 836 4975 deam
857 4922 995 4977 male
1020 4922 1255 4993 Eponam
1282 4940 1309 4977 a
1336 4924 1648 4991 quibusdam
1668 4924 1843 4976 vocari

254 5002 446 5060 putat,
484 5003 537 5045 et
588 4995 705 5059 quia
755 4993 927 5045 media
977 4998 1027 5046 in
1087 4993 1267 5062 Epona
1311 5004 1450 5048 esset
1484 4993 1838 5059 producenda.

254 5065 547 5125 Barthius,
586 5064 673 5115 lib.
703 5063 1085 5127 xxviAdvers.,
1119 5079 1231 5132 cap.
1262 5067 1347 5126 ll,
1373 5064 1641 5117 contendit
1667 5064 1844 5130 legen-

251 5140 401 5186 dum
424 5134 473 5183 in
508 5133 794 5184 Prudentia
809 5142 861 5184 et
884 5134 1000 5184 aliis
1026 5132 1258 5200 Equona,
1282 5149 1401 5201 quea
1432 5132 1554 5185 huic
1582 5133 1697 5184 dea:
1718 5146 1842 5185 cura

249 5216 535 5271 equorum
581 5211 722 5263 erat;
756 5212 807 5255 et
862 5217 889 5253 a
944 5204 1229 5257 Prudentia
1276 5204 1501 5257 medam
1528 5204 1724 5269 corripi
1770 5203 1844 5255 ait

252 5285 429 5325 litore
455 5272 663 5334 Grmco,
698 5285 751 5323 ut
774 5272 911 5323 solet
944 5274 1260 5325 Prudentius
1301 5277 1473 5326 facere
1513 5276 1563 5325 in
1618 5273 1846 5325 numini-

254 5344 374 5394 bus
431 5338 649 5394 Graecis.
698 5343 933 5394 Iletineri
980 5344 1139 5396 debet
1192 5360 1383 5397 nomen
1434 5341 1648 5411 Eponrc,
1705 5342 1845 5409 quod

248 5419 457 5465 exstat
504 5411 555 5462 in
614 5415 844 5479 antiquis
889 5414 1244 5466 monumentis
1297 5425 1350 5466 et
1391 5413 1843 5479 inscriptionibus.

255 5486 343 5534 Ite
372 5480 583 5547 Epona,
615 5482 904 5533 mulionum
930 5483 1049 5547 dea,
1076 5483 1190 5537 vide
1220 5482 1558 5535 Plutarchum
1596 5482 1644 5533 in
1672 5482 1849 5533 Paral-

255 5552 425 5613 lelis,
458 5551 741 5605 Minucium
774 5556 825 5604 in
865 5554 1107 5621 Octavio,
1139 5561 1193 5607 et
1216 5552 1598 5607 Tertullianum
1632 5552 1684 5605 in
1710 5554 1850 5619 Apo-

253 5622 532 5674 loectieo.

317 5638 652 5755 stctiiiohldu
681 5690 893 5758 Weitz.,
930 5690 1065 5745 Vatt.
1093 5694 1135 5745 A
1165 5702 1219 5746 et
1246 5693 1307 5756 Β,
1340 5693 1470 5747 Mar.
1511 5706 1606 5758 pro
1636 5690 1845 5744 diversa

251 5770 572 5825 scriptura,
603 5761 843 5815 Gilanius
862 5778 927 5816 ex
956 5764 1135 5828 quinis
1159 5763 1552 5831 exemplaribus
1583 5774 1736 5824 mss.,
1765 5776 1846 5811 sa-

572 5856 840 5914 l'sTnOL.
885 5853 1046 5915 LIX.

1872 4828 1919 4885 D

1936 3534 2050 3589 est,
2087 3528 2352 3591 persolvat
2382 3538 2640 3589 acerram,
2672 3534 2728 3578 et
2757 3528 2973 3589 molam,
3017 3538 3071 3580 et
3111 3540 3335 3584 rimetur
3364 3544 3507 3591 exta.

1935 3593 2328 3647 Chamillardus
2356 3608 2482 3648 vero
2505 3596 2882 3663 interpretatur
2906 3612 2920 3648 :
2947 3602 3384 3664 quwratmanibus
3405 3620 3511 3656 sce-

1937 3664 2075 3718 lestis
2105 3666 2206 3717 ima
2233 3666 2443 3726 viscera,
2475 3675 2521 3716 et
2548 3668 2703 3716 imam
2734 3666 2941 3718 molam.
2968 3667 3022 3719 Si
3051 3679 3225 3723 autem
3257 3674 3392 3724 mola
3421 3674 3512 3727 tie-

1937 3735 2048 3799 bat,
2073 3736 2211 3802 quod
2239 3735 2350 3801 ipse
2376 3743 2544 3799 notat,
2576 3746 2633 3788 ut
2652 3751 2718 3805 ea
2753 3738 2898 3787 troius
2944 3738 3299 3805 victimarum,
3326 3742 3427 3794 foci
3455 3754 3510 3797 et

1938 3805 2097 3857 cultri
2125 3813 2521 3874 spargerentur,
2540 3804 2684 3871 quid,
2713 3820 2915 3871 quaeso,
2942 3817 3022 3858 est
3046 3808 3200 3859 imam
3226 3811 3414 3862 molam
3440 3815 3512 3865 ri-

1940 3874 2091 3939 mari,
2122 3884 2214 3927 aut
2267 3875 2523 3941 querere?
2575 3874 2762 3926 Festus
2808 3874 2963 3927 docet
3013 3876 3274 3929 immolare
3314 3895 3435 3934 esse
3476 3899 3507 3936 a

1939 3945 2097 4007 mola,
2132 3943 2229 3996 hoc
2254 3943 2516 4018 est,_{arre
2544 3943 2735 4018 molita
2758 3951 2816 4018 et
2849 3944 2960 3997 sale
2992 3943 3222 4018 hostiam
3260 3963 3508 4018 persper-

1938 4026 2049 4087 sam
2074 4027 2304 4087 sacrare.
2337 4014 2533 4087 supra"
2548 4027 2686 4065 vers.
2718 4014 3115 4087 i87,_‘venerans
3146 4016 3269 4080 sale,
3300 4014 3508 4087 cespite,

1940 4083 2104 4136 thure.
2143 4083 2221 4134 Ex
2274 4084 2461 4135 eodem
2498 4080 2653 4135 Festo
2684 4091 2795 4134 exta
2824 4082 3093 4148 dicuntur,
3140 4088 3281 4153 quod
3312 4080 3508 4143 ea'diis

1942 4163 2435 4224 prosecentur,quae
2477 4152 2705 4224 maxime
2745 4161 2955 4204 exstant
2983 4152 3350 4224 emineatque.
3401 4159 3506 4214 Alii

1941 4230 2056 4273 exta
2082 4223 2257 4273 vocari
2293 4231 2474 4289 putznt
2500 4222 2651 4289 quasi
2681 4231 2914 4275 exsecta.

2011 4291 2134 4346 201.
2165 4291 2307 4367 PaL,
2343 4291 2714 4367 Gil‘a_n_._verbo
2745 4294 2936 4344 δυωω
2970 4306 3037 4367 ex
3063 4302 3171 4347 vet.
3204 4294 3324 4361 lib.,
3357 4297 3509 4367 Egm.

1940 4376 1969 4415 a
1992 4362 2223 4415 secunda
2257 4376 2436 4437 manu,
2460 4360 2612 4437 Urbi,
2645 4359 2871 4437 hircosus
2894 4363 3253 4437 cynicus__quas
3270 4359 3512 4437 somn'iat,

1942 4446 2246 4507 §C._ncrtm$.
2274 4432 2507 4507 Thoen”
2552 4430 2699 4495 Rot.,
2732 4430 2887 4507 Torr.
2935 4444 3060 4507 tres,
3096 4432 3313 4507 Weitz.,
3363 4430 3512 4507 Ald.,

1944 4501 2083 4577 P_al.,
2118 4500 2243 4577 blant.
2282 4516 2381 4577 pr_o_
2406 4501 2611 4577 divorsa
2645 4501 3125 4577 scriptura,Prag.,
3164 4504 3392 4560 hircosus
3423 4500 3514 4577 cy;

1942 4572 2104 4623 nicus.
2137 4570 2290 4644 Fat»,
2322 4571 2458 4636 Gis.,
2483 4569 2714 4644 rWiqu
2748 4571 2878 4623 Mar.
2903 4586 2931 4622 a
2960 4569 3130 4644 prima
3166 4589 3345 4641 manu,
3393 4569 3518 4644 qu'as

1942 4644 2176 4714 somniat.
2202 4641 2435 4714 Thuan.,
2463 4643 2609 4703 llot.,
2630 4639 2934 4714 Torr._tres,
2959 4641 3149 4714 Veilzﬁ.,
3168 4639 3345 4710 Alex.,
3369 4639 3516 4714 A'ld.,

1944 4710 2075 4785 Mar.
2106 4727 2131 4762 a
2174 4712 2406 4785 secunda
2440 4726 2620 4785 manu,
2654 4710 2791 4785 quod
2822 4714 3061 4785 somniat.
3098 4713 3213 4767 Vat.
3258 4716 3316 4780 Β,
3357 4710 3514 4785 male,

1948 4783 2173 4858 hircosos
2204 4782 2415 4858 cynicos
2447 4783 2558 4848 quis
2581 4784 2817 4858 somniat,
2849 4792 2903 4835 et
2930 4781 3046 4837 Vat.
3078 4786 3141 4858 ρ,
3170 4786 3395 4858 hircosos
3434 4781 3520 4858 cy;

1951 4851 2086 4903 nicas
2103 4867 2226 4916 quas
2252 4852 2492 4914 somniat,
2527 4852 2663 4917 quod
2706 4850 2865 4903 etiam
2896 4861 3068 4907 exstat
3094 4855 3144 4907 in
3177 4850 3519 4912 Tornzesiann

1950 4921 2205 4974 editione.
2250 4921 2426 4987 Prag.,
2467 4923 2587 4986 quid
2632 4921 2870 4973 somniat.
2923 4922 2976 4975 ln
3032 4924 3147 4976 Vat.
3192 4933 3232 4978 A
3275 4928 3521 4981 abrasum

1951 5005 2063 5043 erat
2090 5002 2137 5043 et
2160 4991 2385 5043 hircosus
2416 4994 2623 5060 cynicus
2647 4992 2783 5059 quod
2807 4994 3046 5059 somniat,
3080 4995 3161 5047 Vel
3194 4996 3293 5049 alii
3327 4998 3517 5050 similia

1955 5060 2133 5133 terba,
2164 5071 2216 5114 et
2245 5076 2402 5129 supra
2434 5061 2691 5128 scriptum
2723 5063 2959 5116 somniat.
2992 5064 3108 5117 .lam
3138 5067 3302 5133 cynici
3337 5066 3522 5119 hircosi

1955 5130 2224 5197 dicuntur,
2258 5134 2381 5198 quia
2421 5134 2636 5184 obscnni
2668 5134 2910 5199 maleque
2948 5130 3181 5196 olentes,
3210 5151 3328 5186 nam
3358 5137 3518 5187 etiam

1952 5201 2122 5268 cynici
2139 5202 2207 5253 ob
2230 5204 2477 5253 caninam
2500 5203 2880 5254 obscenitatem
2908 5204 3257 5265 vocabantur,
3282 5204 3381 5255 nisi
3410 5218 3521 5255 mae

1954 5270 2040 5333 lis,
2072 5271 2139 5323 ob
2167 5270 2474 5324 effrenatam
2505 5272 2774 5324 licentiam
2814 5271 3131 5337 ohloquendi
3178 5282 3229 5322 ct
3266 5273 3415 5339 quasi
3445 5273 3520 5324 la-

1959 5341 2155 5394 trandi.
2186 5341 2289 5394 Alii
2317 5350 2521 5409 putant,
2554 5356 2725 5407 neque
2748 5341 2996 5401 absurde,
3028 5340 3244 5407 cynicos
3284 5342 3386 5394 dici
3414 5340 3524 5392 hirr-

1957 5425 2111 5464 cosos
2139 5414 2346 5465 ratione
2368 5411 2543 5464 barba:
2574 5410 2812 5469 hircinze,
2844 5424 2959 5473 qua:
2988 5409 3197 5476 propria
3236 5420 3349 5465 erat
3397 5412 3519 5477 phi-

1958 5480 2327 5549 l050phorum,
2356 5488 2409 5531 et
2436 5481 2488 5529 iu
2521 5478 2859 5549 proverbium
2878 5477 3037 5549 ψη.
3072 5480 3219 5531 Plato
3256 5495 3393 5533 vers.
3427 5496 3517 5531 su-

1954 5545 2149 5618 periori
2182 5552 2423 5618 proximo
2452 5546 2689 5618 barbatus
2718 5561 2851 5613 appe
2878 5545 3017 5600 latur
3047 5565 3149 5601 nou
3174 5559 3373 5603 tantum
3397 5552 3514 5615 quia

1953 5617 2139 5689 senex,
2174 5618 2331 5689 utqait
2357 5617 2553 5689 glossa,
2598 5617 2692 5668 sed
2737 5628 2904 5689 etiam
2939 5619 3009 5671 ab
3038 5619 3253 5673 barbam
3285 5619 3522 5689 philoso-

1955 5688 2185 5767 phicam.
2241 5687 2416 5757 Longe
2466 5686 2571 5740 alio
2612 5700 2760 5740 male
2800 5686 3100 5757 philosophi
3153 5686 3301 5743 iuinc'
3342 5699 3523 5745 amant

1952 5772 2147 5810 vivere.

3173 5849 3252 5909 30
