4120 6196
634 336 735 392 959

1698 341 1972 397 AURELll
2012 342 2373 399 PRUDENTII
2416 346 2739 403 CARMINA.

3790 362 3888 415 9l0

802 449 959 522 421
994 451 1145 505 Texit
1175 453 1485 508 .-\rist0teles
1516 462 1652 507 torta
1694 455 1951 523 vertigine
1982 470 2192 510 nervos.
2229 460 2277 519 Α
2303 458 2407 513 sto
2479 459 2644 527 Cujus
2662 461 2725 514 ad
2748 460 3027 514 arbitrium
3049 462 3241 530 sphera
3258 463 3471 518 mobilis
3486 474 3883 535 atquerotunda

806 542 910 595 llos
924 558 1109 595 omnes
1123 545 1358 610 quamvis
1374 559 1571 613 anceps
1597 544 1955 615 labyrinthus,
1976 555 2028 600 et
2044 562 2199 601 error

801 630 1184 685 Circumllz'xus
1212 643 1354 701 agat,
1384 635 1625 703 quamvis
1655 635 1967 703 promittere
2013 644 2067 690 et
2096 636 2197 703 ipsi

624 719 728 773 9.05
804 718 1061 775 Gallinam
1099 722 1329 787 soleam,
1354 732 1447 776 aut
1474 724 1695 791 gallum,
1729 727 1953 780 clinicus
1982 734 2041 781 ut
2070 741 2129 781 se

804 810 1057 880 Dignetur
1086 821 1341 881 prmstare
1364 814 1504 867 Deus
1534 815 1882 871 morientibus
1905 831 2117 886 tequum
2146 833 2159 870 :

803 900 962 973 422
991 900 1121 956 Cum
1144 911 1360 958 ventum
1388 914 1562 957 tamen
1589 904 1654 957 ad
1683 920 1927 959 normam
1952 907 2194 971 rationis,

1859 996 1933 1068 [et
1973 999 2120 1061 artis,

800 1083 1120 1138 Turbidulos
1150 1098 1367 1148 sensus,
1399 1094 1452 1139 et
1483 1085 1707 1154 litigiosa
1751 1085 1976 1155 fragosis

795 1176 1120 1244 Argumenta
1149 1175 1320 1228 modis
1335 1174 1659 1229 concludunt
1690 1193 1887 1231 numen
1918 1178 1969 1229 in
1992 1193 2182 1229 unum:

2482 558 2754 625 Volvatur,
2783 570 3104 628 serventque
3131 575 3259 616 suos
3291 577 3418 632 vaga
3448 564 3624 618 sidera
3654 580 3871 624 cursus.

2479 658 2590 713 Non
2604 660 2791 728 recipit
2808 668 2993 713 natura
3012 660 3263 727 hominis,
3280 663 3437 717 modo
3450 664 3759 735 quadrupes
3786 662 3877 724 ille

2481 759 2593 813 Non
2625 760 2716 825 sit,
2746 770 2799 814 et
2826 769 3005 815 erecto
3041 770 3250 830 spectet
3273 761 3516 817 caelestia
3548 764 3696 820 vultu
3717 808 3734 831 ,

2477 858 2590 912 Non
2604 858 2811 927 recipit,
2828 868 2987 928 neget
3000 868 3055 913 ut
3068 860 3303 927 regimen
3326 861 3530 929 pollere
3542 877 3872 932 supremum.

2299 958 2403 1013 215
2472 956 2632 1028 423
2662 957 2804 1012 Istud
2838 966 2891 1012 et
2916 958 3027 1024 ipse
3074 958 3256 1014 Numae
3305 961 3496 1015 tacitus
3547 960 3649 1017 sibi
3699 965 3866 1019 sensit

3479 1068 3767 1143 [haruspex
3791 1113 3806 1136 ,

2470 1176 2698 1231 Semifer
2726 1184 2781 1230 et
2805 1176 2991 1230 Cottus
3017 1177 3179 1231 sentit
3208 1190 3342 1231 cane
3372 1178 3540 1233 milite
3570 1182 3741 1249 pejor.

1921 1269 2201 1325 GLOSSA'.‘
2242 1268 2578 1324 VETERES.

687 1360 812 1415 202.
851 1361 1036 1425 Torta,
1068 1361 1316 1413 Tortuosa
1354 1360 1826 1413 circumlocutione.
1852 1390 1920 1399 —
1946 1360 2150 1415 Nervus
2175 1405 2187 1424 ,

620 1431 786 1495 lttdos,
812 1431 1156 1484 inenodabiles
1184 1430 1462 1497 dictiones,
1502 1430 1845 1499 syllogismos,
1888 1430 1928 1485 1.
1964 1460 2032 1470 -
2058 1430 2191 1486 Ver-

621 1500 804 1566 tigine,
834 1502 1079 1563 versione,
1112 1500 1230 1552 Vat.
1259 1499 1323 1552 A.

688 1569 812 1622 203.
860 1569 1249 1637 Labyrinthus,
1281 1570 1556 1638 flexuosus.
1594 1567 1738 1622 Idem
1790 1579 1931 1622 vocat
1962 1568 2190 1622 laborin-

620 1640 781 1702 tltum,
813 1640 946 1708 quod
976 1648 1023 1691 et
1060 1654 1321 1691 errorem:
1350 1638 1667 1693 laborinthtts
1714 1648 1819 1690 erat
1850 1640 2030 1693 domus
2067 1640 2185 1692 sub-

619 1721 868 1773 terranea,
899 1720 1093 1761 centum
1113 1708 1298 1760 habens
1326 1710 1479 1776 ostia,
1512 1725 1663 1775 quam
1694 1708 1935 1761 Dtedalus
1976 1712 2092 1778 fecit
2123 1710 2190 1761 ad

620 1779 987 1843 Minotaurum,
1018 1794 1168 1848 quam
1191 1778 1235 1829 si
1256 1780 1369 1846 quis
1396 1780 1547 1832 semel
1583 1779 1927 1848 ingrederetur
1946 1818 1959 1840 ,
1987 1789 2192 1848 propter

618 1848 994 1900 multitudinem
1031 1847 1282 1919 ostiorum
1322 1863 1421 1919 non
1462 1847 1654 1919 poterat
1682 1847 2191 1919 reverteresdicitur

617 1926 778 1969 autem
800 1916 1135 1979 laborinthus,
1167 1918 1287 1981 quia
1312 1916 1469 1970 labor
1491 1919 1647 1971 intus.
1680 1918 1722 1973 1.

683 1988 808 2040 201.
851 1987 1005 2055 Agat,
1035 1996 1209 2051 reret;
1241 1987 1412 2055 ducat,
1441 1990 1476 2041 Ι.

680 2056 804 2110 9.05.
840 2053 1138 2119 Gallinam,
1182 2054 1489 2125 /Esculapio
1518 2055 1711 2125 gallina
1755 2056 2076 2121 immolatur,
2103 2059 2188 2123 qui

614 2128 762 2179 rlinis
790 2134 988 2194 prmest.
1020 2155 1090 2165 --
1114 2126 1366 2189 Clinicus,
1392 2142 1588 2180 curvus.
1625 2128 1789 2181 ΟΜΝΗ
1820 2125 1995 2181 erce
2031 2126 2188 2179 lectus

613 2198 833 2267 dicitur:
860 2197 975 2267 inde
997 2196 1205 2249 clinicus
1229 2200 1488 2267 praprium
1521 2213 1702 2249 nomen
1729 2196 1829 2259 dei,
1867 2199 1953 2267 qui
1976 2208 2186 2267 prrrerat

614 2266 1017 2319 decumbentibus
1042 2266 1095 2319 in
1127 2268 1307 2318 lectum
1325 2280 1343 2331 ;
1367 2268 1439 2319 vel
1468 2266 1576 2335 ipse
1607 2265 1922 2335 infirmuspa
1953 2265 2188 2319 (umbra-

612 2337 679 2388 do
710 2338 763 2389 in
792 2336 922 2389 lecto
942 2376 954 2397 ,
981 2335 1021 2388 l.

681 2406 805 2458 206.
838 2406 1091 2475 (Equum,
1118 2403 1393 2473 placatum,
1422 2403 1523 2458 lso.
1560 2403 1872 2475 Propitium,
1901 2406 2016 2459 Vat.
2049 2408 2111 2459 Α.

680 2476 806 2529 208.
840 2474 1105 2543 Fragosis,
1142 2475 1448 2541 di/ﬁcilibus,
1482 2475 1520 2527 l.

614 2613 651 2667 ν
680 2545 805 2668 203.
830 2544 1028 2613 Modus,
1069 2544 1415 2614 syllogismis,
1462 2545 1498 2597 I.
1533 2574 1602 2585 —
1652 2545 1705 2597 In
1748 2560 1944 2612 unum,
1984 2544 2181 2609 Deum,

658 2627 730 2667 at.
801 2653 815 2667 .

658 2627 730 2667 al.
751 2627 815 2667 Α.

678 2684 803 2738 ‘lll.
839 2683 979 2739 Suos
1000 2724 1015 2747 ,
1042 2684 1297 2754 proprios.
1338 2712 1407 2723 ——
1459 2684 1597 2754 Vaga
1648 2684 1848 2750 sidera,
1882 2694 2069 2752 septem
2101 2703 2181 2739 er-

610 2756 783 2807 rantia
826 2755 1014 2819 sidera,
1045 2752 1164 2805 dicit
1210 2764 1399 2823 septem
1429 2752 1680 2821 planeas,
1706 2771 1819 2824 qua:
1846 2756 2185 2824 interpretan-

608 2836 691 2876 tur
727 2825 992 2877 errativaa:
1022 2840 1122 2894 non
1148 2828 1283 2894 quod
1305 2824 1429 2888 ipsa”.
1454 2834 1639 2885 errent,
1668 2825 1756 2876 sed
1783 2827 1918 2894 quod
1951 2826 2181 2878 homines

608 2908 776 2949 errare
796 2893 1013 2965 faciunt.
1048 2892 1196 2947 Unde
1219 2894 1507 2960 plano/Scite
1536 2895 1775 2947 dicuntur
1796 2892 2005 2955 melius,
2030 2896 2082 2946 id
2112 2906 2185 2948 est

2297 1375 2520 1413 errorem
2550 1360 2789 1428 facientes
2807 1401 2822 1423 ,
2852 1356 2891 1411 1.

2364 1429 2493 1485 212.
2530 1424 2643 1482 Νοη
2672 1428 2885 1494 recipit,
2930 1442 3033 1480 non
3062 1424 3317 1494 intelligit.
3342 1454 3410 1464 —
3436 1424 3655 1490 Natura,
3684 1425 3739 1478 id
3759 1435 3834 1479 est
3853 1467 3867 1489 ,

2295 1499 2646 1551 tantummodo
2673 1498 2961 1567 quadrupes
3010 1497 3158 1549 homo
3183 1496 3393 1567 dicitur,
3423 1496 3509 1567 qui
3539 1496 3871 1567 irrationali-

2291 1569 2409 1622 liter
2440 1585 2578 1622 more
2598 1565 2897 1621 animalium
2922 1566 3060 1630 vivit,
3083 1574 3131 1619 et
3159 1565 3356 1618 deditus
3386 1565 3452 1616 ad
3474 1566 3660 1617 ventris
3696 1565 3869 1631 inglu-

2294 1640 2422 1692 viem
2468 1638 2597 1691 nihil
2637 1639 2700 1690 de
2739 1637 3021 1690 ctelestibus
3052 1644 3238 1689 curat:
3273 1650 3391 1687 nam
3428 1635 3596 1686 omnia
3632 1636 3869 1687 mortalia

2296 1708 2543 1761 animalia
2575 1717 2756 1778 prteter
2781 1707 3035 1778 hominem
3064 1706 3117 1757 in
3145 1714 3332 1757 terram
3360 1720 3517 1770 prona
3538 1714 3700 1778 ειιηι.Δ
3718 1703 3868 1778 Unde

2294 1788 2342 1832 et
2361 1775 2838 1847 quidam'veridicus
2862 1777 3186 1847 {Pronaque
3202 1791 3321 1828 cum
3353 1783 3597 1847 spectent
3617 1775 3866 1847 animalia

2294 1843 2489 1902 caetera
2524 1857 2720 1902 terram
2744 1864 2755 1900 :
2787 1848 2858 1899 Us
2883 1845 3081 1898 homini
3109 1845 3337 1899 sublime
3361 1843 3529 1907 dedit,
3558 1844 3866 1913 caelumque

2294 1920 2429 1973 tueri
2462 1916 2653 1981 Jussit,
2684 1927 2737 1971 et
2762 1925 2970 1970 erectos
2999 1915 3063 1969 ad
3095 1915 3268 1969 sidera
3323 1914 3509 1967 tollere
3558 1913 3763 1967 vultus.
3797 1942 3865 1955 —-

2295 1987 2472 2053 Modo,
2504 1986 2843 2049 solummodo,
2870 1986 3240 2038 tantummodo.
3274 2013 3342 2024 —
3374 1982 3723 2053 Quadrupes,
3754 1985 3867 2037 ani.

2296 2058 2470 2111 malis.
2520 2087 2589 2096 —-
2614 2057 2727 2120 Ille,
2756 2058 2907 2108 homo
2924 2096 2936 2115 ,
2958 2056 2995 2107 Ι.

2363 2126 2491 2181 214.
2522 2128 2749 2187 Pollere,
2773 2125 2958 2188 valere,
2980 2125 3019 2177 1.

2359 2199 2483 2251 (215.
2522 2197 2726 2259 Num-.e,
2756 2195 2932 2249 Numa
2964 2194 3211 2247 Romanis
3233 2209 3380 2247 sacra
3410 2191 3647 2246 instituit.
3686 2190 3864 2245 Numa

2288 2283 2469 2337 genere
2497 2268 2750 2328 Sabinus,
2781 2281 2929 2335 quem
2978 2274 3089 2337 post
3131 2275 3339 2337 mortem
3374 2263 3595 2337 Romuli
3644 2263 3864 2337 papulas

2294 2332 2553 2391 Romanus
2585 2332 2935 2402 imperatorem
2968 2335 3082 2403 fecit
3104 2349 3123 2386 :
3149 2336 3264 2399 qui,
3300 2335 3467 2386 volens
3512 2332 3773 2385 Romanos
3805 2333 3865 2384 ab

2288 2422 2549 2461 armorum
2571 2422 2743 2459 amore
2779 2419 3042 2469 revocare,
3072 2405 3321 2456 culturam
3348 2404 3559 2455 deorum
3585 2404 3862 2470 perimagi-

2287 2493 2397 2530 cam
2436 2478 2623 2530 invenit
2662 2486 2855 2537 artem,
2883 2475 3086 2534 dicens,
3114 2489 3168 2525 se
3195 2474 3335 2525 omni
3364 2481 3509 2525 nocte
3547 2469 3611 2523 ab
3642 2469 3866 2538 ngeria

2291 2547 2518 2615 nympha
2546 2547 2737 2599 doct'ri.
2762 2544 3054 2613 Posthujus
3081 2552 3289 2615 mortem
3314 2542 3686 2615 Itoniani,rejus
3709 2543 3864 2593 libros

2292 2612 2513 2683 magicos
2542 2616 2842 2685 reperientes
2863 2652 2878 2679 ,
2904 2612 3005 2682 igni
3036 2614 3378 2685 tradiderunt.
3414 2613 3518 2667 Sed
3547 2612 3664 2665 licet
3693 2627 3750 2664 se
3778 2627 3862 2663 er.

2293 2702 2432 2739 rasse
2477 2683 2737 2745 viderent,
2769 2686 2821 2736 in
2860 2685 3071 2737 deorum
3110 2683 3313 2735 cultura
3357 2692 3765 2752 permanserunt.
3796 2709 3863 2722 --

2295 2756 2593 2823 Haruspex,
2625 2754 2880 2819 sa.erdos,
2917 2754 2957 2806 1.

2360 2818 2486 2879 216.
2518 2818 2728 2887 Cottas,
2753 2826 2887 2877 unde
2926 2822 3079 2893 Alpes
3124 2820 3329 2887 Cottite,
3359 2821 3415 2889 l,
3459 2820 3591 2875 Mar.
3622 2850 3693 2862 —
3719 2818 3863 2875 Cane

2294 2896 2482 2961 milite,
2516 2896 2756 2957 molosso,
2795 2893 2833 2947 I.

1952 2987 2511 3042 COMMENTARIUS.

1952 2989 1991 3041 C
2046 2988 2398 3042 MMENTABI
2501 3029 2511 3039 .

674 3080 801 3136 9.02.
834 3078 1057 3142 Widm.,
1086 3078 1391 3147 Aristotelis,
1418 3080 1554 3133 male
1582 3094 1679 3147 pro
1705 2990 2177 3134 Aristoteles9Teo-
2206 3081 2251 3143 C
2507 3080 2710 3134 Bonon.
2746 3088 2801 3133 et
2830 3079 3005 3147 Egm.,
3032 3078 3317 3148 turpidulos
3359 3090 3454 3148 pro
3482 3076 3795 3129 turbidulos.
3817 3077 3860 3131 Δ

605 3151 706 3206 lius
737 3153 1089 3220 incarminc,
1118 3163 1169 3203 et
1207 3153 1257 3202 in
1285 3161 1409 3202 nota
1441 3150 1599 3203 habet
1645 3159 1749 3202 tota
1792 3151 2036 3220 vertigine
2082 3166 2177 3218 pro

606 3230 758 3275 torta.
780 3218 1108 3274 Crediderim
1156 3234 1275 3273 esse
1317 3220 1565 3273 mendum
1600 3218 1943 3289 typographi‘:
1974 3221 2177 3273 nullum

606 3290 749 3346 enim
783 3304 883 3344 ms.
908 3291 1097 3359 allegat
1124 3304 1219 3357 pro
1250 3290 1587 3359 ealectione.
1627 3292 1788 3344 ltecte
1826 3300 1978 3353 poeta
2006 3300 2175 3359 artem

608 3360 818 3414 texendi
842 3374 1035 3413 nervos
1060 3358 1334 3412 AriStoteli
1379 3359 1666 3425 adiudicat,
1701 3360 1961 3427 siquidem
1991 3358 2179 3415 Cicero

604 3439 659 3483 et
689 3430 776 3482 alii
818 3430 1157 3482 Aristotelem
1189 3444 1451 3482 nervosum
1475 3430 1528 3481 in
1560 3430 1796 3493 dicendo,
1826 3439 1877 3483 et
1908 3431 2175 3483 nemiuem

602 3498 939 3551 nervosiorem
966 3512 1029 3551 eo
1075 3498 1280 3550 dicunt.
1320 3498 1564 3552 Celebris
1608 3510 1690 3551 est
1719 3498 1835 3564 ejus
1875 3498 2172 3553 dialectica.

601 3567 738 3633 Quid
761 3566 829 3619 sit
858 3575 988 3618 torta
1017 3567 1227 3637 vertigo,
1256 3566 1344 3619 alii
1370 3569 1570 3637 soritem
1600 3568 1890 3637 explicant,
1919 3568 2007 3621 alii
2034 3586 2177 3637 pseu-

601 3639 876 3698 domenon,
900 3650 1004 3702 quo
1026 3635 1356 3705 dissgrentes
1387 3635 1742 3703 implicantur.
1777 3636 1888 3705 Ego
1917 3635 2043 3692 vero
2072 3639 2172 3691 mi-

602 3706 746 3760 nime
774 3705 1094 3771 implicarer.
1130 3702 1240 3773 Ego
1266 3702 1500 3769 mentior,
1530 3706 1669 3759 dicat
1692 3702 1907 3773 aliquis,
1944 3722 2169 3774 verane,

600 3788 665 3829 an
700 3775 829 3828 falsa
854 3783 949 3845 est
976 3774 1090 3827 haec
1119 3774 1452 3845 propositio?
1482 3775 1626 3844 Nego
1667 3790 1984 3845 quemquam
2032 3780 2176 3832 serio

599 3856 743 3900 etes
776 3844 936 3897 animi
965 3848 1225 3898 sententia
1265 3844 1404 3898 hanc
1432 3844 1847 3914 propositionem
1893 3861 2048 3914 posse
2087 3848 2168 3901 di-

597 3930 751 3971 cere:
778 3928 914 3983 nego
942 3914 1009 3967 ab
1038 3914 1215 3982 aliquo
1252 3928 1407 3981 passo
1443 3916 1729 3984 quidquam
1757 3915 2015 3984 intelligi,
2043 3917 2086 3970 si
2111 3933 2171 3970 ea

598 3985 665 4039 ab
688 3986 792 4037 alio
812 3984 1129 4052 proferatur.
1154 3984 1442 4053 lutelligam
1467 3986 1699 4054 quidem,
1720 3985 1763 4038 si
1783 3985 1901 4053 quis
1920 3988 1988 4039 ita
2009 3985 2171 4052 dicat,

599 4054 708 4127 Ego
735 4056 971 4127 mentitus
993 4054 1090 4121 lui,
1111 4070 1200 4123 ego
1219 4054 1440 4127 mentiar
1456 4071 1479 4127 :7
1493 4067 1555 4127 gat
1578 4058 1759 4127 nescio
1800 4071 2015 4122 prorsus
2044 4059 2170 4127 quid

595 4126 694 4178 sibi
729 4126 882 4195 velit,
916 4123 1028 4192 Ego
1076 4125 1307 4195 utentior.
1354 4124 1538 4178 Simile
1582 4126 1831 4193 quiddam
1863 4136 1980 4193 est,
2030 4123 2168 4195 quod

595 4194 837 4264 nonnulli
858 4196 1060 4264 volunt
1090 4194 1488 4264 fundamentum
1528 4195 1728 4248 sciendi
1759 4197 1809 4249 in
1837 4210 1897 4247 ea
1931 4194 2171 4264 proposi-

597 4263 740 4334 tione
773 4263 864 4334 niti
897 4263 1115 4325 debere,
1151 4261 1259 4332 Ego
1290 4265 1475 4334 cogito,
1500 4275 1557 4318 ut
1580 4265 1801 4319 inferam
1831 4261 1965 4334 Ergo
1986 4261 2167 4320 eatisto.

593 4333 722 4398 Quas
752 4333 795 4387 si
830 4334 897 4385 ita
928 4342 1071 4397 sunt,
1119 4335 1274 4401 plane
1314 4333 1489 4386 fateor
1536 4350 1621 4388 me
1669 4336 1803 4389 nihil
1834 4333 2011 4389 scire:
2044 4353 2165 4390 nam

593 4403 769 4471 verbis
811 4402 1068 4463 inaniter,
1096 4413 1149 4457 et
1172 4405 1311 4455 nulla
1343 4403 1580 4471 subjecta
1614 4404 1877 4458 sententia
1900 4442 1917 4468 ,
1958 4405 2161 4469 dicam,

591 4470 704 4543 Ego
725 4473 911 4543 cogito,
943 4472 1077 4553 hanc
1104 4487 1228 4554 vero
1256 4470 1631 4542 cogitationem
1659 4489 1926 4543 nunquam
1968 4476 2160 4541 habui,

592 4556 767 4611 neque
796 4556 1005 4609 assequi
1037 4554 1204 4610 pottu.

658 4610 785 4667 205.
814 4611 1028 4666 Notavit
1049 4610 1317 4665 Giselinus
1369 4613 1664 4680 sapientem
1687 4613 1836 4666 illum
1858 4612 2158 4679 Socratem,

589 4696 708 4752 cum
740 4698 804 4735 ex
836 4698 1038 4752 repent)
1081 4683 1269 4735 hausto
1308 4683 1417 4752 toto
1468 4699 1599 4751 pene
1652 4698 1875 4751 corpore
1905 4682 2158 4752 frugeret,

588 4750 828 4822 dixisse:
864 4749 1192 4822 ﬁsculapio,
1224 4767 1252 4803 ο
1293 4749 1681 4821 Ονὶιο,⁷9αιιιιηι
1716 4749 1996 4820 debemus,
2019 4749 2158 4822 quod

588 4822 658 4871 ita
685 4820 876 4889 exrhac
903 4820 1005 4873 vita
1044 4823 1316 4888 migraret,
1346 4820 1497 4889 quasi
1529 4838 1556 4873 a
1598 4823 1784 4875 morbo
1810 4820 2156 4878 convalesce-

587 4896 690 4942 ret.
731 4888 961 4940 Clinicus
990 4889 1122 4941 deus
1147 4899 1229 4943 est
1258 4888 1597 4958 lEsCulapius
1622 4908 1635 4943 :
1676 4907 1795 4944 nam
1844 4892 2035 4945 medici
2064 4896 2159 4947 eli-

588 4958 691 5011 nici
722 4958 968 5029 dicuntur
1005 4959 1141 5029 apud
1170 4959 1499 5029 Martialem,
1524 4968 1603 5029 et
1631 4961 1795 5017 alios.
1829 4962 1971 5029 quod
2018 4962 2157 5018 lecto

583 5025 952 5096 aegrotandum
976 5027 1212 5097 assit]ch
1240 5028 1434 5097 solent,
1455 5028 1534 5081 vel
1562 5029 1697 5081 lecto
1712 5025 1887 5084 aftixis
1914 5032 1986 5097 (hi
2012 5038 2153 5086 enim

585 5098 799 5169 proprie
820 5103 943 5169 sunt
969 5096 1145 5169 clinici
1172 5112 1199 5148 a
1225 5096 1411 5169 Grieco
1442 5098 1713 5169 vocabulo
1737 5096 1963 5168 χλινικός)
1995 5116 2148 5169 opem

584 5168 799 5230 ferunt;
831 5166 952 5220 hinc
984 5167 1240 5219 medicina
1272 5166 1468 5229 cliuicc,
1500 5176 1555 5220 et
1580 5168 1719 5233 apud
1763 5166 2152 5226 ecclesiasticos

582 5250 823 5293 auctores
853 5238 1042 5299 clinici,
1068 5237 1153 5303 qui
1179 5237 1228 5288 in
1258 5236 1395 5289 lecto
1418 5240 1485 5290 ob
1507 5238 1750 5289 morbum
1774 5239 2029 5293 cubantes
2061 5241 2150 5294 ha-

581 5310 1005 5379 ptismatisaqua
1032 5306 1405 5379 abluebantur,
1435 5309 1573 5376 quod
1599 5308 1771 5372 multi,
1796 5310 2029 5379 quandiu
2058 5326 2149 5378 po-

582 5388 759 5431 terant
784 5376 1118 5446 dtﬂ‘erebant,
1138 5391 1278 5443 Saepe
1301 5377 1364 5428 ad
1391 5380 1561 5445 ipsum
1588 5380 1773 5431 mortis
1792 5376 2146 5446 momentum,

579 5448 667 5516 qui
698 5448 874 5516 iurea
901 5444 998 5500 SS.
1042 5446 1282 5499 l’atribus
1306 5444 1856 5514 reprehendebautur.

642 5517 775 5572 Ι901.
804 5514 923 5568 Vat.
966 5517 1001 5567 Β
1026 5557 1041 5577 ,
1075 5518 1234 5580 Man,
1272 5517 1422 5584 Prag.
1446 5557 1459 5580 ,
1502 5518 1653 5577 llat.,
1688 5518 1797 5570 Gis.
1833 5519 1898 5571 ad
1940 5536 2143 5586 marg.,

584 5588 797 5654 \Veitt..,
819 5596 1112 5638 convertunt
1130 5601 1385 5657 procum
1411 5596 1628 5640 ventum.
1662 5587 1941 5657 Distinguit
1972 5588 2142 5642 Weit-

582 5660 691 5708 zins
721 5665 1011 5727 convertunt
1037 5654 1319 5727 turbidulos
1343 5670 1550 5719 sensus;
1573 5657 1713 5723 quod
1736 5654 1999 5713 non'male
2025 5676 2146 5727 pro-

582 5728 741 5779 cedit.
774 5726 926 5792 Prag.
948 5761 964 5789 ,
994 5723 1159 5786 arcis;
1194 5724 1245 5775 in
1279 5738 1468 5791 marg,
1502 5728 1645 5778 artis.

2283 3151 2443 3215 turpis
2474 3151 2807 3205 formandum
2857 3159 3001 3204 esset
3027 3146 3304 3218 turpiculos
3345 3146 3537 3201 melius
3562 3162 3725 3215 quam
3751 3158 3857 3201 tur-

2323 3221 2511 3273 ἰιίαίοε.

2281 3238 2511 3288 putatos.

2349 3290 2475 3344 ‘209.
2504 3288 2622 3344 Vat.
2658 3291 2720 3353 Α,
2745 3289 2915 3342 minus
2939 3287 3076 3342 bene
3102 3330 3114 3353 ,
3147 3287 3465 3339 concludent.

2349 3360 2475 3413 211.
2512 3359 2746 3413 Planette
2769 3368 2890 3412 sunt
2920 3374 3048 3425 vaga
3091 3357 3290 3420 sidera,
3322 3357 3442 3409 ideo
3465 3356 3717 3423 planetas,
3744 3356 3855 3409 sive

2280 3430 2449 3483 stella:
2496 3438 2740 3484 errantes
2764 3440 3055 3495 vocantur:
3082 3427 3201 3495 quia
3252 3426 3456 3480 scilicet
3500 3439 3605 3478 non
3636 3426 3855 3493 perinde

2284 3502 2406 3553 lixa-
2434 3510 2556 3553 sunt
2587 3514 2649 3552 ac
2677 3509 2885 3553 aeterm
2916 3494 3372 3555 stell:e.Glossam
3397 3495 3553 3549 aliter
3583 3494 3852 3548 disseren-

2280 3581 2385 3623 tem
2412 3570 2564 3623 nauci
2596 3569 2814 3633 habeas,
2842 3568 2915 3621 uti
2946 3582 3065 3621 cum
3096 3580 3255 3634 supra
3292 3580 3430 3620 vers.
3468 3564 3593 3627 203,
3626 3567 3851 3633 labyrin-

2278 3638 2393 3692 thus
2421 3655 2448 3692 a
2477 3640 2620 3693 labor
2667 3640 2803 3691 intus
2836 3637 3163 3699 deducebat,
3195 3651 3312 3703 qua:
3353 3646 3433 3689 est
3461 3635 3643 3703 inepta
3684 3634 3848 3687 libido

2278 3708 2616 3778 contingendi
2663 3708 3071 3778 etymologiasg
3096 3705 3163 3759 ab
3204 3705 3456 3778 antiquis,
3484 3706 3648 3778 etiam
3679 3704 3848 3778 doctis

2280 3773 2600 3833 hominibus.
2631 3788 2689 3831 ut
2712 3773 2949 3831 Varrone
2988 3776 3211 3844 aliisque
3239 3773 3449 3828 usitata.
3482 3773 3618 3844 Vide
3644 3789 3766 3841 qure
3797 3776 3846 3827 in

2280 3847 2417 3903 hanc
2437 3864 2549 3903 rem
2572 3848 2806 3917 disputat
2836 3843 3149 3911 Becmanus,
3176 3845 3243 3899 de
3270 3846 3413 3914 Orig.
3445 3845 3570 3917 ling.
3606 3843 3765 3917 Eat,
3784 3845 3848 3897 de

2280 3918 2490 3986 propria
2518 3914 2906 3986 signiﬁcatione
2935 3930 3124 3969 vocum
3154 3924 3339 3986 contra
3368 3929 3459 3968 eos
3475 3915 3566 3986 qui
3583 3914 3846 3986 diabolum

2276 4001 2304 4039 a
2347 3984 2547 4042 duobus
2572 3984 2758 4051 'bolis,
2801 3987 3048 4039 locustam
3098 3985 3217 4047 quia
3258 3985 3412 4054 longa
3454 3984 3666 4053 pedibus
3718 3985 3846 4037 sicut

2274 4055 2421 4110 hasta
2453 4056 2616 4128 (quod
2638 4057 2777 4123 apud
2820 4053 3362 4128 Isidorum‘legitur),
3406 4056 3659 4128 colossum
3696 4054 3845 4128 quasi

2274 4128 2443 4180 colens
2460 4122 2601 4191 ossa,
2627 4122 2685 4179 et
2706 4128 2980 4179 innumera
3007 4125 3161 4191 hujus
3183 4125 3394 4193 generis
3415 4123 3682 4177 eﬂ’utiuut.
3716 4122 3842 4176 Nam

2272 4194 2481 4251 Zacoaei
2516 4196 2671 4250 Fabri
2705 4195 3053 4249 intolerabilis
3082 4194 3180 4248 fuit
3209 4194 3561 4261 impudentia,
3604 4194 3695 4258 qui
3725 4207 3841 4245 cum

2273 4282 2303 4317 a
2333 4267 2383 4318 in
2415 4282 2623 4319 examen
2650 4280 2759 4319 cor.
2779 4267 3017 4333 ipnisset,
3042 4264 3366 4319 contendi-re
3393 4278 3551 4316 ausus
3596 4272 3681 4316 est
3720 4277 3841 4316 esa-

2273 4350 2393 4389 men
2429 4337 2531 4389 dici
2561 4336 2628 4391 ab
2654 4334 2726 4400 ἐξ,
2761 4346 2814 4390 et
2843 4338 3004 4407 ἀμήν,
3038 4342 3095 4407 ut
3132 4334 3436 4400 colligeret,
3470 4350 3502 4385 a
3532 4333 3584 4407 in
3623 4348 3838 4407 examen

2272 4419 2427 4471 posse
2458 4408 2675 4475 corripi.
2701 4403 3140 4473 Opera'quredam
3177 4408 3457 4475 posthuma
3498 4403 3833 4475 celeberrimi

2273 4476 2368 4527 viri
2399 4472 2618 4530 Thomas
2647 4472 2878 4529 Serrano
2924 4472 3042 4527 eum
3074 4475 3190 4540 ejus
3229 4474 3357 4534 vita,
3388 4472 3651 4539 elegantia
3679 4480 3732 4524 et
3756 4486 3835 4533 ιυ-

2268 4544 2406 4597 dicio
2444 4546 2694 4613 singulari
2724 4562 2749 4596 a
2777 4546 2847 4599 cl.
2895 4544 3147 4599 Michaele
3194 4542 3378 4597 Gartia
3409 4546 3607 4608 scripta
3627 4582 3644 4604 ,
3676 4554 3834 4613 nuper

2270 4611 2581 4681 prodierunt
2607 4616 2659 4670 in
2710 4616 2912 4678 lucem,
2958 4615 3045 4667 ubi
3091 4621 3305 4667 acutum
3336 4612 3667 4682 epigramma
3696 4611 3748 4664 in
3774 4622 3827 4663 re

2268 4684 2430 4737 simili
2454 4696 2636 4738 contra
2670 4684 2909 4737 Ferrium
2935 4698 3187 4738 excursum
3214 4692 3317 4737 est.

2337 4752 2463 4807 2l2.
2497 4754 2549 4807 In
2584 4754 2702 4807 Rat.
2739 4757 2950 4818 ineptus
2980 4762 3276 4822 correptor,
3316 4750 3580 4822 prioribus
3603 4750 3824 4822 abrasis.

2266 4825 2573 4890 Subrogavit
2596 4840 2611 4878 :
2635 4824 2925 4893 quadrupes
2954 4824 3102 4876 modo
3139 4819 3240 4893 non
3263 4819 3326 4874 sit
3364 4820 3451 4874 ille
3477 4822 3589 4893 sed.
3634 4819 3827 4893 Putavit

2267 4894 2377 4961 lieri
2412 4910 2514 4947 non
2537 4909 2689 4959 posse
2720 4910 2746 4945 e
2766 4898 2814 4944 in
2837 4896 3124 4961 quadrupes
3155 4892 3315 4946 breve
3338 4908 3350 4943 :
3376 4892 3528 4943 modo
3548 4892 3827 4961 quadrupes

2262 4960 2350 5015 ille
2374 4962 2493 5015 Non
2524 4964 2609 5029 sit,
2643 4976 2707 5015 et.
2736 4960 2866 5015 Vide
2889 4960 3109 5031 prol.'|u
3133 4963 3367 5016 editione
3394 4960 3674 5031 Parmensi
3695 4962 3825 5031 clau-

2264 5033 2408 5086 dieat
2441 5035 2524 5086 hic
2554 5048 2741 5086 Versus
2766 5049 2779 5084 :
2809 5028 2902 5085 ita
2923 5034 3063 5086 enim
3090 5032 3423 5085 concluddur
3448 5070 3464 5093 ,
3507 5030 3629 5082 Non
3660 5028 3827 5095 recipit

2261 5114 2448 5154 natura
2493 5103 2732 5163 hominis,
2773 5103 2924 5154 modo
2952 5102 3263 5170 quadrupes.
3296 5100 3723 5154 l’rzetermissum
3749 5106 3827 5150 est

2256 5171 2343 5225 ille
2371 5173 2682 5240 typographi
2712 5173 3053 5240 negligentia.

2325 5240 2448 5293 2N.
2479 5242 2654 5305 Prag.,
2685 5258 2898 5312 regnum
2924 5256 3019 5309 pro
3048 5240 3290 5311 regimen.

2325 5312 2449 5365 2215.
2501 5312 2663 5364 Error
2712 5306 2795 5365 est
2836 5311 2887 5363 iu
2925 5306 3051 5363 'Vat.
3104 5306 3185 5378 Ἀ,
3220 5310 3387 5364 studet
3437 5310 3567 5380 ipse.
3622 5307 3730 5364 Gis.
3758 5306 3825 5359 ad

2255 5396 2401 5433 oram
2427 5421 2441 5443 ,
2466 5381 2691 5447 suspexit
2723 5396 2816 5449 pro
2846 5380 2943 5433 sibi
2970 5381 3141 5434 sensit.

2324 5451 2448 5503 216.
2484 5449 2598 5503 Vat.
2639 5452 2698 5517 Β,
2724 5447 2889 5503 “Μ;ιι“.
2922 5466 2951 5502 a
2982 5450 3149 5517 prima
3188 5465 3376 5513 manu,
3428 5448 3573 5506 Rat..
3608 5447 3824 5509 Weltz.,

2253 5518 2476 5583 Widm.,
2511 5520 2677 5587 Bong.
2718 5534 2876 5587 supra
2915 5519 3121 5584 Cottus,
3160 5536 3265 5587 quo
3313 5519 3531 5587 respicit
3575 5517 3823 5571 mendum

2253 5589 2410 5658 Prag.
2438 5589 2634 5643 Coittts.
2652 5590 2734 5643 lso
2764 5590 2903 5642 idem
2932 5592 3325 5659 ostramplesus
3353 5604 3475 5659 cum
3496 5588 3672 5659 gloss:
3694 5587 3825 5659 unde

2252 5657 2403 5727 Alpes
2431 5660 2623 5713 Canite.
2666 5660 2843 5723 Quare
2874 5659 2989 5712 haec
3029 5657 3190 5714 lecnio
3236 5674 3342 5713 non
3395 5658 3583 5713 debuit
3615 5657 3822 5711 Heinsio

2254 5739 2531 5796 tantopere
2578 5728 2883 5797 displicere.
2926 5728 3166 5785 Meminit
3204 5728 3524 5784 Prudentius
3552 5729 3820 5784 Cottorum
