4090 6192
267 361 337 423 Μ
1619 362 2066 422 APOTHEOSIS.

397 475 498 531 Sed
528 488 649 542 nos,
671 474 1048 545 quidotninum
1077 475 1246 540 libris,
1271 478 1687 549 etcorporejam
1714 480 1796 534 bis
1826 487 1872 541 Α

401 567 639 624 Vidimus
667 612 682 634 ,
729 578 853 623 ante
897 569 1000 624 tide
1025 611 1041 634 ,
1079 584 1201 624 mox
1229 584 1418 635 carne,
1453 582 1507 627 et
1543 572 1804 642 sanguine

1507 663 1733 734 [coram,

400 753 602 822 Quique
618 751 982 806 voluminibus
995 762 1194 817 vatum,
1206 766 1364 806 cruce
1378 762 1529 808 teste.
1547 755 1805 821 probatis,

249 845 338 900 £20
398 845 675 898 llimantes
701 844 899 913 digitos
927 853 1201 899 costarum
1236 843 1288 897 in
1318 844 1535 899 vulnera
1567 845 1733 899 cruda

397 934 700 999 Mersimus,
731 942 787 989 et
815 949 1069 989 manuum
1097 932 1214 989 visu
1238 933 1517 988 dubitante
1549 933 1770 988 lacunas

399 1027 560 1100 424
603 1027 869 1095 Scrutati,
909 1037 1171 1082 aeternum
1220 1040 1402 1096 regem
1457 1026 1805 1095 cognovimus

1513 1114 1708 1187 [lesum
1719 1160 1732 1181 ,

399 1211 659 1280 Abjurare
687 1210 797 1265 Deo
827 1210 1059 1276 titulum,
1091 1221 1400 1278 nomenque
1419 1216 1723 1278 paternum,

400 1304 678 1360 Credimus
701 1319 824 1360 esse
847 1304 1015 1369 uetas,
1046 1303 1137 1372 qui
1172 1317 1350 1372 regem
1385 1303 1688 1371 protulitex
1718 1317 1802 1368 se,

402 1395 516 1451 Non
544 1410 725 1465 regem
756 1393 938 1466 populi
968 1393 1289 1449 Parthorum
1309 1431 1326 1458 ,
1356 1403 1450 1448 aut
1494 1393 1807 1448 Romulida-

1550 1484 1690 1558 [rum
1715 1502 1732 1551 ;

398 1577 502 1635 Sed
527 1592 708 1648 regem
739 1593 987 1644 summae,
1013 1586 1068 1632 et
1091 1576 1284 1633 mediae
1306 1577 1554 1644 rationis,
1583 1588 1637 1632 et
1661 1580 1802 1642 imae,

396 1668 574 1740 Atque
617 1669 737 1724 ideo
785 1684 966 1724 rerum
991 1667 1304 1734 dominum,
1333 1677 1390 1723 et
1423 1683 1586 1738 super
1633 1671 1809 1723 omnia

1504 1757 1737 1828 [regem

237 1397 336 1452 225

3399 371 3507 426 942

2081 478 2270 535 Carnis
2290 479 2448 536 habet
2463 481 2721 549 medium,
2739 497 3006 539 summum
3031 483 3228 551 Patris,
3245 491 3299 539 et
3321 483 3504 557 Stygis

3217 577 3429 649 limum.

2096 665 2289 721 Delluit
2312 665 2394 720 his
2416 665 2694 737 gradibus,
2714 682 3010 739 rursusque
3035 687 3090 724 re
3101 669 3399 725 volvitorin
3423 684 3502 724 se.

1914 760 2020 814 250
2096 759 2192 816 Est
2224 759 2388 824 Deus,
2417 769 2502 816 est
2529 769 2584 815 et
2613 760 2794 828 homo,
2819 771 2873 818 et
2903 762 2958 817 lit
2986 773 3251 829 mortuus,
3283 772 3337 819 et
3362 764 3502 817 Deus

3129 855 3294 928 [idem
3325 864 3428 911 cst.

2096 943 2286 997 Omnia
2321 945 2586 1013 percurrit
2635 953 2838 1000 natura;
2867 945 3046 1000 munia
3081 961 3286 1014 pronae,

2089 1032 2250 1106 425
2283 1034 2351 1089 Ut
2389 1050 2600 1091 sursum
2639 1036 2810 1090 Patris
2842 1037 2894 1090 in
2943 1039 3207 1106 grem'uvn
3242 1036 3499 1107 replicata

3142 1128 3428 1203 [reportet,

2097 1215 2297 1271 Mortua
2345 1233 2460 1288 qtnc
2505 1221 2713 1277 fuerant
2742 1238 2756 1275 :
2783 1221 2934 1292 ipsos
2977 1237 3189 1292 quoque
3235 1221 3502 1276 subvehat

3238 1310 3428 1384 [πως.

2103 1397 2228 1452 Haec
2258 1396 2372 1454 fore
2398 1414 2520 1454 cum
2545 1408 2786 1456 veterum
2818 1402 3142 1459 cecinissent
3175 1419 3372 1474 organa
3407 1419 3502 1460 va-

3269 1494 3427 1566 [tum,

1913 1579 2020 1636 255
2092 1579 2202 1636 Nos
2231 1582 2425 1651 oculis,
2451 1582 2719 1650 manibus,
2749 1598 3066 1654 congressu,
3099 1600 3252 1647 voce,
3285 1587 3503 1657 loqui-la

2101 1674 2342 1743 Experti,
2380 1675 2601 1729 heroum
2627 1676 2842 1731 tandem
2878 1677 3242 1732 intelleximus
3271 1693 3390 1733 orsa

2095 1765 2425 1827 PriScorum.
2472 1777 2528 1820 et.
2557 1767 2671 1822 viso
2707 1769 2972 1837 patefacta
3003 1769 3218 1824 oracula
3265 1771 3496 1827 Christo.

1521 1847 1811 1904 ϐιοδδιΕ
1856 1850 2189 1911 VETERES.

296 1947 411 2003 2|8.
441 1947 654 2010 Coram,
685 1947 1095 2013 praesentialiter,
1127 1946 1168 2000 l.

296 2019 415 2074 22l.
447 2019 712 2081 Laconas,
742 2016 1058 2083 Foramina,
1088 2032 1360 2081 cavernas,

229 2091 392 2153 trices,
416 2095 612 2158 fossas;
633 2088 856 2154 seipsum
877 2087 1122 2156 apostolis
1144 2087 1390 2140 immiscet
1407 2101 1426 2158 .f
1445 2088 1497 2138 in
1527 2085 1804 2158 Evangelia

225 2163 356 2213 enim
390 2157 600 2214 Thema:
629 2161 816 2228 legitur
861 2161 1028 2211 adhuc
1059 2159 1262 2210 minime
1307 2157 1538 2228 credenti
1578 2157 1806 2209 dixisse:

226 2232 369 2300 lnfer
389 2231 603 2300 digitum
624 2226 786 2296 tuum,
811 2237 910 2282 etc.
931 2247 948 2292 ;
973 2228 1060 2281 sed
1090 2229 1177 2280 ille
1206 2228 1465 2300 clavorum
1503 2226 1703 2300 ﬁguras
1727 2228 1806 2278 in-

225 2296 384 2367 tuens,
419 2296 623 2368 tangere
653 2315 766 2352 eum
799 2316 900 2351 non
929 2315 1086 2352 ausus
1108 2307 1200 2360 est,
1226 2298 1313 2349 sed
1344 2298 1518 2350 dixit:
1548 2296 1805 2368 quinus

223 2366 391 2436 meus,
421 2380 467 2426 et
500 2366 638 2424 Deus
691 2385 852 2422 meus.
900 2369 1026 2422 Ideo
1068 2377 1236 2420 autem
1281 2368 1509 2432 dicitur,
1551 2366 1804 2420 Thomam

224 2459 425 2494 manum
460 2443 510 2494 in
536 2441 671 2493 latus
711 2440 820 2509 ejus
842 2441 1058 2503 misisse,
1089 2454 1206 2490 cum
1237 2447 1401 2491 tamen
1439 2453 1540 2490 non
1575 2437 1802 2509 miserit,

224 2515 480 2582 quoniam.
515 2508 736 2564 Domino
754 2511 988 2582 jubente,
1018 2509 1303 2582 hocfacere
1327 2517 1546 2582 poterat,
1581 2508 1620 2561 1.

288 2583 414 2638 225.
443 2582 724 2651 Abjurare,
754 2577 1026 2651 denegare,
1067 2579 1263 2633 tollere.
1295 2577 1363 2617 ~4—
1390 2578 1648 2644 Titulum,
1685 2577 1804 2632 lau-

219 2653 354 2713 dem,
378 2653 453 2706 vel
484 2661 799 2722 potestatem,
830 2653 868 2704 1.

285 2723 411 2777 221.
445 2725 664 2791 liegcm,
687 2721 947 2774 Christum
966 2761 981 2786 ,
1006 2722 1048 2775 l.

283 2795 409 2848 226.
441 2789 696 2857 Summze,
726 2792 1033 2856 cmlestium;
1067 2789 1266 2854 media),
1293 2791 1635 2855 terrestrium;
1658 2791 1798 2854 imre,

214 2865 552 2934 infernarum,
587 2864 625 2918 I.
653 2863 867 2917 Summa
885 2863 1098 2934 scilicet,
1123 2866 1224 2913 iuta
1241 2871 1288 2915 et
1311 2862 1478 2915 media
1508 2863 1640 2934 ratio
1662 2877 1680 2913 :
1704 2877 1803 2914 me-

210 2931 300 2989 dia
320 2935 569 3004 siquidem
592 2934 724 2987 ratio
759 2944 831 2986 est
859 2934 912 2986 in
938 2931 1213 3004 homine...
1245 2949 1443 3004 summa
1473 2933 1608 3004 ratio
1632 2939 1716 3004 est
1745 2935 1798 2984 in

207 3001 427 3078 angelis,
449 3006 553 3059 ima
583 3005 635 3057 in
659 3004 881 3057 minimis
922 3001 1248 3056 animalibus.
1279 3001 1426 3057 Unde
1450 3011 1496 3055 et
1542 3002 1794 3058 Salomon

1391 2015 1426 2084 ﬁ
1440 2031 1586 2069 ruras
1607 2057 1621 2078 ,
1662 2016 1803 2068 cica-

1835 1949 1882 2008 B
1911 1948 1974 2024 de
2002 1948 2204 2004 Christo
2227 1951 2317 2004 sub
2347 1953 2514 2024 specie
2549 1955 2816 2022 sapientiae
2835 1954 3059 2024 loquitur
3085 1997 3098 2014 ,
3140 1952 3441 2022 Pertingens
3467 1972 3500 2007 a

1909 2021 2038 2095 ﬁne
2060 2038 2216 2090 usque
2249 2024 2316 2074 ad
2353 2023 2526 2090 ﬁnem,
2555 2021 2616 2076 id
2635 2034 2704 2077 est
2725 2041 2756 2076 a
2787 2021 2986 2095 summa
3015 2027 3200 2092 angelo
3245 2021 3407 2095 usque
3431 2028 3499 2078 ad

1912 2091 2179 2162 minimum
2206 2094 2536 2146 vermiculum
2558 2094 2900 2162 gubernando,
2938 2094 3054 2149 Vat.
3077 2091 3142 2150 Ᾱ.

1983 2161 2112 2217 228.
2147 2164 2347 2232 Stygis,
2374 2166 2582 2232 inferni,
2618 2164 2657 2217 l.

1981 2232 2108 2287 229.
2146 2234 2356 2297 Delluit,
2390 2235 2669 2288 descendit.
2709 2265 2778 2276 -—
2828 2235 2881 2288 lu
2913 2250 3002 2299 se,
3049 2252 3163 2289 cum
3203 2235 3272 2289 ad
3317 2235 3497 2290 ctelnm

1913 2304 2180 2367 ascendit,
2213 2307 2265 2355 in
2298 2321 2474 2365 unum.
2512 2305 2548 2357 Ι.

1977 2372 2102 2444 251.
2139 2375 2335 2439 Munia,
2371 2376 2552 2444 ofﬁcia.
2575 2406 2642 2414 —
2665 2375 2856 2428 Prona:
2874 2417 2888 2436 ,
2914 2374 3178 2440 humanm,
3205 2375 3246 2431 1.

1979 2442 2107 2496 252.
2136 2442 2433 2509 Replicata,
2456 2447 2688 2508 reducta,
2724 2456 2987 2510 reparata,
3022 2449 3101 2499 vel
3125 2458 3292 2512 artus,
3322 2445 3361 2504 Ι.

1978 2513 2106 2569 255.
2135 2514 2428 2576 Subvehat,
2460 2517 2612 2568 elevet
2637 2517 2705 2568 ad
2731 2518 2972 2582 aclestia,
2997 2519 3064 2570 ad
3085 2520 3288 2583 cazlum,
3321 2517 3356 2570 Ι.

1978 2585 2104 2638 25-1».
2132 2585 2364 2648 Organa,
2397 2602 2563 2648 voces,
2596 2585 2634 2638 1.

1980 2654 2127 2727 256.
2167 2655 2398 2710 lleroum
2425 2697 2441 2720 ,
2492 2656 2878 2727 prophetarum.
2919 2659 3166 2720 —0rsa,
3217 2659 3376 2720 dicta,
3422 2659 3497 2711 vel

1911 2725 2343 2850 zertbaAheroum,
2372 2731 2446 2781 vel
2488 2725 2881 2797 prophetarum,
2905 2727 2945 2781 I.
2990 2728 3160 2795 Dicta,
3189 2731 3490 2796 locutiones,

1955 2813 1983 2849 a
2015 2835 2028 2848 .
2113 2838 2127 2850 .

1955 2805 2028 2849 at.
2062 2805 2127 2850 A.

1966 2866 2431 2992 .257.IPaltel'acta,
2463 2868 2811 2938 manifestata.
2844 2869 3185 2937 —-Oracula,
3223 2887 3489 2941 responsa,

1966 2954 2102 2992 tracu
2125 2956 2179 2992 a.
2241 2978 2253 2991 .

1907 2953 2179 3004 miracula,
2214 2953 2253 2992 ι.

1557 3096 2117 3154 COMMENTARIUS.

206 3191 396 3262 hymn.
426 3190 484 3245 S.
530 3187 801 3262 Laurentii
855 3203 1000 3244 vers.
1040 3187 1192 3262 ξω,
1240 3186 1417 3262 Trans
1446 3185 1794 3262 Cottianorum

203 3258 354 3335 iuga.
402 3262 477 3314 Ita
510 3261 782 3335 appellata
810 3270 944 3335 sunt
968 3273 1000 3335 _a
1029 3259 1351 3335 Gottiorege
1379 3258 1796 3335 Gallorum‘snb

200 3326 471 3400 Augusto.
500 3326 770 3385 Giselinus
809 3330 861 3383 in
895 3330 1122 3399 vulgatis
1150 3326 1524 3396 edd.’reperlt
1556 3326 1796 3392 Gothus;

198 3399 348 3471 quod
394 3403 608 3471 reiecit,
651 3403 772 3470 quia
802 3415 992 3454 omnes
1020 3413 1128 3452 uno
1165 3399 1792 3471 consensuprimamrin

1904 3190 2105 3261 Christi
2132 3193 2330 3261 passim
2361 3189 2460 3247 SS.
2494 3190 2683 3245 Patres
2737 3198 2791 3243 et
2843 3188 3102 3242 latissime
3133 3187 3488 3259 Hieronymus

1905 3261 1955 3313 in
1979 3259 2109 3316 Com
2123 3259 2146 3316 .“
2164 3262 2231 3331 ad
2261 3277 2379 3331 cap.
2407 3277 2421 3315 ι
2451 3261 2619 3331 Epist.
2654 3261 2720 3316 ad
2754 3261 2949 3330 Ephes.

1972 3331 2101 3387 225.
2133 3330 2254 3386 Vat.
2286 3330 2351 3397 A,
2385 3330 2520 3395 PaL,
2566 3332 2751 3396 Deum,
2776 3346 2882 3385 non
2909 3331 3067 3384 bene.

1971 3403 2098 3457 226.
2128 3403 2368 3457 Gitanius
2411 3401 2575 3456 lndic.
2608 3402 2766 3456 Lucr.
2802 3400 2966 3454 verbo
3006 3399 3309 3453 PROVERRM
3352 3415 3488 3454 arua

247 3475 410 3564 othu:
430 3468 750 3564 corripiunt,
769 3471 1101 3564 ﬁgite-plane
1127 3468 1788 3564 Eliatnillardo.
1820 3504 1865 3564 Ο
1898 3471 2217 3564 Ρυεκετιῳι
2245 3473 2464 3564 corrigit
2488 3473 2716 3554 regionis
2746 3487 2842 3552 p_ro
2871 3471 3109 3564 rat-iouis,
3133 3471 3278 3564 quia,
3309 3480 3368 3552 ut
3389 3472 3482 3539 ait,

199 3542 408 3596 Verum
442 3557 600 3612 posse
630 3557 843 3612 quoque
873 3541 1116 3612 produci,
1149 3550 1482 3608 compertum
1513 3551 1594 3594 est
1621 3557 1633 3592 :
1669 3557 1791 3594 nam

195 3613 380 3668 Latini
409 3610 676 3668 interdum
705 3610 955 3665 Guttones
975 3622 1029 3665 et
1053 3610 1233 3664 Gottos
1257 3625 1373 3664 eam
1399 3612 1667 3664 nationem
1700 3626 1795 3678 ap-

189 3685 430 3750 pellant,
461 3693 523 3737 ut
548 3682 682 3736 nihil
709 3684 883 3735 dicam
911 3681 980 3736 de
1009 3681 1232 3746 Graecis,
1265 3681 1353 3750 qui
1384 3697 1489 3734 non
1530 3682 1705 3734 minus
1738 3684 1791 3736 in

189 3756 301 3809 hoc
341 3753 631 3808 scribendo
679 3752 941 3806 vocabulo
993 3753 1218 3805 variant.
1260 3751 1352 3804 Est
1378 3759 1556 3805 autem
1593 3750 1792 3806 Gothus

186 3827 246 3878 in
284 3825 428 3882 Mar.
459 3838 488 3876 a
517 3823 752 3876 secunda
778 3838 958 3886 manu,
985 3824 1036 3876 in
1062 3823 1313 3889 Bongars.
1335 3835 1376 3890 ia
1408 3823 1577 3890 prima
1606 3837 1788 3885 manu,

183 3898 241 3948 in
276 3895 449 3949 Fabr.
473 3894 576 3948 Sed
598 3894 846 3948 Heinsius
871 3909 993 3947 cum
1011 3893 1142 3957 suis,
1166 3907 1286 3946 cum
1318 3889 1456 3954 Gis.,
1476 3893 1624 3956 Ald.,
1652 3891 1788 3957 PaL,

178 3967 387 4029 Alcm,
422 3965 538 4018 Vat.
571 3963 640 4030 Q,
672 3965 904 4029 Bonon.,
935 3966 1119 4018 Scoms
1145 3972 1233 4015 aut
1264 3961 1491 4015 Scottus.
1521 3960 1790 4016 Giselinus

179 4036 472 4091 feritatem
505 4036 791 4091 Scotorum
833 4035 1146 4088 auctoritate
1178 4033 1234 4088 S.
1280 4032 1588 4100 Hieronymi
1621 4032 1714 4088 lib.
1752 4048 1787 4086 Il

173 4117 386 4160 contra
441 4106 652 4160 Jovian.
694 4106 1048 4174 comprobat:
1079 4119 1142 4158 et
1188 4119 1289 4172 qua
1344 4111 1491 4156 certe
1523 4112 1665 4169 patet
1693 4118 1788 4157 eos

172 4179 362 4231 fuisse
393 4177 606 4244 pejores
631 4192 756 4229 cane
800 4173 992 4241 milite,
1027 4175 1127 4228 hoc
1164 4182 1247 4226 est
1277 4173 1540 4234 molosw,
1574 4181 1663 4226 aut
1693 4189 1785 4226 ca-

169 4248 401 4302 strensi
427 4287 440 4310 ,
492 4256 552 4300 ut
599 4247 821 4314 exponit
848 4244 1243 4299 Chamillardus
1278 4261 1292 4296 :
1328 4257 1449 4296 nam
1486 4253 1787 4298 castrenses

162 4334 380 4380 canes,
401 4333 527 4370 cum
545 4319 691 4372 vesci
713 4318 924 4371 soleant
946 4315 1197 4369 carnibus
1219 4316 1519 4368 occisorum
1539 4314 1590 4366 in
1610 4314 1785 4380 bellis,

158 4390 446 4442 crmleles
477 4403 600 4442 esse
645 4390 823 4440 solent
851 4395 906 4440 et
949 4388 1177 4440 feroces.
1211 4386 1335 4438 Haec
1375 4395 1554 4437 autem
1604 4383 1787 4439 feritas

158 4459 421 4512 attribui
451 4460 610 4513 etiam
637 4468 812 4526 potest
838 4457 1074 4524 antiquis
1098 4455 1286 4510 incolis
1305 4454 1669 4526 Cottianarum
1699 4459 1786 4508 Al-

153 4532 365 4598 pium,
422 4547 540 4596 qua:
589 4525 809 4582 famosa:
837 4536 992 4582 erant
1036 4526 1362 4598 latrociniis;
1390 4525 1578 4598 Cottigc
1623 4527 1786 4591 Alpes

154 4595 574 4678 lirlpliiuatum
599 4597 1295 4678 aPedemontiqdividunt.
1319 4595 1454 4678 Erat
1477 4595 1785 4678 etiamlpro-

149 4672 523 4723 nmntnritttn
553 4671 603 4723 in
637 4669 950 4722 Mauritania
981 4669 1264 4736 Tingitana
1312 4667 1481 4720 Cottes
1509 4681 1604 4720 seu
1637 4667 1784 4721 (lates

141 4742 416 4803 dictum,
450 4741 697 4807 Hispanis
719 4740 856 4791 tiabo
884 4748 1105 4808 esparto.

225 4811 384 4864 213.
427 4812 654 4878 Botto:t.,
689 4813 889 4879 inepte,
914 4807 1084 4862 sordis
1112 4823 1208 4878 pro
1231 4823 1418 4861 coram.
1449 4807 1560 4862 Nec
1591 4809 1784 4861 melius

135 4881 312 4946 PaL,
353 4883 520 4946 ﬁdem
549 4896 645 4952 pro
667 4883 787 4948 ﬁde.

217 4953 380 5006 219.
413 4949 562 5016 Ald.,
595 4949 749 5021 Egm.
773 4959 828 5006 et
849 4950 968 5005 Vat.
1000 4949 1044 5005 A
1073 4965 1101 5004 a
1131 4949 1300 5018 prima
1343 4964 1524 5017 manu,
1555 4951 1777 5020 quinque

129 5039 254 5091 pro
288 5025 524 5091 quique;
550 5025 650 5076 hoc
679 5034 1006 5092 postremum
1035 5021 1322 5075 tenendum
1355 5032 1456 5075 est.

215 5093 382 5146 220.
447 5092 692 5147 Fortasse
742 5093 914 5151 immit
951 5092 1271 5145 sententiam
1302 5092 1498 5145 clarius
1526 5106 1553 5143 a
1592 5105 1650 5146 se
1680 5105 1773 5145 ett-

121 5179 430 5233 pressam
464 5165 579 5217 aliis
603 5164 654 5216 in
679 5165 833 5228 locis,
854 5164 921 5217 de
945 5164 1140 5233 duplici
1171 5165 1389 5214 vulnere
1422 5163 1623 5215 lateris.

209 5233 376 5289 221.
419 5236 600 5303 Prag.,
633 5245 782 5301 atque
806 5249 1030 5301 manum,
1058 5232 1283 5286 fortasse
1301 5242 1453 5298 atque
1473 5248 1651 5303 manu,
1679 5242 1772 5288 aut

116 5306 438 5374 intelligit
466 5302 734 5359 mersimus
767 5306 985 5373 digitos,
1022 5314 1169 5374 atque
1196 5319 1421 5355 manum.
1455 5302 1768 5358 Communis

112 5373 425 5446 veraque
452 5375 633 5442 lectio,
662 5387 709 5430 et
749 5391 1015 5441 manuum,
1045 5389 1120 5428 se.
1154 5373 1366 5426 lacunas
1391 5413 1408 5439 ,
1443 5387 1538 5427 seu
1571 5376 1768 5431 lisnras

106 5463 456 5499 manuum.

197 5517 371 5570 222.
417 5517 630 5572 Sciolus
652 5516 842 5585 aliquis
872 5515 923 5569 in
953 5515 1078 5569 Rat.
1102 5530 1201 5584 pro
1218 5515 1543 5585 cognovimus
1571 5529 1767 5584 suppo-

98 5589 246 5642 suit
307 5603 654 5652 t'eneramur,
685 5604 751 5642 ne
782 5587 953 5640 Iesum
980 5596 1122 5640 esset
1154 5585 1502 5655 dissyllabum
1537 5601 1564 5637 a
1599 5589 1764 5640 vocali

95 5659 467 5726 incipiens.
500 5658 573 5711 De
600 5675 705 5727 quo
732 5659 862 5712 satis
890 5658 940 5711 in
975 5657 1175 5724 proleg.
1221 5658 1442 5727 diutum.
1488 5655 1764 5727 Ennodius

89 5725 432 5782 similiter
462 5745 588 5781 usus
616 5725 697 5782 est
725 5729 814 5783 ltb.
848 5744 904 5790 It,
928 5730 1186 5795 epigram.
1221 5725 1317 5790 54,
1348 5727 1574 5793 Suscipit
1618 5726 1767 5780 obla-

85 5813 287 5866 tum,
330 5802 554 5856 ueniant
596 5804 676 5854 cui
722 5800 934 5855 contulit
985 5799 1148 5853 Iesus.
1200 5796 1275 5852 De
1325 5813 1478 5866 regno
1521 5806 1762 5866 perpetuo

1896 3556 2043 3616 saepe
2068 3545 2290 3616 regionis
2318 3553 2369 3598 et
2397 3540 2615 3616 rationis
2641 3544 2856 3616 nomina
2885 3542 3025 3616 inter
3057 3555 3117 3594 se
3140 3540 3481 3616 librariorum

1900 3613 2031 3666 vitio
2066 3613 2192 3668 sunt
2229 3615 2537 3683 depravata.
2575 3613 2828 3669 lleinsius
2862 3613 3164 3680 suspicatus
3193 3624 3281 3683 est
3304 3613 3485 3666 statio-

1897 3684 1998 3754 nis,
2030 3699 2136 3754 quo
2160 3681 2376 3739 nomine
2403 3686 2684 3753 imperium
2715 3698 2857 3751 sxepe
2883 3684 3232 3754 sgnilicatur.
3257 3681 3486 3736 Chamil.

1898 3753 2080 3808 lardus
2112 3755 2386 3810 lleinsium
2432 3770 2540 3808 non
2571 3755 2872 3810 intellexit:
2917 3753 3002 3806 hic
3043 3754 3273 3806 asseruit
3313 3769 3482 3807 mem-

1897 3823 2090 3878 branas
2122 3835 2265 3881 stare
2290 3833 2601 3879 constanter
2625 3840 2721 3894 pro
2743 3825 2840 3878 hac
2865 3824 3131 3892 scriptura
3156 3824 3392 3894 rationis,
3424 3838 3476 3878 et

1894 3895 2288 3950 Chamillardus
2317 3896 2519 3962 putavit
2567 3893 2907 3949 membranas
2952 3902 3095 3947 stare
3118 3908 3215 3960 pro
3241 3893 3344 3946 alia
3371 3902 3480 3946 sta-

1891 3964 2065 4026 tionis,
2089 3968 2330 4034 adeoque
2347 3966 2627 4031 amplexus
2649 3976 2730 4018 est
2751 3963 3002 4034 stationis.
3022 3963 3290 4034 rCellarius
3316 3977 3480 4033 agno-

1892 4035 2004 4097 vit,
2033 4033 2268 4089 stationis
2313 4049 2432 4088 esse
2464 4049 2528 4088 ex
2583 4035 2799 4103 ingenio
2851 4033 3049 4086 Ileinsii
3080 4051 3094 4097 ;
3126 4033 3477 4087 nihilominus

1890 4107 2123 4159 stationis
2149 4117 2362 4161 secutus
2393 4115 2474 4158 est
2500 4117 2686 4158 contra
2716 4105 2900 4158 libros.
2934 4103 3071 4156 Nihil
3112 4111 3283 4170 muto,
3311 4118 3473 4171 repu-

1889 4177 2176 4243 gnantibus
2207 4177 2455 4231 omnibus
2484 4174 2643 4229 codd.
2677 4190 2809 4230 mss.
2854 4185 2904 4226 et
2949 4173 3106 4237 ed«l.;
3155 4182 3213 4228 et
3260 4174 3474 4226 rationis

1892 4258 2038 4300 recte
2068 4248 2279 4300 dicitur.
2312 4247 2428 4300 Non
2455 4247 2597 4299 enim
2642 4257 2796 4314 pocla
2829 4244 2972 4298 aliud
3020 4244 3164 4307 vult,
3199 4243 3299 4297 nisi
3330 4243 3474 4309 quod

1890 4316 2137 4371 versibus
2164 4317 2507 4387 sequentibus
2534 4319 2819 4383 explanat:
2846 4315 3028 4387 (lamis
3054 4316 3200 4367 habet
3225 4316 3472 4380 medium,

1888 4402 2142 4440 summum
2174 4387 2366 4448 Patris,
2391 4397 2436 4439 et
2463 4386 2640 4456 Stygis
2670 4389 2848 4456 imum.
2875 4386 3012 4439 Ecce
3042 4399 3327 4447 summam,
3347 4399 3474 4456 Ame-

1888 4457 2029 4510 diant
2054 4468 2108 4512 et
2139 4459 2298 4513 imam
2329 4453 2612 4511 rationem.
2646 4455 2810 4512 Visne
2838 4457 2997 4509 aliam
3022 4456 3208 4508 audire
3237 4453 3474 4520 explica-

1890 4529 2122 4582 tionem?
2140 4529 2279 4583 Idem
2309 4539 2458 4597 poeta
2482 4527 2640 4592 paulo
2663 4537 2788 4593 post
2810 4546 2822 4580 :
2844 4525 2936 4579 Est
2961 4525 3119 4593 Deus,
3138 4535 3211 4578 est
3232 4535 3278 4577 et
3295 4525 3470 4597 homo,

1887 4609 1935 4651 et
1956 4600 2014 4665 fit
2044 4612 2274 4654 mortuus
2292 4595 2320 4663 ,ἡ
2337 4606 2384 4652 et
2417 4597 2552 4650 Deus
2580 4598 2715 4650 idem
2748 4609 2843 4662 est,
2890 4597 3072 4648 Uninia
3104 4595 3352 4661 percurrit
3377 4611 3470 4648 na-

1887 4679 2012 4722 tura:
2037 4672 2211 4724 munia
2235 4685 2428 4740 prome.
2457 4667 2574 4722 Jam
2597 4669 2662 4721 ad
2687 4669 2799 4722 hmo
2824 4668 2920 4721 tria
2953 4665 3130 4720 munia
3153 4665 3470 4740 explicanda

1886 4741 2060 4805 aptius
2090 4743 2406 4796 vocabulum
2437 4751 2518 4793 est
2545 4740 2782 4806 rationis,
2815 4752 2975 4809 quam
3006 4746 3095 4790 aut
3123 4739 3345 4807 region.'s
3375 4745 3471 4791 aut

1888 4811 2138 4865 stationis.
2163 4812 2359 4866 Confer
2379 4811 2606 4880 glossas.

1819 4873 1864 4930 D
1959 4882 2084 4934 228.
2135 4882 2191 4935 In
2221 4881 2338 4935 Vat.
2373 4873 2436 4936 Ᾰ.
2463 4880 2664 4949 aliquid
2696 4888 2778 4936 est
2807 4879 3053 4934 abrasum
3077 4921 3092 4948 ,
3117 4891 3215 4947 pro
3235 4893 3342 4947 quo
3372 4892 3460 4934 re-

1882 4953 2024 5005 centi
2055 4968 2211 5005 manu
2255 4956 2448 5006 factum
2474 4952 2650 5003 imum.

1947 5023 2072 5076 250.
2110 5025 2299 5092 Bong.,
2331 5023 2451 5076 Vat.
2488 5023 2546 5085 Β,
2584 5021 2740 5084 Man,
2785 5021 2934 5088 Rau,
2976 5031 3024 5076 et
3061 5019 3136 5090 ﬁt.
3173 5019 3275 5073 Alii
3305 5020 3462 5074 omit-

1878 5103 1992 5147 lunt
2022 5104 2088 5148 et.

1945 5164 2073 5220 23:2.
2105 5165 2227 5219 Ald.
2257 5174 2311 5217 et
2343 5165 2520 5231 Egm.,
2558 5172 2625 5217 et.
2676 5163 2778 5216 Alii
2825 5172 2899 5215 ut.
2934 5162 3182 5215 Heinsius
3221 5174 3282 5212 ex
3319 5159 3462 5231 Put.,

1876 5234 2112 5299 Thuan.,
2162 5230 2473 5299 Noms.,’et
2514 5250 2540 5285 a
2575 5251 2731 5287 manu
2773 5232 3002 5286 seettntlt
3049 5233 3194 5283 liolt.
3225 5230 3459 5280 restituit

1877 5321 2077 5358 sursum
2119 5322 2213 5373 pro
2241 5322 2444 5358 rursum
2488 5305 2538 5358 in
2587 5303 2727 5366 aliis,
2761 5301 2900 5369 quod
2943 5301 3118 5366 aliqua
3161 5311 3336 5373 tamen
3361 5313 3458 5373 _ra-

1882 5379 2024 5430 tione
2050 5367 2228 5442 posset
2256 5374 2466 5429 defendi
2494 5389 2508 5426 ε
2537 5388 2656 5426 nam
2684 5367 2844 5442 supra
2877 5385 3155 5435 rursusque
3183 5367 3458 5442 revolvitur

1876 5448 1928 5498 in
1950 5462 2020 5497 se.
2045 5439 2199 5513 Urln,
2221 5462 2422 5497 rursum
2440 5461 2457 5505 ;
2474 5443 2650 5513 Alere,
2679 5440 2793 5494 Vat.
2813 5441 2876 5502 Ω,
2894 5454 3091 5513 sursum
3107 5453 3225 5489 cum
3249 5439 3456 5513 llonon.

1945 5516 2072 5570 255.
2120 5507 2328 5569 Perstat
2365 5514 2416 5567 in
2460 5509 2648 5565 eadem
2691 5509 2980 5562 sententia.
3018 5509 3153 5559 "(‘IIS
3200 5507 3454 5574 replicata

1876 5588 2056 5640 munia
2088 5594 2324 5653 reportat
2363 5583 2414 5635 in
2459 5581 2678 5653 caelum,
2723 5591 2923 5653 mortua
2952 5593 3066 5653 quia
3101 5582 3326 5653 (nerant,
3373 5577 3459 5627 vel

1873 5670 2068 5723 corpus
2098 5649 2249 5708 suum
2278 5670 2343 5708 ex
2378 5651 2602 5707 mortuis
2625 5650 2936 5712 excitatum,
2970 5650 3050 5702 vel
3071 5649 3304 5723 aliorum
3334 5661 3460 5700 san-

1872 5719 2078 5782 ctorum
2107 5741 2329 5793 corpora
2362 5723 2535 5794 :ipsos
2566 5735 2780 5794 quoque
2809 5719 3460 5794 artus,_scilicet‘caruem

1873 5813 2044 5862 suam;
2077 5798 2142 5853 de
2171 5784 2274 5866 qua
2295 5784 2477 5866 supra,
2506 5784 2842 5848 carnis'habet
2859 5790 3101 5856 medium,
3125 5794 3179 5840 ct
3198 5785 3257 5855 ﬁt
3277 5784 3460 5844 homo.
