4090 6192
1852 552 2102 622 lmamur,

777 647 888 702 lloc
911 645 1221 716 sequimur:
1253 659 1522 714 nunquam
1547 643 1793 697 detracto
1823 643 2042 697 nomine
2065 641 2174 695 nati

776 739 1058 810 Appellare
1089 748 1290 798 patrem
1317 755 1330 792 :
1359 738 1526 807 patris
1554 745 1608 791 et
1639 736 1756 791 sine
1780 734 1999 790 nomine
2030 749 2172 788 nun-

1927 826 2105 900 [quam

776 923 964 981 Natum
991 937 1150 979 nosse
1171 923 1374 986 Deum;
1398 934 1692 990 nunquam,
1727 919 1825 974 nisi
1853 928 2095 983 sanctus,
2125 926 2172 970 et

1947 1009 2106 1081 [unus

780 1107 1010 1177 Spiritus
1029 1104 1260 1170 intersit,
1281 1111 1590 1172 natumque,
1619 1100 1940 1170 Patremque
1959 1114 2170 1154 vocare.

775 1199 865 1252 Sic
887 1207 1064 1250 tamen
1088 1197 1201 1249 haec
1221 1202 1470 1248 constare
1493 1191 1611 1255 tria,
1637 1200 1696 1245 ut
1717 1206 1782 1245 ne
1803 1205 1993 1258 separe
2014 1189 2174 1244 ductu

775 1285 911 1342 Tres
929 1285 1119 1340 faciam
1142 1303 1153 1336 :
1170 1285 1342 1338 tribus
1365 1281 1448 1336 his
1468 1282 1723 1336 subsistat
1749 1280 1843 1334 sed
1862 1281 2000 1332 Deus
2014 1295 2170 1334 unus.

777 1379 886 1434 Nec
913 1388 1059 1446 pater
1085 1377 1202 1444 ipse
1223 1384 1399 1429 autem
1417 1414 1432 1439 ,
1449 1375 1541 1444 qui
1566 1373 1731 1426 ﬁlius:
1751 1379 1829 1437 ut,
1849 1371 1974 1440 quia
1991 1378 2174 1425 natum

777 1471 987 1525 Scimus
1013 1468 1080 1522 ab
1109 1467 1312 1531 innato,
1340 1480 1467 1522 vere
1489 1473 1660 1534 pater,
1695 1471 1747 1516 ct
1774 1474 1888 1516 sata
1911 1477 2039 1516 vere

779 1561 857 1615 Sit
890 1559 1105 1614 soboles
1130 1573 1146 1615 :
1171 1572 1271 1611 nec
1302 1557 1372 1610 sit
1403 1555 1614 1624 genitor
1641 1551 1742 1607 sibi
1776 1551 1915 1606 ﬁlius
1946 1552 2081 1618 ipse.

602 742 706 798 240

601 1381 707 1436 245

1655 342 1929 399 Αυηειιι
1971 342 2339 398 PRUDENTII
2381 342 2704 398 CARMiNA.
3768 351 3864 402 9H

779 461 902 517 ll-Jrc
937 469 1018 516 est
1053 468 1232 516 nostra
1263 458 1426 529 salus,
1458 458 1583 514 binc
1615 457 1869 524 vivimus,
1901 458 2026 513 hinc
2057 458 2173 513 ani-
2206 468 2248 524 Α

2458 458 2624 530 426
2651 457 2914 526 Perquam
2945 455 3226 513 ridiculum
3258 467 3362 526 est,
3395 468 3450 515 et
3493 458 3672 527 futile,
3715 474 3868 520 natus

3540 561 3778 610 "[8186

3540 561 3598 605 ut
3623 567 3689 607 ex
3717 568 3778 610 se

2465 640 2587 694 Sive
2610 648 2760 708 pater
2790 647 2945 694 natus
2974 638 3157 707 fuerit,
3187 639 3302 695 sive
3333 640 3448 710 ipse
3479 551 3725 711 rbpente,
3782 595 3797 619 ,

2287 730 2392 785 250
2464 729 2727 784 Nascendi
2757 745 2894 783 nova
2928 729 3203 796 materies,
3229 745 3292 784 ac
3321 745 3380 786 se
3410 731 3554 787 Deus
3582 733 3726 786 ultro

2467 818 2731 888 Edidcrit,
2766 829 3060 889 natumque
3084 819 3188 876 sibi
3217 833 3278 875 se
3307 819 3496 876 fecerit
3524 821 3725 892 ipsum.

2469 913 2550 966 Nil
2572 911 2785 978 falsum,
2803 923 2892 967 aut
2910 912 3140 968 mendax
3163 913 3342 968 divina
3358 915 3616 972 vocabula
3641 915 3860 985 ﬁngunt.

2465 1004 2563 1071 Qui
2579 1014 2737 1074 pater
2759 1014 2862 1071 est,
2885 1005 3154 1076 gignendo
3175 1015 3357 1076 pater:
3374 1016 3483 1061 tum
3511 1007 3656 1062 ﬁlius
3678 1024 3743 1063 ex
3768 1009 3867 1065 hoc

2462 1095 2650 1165 Filius,
2665 1108 2883 1153 auctore
2901 1107 2956 1152 ut
2973 1098 3185 1168 genitus
3200 1097 3340 1168 quod
3354 1098 3425 1154 sit
3445 1100 3605 1155 Patre
3618 1116 3866 1157 summo:

2290 1187 2397 1244 255
2471 1187 2724 1244 Summus
2754 1199 2808 1245 et
2835 1190 2948 1260 ipse
2987 1197 3165 1246 tamen
3197 1208 3210 1244 :
3241 1205 3341 1246 nec
3373 1191 3517 1246 enim
3549 1195 3748 1261 minor,
3779 1204 3870 1250 aut

3384 1281 3566 1352 [Patre
3592 1284 3798 1353 dispar.

2466 1370 2620 1427 Unde
2665 1371 2716 1426 in
2747 1381 2979 1442 utroque
3006 1374 3188 1443 operis
3219 1373 3390 1428 forma
3424 1374 3733 1440 indiscreta,
3767 1377 3872 1430 nisi

3577 1484 3798 1522 omnem

3577 1484 3694 1520 omr

2468 1551 2585 1606 Vim
2613 1553 2910 1622 maiestatis
2937 1554 3126 1624 patriae
3154 1568 3447 1624 generosus
3469 1467 3694 1610 haberet

1885 1641 2177 1700 GLOSSIE
2221 1643 2559 1701 VETERES.

672 1767 796 1821 2i3.
827 1765 914 1821 Sic
941 1773 1136 1826 tamen,
1177 1760 1458 1831 sequimur.
1483 1785 1550 1831 -_-
1573 1757 1697 1812 Tria
1738 1757 1971 1810 nomina.
1993 1783 2065 1831 -_-_-
2085 1755 2181 1812 Se-
2212 1762 2258 1822 Β
2286 1757 2479 1831 scilicet
2506 1759 2592 1831 sit,
2616 1757 2670 1810 id
2689 1756 2986 1831 est_Fil_ius,
3014 1760 3055 1812 l.

605 1854 752 1908 pare.
775 1846 1007 1905 separato
1031 1851 1052 1908 ξ
1077 1848 1224 1904 separ
1246 1827 1456 1908 dicitur,
1485 1828 1612 1908 sicut
1644 1843 1873 1898 compar,
1901 1835 1947 1881 et
1971 1827 2170 1896 dispar.

605 1897 672 1952 ἶπ-
703 1897 893 1969 [)uciu,
917 1897 1170 1970 auctione,
1200 1901 1277 1955 vel
1301 1899 1566 1970 ductione,
1591 1897 1634 1952 l.

671 1977 799 2030 2M.
830 1965 982 2042 Tres,
1013 1965 1340 2027 substantias.
1368 1998 1440 2042 -_——
1459 1967 1676 2036 Tribus,
1709 1967 1958 2042 personis,
1987 1965 2027 2020 1.

673 2048 798 2100 246.
831 2040 1034 2108 lunato,
1073 2041 1250 2095 Patre.
1273 2070 1342 2079 —
1373 2040 1522 2104 Sata,
1551 2049 1694 2104 nata,
1721 2040 1759 2092 ι.

673 2118 800 2170 248.
855 2118 956 2168 νυι·
985 2106 1164 2182 quam,
1196 2112 1248 2165 in
1279 2119 1546 2176 quantum,
1585 2125 1736 2178 quam
1772 2108 1938 2182 valde.
1969 2138 2037 2149 —-
2071 2106 2176 2161 Fu-

608 2191 720 2254 lile,
751 2188 918 2240 inane.
954 2179 1020 2223 --'
1044 2182 1230 2245 Natus,
1259 2190 1317 2234 ut
1355 2194 1422 2234 ex
1451 2192 1532 2244 se,
1566 2188 1716 2233 natus
1743 2179 1888 2247 quasi
1916 2187 1971 2231 ut
2005 2193 2069 2231 ea:
2102 2193 2174 2243 se,

2357 1826 2485 1899 249.
2517 1828 2704 1899 Natus,
2733 1828 2798 1880 ab
2817 1829 2944 1882 alio.
2974 1857 3047 1869 —
3070 1828 3210 1899 Ipse,
3243 1828 3434 1894 Filius,
3467 1831 3572 1886 lso.

2352 1897 2481 1954 250.
2513 1897 2682 1964 Nova,
2706 1899 2976 1962 mirabilis,
3000 1900 3042 1954 I.

2353 1969 2481 2023 251.
2519 1968 2776 2031 Ediderit,
2810 1971 3058 2039 genuerit,
3085 1969 3124 2022 1.

2351 2039 2480 2092 252.
2508 2038 3071 2104 Vocabula,carmina,
3106 2040 3144 2093 Ι.

2355 2108 2482 2162 256.
2515 2107 2828 2172 lndiscrt-ta,
2859 2110 3100 2173 indivisa,
3134 2109 3177 2164 ι.

2354 2179 2481 2232 257.
2522 2178 2663 2244 Vim,
2709 2179 2962 2234 virtutem.
2985 2210 3056 2220 —
3083 2179 3411 2248 Generosus,
3440 2181 3649 2249 nobilis,
3686 2184 3725 2239 I.

1947 2287 2506 2344 CUMMENTARIUS.

679 2415 803 2470 2H.
860 2412 990 2468 Nota
1051 2409 1488 2463 ron~netudincm
1549 2407 1970 2478 antiquissimam
2028 2405 2180 2478 invo-

611 2487 766 2541 candi
797 2488 1026 2549 Patrem,
1058 2481 1274 2542 Filium,
1302 2491 1356 2533 et
1381 2479 1639 2548 Spiritum
1671 2476 1911 2549 s_anctum
1939 2477 1998 2549 in
2014 2476 2185 2549 doma

614 2559 749 2625 logia
795 2546 1098 2625 Trinitatis,
1144 2549 1326 2625 Gloria
1355 2546 1547 2625 ‘Patrit
1570 2557 1617 2602 et
1645 2547 1824 2625 “Filio,
1871 2556 1919 2625 e-t
1962 2546 2182 2625 Spiritui

613 2616 808 2680 sancto.
841 2622 937 2690 Egi
964 2621 1030 2675 de
1078 2621 1176 2690 hac
1211 2619 1490 2688 doxologia
1536 2619 1589 2672 in
1627 2618 1842 2672 dissert.
1874 2617 1941 2672 de
1986 2616 2180 2688 Hymn.

615 2695 837 2756 eccles.,
869 2689 1015 2744 num.
1047 2689 1153 2744 229
1177 2697 1232 2744 et
1259 2703 1409 2758 seqq.
1751 2732 1780 2758 is.

681 2765 806 2818 245.
827 2753 974 2815 ’νίὐθ
999 2753 1437 2829 praefationem-1,
1461 2769 1605 2812 veri.
1633 2759 1654 2812 i
1691 2774 1703 2809 :
1742 2753 1832 2829 Est
1862 2757 1962 2810 tria
1985 2773 2185 2811 summa

617 2831 774 2888 Deus.
807 2833 861 2886 ln
886 2828 1040 2900 Prztg.
1071 2838 1127 2884 et
1154 2829 1284 2900 Mur.
1311 2844 1406 2898 pro
1435 2829 1646 2900 diversa
1689 2828 1972 2900 scriptura,
2004 2838 2056 2900 ut
2087 2845 2188 2880 non

615 2919 719 2972 pro
751 2912 806 2958 ut
833 2919 917 2958 ne.
948 2897 1133 2970 l’rag.,
1167 2897 1430 2969 dictupro
1460 2899 1637 2964 ductu,
1663 2897 1806 2966 quod
1843 2908 1922 2952 est
1955 2898 2189 2952 retinen-

615 2976 764 3029 dunt.

684 3044 810 3099 2M.
842 3041 1028 3110 Prag,,
1059 3038 1221 3105 male,
1265 3038 1418 3107 faciat
1463 3052 1558 3107 pro
1593 3040 1795 3108 faciam.
1831 3036 2190 3110 Hieronymus

615 3094 808 3184 cpi—st:—
833 3094 900 3166 Ei'l
931 3094 1043 3184 :uln
1090 3094 1523 3184 tribus'persojis
1570 3094 1748 3184 Deitas
1795 3125 1897 3162 una
1940 3094 2185 3184 subsistit.
2217 3094 2262 3156 C

617 3178 869 3253 Quartam
898 3178 1305 3253 subsistentiam’
1339 3181 1389 3232 in
1422 3179 1548 3253 _Deo
1570 3182 1688 3253 jure
1727 3189 1923 3253 negant
1950 3178 2188 3253 plerique

625 3249 878 3324 theologi.
911 3253 965 3306 In
995 3251 1180 3324 eadem
1204 3251 1468 3324 sententia
1493 3260 1575 3304 est
1601 3250 1992 3324 Petavius,‘qui
2017 3249 2108 3302 lib.
2139 3265 2187 3301 tv

619 3328 686 3381 de
705 3317 917 3384 Trinit.,
943 3337 1062 3389 cap.
1099 3321 1183 3381 12,
1207 3318 1321 3373 fuse
1341 3321 1593 3388 disputat,
1617 3322 1695 3374 An
1714 3321 1774 3374 sit
1799 3322 1851 3374 iu
1877 3317 1983 3372 Deo
2004 3328 2188 3387 quarta

621 3398 853 3464 qiuedam
895 3391 1240 3464 subsistentia,
1290 3401 1339 3443 et
1374 3405 1469 3457 pro
1505 3391 1763 3464 ppinione
1801 3397 2028 3464 negante
2061 3391 2190 3464 clune

623 3457 736 3534 ipsa
785 3461 1054 3534 Prudentii
1099 3463 1260 3534 verba
1299 3475 1450 3534 num.
1505 3461 1560 3523 5,
1601 3461 1802 3534 laudat.
1833 3457 2190 3534 _Tou_rnelyus

623 3529 782 3589 etiam
810 3533 862 3585 in
903 3531 1142 3584 Przelect.
1171 3530 1428 3597 theolog.,
1461 3541 1648 3594 quaest.
1675 3532 1706 3585 5
1741 3531 1808 3583 de
1832 3529 2052 3587 Trinit..
2085 3537 2186 3583 art.

628 3607 679 3667 i,
710 3600 920 3672 qumrit,
960 3601 1037 3651 An
1065 3599 1162 3650 sint
1191 3599 1249 3672 in_
1277 3597 1383 3672 Deo
1421 3599 1748 3672 admittenda:
1791 3608 1887 3672 tres
1917 3598 2184 3672 subsisten-

626 3675 709 3726 tia:
729 3667 973 3734 relatives,
1006 3676 1050 3721 et
1080 3683 1179 3720 una
1200 3667 1432 3720 absoluta
1455 3668 1609 3721 tribus
1633 3668 1859 3736 personis
1881 3669 2186 3736 communis,

627 3753 680 3797 et
722 3738 1031 3811 quarstionis
1073 3738 1376 3811 statum_ita
1425 3741 1708 3811 proponit:
1742 3737 1999 3811 Alii_cum
2041 3735 2190 3811 Caje—

629 3806 754 3866 tano
782 3811 800 3864 Ι
841 3817 996 3877 part.,
1026 3816 1205 3870 quam.
1234 3806 1325 3870 29,
1357 3816 1458 3859 art.
1482 3806 1534 3870 4,
1567 3818 1612 3861 et
1638 3819 1817 3877 quwst.
1852 3807 1939 3870 59,
1969 3816 2069 3858 (.rt.
2095 3808 2186 3873 45,

629 3883 826 3936 Suarcs
856 3880 943 3932 lib.
985 3893 1056 3939 tv,
1098 3893 1212 3944 cap.
1243 3881 1294 3938 4,
1331 3885 1552 3945 quatuor
1596 3879 1871 3931 admittunt
1915 3878 2192 3930 subsisten-

628 3955 742 4015 tias,
772 3964 926 4002 unam
961 3945 1191 4001 videlicet
1217 3946 1517 4014 absolutam,
1541 3958 1588 4000 et
1612 3960 1707 4002 tres
1737 3949 1994 4001 relativus.
2020 3949 2187 4000 Alii...

629 4020 956 4075 communiter
1006 4029 1104 4069 tres
1146 4015 1396 4088 duntaxat
1433 4027 1709 4088 agnoscunt
1746 4019 1982 4070 relativus
2023 4017 2190 4070 subsi-

629 4093 854 4154 slenlias,
885 4088 1077 4141 nullam
1104 4101 1217 4139 vero
1249 4086 1552 4152 absolutam,
1586 4091 1668 4142 cui
1697 4088 1924 4156 Opinioni
1951 4097 2190 4155 tanquam

631 4158 965 4215 communiori
1007 4156 1388 4210 subscribimus.
1436 4157 1642 4212 Bertius
1671 4165 1852 4223 etiam,
1885 4157 1984 4212 etsi
2015 4159 2190 4224 reipsa

631 4236 681 4285 in
715 4230 822 4284 Deo
848 4226 1242 4282 sutsistentiam
1273 4226 1567 4280 absiilutam
1607 4236 1878 4291 agnoscat,
1915 4235 2091 4280 tamen
2115 4241 2192 4280 oe-

631 4299 890 4353 conomiae
927 4296 1197 4364 cujusdam
1232 4308 1390 4348 causa
1437 4296 1707 4351 concludit
1744 4297 1835 4350 lib.
1863 4311 1937 4358 ιχ,
1967 4310 2086 4364 cap.
2119 4297 2186 4350 6:

633 4370 820 4421 Melius
858 4368 1042 4420 sentire
1070 4380 1325 4417 censemus
1351 4367 1628 4436 theologos,
1658 4367 1742 4435 qui
1766 4367 1829 4420 de
1857 4367 1950 4418 hoc
1983 4367 2191 4434 quwsito

2294 2407 2422 2478 tius,
2475 2408 2518 2462 si
2562 2408 2890 2478 theologicas
2937 2409 3295 2464 institutiones
3341 2411 3653 2467 scriberem.
3697 2409 3877 2469 Paura

2292 2477 2408 2551 hanc
2452 2479 2699 2534 omittere
2733 2477 2836 2551 non
2869 2478 3052 2545 debui,
3084 2487 3144 2534 ut
3167 2489 3373 2548 gratum
3409 2483 3474 2536 iis
3513 2485 3750 2537 facerem
3786 2489 3879 2551 qui

2290 2548 2464 2618 amico
2489 2564 2612 2618 erga
2637 2565 2721 2603 me
2744 2549 2922 2603 animo
2951 2551 3259 2604 nonnullam
3290 2551 3704 2618 explicationem
3728 2548 3880 2606 dest-

2292 2617 2572 2673 derabant.
2607 2619 2736 2672 Nam
2769 2635 2951 2688 parum
2984 2635 3070 2674 me
3101 2621 3325 2672 aliorum
3358 2617 3518 2676 voces
3542 2623 3879 2676 commovis-

2293 2697 2432 2754 sent,
2464 2690 2551 2756 qui
2593 2690 2644 2744 itt
2683 2690 3125 2744 circumforaneis
3157 2690 3647 2746 indoctissituorum
3696 2692 3882 2746 Immi-

2295 2761 2662 2833 nunteirenlis
2705 2762 2773 2814 de
2817 2760 3168 2833 sanctissimis
3195 2761 3466 2829 religionis
3509 2771 3710 2816 nostra:
3755 2780 3882 2833 my-

2293 2829 2470 2884 3teriis
2501 2829 2711 2884 eﬁ‘utire
2747 2829 2961 2894 audent,
2995 2844 3113 2898 qua:
3154 2845 3421 2898 nunquam
3464 2833 3782 2886 didicerunt
3815 2829 3882 2886 5e

2291 2899 2472 2962 quibus
2490 2901 2563 2953 ita
2591 2908 2708 2953 sunt
2731 2900 2882 2952 rudes
2912 2898 3168 2966 nonnulli,
3202 2902 3341 2967 quod
3368 2901 3436 2955 de
3464 2901 3737 2955 similibus
3769 2904 3879 2958 aie-

2293 2967 2382 3020 bat
2411 2971 2725 3024 Ammianus
2766 2970 2860 3024 lib.
2887 2985 3014 3033 xxx,
3049 2981 3102 3022 ut
3145 2987 3410 3038 nunquam
3457 2988 3507 3026 se
3537 2973 3737 3024 codices
3788 2973 3882 3024 ha-

2293 3039 2456 3094 buisse
2496 3041 2829 3106 meminerint,
2881 3048 2927 3093 et
2972 3041 3016 3092 si
3042 3041 3093 3092 in
3123 3042 3312 3093 circulo
3347 3041 3610 3094 doctorum
3641 3053 3882 3096 auctoris

2293 3112 2471 3164 veteris
2514 3110 2748 3181 inciderit
2792 3125 2992 3181 nomen,
3037 3111 3186 3176 piscis
3220 3120 3311 3163 aut
3353 3112 3515 3164 edulii
3543 3114 3882 3181 peregrinum

2291 3194 2398 3234 esse
2426 3180 2727 3234 uocabulum
2754 3180 3088 3233 arbitrantur.

2371 3251 2496 3305 248.
2535 3251 2669 3304 Editi
2697 3258 2821 3303 ante
2859 3250 3134 3303 Heinsium
3166 3250 3234 3302 ita
3263 3249 3361 3303 hos
3397 3265 3582 3305 versus
3621 3251 3882 3317 trajicie-

2295 3327 2458 3379 bant:
2485 3320 2602 3374 Sive
2649 3321 2800 3372 Pater
2834 3329 2980 3372 natus
3010 3319 3183 3387 fuerit,
3223 3322 3323 3372 sive
3353 3321 3461 3388 ipse
3482 3334 3713 3386 repente,
3750 3320 3884 3375 Per-

2292 3409 2443 3462 quam
2472 3393 2748 3444 ridiculum
2777 3398 2850 3442 est
2891 3387 3341 3462 etjutile,_natus_
3364 3387 3507 3462 utea;
3529 3406 3582 3443 se
3602 3390 3884 3444 Νακωῶ

2294 3458 2422 3517 nova
2465 3462 2718 3525 materies,
2761 3475 2820 3511 ac
2858 3458 3074 3530 squeus
3114 3460 3248 3512 ultro
3286 3459 3552 3530 pbldiderit,
3592 3471 3884 3530 natumque

2293 3537 2387 3587 sibi
2416 3550 2470 3586 se
2495 3533 2666 3602 fecerit
2690 3532 2874 3596 ipsum.
2905 3528 3255 3602 Nibi|_con_tra
3284 3527 3562 3602 Wcitzius,
3593 3530 3733 3602 nihil
3769 3527 3882 3584 Ma-

2298 3598 2576 3657 riettus'ex
2606 3615 2736 3654 mss.
2772 3598 3002 3652 notavit.
3033 3598 3250 3653 Teolius
3279 3600 3352 3652 ait
3385 3611 3490 3653 tres
3531 3599 3613 3654 vel
3644 3611 3881 3668 quatuor

2296 3673 2578 3727 Vaticanos
2613 3670 2828 3723 Ileinsio
2859 3669 3052 3733 favere,
3086 3678 3313 3724 caeteros
3336 3669 3579 3722 Weitzio.
3615 3671 3878 3724 Heinsius

2296 3746 2346 3797 in
2372 3746 2482 3795 suis
2505 3742 2752 3794 omnibus
2793 3754 2922 3808 mss.
2965 3739 3165 3808 reperit
3203 3752 3416 3792 versum
3450 3737 3710 3808 Perquam
3738 3742 3879 3793 ridi-

2294 3814 2467 3866 culum
2507 3811 2743 3877 praeponi
2777 3809 2849 3861 illi
2893 3807 3012 3862 Sive
3042 3805 3216 3861 Pater.
3259 3809 3313 3861 In
3346 3809 3466 3862 Put.
3511 3805 3643 3862 vero
3686 3811 3775 3864 hic
3811 3815 3881 3865 ita

2294 3894 2409 3935 erat
2441 3882 2560 3935 Sive
2588 3887 2890 3948 supernatus
2913 3880 3066 3945 fuerit
3089 3879 3180 3930 sibi
3210 3879 3316 3947 ipse
3341 3889 3562 3948 repente.
3595 3879 3762 3933 Putat
3787 3897 3881 3934 au-

2296 3962 2401 4006 tem
2437 3951 2679 4004 Heinsius
2719 3947 2975 4016 Perquam
3015 3948 3385 4018 ridiculumest
3422 3957 3469 4002 et
3506 3949 3681 4018 futile,
3723 3963 3879 4003 natus

2294 4031 2434 4076 utea:
2466 4036 2519 4074 se
2551 4019 2670 4074 Sive
2711 4028 3010 4085 supernatus
3039 4017 3210 4084 fuerit,
3241 4017 3339 4071 sibi
3374 4020 3480 4089 ipse
3511 4017 3725 4089 repente
3758 4021 3881 4073 Na—

2293 4091 2466 4144 scendi
2513 4104 2641 4142 nova
2692 4089 2922 4142 materies
2950 4103 3111 4141 :nam
3159 4088 3454 4155 supernasci
3505 4088 3736 4142 verbum
3796 4101 3879 4144 est

2294 4162 2530 4229 elegans,
2569 4167 2622 4212 et
2668 4173 2697 4211 a
2741 4159 2911 4229 Plinio
2956 4166 3298 4229 usurpatum,
3325 4167 3376 4211 et
3420 4157 3597 4211 hiatus
3637 4159 3729 4212 ille
3779 4161 3880 4213 sibi

2293 4226 2402 4299 ipse
2432 4228 2720 4299 Prudentio
2746 4239 2826 4281 est
2857 4226 3150 4299 familiaris.
3177 4227 3234 4299 ln_
3261 4227 3382 4299 Vat.
3407 4229 3449 4282 A
3482 4230 3646 4282 etiam
3669 4237 3754 4282 est
3779 4230 3878 4282 sibi

2295 4296 2422 4363 ipse.
2455 4298 2703 4352 licinsins
2730 4313 2796 4352 ex
2830 4296 3136 4364 conjectura
3173 4296 3320 4350 addit
3357 4312 3515 4360 posse
3557 4300 3723 4352 etiam
3771 4302 3873 4352 sibi

2295 4380 2340 4422 et
2391 4371 2517 4437 ipse.
2567 4369 2826 4422 Cellarius
2873 4377 3089 4420 secutus
3145 4376 3226 4420 est
3274 4366 3554 4421 Heiusium
3608 4383 3734 4421 cum
3781 4369 3875 4422 illo

631 4437 926 4523 interrogati
952 4436 1276 4523 respondent,
1305 4436 1514 4523 _dari‘in
1542 4437 1644 4490 Deo
1668 4447 1769 4489 tres
1791 4447 1984 4490 tantum
2016 4437 2190 4488 relati-
2225 4463 2273 4523 ι)
2299 4436 2464 4523 hia-tu,
2500 4454 2679 4523 quem.
2709 4437 2808 4519 hoc
2849 4437 2965 4523 hic?
3017 4439 3356 4523 nonﬂprobrq.
3409 4437 3875 4523 {ticumconsonat

632 4525 718 4562 ous
747 4502 1108 4560 subsistentias.
1141 4502 1195 4559 Si
1227 4508 1343 4572 quis
1367 4513 1541 4559 autem
1567 4520 1596 4558 a
1623 4523 1707 4560 me
1737 4520 1874 4559 nunc
1901 4515 2104 4572 qttazrat
2124 4521 2188 4560 an

631 4581 740 4631 sint
768 4577 925 4643 aliqui
954 4575 1181 4642 theologi
1222 4573 1311 4642 qui
1343 4583 1535 4642 prmter
1566 4584 1671 4630 tres
1715 4575 2082 4630 subsistentias
2111 4591 2193 4630 re-

634 4649 823 4701 lativas
849 4645 1129 4713 quamdam
1165 4659 1501 4698 communem
1549 4645 1603 4698 in
1643 4645 1753 4700 Deo
1795 4646 2191 4700 subsistentiam

635 4727 900 4782 tueantur,
934 4715 1156 4783 primum
1179 4714 1534 4782 respondebo,
1559 4717 1640 4769 vel
1671 4731 1736 4770 ex
1763 4715 1843 4768 bis
1864 4714 1992 4768 solis
2019 4715 2194 4770 verbis

633 4801 750 4853 quin
794 4798 890 4852 pro
938 4799 1053 4854 mea
1105 4784 1357 4854 opinione
1397 4785 1614 4854 adduxi,
1665 4785 1794 4840 satis
1839 4785 2040 4854 liquere
2087 4801 2192 4838 non

635 4852 833 4923 paucos
858 4867 976 4907 esse
1002 4852 1278 4920 theologos
1299 4854 1387 4920 qui
1417 4852 1486 4907 ita
1509 4852 1762 4909 sentiant.
1792 4852 1989 4908 Deinde
2021 4855 2194 4922 profe-

637 4939 748 4976 ram
778 4939 876 4975 assi
900 4925 1122 4975 rtioncm
1167 4923 1570 4978 eminentissimi
1603 4925 1887 4980 cardinalis
1928 4923 2094 4990 Gotti,
2126 4924 2193 4978 de

635 4994 826 5046 'l‘rinit.
869 5003 1058 5060 qnazst.
1100 4990 1174 5060 4,
1201 4993 1326 5045 dub.
1368 4995 1438 5045 2;
1467 4993 1660 5048 Praeter
1703 5009 1801 5048 tres
1844 4995 2194 5048 subsistentias

636 5067 870 5116 relut‘vas
890 5059 1042 5113 datur
1071 5061 1121 5112 in
1153 5059 1257 5113 Deo
1287 5062 1605 5117 subsistentia
1642 5064 1893 5126 absoluta,
1925 5080 2025 5131 qua
2061 5063 2194 5118 Deus

637 5141 1008 5204 pi-weonfeptus
1041 5131 1198 5204 tribus
1229 5133 1457 5199 personis
1486 5137 1534 5186 in
1570 5151 1620 5187 se
1647 5135 1891 5187 subsistit.
1927 5133 2039 5204 Hoc
2065 5134 2195 5204 indi-

637 5199 763 5256 i-uvit
816 5202 874 5255 S.
919 5199 1295 5269 Augustinus...
1329 5217 1560 5268 expresse
1609 5218 1724 5255 vero
1755 5204 1924 5256 docuit
1966 5203 2026 5258 S.
2060 5202 2192 5254 Tho-

637 5290 764 5325 mas.
797 5272 1020 5325 Centum
1056 5269 1186 5341 alios
1221 5270 1494 5341 theologos
1520 5271 1715 5327 addere
1741 5289 1969 5341 possem,
2001 5273 2044 5326 si
2077 5274 2192 5340 pul-

643 5343 926 5396 verulentis
947 5338 1286 5412 excutiendis
1307 5342 1664 5412 voluminibus
1693 5338 2060 5412 sesquiltoram
2079 5338 2196 5412 vel-

640 5416 739 5467 lctn
773 5415 1152 5481 insuntere,int
1179 5408 1434 5481 dubitare
1458 5410 1568 5480 jam
1611 5408 1812 5466 nterito'
1849 5414 1970 5481 quis
2001 5411 2190 5480 possit.

639 5485 886 5551 pluresne
906 5481 1021 5551 sint
1051 5479 1306 5549 theologi,
1339 5483 1426 5548 qui
1462 5479 1679 5548 negant,
1712 5479 1955 5551 quartam
1983 5479 2100 5536 esse
2142 5485 2193 5534 in

643 5550 748 5606 Deo
775 5550 1192 5614 subsistentiam,
1219 5564 1286 5618 an
1317 5553 1404 5618 qui
1436 5550 1736 5606 afﬁrmant.
1755 5553 1887 5618 Quid
1913 5562 2086 5605 autem
2117 5554 2190 5604 in.

641 5633 720 5674 ter
770 5620 1038 5674 notionem
1089 5617 1441 5673 subsistentias
1485 5633 1539 5675 et
1591 5617 1831 5689 persona:
1869 5622 2096 5682 differat.
2144 5633 2196 5676 et

639 5708 751 5751 rnr,
799 5689 1044 5743 admissis
1090 5690 1260 5742 solum
1313 5691 1480 5744 tribus
1523 5693 1762 5758 personis
1811 5693 1861 5744 in
1915 5693 2193 5755 Trinitate,

641 5771 804 5824 ptlSMi
836 5769 1017 5819 quarta
1053 5758 1392 5814 subsiStcntia
1432 5760 1662 5824 defendi,
1696 5762 1928 5816 dicerem
1962 5763 2195 5830 explica—

2299 4509 2457 4563 codd.
2500 4505 2834 4570 Heinsianis;
2861 4505 2988 4560 Urb.
3039 4515 3093 4559 et
3130 4505 3249 4559 Vat.
3295 4505 3340 4572 Q
3366 4507 3701 4562 editioiiibus
3739 4513 3875 4560 anti-

2298 4581 2436 4647 quis.
2471 4579 2592 4631 Vat.
2623 4577 2668 4644 Q
2695 4577 2876 4647 etiam,
2905 4577 2999 4629 sibi
3028 4576 3165 4640 ipse;
3195 4575 3286 4629 sed
3320 4577 3583 4647 mendose
3607 4594 3702 4647 per
3725 4594 3870 4647 quem

2298 4646 2393 4718 pro
2421 4663 2699 4718 perquam:
2718 4646 2947 4710 Bonon.,
2983 4659 3280 4718 perperam,
3312 4646 3414 4718 siue
3438 4656 3487 4700 et
3518 4646 3652 4714 ipse.

2364 4715 2489 4772 232.
2523 4715 2640 4771 Vat.
2670 4715 2712 4770 Β
2741 4731 2838 4786 pro
2863 4718 2936 4768 nil
2965 4717 3139 4770 minus
3170 4716 3306 4771 bene
3327 4717 3400 4769 ni.

2363 4789 2489 4841 254.
2523 4782 2758 4841 Teolins'
2783 4794 3113 4854 repugnante
3158 4796 3330 4840 metro
3369 4785 3498 4853 legit
3541 4782 3734 4850 Filius,
3775 4803 3868 4838 an.

2297 4868 2430 4910 clare
2459 4858 2590 4924 quod
2631 4857 2828 4927 genitus
2851 4856 2913 4908 sit
2950 4854 3114 4927 _I~_’atre
3143 4871 3364 4927 summa,
3401 4857 3744 4924 aflirmatque
3793 4859 3869 4910 sic

2298 4929 2494 4981 habere
2526 4924 2920 4993 prazstantiores
2950 4924 3113 4988 Vatt.,
3159 4925 3432 4978 lleinsium
3463 4941 3597 4979 vero
3629 4928 3682 4980 in
3727 4928 3869 4979 notis

2298 5001 2454 5064 paulo
2497 4997 2670 5048 aliter.
2718 4995 2881 5054 Puto.
2935 4994 3142 5062 lapsum
3192 4994 3474 5057 Teolium,
3528 5006 3584 5048 et
3632 4998 3872 5050 scribere

2296 5069 2543 5127 voluisse,
2591 5064 2783 5129 Filius,
2828 5074 3030 5116 auctore
3078 5075 3130 5116 ut
3181 5065 3377 5133 genitus
3413 5068 3575 5132 quod.
3621 5065 3872 5118 Heinsius

2295 5153 2414 5191 cum
2458 5137 2579 5190 Put.
2627 5135 2792 5188 edidit
2831 5134 3017 5196 Filius,
3065 5144 3270 5186 auctore
3306 5136 3527 5203 genitus,
3572 5135 3714 5200 quod
3764 5150 3871 5187 non

2299 5208 2435 5260 male
2482 5205 2738 5270 procedit.
2811 5203 3117 5268 SuSpicatur
3164 5203 3448 5270 Heinsius,
3503 5219 3533 5256 a
3597 5204 3873 5258 Prullentii

2300 5291 2460 5329 manu
2491 5276 2688 5330 fuisse:
2724 5284 2826 5326 tum
2861 5271 3029 5325 Filius
3050 5289 3109 5344 εξ
3143 5274 3237 5344 hoc
3274 5272 3443 5344 Filius
3473 5282 3686 5344 auctore
3712 5286 3762 5326 ut
3787 5291 3876 5344 ge-

2299 5347 2431 5398 nitus
2457 5345 2542 5411 qui
2565 5355 2626 5396 sit
2675 5344 2825 5394 Patre
2846 5358 3062 5396 summa.
3092 5342 3145 5394 In
3179 5343 3294 5395 Vat.
3330 5343 3404 5411 Α,⁸
3427 5344 3492 5407 si,
3517 5343 3666 5396 nullo
3687 5342 3874 5406 sensu,

2301 5409 2499 5482 prosit.
2528 5414 2690 5466 Aldus
2720 5415 2859 5465 male
2886 5415 3211 5480 interpungit
3233 5424 3335 5482 [unt
3361 5409 3528 5465 Filius
3556 5428 3618 5465 ex
3639 5414 3752 5465 hoc.
3778 5411 3874 5466 Fio

2303 5479 2404 5536 lius
2428 5495 2632 5536 auctore
2660 5493 2710 5534 ut
2744 5485 2939 5550 genitus
2963 5482 3100 5550 quod
3131 5483 3195 5533 sit
3226 5479 3382 5534 Patre
3402 5497 3620 5534 summa.
3659 5483 3875 5535 Patrem

2306 5565 2561 5606 auctorem
2585 5551 2702 5605 Filii
2730 5553 2787 5607 S.
2823 5553 3050 5603 lltlatius
3079 5551 3374 5618 saepissime
3403 5562 3579 5605 vocat.
3603 5551 3756 5620 Apud
3781 5554 3874 5619 ju-

2302 5625 2632 5676 reconsultos
2675 5633 2859 5675 auctor
2902 5620 3201 5688 appellatur
3244 5621 3289 5674 is
3325 5634 3486 5689 aquo
3527 5621 3617 5688 jus
3662 5622 3714 5676 in
3774 5638 3875 5676 nos

2303 5693 2511 5746 transit.
2546 5690 2675 5743 Vide
2701 5691 2879 5744 Petav.
2916 5701 3046 5743 tom.
3083 5691 3143 5753 ll,
3179 5690 3270 5744 lib.
3305 5705 3356 5754 v,
3384 5705 3499 5757 cap.
3533 5693 3584 5744 5.

2373 5764 2496 5813 257.
2535 5763 2586 5814 In
2620 5761 2782 5814 Weit.
2819 5759 3067 5815 mendum
3093 5776 3370 5826 generosus
3392 5762 3591 5821 patrin’.
