4120 6196
265 277 374 337 945

1684 288 2123 346 APOTIIEUSIS.

3433 296 3536 352 916

447 397 633 463 Filius,
666 396 825 467 idque
863 398 1003 455 Deus
1044 403 1275 471 genitor,
1308 404 1448 473 quod
1482 404 1620 458 ﬁlius
1662 406 1841 459 esset?
1874 415 1913 468 Α
1944 407 2050 459 270
2134 406 2339 474 Integer
2372 407 2660 476 integrum,
2693 420 2797 460 non
2828 414 3097 477 emptum,
3124 408 3213 462 sed
3247 416 3422 462 tamen
3450 424 3535 464 or-

444 488 602 560 427
642 488 874 559 Pergunt
902 492 1123 549 ulterius
1152 504 1481 561 scrutantes,
1521 496 1648 567 quid
1689 500 1757 553 sit
1790 499 1839 553 id

1580 587 1772 661 [ipsum

442 672 671 743 Gignere
697 715 712 739 ,
756 674 801 727 si
846 675 923 729 fas
961 685 1043 732 est
1080 678 1340 734 humanos
1383 680 1605 735 tendere
1652 694 1846 734 sensus

448 763 626 832 Usque
676 765 741 819 ad
782 776 1049 823 secretum
1077 813 1091 836 ,
1140 771 1281 835 quod
1324 778 1568 841 tenipora
1622 785 1844 830 cuncta,

1539 862 1779 936 [diesque

450 947 716 1001 Pratvenit
746 948 1014 1018 antiquos,
1053 961 1106 1006 et
1132 954 1454 1023 principium
1483 969 1645 1023 super
1671 953 1841 1022 ipsum

446 1037 677 1100 Eminet,
706 1047 759 1092 et
789 1040 1143 1113 quodcunque
1174 1054 1351 1112 potest
1382 1046 1541 1098 homo
1572 1059 1834 1113 qnzcrere,

1533 1134 1767 1207 [transit.

442 1224 574 1279 Cum
602 1226 671 1281 sit
696 1226 927 1281 difﬁcilis
956 1226 1037 1280 via
1068 1239 1287 1280 noscere
1318 1224 1700 1294 principiorum

440 1318 687 1387 Semina,
724 1322 809 1375 cui
840 1319 1053 1374 dabitur
1090 1319 1298 1372 mortali
1330 1318 1642 1386 exquirere,
1686 1317 1827 1385 quid-

1623 1410 1768 1481 [nam

440 1502 587 1557 Ultra
629 1503 950 1574 principium
995 1503 1137 1557 Deus
1171 1502 1381 1569 egerit?
1412 1510 1502 1555 aut
1541 1517 1645 1571 quo
1686 1509 1840 1569 pacto

443 1596 683 1651 Ediderit
712 1596 944 1651 Verbum
965 1639 979 1661 ,
1013 1595 1152 1665 quod
1184 1595 1443 1664 principio
1474 1603 1621 1649 caret
1652 1593 1841 1647 omni?

442 1686 555 1741 lloc
584 1687 755 1743 solum
786 1688 1015 1753 scimus,
1048 1688 1188 1755 quod
1222 1685 1467 1749 traditur,
1501 1699 1622 1741 esse
1651 1684 1837 1749 Deum,

1592 1775 1768 1843 [quem

262 671 370 729 260

265 1317 367 1374 265

440 1846 554 1901 Non
575 1849 784 1918 genitus
804 1848 1014 1918 genitor
1033 1846 1389 1915 generaverit,
1417 1860 1551 1900 unus
1578 1830 1835 1911 6t'unum,
1874 1830 1919 1890 Β

3330 512 3461 557 111111.

3330 512 3461 557 tttm.

2128 591 2193 645 Et
2241 598 2676 660 comperpetuum
2723 600 2870 646 retro
2912 593 3073 663 patri,
3121 591 3212 647 sed
3263 498 3413 671 pistre
3442 609 3533 646 na—

3302 682 3457 755 [tnm.

2133 774 2295 844 428
2332 771 2434 827 Sed
2460 786 2559 826 nec
2583 772 2793 828 decisus
2818 774 2975 828 Pater
2997 783 3103 840 est,
3135 782 3190 827 ut
3212 789 3335 844 pars
3359 773 3532 827 Patris

3301 863 3459 936 [esset

2134 953 2297 1007 Filius
2322 973 2333 1007 :
2362 954 2659 1009 extendens
2690 970 2787 1008 nec
2815 968 2871 1006 se
2897 954 3186 1009 substantia
3212 957 3424 1008 tractim

2136 1044 2420 1109 Produxit,
2456 1045 2713 1099 minuitvc
2744 1044 2942 1113 aliquid
2974 1046 3042 1099 de
3084 1047 3302 1101 numine
3334 1049 3491 1115 pleno
3514 1093 3527 1113 ,

1950 1135 2055 1190 275
2131 1138 2261 1188 Dum
2285 1145 2482 1190 mutata
2520 1154 2712 1191 novum
2746 1140 2992 1207 procudit
3023 1139 3198 1207 portio
3220 1150 3421 1193 natum.

2127 1226 2239 1279 Non
2272 1229 2658 1292 convertibilis,
2693 1246 2789 1283 nec
2817 1230 3070 1284 demutab
3094 1231 3158 1283 lis
3192 1247 3423 1299 unquam

2128 1316 2224 1371 Est
2254 1317 2425 1383 Deus,
2467 1328 2557 1371 aut
2586 1321 2853 1388 gignendo
2885 1321 3085 1391 aliquid
3114 1322 3214 1375 sibi
3256 1322 3483 1376 detrahit
3518 1340 3528 1375 :

3292 1414 3458 1484 latqni

2130 1501 2323 1561 Totus,
2355 1511 2409 1554 et
2439 1518 2500 1555 ex
2536 1511 2648 1556 toto
2678 1503 2820 1556 Dens
2846 1512 2955 1567 est,
2990 1503 3055 1557 de
3092 1505 3292 1557 lnm'ne
3330 1506 3526 1560 lumen.

2128 1592 2350 1657 Quando
2379 1602 2555 1647 autem
2582 1594 2759 1648 lumen
2792 1595 2907 1647 sine
2931 1593 3175 1648 lumine?
3201 1594 3414 1656 quando
3444 1614 3528 1653 re-

3229 1663 3460 1734 [fulgens

1948 1754 2054 1809 280
2132 1754 2242 1808 Lux
2300 1752 2505 1822 fulgore
2557 1754 2741 1808 caret?
2776 1753 2992 1823 quando
3041 1762 3153 1815 est.
3192 1764 3248 1808 ut
3287 1758 3529 1823 proditus

3282 1847 3297 1917 [
3329 1853 3460 1921 ignis

1542 1935 1827 1992 GLOSSxE
1872 1936 1907 1982 V
1920 1936 2201 1990 ETERES.

332 2030 458 2085 (259.
494 2030 751 2096 Ulterius,
778 2032 916 2081 ultra
948 2028 1162 2087 licitum,
1193 2025 1230 2079 Ι.

332 2101 463 2154 260.
495 2094 745 2169 Gignere,
770 2094 1437 2169 spiritalisgeneratim—1?
1442 2109 1521 2159 as,
1541 2098 1763 2169 justum,
1791 2096 1835 2169 l.

332 2172 461 2223 ‘26“).
495 2166 684 2239 Super,
718 2166 872 2236 ultra,
909 2166 1373 2236 l.—Principium,
1401 2167 1600 2231 mundi,
1627 2168 1749 2219 Vat.
1776 2168 1837 2221 Α.

333 2240 462 2295 ⁸264.
496 2240 614 2306 Via,
644 2246 775 2292 ratio
797 2284 809 2307 ,
845 2240 880 2291 Ι.

336 2312 465 2364 ⁸265.
496 2312 735 2375 Semina,
770 2306 1344 2378 principia.—.\loriali,
1376 2307 1660 2378 homini,_l.

336 2381 462 2435 266.
511 2380 676 2445 Ultra,
710 2376 1100 2441 ante.—-Paclo,
1134 2378 1260 2446 lege,
1292 2378 1370 2431 vel
1393 2378 1563 2443 modo,
1596 2376 1635 2431 Ι.

336 2451 457 2505 9.68.
494 2451 763 2514 Traditur,
796 2451 845 2501 in
876 2448 1159 2512 scripturis,
1196 2447 1233 2501 Ι.

336 2522 465 2576 271.
498 2520 680 2586 Retro,
708 2520 1051 2581 a'ternaliter;
1079 2518 1161 2570 liic
1192 2519 1503 2588 praeteritum
1532 2519 1735 2571 uerbum
1754 2561 1767 2582 ,
1799 2518 1838 2570 l.

1951 2104 1968 2147 ι
2020 2025 2147 2146 27'2.
2192 2024 2431 2091 Decisus,
2462 2027 2791 2096 decurtatus,
2823 2030 2899 2082 vel
2925 2030 3280 2099 detruncatus,
3306 2034 3531 2087 minora-

1972 2112 2050 2147 us.
2111 2134 2126 2147 .

1972 2112 2050 2155 ιω.
2086 2112 2126 2149 Ι.

2178 2166 2507 2241 Extendens,
2538 2168 3157 2241 dilatando.—Traetim,
3188 2174 3454 2241 paulatim,
3490 2177 3529 2229 Ι.

2017 2237 2146 2290 275.
2183 2237 2403 2298 Mutata.
2434 2239 2993 2306 operata.—Procudit
3016 2284 3028 2305 ,
3056 2246 3131 2294 rel
3167 2237 3449 2309 producit,
3477 2247 3529 2297 id

1947 2315 2281 2379 est_ge_nerat,
2310 2309 2387 2361 vel
2410 2310 2644 2375 fabricat,
2666 2310 3136 2379 genuit.—Portio,
3162 2315 3465 2379 substantia,
3490 2316 3524 2369 I.

2016 2375 2142 2430 276.
2180 2378 2443 2445 Unquam,
2476 2379 2564 2431 sed
2590 2375 2741 2440 certe,
2778 2380 2816 2434 Ι.

2019 2448 2143 2516 277.
2178 2446 2360 2516 Atqui,
2395 2459 2444 2500 at
2477 2450 2582 2513 ille,
2618 2448 2654 2502 Ι.

2015 2514 2141 2571 280.
2168 2514 2434 2580 Proditus,
2459 2520 2746 2589 dispensus,
2764 2522 2841 2575 vel
2866 2523 3239 2593 manifestatus,
3273 2525 3309 2577 I.

1605 2606 2163 2663 COMMENTARIUS.

340 2704 470 2759 958.
488 2702 922 2773 lnterrogationis
943 2711 1194 2769 punctum
1218 2710 1334 2769 post
1359 2709 1483 2753 esset
1507 2699 1842 2773 desideratur

275 2776 326 2829 in
359 2776 626 2842 plerisque
658 2770 1017 2837 editionibus;
1051 2788 1117 2826 ex
1156 2787 1260 2841 quo
1286 2786 1475 2824 sensus
1509 2770 1770 2842 turbatur.

342 2839 470 2899 959.
494 2839 645 2913 Egon.
671 2854 722 2897 et
750 2842 870 2897 Vat.
901 2844 959 2904 Β,
990 2842 1145 2911 quod.
1177 2839 1487 2910 Legeudum
1516 2843 1656 2909 quid.
1690 2839 1846 2893 Peta-

271 2916 412 2979 vius,
444 2916 547 2968 loc.
579 2918 668 2969 cit.
702 2930 819 2975 cap.
851 2917 910 2974 (ἰ,
945 2914 1261 2965 laudandam
1302 2919 1356 2964 et
1385 2913 1497 2963 imit
1518 2914 1690 2963 undam
1727 2924 1846 2963 esse

272 3000 301 3037 a
330 2994 607 3038 tveterum
643 2985 1011 3051 theologorum
1044 2983 1497 3051 sanctissimoruin
1525 2990 1575 3034 et
1602 2980 1848 3034 eruditis-

272 3058 530 3109 simorum
558 3050 1169 3108 bomiuumimodesdam
1204 3056 1252 3104 in
1280 3052 1456 3105 causis
1479 3050 1632 3117 hujus
1652 3058 1848 3119 myste-

276 3127 337 3178 rii
373 3129 786 3193 investigandis,
834 3134 889 3178 et
931 3124 1028 3176 bos
1064 3123 1335 3177 Prudentii
1381 3136 1568 3175 versus
1610 3120 1843 3187 adducit,

275 3196 468 3264 quibus
503 3196 747 3249 liberiora
775 3195 983 3262 ingenia
1011 3195 1358 3264 castigantur.

345 3264 472 3321 “260.
512 3266 703 3321 Weitz.
750 3260 869 3319 cum
916 3265 1065 3332 Egm.
1086 3304 1100 3327 ,
1131 3262 1244 3315 Pal.
1270 3301 1284 3325 ,
1316 3262 1490 3315 Oxon.
1523 3274 1617 3329 pro
1648 3260 1850 3332 discre:

276 3337 422 3402 panti
450 3338 733 3406 scriptura,
761 3335 881 3390 Vat.
906 3327 993 3386 ea
1025 3336 1191 3403 prima
1221 3347 1377 3385 manu
1410 3327 1631 3401 gressus.
1660 3327 1850 3385 Caneri

273 3421 470 3458 88118118.

349 3474 478 3529 262.
519 3475 640 3529 Vat.
667 3475 732 3541 A,
769 3476 879 3529 Pal.
903 3516 915 3536 ,
950 3475 1229 3536 mendose,
1258 3473 1442 3542 sprevit
1474 3486 1569 3539 pro
1593 3471 1847 3542 praeuenit.

353 3545 478 3598 264.
508 3540 860 3606 Philosophos
885 3548 934 3598 in
958 3559 1136 3599 rerum
1159 3540 1433 3611 principiis
1455 3544 1630 3610 fecisse
1651 3540 1851 3611 ruinam

283 3615 561 3669 Lucretius
598 3614 810 3668 tradidit
842 3616 935 3669 lib.
964 3631 1000 3668 ι.
1029 3608 1221 3667 Nostro
1250 3608 1365 3666 aevo
1395 3608 1580 3665 eadem
1621 3608 1853 3662 difﬁcul-

282 3694 364 3738 tas
397 3686 645 3738 noscendi
672 3686 1050 3754 principiorum
1085 3684 1284 3737 semina
1317 3684 1659 3751 persentitur,
1702 3678 1854 3754 quid-

277 3756 406 3823 quid
433 3755 611 3808 iiieant
632 3748 893 3820 nonnulli,
918 3764 1206 3824 systemata
1229 3748 1468 3821 quietiam
1494 3767 1627 3805 nova
1647 3748 1857 3824 ample-

277 3820 509 3890 (tentes,
537 3836 629 3878 aut
656 3828 924 3894 antiquata
948 3820 1061 3893 ]am
1092 3833 1144 3878 et
1174 3820 1413 3877 obSoleta
1439 3824 1614 3877 denuo
1646 3820 1851 3873 instau-

280 3906 481 3948 IDDICS.

349 3964 475 4019 265.
518 3964 637 4019 Pnt.
660 4006 673 4025 ,
704 3965 787 4033 qui
812 4004 827 4028 ,
868 3977 945 4016 sc.
978 3978 1081 4033 qua
1117 3963 1353 4026 ratione,
1384 3976 1478 4029 pro
1510 3961 1591 4014 cui
1622 3959 1853 4012 mortali.

282 4035 524 4103 L‘troqne
556 4036 713 4088 modo
735 4044 947 4089 Constat
977 4035 1257 4087 sen'entia.

350 4098 479 4158 268.
524 4106 681 4171 Ald.,
721 4106 853 4173 quod
882 4107 1099 4156 traditur
1132 4118 1237 4155 isse
1272 4101 1534 4173 Deumque
1569 4098 1684 4150 Non
1717 4098 1857 4173 geni-

283 4186 363 4227 tus
390 4176 585 4245 genitor
615 4168 944 4243 generaverit.
978 4173 1213 4245 Fabric.1
1241 4173 1352 4225 Gis.
1374 4211 1389 4236 ,
1416 4168 1859 4245 quibusaeceSSit

280 4238 543 4298 cellarius
566 4285 580 4306 ,
615 4238 751 4312 quod
781 4246 1001 4297 traditur
1042 4259 1149 4295 esse
1178 4243 1314 4294 Deus
1332 4282 1372 4312 ,Α
1387 4256 1553 4309 quem.
1587 4238 1854 4312 Ileiusiani

280 4308 668 4383 prteslantioris
694 4325 854 4376 notat,
886 4325 937 4366 et
964 4314 1127 4367 nostri
1154 4354 1167 4375 ,
1200 4328 1306 4364 esse
1339 4309 1531 4383 Deum,
1555 4325 1718 4376 quem.
1736 4308 1859 4383 _Do-

280 4378 511 4437 ctrinam
547 4384 925 4454 theologicam,
972 4397 1128 4448 quam
1186 4384 1253 4434 de
1304 4382 1480 4454 divina
1513 4378 1857 4454 generatione

281 4454 511 4521 longiori
553 4447 913 4521 disiiutatione
961 4447 1208 4505 Petavius
1248 4449 1498 4513 tradidit,
1550 4449 1730 4521 paucis
1756 4447 1861 4521 _his

282 4518 526 4579 versibus
549 4518 668 4578 esse
690 4524 1124 4591 comprehensam
1151 4521 1319 4574 fassus
1350 4530 1432 4574 est
1454 4521 1567 4591 ipse
1591 4518 1856 4591 Petavius,

279 4596 436 4661 cujus
462 4595 618 4648 verba
653 4595 767 4663 lege
800 4587 943 4646 num.
975 4594 1081 4646 255
1112 4591 1314 4661 prolcg.
1340 4590 1593 4645 Illirabilis
1624 4587 1859 4659 profecto

279 4678 358 4720 εει
396 4675 564 4731 peetze
594 4668 757 4718 nostri
792 4664 1069 4729 theologia.

355 4735 480 4787 269.
529 4735 649 4788 liat.
670 4774 684 4796 ,
717 4736 888 4787 minus
918 4736 1081 4793 bene,
1110 4740 1434 4799 generarent
1468 4746 1561 4797 pro
1590 4745 1857 4797 generave-

279 4807 369 4859 rit.
408 4805 527 4857 Pnt.
557 4812 611 4857 et
639 4804 781 4863 lion,
814 4806 1087 4869 generavit,
1121 4801 1348 4855 fortasse
1375 4803 1627 4869 generauit
1648 4810 1694 4853 et
1726 4818 1856 4854 unus

280 4887 331 4929 et
360 4892 538 4927 unum.
569 4874 672 4929 Sed
704 4875 893 4928 melior
917 4874 1213 4925 communis
1242 4872 1417 4925 lectio.
1453 4870 1667 4923 Tenlius
1691 4870 1861 4924 edidit

281 4948 541 5015 generavit
566 4985 580 5007 ,
612 4946 703 4997 sed
744 4960 861 4996 cum
904 4945 987 4995 lex
1022 4943 1179 4996 metri
1209 4950 1501 5015 repugnet,
1535 4951 1588 4993 et
1618 4942 1748 4993 nihil
1784 4954 1856 5015 ex

282 5010 414 5067 inss.
465 5016 729 5068 notaverit
756 5055 769 5078 ,
832 5015 1023 5082 Opinor
1072 5012 1326 5066 mendum
1368 5026 1487 5065 esse
1521 5010 1861 5080 typograpbi-

279 5101 428 5139 cum.

356 5154 483 5207 271.
526 5154 803 5217 Weitzius,
858 5152 977 5206 Vat.
1019 5153 1078 5217 Β,
1122 5153 1251 5206 Mar.
1281 5190 1295 5213 ,
1344 5149 1409 5202 Et
1456 5158 1864 5219 comperpetuum

282 5236 421 5279 retro
448 5226 611 5289 Patri,
640 5227 726 5279 sed
765 5225 917 5277 Patre
946 5232 1140 5275 natum.
1175 5222 1288 5273 Gis.
1313 5231 1365 5273 et
1394 5220 1587 5287 liong.,
1627 5220 1691 5271 Et
1723 5236 1861 5289 cont-

284 5288 605 5365 perpetnum
640 5295 781 5347 Patri
821 5306 978 5365 retr_o,
1021 5296 1107 5365 sed
1151 5290 1309 5365 Patre
1343 5300 1535 5342 natum.
1582 5290 1773 5365 Egm.,_
1796 5288 1859 5340 Et

285 5359 697 5432 coinperpetuum
730 5375 863 5416 retro
901 5361 1072 5415 Patris
1093 5403 1108 5427 ,
1139 5372 1185 5413 et
1218 5360 1371 5412 Patre
1401 5370 1595 5432 natum.
1630 5362 1732 5412 Pio
1759 5359 1859 5432 hac

284 5429 549 5501 seriptura
590 5435 848 5502 allegatur
871 5433 1044 5502 Aldus
1070 5448 1098 5483 a
1131 5432 1358 5483 Weilzio
1386 5439 1441 5483 et
1474 5430 1705 5502 Heinsio.
1752 5429 1856 5483 Sed

285 5498 457 5559 Aldus
486 5505 611 5556 mihi
647 5498 823 5567 habet,
857 5501 918 5553 Et
947 5511 1357 5569 comperpetuum
1378 5510 1515 5569 retro
1544 5498 1740 5569 Pgtris,
1771 5501 1859 5552 sed

286 5573 449 5627 Patre
479 5587 673 5626 natum.
712 5566 1381 5640 Egtuondano‘consonant
1403 5568 1545 5640 PaL,
1573 5566 1779 5640 Tliuan.
1809 5578 1863 5621 et

285 5647 466 5697 ueteri
502 5636 791 5697 Ili-insiatii.
841 5641 1085 5695 Heinsius
1112 5640 1381 5693 existimat
1418 5638 1581 5691 fuis~e
1634 5636 1695 5688 Et
1727 5653 1863 5689 rom-

287 5724 591 5774 neruetuuut
640 5713 781 5766 Patri
830 5722 992 5771 retro,
1034 5722 1076 5762 et
1128 5708 1279 5761 Patre
1328 5719 1522 5760 nutum.
1555 5710 1750 5760 Utunes
1782 5709 1861 5758 ha:

1950 2698 2206 2752 lcetiones
2236 2698 2439 2754 admitti
2469 2708 2708 2768 possunt,
2737 2691 2789 2754 ei
2817 2700 3054 2755 omnium
3086 2702 3274 2756 eadem
3302 2713 3386 2757 est
3415 2718 3529 2756 Stiu-

1952 2771 2139 2841 lenlia.
2184 2768 2801 2841 GomperpetuusiPatris
2844 2771 2896 2824 in
2942 2773 3190 2840 gignendi
3243 2789 3371 2827 casu
3425 2790 3529 2827 non

1950 2840 2181 2892 absurde
2218 2839 2441 2897 dicitur.
2478 2842 2552 2893 uti
2597 2839 2731 2891 infra
2766 2855 2827 2893 ex
2861 2839 3303 2897 mss.'coa’ternus
3334 2843 3529 2899 Patris.

1957 2908 2084 2962 Urb.
2114 2920 2166 2962 et
2189 2910 2341 2964 Alex.
2374 2911 2571 2977 pariter
2602 2908 2794 2964 Patris.
2842 2909 2959 2963 Vat.
2990 2912 3057 2979 ρ,
3082 2926 3393 2981 perperam,
3417 2931 3530 2968 cum

1951 2990 2269 3047 perpetuum.

1956 3128 1971 3170 ι
2194 3050 2311 3103 Vat.
2373 3053 2409 3104 A
2437 3088 2453 3115 ,
2509 3058 2745 3104 tractum.
2802 3051 2996 3121 Egm.,
3056 3053 3274 3120 tactim;
3321 3055 3535 3125 ccirigo

1978 3135 2061 3170 rac
2088 3134 2176 3170 tm.

1978 3134 2176 3175 racum.

2025 3189 2150 3241 ‘274.
2196 3189 2338 3253 ηπ,
2387 3191 2664 3249 mendose.
2712 3190 2894 3243 minuit
2938 3190 3036 3244 vel.
3077 3192 3240 3247 Deum
3278 3195 3528 3248 constitui

1956 3271 2020 3311 ex
2053 3258 2222 3312 tribus
2251 3259 2528 3333 Trinitatis
2560 3261 2839 3333 personis,
2862 3262 2943 3333 ita
2970 3271 3023 3313 ut
3053 3278 3237 3333 earum
3281 3265 3530 3333 qntelibet

1961 3343 2065 3380 non
2108 3339 2249 3381 esset
2295 3332 2450 3398 plene
2502 3332 2677 3392 Dens,
2721 3331 2812 3383 sed
2860 3331 2948 3384 Dei
2984 3332 3188 3399 portio,
3235 3331 3529 3387 docuerunt

1879 3413 1925 3474 ο
1960 3399 2195 3452 nonnulli
2226 3400 2486 3474 haeretici.
2519 3399 2732 3474 Latoius
2763 3402 2829 3474 in»
2849 3415 3013 3474 Opere
3036 3402 3103 3455 de
3128 3415 3272 3457 recta
3306 3403 3407 3459 PP.
3441 3405 3529 3458 Ni-

1959 3483 2225 3542 caenorum
2260 3470 2361 3524 fide
2387 3471 2468 3524 his
2498 3471 2669 3525 allatis
2694 3470 2967 3542 Prudenlii
2998 3475 3272 3537 versibus,
3306 3476 3529 3542 aliisque

1958 3538 2180 3611 aliorum
2214 3542 2388 3595 verbis
2406 3541 2594 3609 prohat
2614 3542 2831 3607 d'serte,
2861 3541 3046 3595 Filium
3067 3559 3130 3597 es
3154 3544 3310 3597 Patre
3332 3538 3529 3611 ortum,

1958 3608 2052 3686 sed
2081 3624 2189 3686 non
2214 3626 2309 3679 per
2337 3608 2748 3686 abs‘eissionem.
2780 3622 2870 3667 aut
2899 3612 3236 3680 divisionem,
3268 3624 3360 3669 aut
3386 3608 3532 3686 ejus;

1958 3678 2079 3731 dem
2110 3678 2421 3736 substantia:
2444 3686 2811 3736 mutationem.

2029 3751 2154 3805 275.
2198 3752 2251 3805 In
2296 3753 2591 3822 exemplari
2641 3753 2874 3818 Weitzii,
2924 3766 3030 3822 quo
3074 3761 3218 3818 utor,
3263 3756 3327 3809 ad
3384 3773 3529 3811 oram

1961 3822 2191 3886 producit
2218 3824 2384 3887 portio
2411 3840 2477 3878 ex
2506 3834 2612 3877 vet.
2649 3825 2740 3878 lib.

2030 3890 2064 3939 2
2102 3893 2156 3944 6.
2189 3892 2395 3947 Concil.
2435 3894 2606 3947 Tole'.
2640 3909 2654 3946 l
2685 3894 2736 3946 in
2778 3894 2954 3961 regula
2999 3894 3142 3956 ﬁdei,
3174 3894 3242 3947 de
3277 3912 3377 3961 qua
3409 3897 3531 3951 alibi

1960 3958 2189 4023 dictum,
2222 3974 2341 4015 can.
2378 3964 2407 4015 7
2446 3980 2457 4015 :
2495 3962 2553 4017 Si
2578 3964 2690 4030 quis
2721 3958 2907 4016 dixerit
2933 3965 3008 4015 vel
3040 3958 3338 4027 crediderit,
3372 3967 3535 4018 deita-

1962 4030 2302 4105 temuqiristi
2349 4031 2775 4105 convertibiternt
2798 4034 2868 4085 al.
2914 4033 3249 4105 nascibilem)
3288 4050 3422 4098 esse,
3462 4039 3537 4090 rel

1961 4098 2269 4167 rassibilem,
2298 4101 2566 4155 anathema
2593 4103 2676 4154 sit.
2714 4098 2837 4156 Hice
2857 4104 3113 4157 vocabula
3144 4103 3195 4157 in
3226 4098 3377 4158 usum
3412 4115 3535 4159 tunc

1962 4170 2145 4224 venire
2166 4172 2531 4243 cmperuntad
2564 4173 2795 4243 haereses
2820 4172 3158 4238 refellendas,
3189 4185 3239 4226 et
3265 4175 3536 4243 religionis

1962 4252 2112 4312 saera
2142 4244 2395 4310 mysteria
2423 4242 2539 4312 sine
2577 4240 2890 4312 ambagibus
2918 4259 3071 4311 expon
3097 4243 3253 4297 enda.
3290 4240 3535 4297 Dormita-

1962 4307 2085 4381 bilis
2108 4307 2373 4381 neminem
2418 4311 2707 4365 Prudentio
2740 4307 3099 4381 antiquiorem
3149 4314 3350 4367 dixisse
3389 4317 3531 4369 novi.

2201 4381 2389 4453 Aldus,
2420 4389 2589 4451 atque.
2625 4382 2745 4448 Alii,
2776 4379 2935 4451 atqui.
2972 4383 3089 4435 Vat.
3126 4385 3190 4449 A,
3222 4385 3424 4453 atquin.

2031 4449 2158 4504 278.
2203 4451 2254 4502 In
2304 4451 2425 4505 Vat.
2466 4449 2531 4515 Α,
2584 4463 2715 4505 totus
2770 4449 2999 4513 ηιυιο,
3048 4463 3231 4505 contra
3276 4449 3527 4509 metrum.

1962 4516 2103 4586 Lege
2131 4529 2296 4585 totus,
2336 4532 2379 4575 et
2408 4538 2469 4573 ex
2497 4531 2619 4575 toto.
2649 4521 2908 4590 Corippus
2941 4522 3030 4575 lib.
3064 4538 3111 4575 tv
3138 4540 3152 4576 :
3190 4522 3355 4576 Natus
3374 4563 3389 4588 ,
3432 4541 3535 4577 non

1965 4591 2150 4662 factus,
2176 4592 2380 4661 plenum
2406 4594 2467 4643 de
2488 4593 2878 4662 luminelumen.
2902 4592 2959 4645 S.
2988 4593 3285 4646 Metltodius
3310 4605 3534 4662 martyr,

1964 4653 2077 4714 Sive
2103 4653 2239 4715 altus
2269 4662 2547 4716 oonfe-sor
2574 4702 2587 4723 ,
2636 4661 2729 4715 lib.
2760 4663 2827 4715 de
2857 4662 3107 4716 Simeonc
3141 4674 3192 4716 et
3230 4667 3379 4716 Anna
3411 4685 3423 4716 :
3451 4653 3537 4717 ’Τά

1966 4731 2135 4783 lumen
2175 4748 2229 4786 es
2254 4747 2426 4785 verum
2449 4747 2512 4786 ea:
2546 4732 2737 4785 tantine
2768 4746 2903 4785 vero.
2939 4733 3107 4787 Verba
3144 4734 3369 4802 symboli
3410 4744 3538 4789 nota

1966 4809 2108 4853 sunt.

2038 4871 2165 4925 280.
2200 4869 2305 4925 Gif.
2337 4885 2405 4944 ex
2453 4881 2559 4944 vet.
2583 4872 2703 4925 cod.
2727 4914 2740 4937 ,
2780 4873 3023 4943 prodigus
3055 4887 3151 4942 pro
3181 4873 3302 4944 igne
3332 4875 3500 4929 multo
3523 4915 3539 4942 ,

1971 4938 2117 5007 largo
2151 4950 2203 4995 et
2232 4941 2471 5010 copioso.
2503 4941 2593 4996 Sic
2623 4938 2790 4995 etiam
2815 4938 2980 4996 Aldus
3004 4938 3543 5000 et'ires'reeentiores

1969 5025 2042 5082 ex,
2074 5010 2397 5065 lleinsianis.
2429 5012 2532 5065 Alii
2563 5014 2812 5082 proditus,
2853 5024 2906 5067 ut
2936 5016 3073 5081 apud
3106 5014 3367 5067 Nasonem
3395 5032 3408 5068 :
3440 5016 3545 5067 Lu-

1975 5081 2211 5153 int-nequi.
2233 5097 2431 5153 semper
2449 5086 2683 5149 proditur
2707 5086 2815 5151 ipse
2842 5099 2953 5147 suo,
2972 5099 3272 5153 quanquam
3296 5085 3545 5138 lleinsius

1976 5151 2075 5203 hoc
2118 5151 2235 5221 loco
2282 5152 2455 5220 ignem
2496 5152 2761 5218 proditum
2807 5151 3216 5220 interpretatur,
3256 5154 3342 5221 qni
3384 5170 3547 5220 porro

1974 5220 2307 5285 emenditur,
2352 5232 2407 5274 ut
2445 5222 2645 5275 Nonius
2684 5232 2906 5292 expont
2949 5224 3079 5276 illud
3129 5220 3494 5275 Maronianum
3525 5263 3541 5286 ,

1976 5306 2134 5355 genus
2156 5293 2262 5343 alto
2283 5309 2312 5343 a
2339 5293 2583 5361 sanguine
2608 5292 2783 5344 Teucri
2810 5293 3072 5361 Proderit.
3097 5292 3215 5344 Vat.
3235 5292 3279 5357 Q
3305 5299 3357 5343 et
3385 5293 3539 5345 Alex.

1968 5376 1994 5410 a
2028 5362 2260 5415 secunda
2289 5360 2470 5425 manu,
2515 5362 2775 5431 prodigus.
2810 5362 2864 5431 In
2898 5360 3022 5415 Urb.
3058 5362 3209 5431 deest
3236 5372 3401 5414 totum
3443 5363 3489 5412 hi
3513 5377 3543 5413 c

1967 5434 2169 5496 quando
2196 5440 2290 5489 est.
2327 5440 2381 5482 ut
2414 5428 2811 5500 prodigus'ignis
2840 5428 3020 5500 Ignem
3059 5430 3327 5483 diminuat.
3380 5431 3544 5485 Peve-

1971 5511 2120 5555 ratus
2156 5516 2219 5554 cx
2253 5499 2464 5554 Gitanio
2508 5500 2766 5567 approbat
2815 5500 3089 5568 prodigus,
3129 5511 3179 5553 et
3228 5502 3421 5554 eadem.
3460 5516 3543 5553 ra-

1965 5572 2114 5689 ltione
2142 5570 2338 5624 dictum
2374 5578 2537 5635 putat,
2571 5583 2628 5619 ae
2658 5569 2975 5622 (tinnientes
2997 5580 3185 5640 segetes
3206 5570 3345 5639 apud
3378 5571 3541 5641 Virgi-

1986 5656 2113 5689 llllll.

1986 5656 2090 5692 illlll
2103 5679 2113 5691 .
