4120 6196
597 271 696 324 837

1891 486 1967 558 [ct
1988 486 2098 550 lux,

764 572 879 627 Non
930 571 1061 627 lucis
1106 572 1267 639 Deus,
1314 581 1369 626 et
1416 583 1567 643 pater
1614 576 1738 631 est?
1785 578 1897 647 qui,
1942 578 1986 631 si
2024 588 2173 647 pater

1948 668 2098 741 [olim

769 754 884 809 Non
915 753 1035 821 fuit,
1062 763 1115 810 et
1136 768 1319 811 serum
1346 758 1531 826 genuit
1558 767 1676 825 post
1694 768 1933 827 tempora
1961 770 2167 828 natum,

770 844 851 898 Fit
882 859 1074 911 novus,
1105 845 1265 915 inque
1297 856 1491 901 novum
1527 850 1615 916 jus
1647 850 1872 918 prolicit.
1904 850 2087 917 Absit,
2115 862 2172 905 ut

1844 939 2100 1011 [unquam

768 1026 965 1081 Plenus
987 1027 1253 1097 proﬁciat,
1288 1029 1376 1098 qui
1408 1045 1512 1084 non
1542 1042 1662 1101 eget
1682 1031 2035 1086 incremento.

768 1119 835 1173 Et
857 1120 1018 1182 Deus.
1043 1132 1091 1173 et
1116 1123 1348 1189 genitor,
1370 1121 1679 1191 lumenque,
1704 1123 1939 1193 etgloria
1960 1137 2173 1192 semper

774 1210 867 1265 Ille
899 1210 1034 1265 fuit:
1066 1226 1165 1265 nec
1191 1222 1307 1279 post
1332 1211 1433 1266 sibi
1461 1212 1709 1277 contulit,
1742 1222 1797 1266 ut
1831 1223 1981 1281 pater
2007 1222 2166 1266 esset.

770 1302 859 1358 Sic
884 1302 943 1358 lit
961 1342 976 1369 ,
1009 1312 1065 1357 ut
1092 1314 1349 1357 teternum
1374 1304 1655 1357 credamus
1682 1318 1801 1357 cum
1839 1314 1988 1372 patre
2009 1306 2165 1359 Chri-

1909 1396 2068 1467 [swm
2086 1438 2100 1462 ,

775 1486 867 1541 Illo
896 1497 1118 1542 auctore
1143 1498 1354 1553 satum,
1389 1486 1472 1540 cui
1500 1486 1676 1540 nullus
1718 1486 1931 1555 praefuit
1963 1499 2170 1543 auctor.

772 1578 895 1633 llaec
923 1588 974 1632 tu
1002 1582 1047 1633 si
1074 1578 1288 1634 dubitas
1318 1579 1423 1633 nati
1448 1579 1699 1649 mysteria
1733 1579 1950 1643 Christi,

774 1668 1019 1735 Perdite,
1052 1670 1315 1725 catholica
1347 1686 1451 1725 non
1485 1684 1543 1724 es
1572 1670 1639 1724 de
1675 1670 1830 1738 plebe
1860 1688 1871 1721 :
1904 1671 1999 1725 sed
2031 1686 2168 1726 unus

589 1025 693 1082 285

591 1580 695 1634 290

2273 1677 2378 1732 305

1694 278 1969 334 AURELII
2011 280 2376 336 PRUDENTII
2415 283 2741 340 CARMINA.
3765 297 3860 355 948

770 385 933 460 429
970 387 1149 459 Ignem
1172 388 1467 443 diminuat?
1489 390 1702 458 quando
1726 391 1902 459 Pater,
1929 406 1980 448 et
2012 396 2175 460 Deus,
2211 402 2255 457 Α

2468 398 2539 451 De
2567 414 2727 467 grege
2755 397 3017 454 thutilero
3045 412 3351 469 venerator,
3383 404 3763 464 Deucalionum

2463 492 2697 547 Devotus
2720 494 2897 563 cippo,
2927 494 3105 550 lleulni
3135 505 3190 551 et
3214 498 3411 566 stipitis
3433 508 3641 554 unctor.

2454 582 2593 646 Quin
2626 583 2804 651 potius
2834 594 3084 641 scrutare
3114 587 3207 641 Dei
3237 589 3507 657 signacula
3539 591 3593 646 in
3623 590 3743 661 ipso

2274 669 2382 726 295
2456 669 2626 727 Fonte
2648 675 2949 739 vetustatis,
2981 692 3231 745 percurre
3256 678 3451 733 scrinia
3479 682 3637 749 primi

2458 759 2629 831 430
2668 764 2982 833 Scriptoris,
3015 782 3172 837 quem
3206 782 3311 823 non
3341 769 3536 824 bardus
3565 781 3748 840 pater,
3778 783 3859 827 aut

3415 860 3568 930 [avus
3597 877 3790 931 augur,

2464 947 2663 1002 Fabula
2695 963 2797 1003 nec
2829 948 3030 1002 veteris
3075 947 3251 1013 lamin,
3291 963 3391 1004 nec
3425 952 3637 1019 garrula
3669 956 3861 1017 nutrix,

2452 1039 2562 1094 Nec
2597 1054 2725 1107 sago
2766 1040 3018 1107 clangore
3060 1038 3287 1106 loquax,
3331 1050 3385 1095 et
3423 1042 3648 1096 stridula
3680 1046 3861 1097 cornix

2454 1132 2585 1185 Rem
2632 1131 2870 1185 docuere
2902 1130 3030 1184 Dei:
3066 1130 3159 1184 sed
3198 1145 3378 1185 coram
3425 1133 3667 1201 proditus
3713 1134 3863 1203 ipse,

2276 1218 2380 1275 500
2449 1219 2572 1288 ipse
2603 1220 2742 1274 Deus
2770 1219 3032 1289 trepidum
3059 1221 3345 1277 mortalem
3374 1224 3519 1276 mitis
3546 1224 3722 1278 amico

2468 1311 2662 1365 lmbuit
2689 1311 2905 1381 eloquio
2924 1351 2941 1376 ,
2973 1326 3170 1381 seque,
3203 1328 3265 1367 ac
3293 1328 3387 1367 sua
3414 1328 3619 1369 summa
3649 1316 3863 1370 retexit.

2464 1401 2724 1457 Nimirum
2752 1402 2994 1456 meminit
3014 1403 3244 1470 scriptor
3272 1403 3631 1467 doctissimus,
3659 1406 3751 1461 illo

2463 1494 2619 1549 Orbis
2645 1494 2906 1564 principio
2930 1509 3036 1548 non
3063 1495 3257 1560 solum,
3284 1509 3382 1548 nec
3410 1496 3526 1550 sine
3546 1495 3761 1552 Christo

2455 1585 2777 1641 lnl‘ormasse
2829 1587 3038 1641 Patrem
3086 1586 3303 1640 factura:
3352 1586 3552 1653 plasma
3595 1590 3839 1641 novellae.

2452 1677 2624 1745 Fecit,
2657 1678 2750 1744 ait,
2793 1677 3031 1733 condens
3054 1677 3326 1733 hominem
3346 1678 3507 1745 Deus,
3533 1687 3589 1733 et
3608 1678 3757 1733 dedit
3779 1680 3860 1733 olli

1891 1764 2177 1823 GLOSSIE
2221 1769 2553 1826 VETERES.

657 1858 782 1912 282.
815 1859 980 1923 Olim,
1014 1858 1344 1924 wternaliter,
1380 1858 1488 1912 sine
1514 1856 1681 1926 initio,
1712 1858 1817 1913 lso.

656 1928 782 1984 230.
816 1931 894 1983 Tn
919 1972 932 1993 ,
968 1930 1285 1989 Sabelliane,
1319 1930 1360 1982 Ι.

658 1998 784 2053 292.
813 2000 1092 2054 Τὴιιτίῐπ-Γο
1112 2040 1125 2059 .
1154 2000 1494 2067 thuriﬁcante.
1516 2027 1586 2039 -—
1615 1997 2021 2063 Deucalionum,
2052 1999 2173 2050 deo-

589 2087 723 2133 rum,
760 2070 1036 2124 idolorum.
1075 2070 1357 2123 Deucalion
1391 2078 1439 2122 et
1476 2084 1714 2122 uxorsua
1742 2068 1938 2138 lapides
1959 2070 2177 2123 semina-

587 2149 760 2194 urunt
791 2156 809 2194 :
834 2141 950 2194 inde
979 2144 1071 2194 viri
1097 2153 1145 2195 et
1176 2140 1431 2203 mulwres,
1464 2138 1502 2192 l.

655 2210 781 2267 295.
812 2210 1045 2265 Devotus
1066 2251 1080 2276 ,
1111 2211 1404 2264 inclinatus.
1435 2240 1507 2281 7-—
1533 2206 1733 2279 Cippo,
1765 2218 1945 2264 trunco
1972 2211 2048 2264 vel
2075 2210 2175 2281 ipsi

592 2281 716 2336 Deo.
748 2311 818 2322 —
850 2281 1071 2342 Unctor.
1099 2291 1395 2347 venerator,
1433 2280 1469 2333 l.

654 2352 782 2405 296.
815 2351 1102 2417 Scriptoris
1121 2393 1135 2416 ,
1171 2351 1387 2421 Moysis.
1409 2381 1478 2393 -—
1501 2350 1727 2415 Bardus,
1749 2351 1956 2408 stu'tus.
1980 2351 2042 2402 ab
2072 2350 2170 2402 elc-

588 2422 799 2486 phanto,
830 2423 1098 2485 baburrus,
1127 2424 1334 2476 stultus.
1365 2452 1435 2461 —-
1465 2424 1669 2491 Augur,
1696 2423 1779 2486 qui
1809 2422 1978 2474 avium
2001 2422 2169 2490 garri-

585 2502 689 2542 tum
730 2494 804 2545 vel
834 2493 1105 2562 augurium
1136 2492 1361 2546 observat
1384 2536 1399 2560 ,
1439 2492 1477 2547 Ι.
1510 2522 1579 2532 -
1619 2492 1842 2561 Bardus,
1874 2494 2079 2557 stultus,
2111 2492 2173 2543 ab

586 2563 884 2629 elrphanto,
923 2563 1039 2617 Vat.
1072 2562 1135 2616 Τ.

2204 1862 2247 1921 Β
2345 1863 2470 1916 207.
2505 1862 2718 1929 Nutrix,
2751 1879 2901 1930 anus,
2934 1862 2976 1915 l.

2339 1934 2489 2055 (298..
2510 1934 2679 2055 Sagol,
2713 1936 2910 2003 magico
2935 1932 3013 1986 vel
3050 1933 3300 2001 prwscio;
3335 1933 3645 2004 pra'scienti,
3674 1935 3861 2003 magico

2377 2015 2612 2055 sautentt.
2674 2045 2686 2055 .

2280 2005 2357 2056 vel
2377 2005 2612 2069 sapienti,
2649 2006 2686 2058 I.

2352 2073 2477 2127 299.
2510 2075 2637 2128 Rem
2659 2114 2674 2138 ,
2711 2080 2900 2125 s‘atum
2939 2074 3185 2126 divinum.
3212 2103 3283 2113 —
3306 2073 3497 2128 Coram
3524 2112 3538 2138 ,
3580 2073 3774 2144 palam.
3801 2103 3860 2113 -

2284 2143 2552 2208 Proditus,
2584 2146 2958 2209 manifestalus,
2992 2144 3030 2198 I.

2356 2214 2480 2269 300.
2512 2215 2799 2283 Trepidam
2820 2255 2834 2277 ,
2868 2215 3127 2281 pavidum.
3167 2244 3238 2258 --
3266 2213 3575 2280 Mortalem,
3609 2213 3858 2284 Moysem.

2279 2314 2349 2325 —
2379 2284 2586 2348 Amico,
2617 2285 2893 2351 amicabili,
2926 2284 2964 2337 Ι.

2504 2356 2745 2439 itetexit,
2775 2356 2957 2439 aperit,
2987 2356 3219 2439 pperuit,
3251 2355 3295 2411 Ι.

2350 2423 2474 2479 502.
2504 2425 2761 2490 Meminit,
2792 2428 2951 2486 decet.
2986 2426 3025 2481 Ι.

2353 2495 2477 2551 505.
2508 2494 2774 2563 Condeus,
2805 2513 3003 2563 creatis,
3026 2496 3066 2552 l.

1932 2634 2501 2709 COMMENTARIUS?

651 2746 777 2800 281.
811 2745 933 2799 Ald.
962 2759 1082 2800 cum
1111 2747 1229 2800 aliis
1259 2745 1444 2800 scribit
1470 2747 1742 2800 deminuat.

653 2816 779 2871 282.
814 2816 933 2869 Rat.
974 2818 1043 2871 ita
1078 2817 1235 2871 verba
1266 2817 1529 2881 collocat,
1576 2834 1679 2870 non
1719 2818 1847 2871 lucis
1894 2826 2075 2885 pater,
2117 2828 2165 2869 et

587 2886 721 2939 Deus
751 2897 843 2941 est.
886 2886 1001 2942 Gis.
1035 2888 1059 2941 1
1096 2889 1227 2943 edit.
1250 2929 1265 2954 ,
1298 2904 1399 2941 non
1430 2890 1557 2941 lucis
1600 2887 1769 2955 Deus,
1801 2895 1853 2942 at
1882 2898 2025 2956 pater
2050 2888 2169 2941 est?

584 2956 830 3011 Fortasse
859 2969 944 3010 aut
975 2968 1136 3025 pater.

650 3028 778 3097 290.
815 3028 969 3093 Man,
1003 3029 1231 3091 Widm.,
1264 3028 1453 3097 Bong..
1485 3027 1700 3081 dubites.

652 3096 777 3152 :92.
814 3099 972 3152 Vocat
1007 3115 1240 3167 paganos
1262 3098 1324 3150 de
1344 3096 1493 3168 grege
1518 3097 1762 3167 thurifero
1788 3112 1853 3150 eo
1880 3112 2040 3151 sensu
2063 3110 2167 3166 quo

582 3170 803 3234 Uplanns
825 3170 957 3222 dixit
978 3157 1291 3237 thuriﬁmre,
1316 3157 1369 3221 ei
1394 3157 1713 3238 Civprianus,
1736 3157 2166 3235 thuriﬁcatosfln
2197 3157 2242 3219 C

581 3257 610 3304 μ
633 3253 755 3293 ossa
799 3249 910 3293 erat
957 3242 1212 3303 scriptum
1260 3238 1535 3292 Deucalion
1563 3240 1759 3305 lapidis
1784 3281 1798 3301 ,
1828 3250 1875 3291 et
1910 3255 2038 3292 uxor
2077 3255 2169 3290 sua

580 3311 975 3363 seminaverunt.
1027 3310 1251 3363 liestitui
1282 3313 1524 3363 ordinem
1556 3310 1858 3363 verborum.
1893 3308 2169 3362 Deucalio-

582 3395 677 3432 nes
709 3396 931 3432 nume-ra
957 3381 1143 3447 plurali
1171 3381 1318 3433 ell'ert
1340 3422 1353 3444 ,
1392 3391 1447 3432 ut
1483 3388 1850 3445 contemptum
1882 3380 2167 3448 exprimat.

584 3448 716 3502 Vide
743 3465 883 3503 \ers.
918 3452 1036 3505 189.
1082 3452 1135 3503 In
1179 3450 1379 3518 hymno
1406 3452 1463 3505 S.
1500 3450 1721 3502 Romani
1748 3450 1995 3504 similiter
2020 3464 2171 3503 men-

584 3520 657 3571 tio
686 3520 740 3571 lit
773 3520 990 3587 Pyrrhae
1014 3560 1029 3583 ,
1072 3521 1249 3573 uxori~
1294 3521 1645 3574 Deucalionis.
1699 3520 1773 3572 Ita
1815 3519 1954 3571 enim
1989 3519 2061 3572 ait
2090 3528 2169 3587 ty-

585 3604 783 3641 rannus
828 3590 1171 3654 Asclepiades
1218 3604 1361 3642 vers.
1411 3590 1517 3643 “0
1557 3606 1571 3641 :
1624 3589 1711 3641 Vis
1754 3604 1953 3641 summa
2000 3604 2169 3642 rerum

583 3660 771 3712 nosse?
802 3658 1053 3728 Pyrrham
1082 3660 1304 3712 consule.

650 3728 777 3783 295.
810 3727 983 3783 Oxon.
1018 3739 1070 3782 et
1101 3730 1221 3782 Ald.
1247 3771 1259 3789 ,
1294 3729 1470 3795 ﬁculni
1500 3730 1709 3797 stipitis.
1754 3727 1869 3781 Pal.
1895 3742 2053 3797 supra
2078 3746 2170 3782 au-

582 3811 686 3853 ctor
710 3816 805 3869 pro
836 3810 1016 3853 unctor
1047 3816 1065 3853 :
1095 3801 1195 3852 hoc
1224 3816 1405 3854 verum
1439 3808 1537 3853 est.
1575 3800 1648 3853 De
1672 3800 1770 3853 ritu
1798 3799 2027 3863 ungendi
2050 3801 2169 3854 oleo

581 3871 865 3923 simulacra
886 3911 900 3932 ,
928 3870 1265 3935 sacerdotes,
1306 3871 1506 3924 lumina
1535 3881 1590 3925 et
1622 3870 1771 3938 ignes
1813 3884 2015 3930 sacros.
2049 3872 2169 3926 vide

581 3943 665 3993 Jo.
694 3941 1031 3994 Cuillelmum
1065 3940 1339 3996 Stuckium
1381 3942 1530 3996 Sacr.
1564 3940 1750 4006 gentil.
1788 3940 2040 4008 descript.
2074 3942 2164 3993 tol.

679 4023 812 4074 terg.
847 4012 1133 4065 Peveratus
1163 4028 1229 4065 ex
1260 4013 1457 4081 hymno
1484 4011 1538 4067 S.
1572 4011 1833 4073 Romani,
1866 4025 2006 4063 vers.
2037 4012 2164 4080 260,

585 4081 685 4134 huc
711 4082 862 4136 all‘ert
891 4081 1191 4152 fuliginosos
1218 4083 1369 4145 lares,
1397 4083 1535 4150 quod
1567 4085 1693 4136 olim
1726 4081 2007 4135 simulacra
2038 4082 2168 4137 deo-

587 4168 700 4204 rum
750 4153 886 4220 apud
923 4152 1149 4220 gentiles
1181 4153 1326 4206 l'umo
1350 4162 1402 4206 et
1426 4153 1681 4207 odoribus
1709 4154 2092 4220 nigrescerent.

650 4224 790 4292 295.
810 4223 989 4285 Fabr.,
1018 4224 1195 4288 Μυκη
1231 4224 1407 4292 Prag.,
1437 4240 1669 4290 percurre
1698 4234 1744 4275 ct
1782 4223 1999 4284 scrinia;
2027 4222 2166 4289 quod

585 4302 727 4344 tenet
760 4290 876 4347 Gis.
919 4304 970 4346 et
1006 4292 1093 4346 alii
1142 4290 1495 4360 vulgati'cum
1532 4294 1660 4348 Urb.
1700 4303 1754 4345 et
1800 4292 1918 4344 Vat.
1955 4293 2020 4357 Q.
2060 4294 2164 4348 Sed

584 4362 772 4423 Aldus,
796 4373 850 4416 et
874 4362 1092 4427 Wcitz.,
1115 4364 1258 4429 Put.,
1281 4374 1334 4417 et
1360 4364 1476 4416 Vat.
1502 4365 1565 4428 A,
1592 4364 1651 4425 Β,
1673 4363 1830 4427 Man,
1854 4370 1907 4414 et
1928 4362 2167 4429 plerique

581 4434 767 4499 Optimi
812 4450 1050 4502 percurre
1092 4437 1298 4487 scrinia.
1351 4434 1425 4487 lta
1456 4436 1612 4487 etiam
1640 4443 1755 4487 erat
1782 4432 1833 4485 in
1861 4431 1978 4485 Rat.
2005 4449 2019 4493 ;
2072 4437 2162 4486 sed

2273 2748 2411 2801 ctive
2435 2754 2610 2800 exstat
2642 2747 2691 2800 in
2723 2744 3177 2813 inscriptionibus.

2344 2818 2467 2871 501.
2500 2818 2691 2870 Weitz.
2715 2857 2728 2876 ,
2768 2818 2884 2869 Vat.
2916 2820 2984 2879 lt,
3014 2817 3142 2869 Mar.
3164 2856 3178 2878 ,
3212 2815 3360 2878 Rat.,
3394 2813 3552 2881 Prag.
3574 2853 3591 2876 ,
3632 2814 3854 2879 eloquio.

2276 2888 2395 2941 Ald.
2419 2897 2473 2940 et
2501 2887 2611 2941 Gis.
2635 2929 2650 2952 ,
2680 2888 2925 2955 alloquio.
2962 2887 3097 2938 Nihil
3132 2886 3197 2938 ad
3233 2887 3333 2939 hoc
3350 2884 3671 2955 vocabulum
3698 2885 3860 2941 Hein-

2272 2958 2385 3011 sius
2412 2973 2475 3010 ex
2512 2959 2623 3011 suis
2654 2958 2976 3021 observavit,
3008 2956 3245 3010 Giselino
3274 2954 3572 3009 adhmreus.

2348 3029 2471 3083 505.
2513 3027 2759 3082 Nonnulli
2804 3026 2994 3096 Vulg.,
3022 3044 3084 3081 ne
3118 3028 3229 3080 sine
3270 3040 3361 3095 pro
3401 3042 3493 3079 nec
3529 3027 3675 3091 sine,
3720 3025 3859 3095 quod

2276 3108 2604 3167 postremum
2638 3099 2798 3163 exigit
2831 3111 3041 3151 sensus.

2343 3168 2468 3222 306.
2504 3169 2819 3222 Prudentius
2853 3183 2996 3235 smpe
3019 3182 3113 3235 pro
3132 3178 3363 3220 creatura
3382 3176 3600 3233 usurpat
3623 3166 3858 3233 factura,

2272 3239 2413 3305 quod
2439 3256 2542 3292 non
2570 3240 2799 3293 absurde
2824 3239 2935 3292 ﬁeri
2965 3248 3146 3292 monet
3168 3235 3415 3291 Barthius
3438 3236 3524 3289 lib.
3554 3252 3660 3288 xui
3694 3237 3856 3296 Adv.,

2273 3324 2391 3376 cap.
2432 3312 2465 3365 8
2488 3352 2500 3373 ,
2535 3325 2835 3377 quanquam
2876 3308 3214 3362 delicatiores
3243 3310 3365 3360 talia
3394 3308 3745 3359 abhorreant.
3778 3306 3857 3361 Si-

2274 3380 2469 3433 militer
2497 3381 2745 3435 Sedulius
2777 3380 2867 3431 lib.
2899 3395 2930 3431 tt
2960 3396 2973 3431 :
3004 3380 3075 3432 Ni
3105 3380 3218 3447 pius
3242 3377 3328 3431 ille
3351 3386 3490 3430 sator
3510 3380 3684 3443 culpas
3714 3378 3855 3445 ἱςιιοι

2271 3466 2409 3502 scere
2434 3461 2722 3520 promptus,
2777 3449 3007 3503 Reddere
3026 3448 3270 3520 difficilis,
3296 3464 3387 3499 sua
3414 3463 3475 3499 ne
3498 3451 3697 3520 factura
3726 3450 3853 3520 peri:

2270 3530 2367 3573 ret.
2408 3516 2649 3575 Alcimus
2687 3520 2872 3574 Avitus
2906 3520 2995 3572 lib.
3025 3536 3040 3572 1
3073 3537 3085 3572 :
3120 3519 3281 3585 placet
3315 3521 3427 3586 ipsa
3464 3518 3624 3569 tuenti
3654 3516 3854 3583 Artiﬁci

2270 3590 2471 3657 factum
2496 3608 2586 3644 suo
2612 3631 2628 3655 ,
2670 3601 2721 3646 et
2764 3606 2905 3657 sa-pe
2952 3590 3099 3643 alias.
3146 3587 3435 3653 Gregorius
3479 3588 3705 3640 Baeticus
3752 3603 3851 3657 non

2273 3656 2480 3724 semel;
2547 3656 2911 3716 Tertolliauus
2963 3662 3366 3729 facutamentum
3425 3666 3579 3711 vocat
3637 3657 3736 3711 lib.
3791 3656 3853 3710 de

2272 3731 2486 3801 Anima,
2515 3746 2633 3800 cap.
2672 3732 2755 3785 l8.

2345 3797 2481 3857 305.
2502 3797 2594 3855 Ad
2612 3801 2888 3875 Trinitatis
2923 3801 3230 3872 mysterium
3256 3797 3581 3875 probandum
3614 3797 3747 3864 petit
3770 3811 3854 3875 ar-

2272 3882 2577 3939 gumentum
2626 3888 2692 3925 ex
2730 3871 2924 3925 Genes.
2974 3868 3093 3939 cap.
3142 3886 3198 3928 ι.
3239 3868 3379 3937 quod
3422 3869 3558 3921 Deus
3594 3868 3856 3939 creaverit

2274 3936 2541 3997 hominem
2571 3943 2634 3996 ad
2660 3943 2942 4011 imaginem
2971 3950 3023 3995 et
3042 3936 3449 4011 'similitudinetu
3473 3951 3649 4011 suam.
3675 3936 3851 4011 Theo-

2272 4013 2373 4076 lOgi
2403 4014 2470 4066 ita
2494 4006 2795 4066 dissilrunt':
2828 4031 2844 4062 ι
2876 4012 3007 4065 Cum
3030 4013 3104 4065 ait
3124 4011 3263 4064 Deus
3290 4006 3569 4060 Faciamus
3598 4007 3853 4058 hominem

2270 4083 2338 4134 ad
2364 4084 2637 4152 imaginem
2665 4093 2708 4136 et
2735 4083 3119 4136 similitudinem
3144 4090 3388 4143 nostram,
3415 4078 3648 4145 loquitur
3676 4078 3728 4152 in
3760 4093 3851 4152 nu-

2272 4168 2422 4206 mero
2451 4147 2635 4217 plurali
2661 4194 2677 4217 ,
2706 4154 2943 4221 adeoque
2986 4152 3140 4205 unica
3179 4159 3382 4203 tantum
3417 4161 3643 4221 persona
3672 4147 3850 4199 divina

2271 4216 2495 4296 intelligi
2517 4238 2630 4296 Anon
2664 4233 2836 4296 potest
2861 4216 2941 4296 ὀρ
2980 4222 3144 4296 νξέΐὺο
3174 4216 3443 4296 [αιῖξαῐηνέ-
3494 4216 3646 4283 θυοδ
3673 4226 3849 4296 ²¹¹ἷ⁸¹¹¹

2270 4293 2334 4347 ad
2373 4291 2735 4361 imiginemet
2785 4293 3184 4347 similitudinem
3228 4291 3356 4343 dicit
3383 4328 3396 4352 ,
3443 4297 3646 4341 natura:
3679 4291 3851 4338 unitas

2270 4362 2592 4418 declaratur.
2629 4385 2646 4416 ι
2676 4365 2733 4419 S.
2762 4364 2983 4417 Basilius
3007 4375 3260 4430 personas
3284 4362 3462 4428 plures
3479 4373 3599 4411 esse
3625 4371 3849 4430 nervosa

2274 4435 2542 4489 concludit
2567 4434 2750 4489 homil.
2783 4434 2849 4488 19
2889 4435 2940 4487 in
2973 4436 3334 4485 Hexaemeron
3371 4447 3384 4483 :
3425 4431 3548 4493 Quis
3594 4429 3736 4495 faber
3762 4437 3849 4479 aut

581 4516 767 4588 ite-cens
795 4499 1069 4588 corrector
1094 4506 1317 4560 mutavit
1347 4506 1396 4557 in
1428 4520 1720 4585 percurrens
1757 4503 1974 4588 scrinia,
2018 4504 2165 4585 quod
2201 4525 2245 4581 ι)
2272 4506 2635 4588 aerarium-aut
2664 4506 2909 4588 lignarius
2930 4544 2943 4565 ,
2974 4511 3062 4584 aut
3092 4512 3234 4588 certe.
3254 4501 3504 4582 coriarius
3543 4510 3688 4588 sutor
3715 4499 3849 4588 solus

580 4574 713 4625 l'also
734 4573 1044 4641 crediderit,
1070 4592 1096 4629 e
1123 4585 1448 4644 postremum
1478 4576 1527 4629 in
1550 4589 1789 4645 percurre
1813 4574 2030 4641 produci
2059 4590 2163 4629 non

617 4658 758 4699 0888.

580 4657 773 4768 p033;
810 4716 930 4770 Vat.
958 4715 1019 4779 Β,
1048 4715 1242 4785 pardus
1269 4731 1287 4779 ;
1332 4713 1513 4783 Prag.,
1543 4715 1719 4768 barrus
1743 4730 1763 4769 :
1792 4713 1932 4782 quod
1964 4723 2167 4769 utrum-

578 4796 684 4850 que
711 4784 898 4838 l’aleum
928 4796 1009 4839 est
1040 4784 1134 4853 pro
1162 4786 1369 4837 bardus.
1402 4786 1618 4853 Pr0prie
1649 4786 1833 4840 bardus
1853 4796 1934 4840 est
1965 4788 2162 4851 tardus,

578 4853 785 4905 stultus.
830 4854 1223 4909 Chamillardus
1260 4872 1329 4910 ex
1364 4856 1521 4910 Festo
1550 4863 1719 4919 notat,
1751 4856 1950 4911 Gallice
1980 4866 2166 4909 canto-

581 4936 692 4994 rem
734 4924 898 4994 fusse
940 4926 1263 4993 appellatum
1312 4928 1527 4979 bardum
1572 4941 1598 4978 a
1643 4936 1799 4994 gente
1848 4926 2161 4980 Bardornm.

579 4990 743 5064 Poeta
786 4990 1023 5048 fortasse
1044 4996 1094 5048 id
1137 4996 1389 5061 respicit,
1439 4998 1578 5064 quod
1619 4990 1740 5048 ante
1774 4997 1945 5059 tii\il,
1978 4994 2167 5049 Nonne

578 5060 855 5134 haruspex,
878 5064 1284 5135 semiferCouus.
1308 5060 1496 5120 Glossa
1526 5066 1692 5119 Isonis
1714 5066 1777 5117 ab
1796 5067 2083 5135 elephanto,
2112 5079 2165 5120 et.

579 5144 762 5199 postea
797 5136 1045 5189 baburrus
1076 5135 1292 5199 indicat,
1326 5137 1395 5190 ab
1424 5151 1489 5189 eo
1520 5137 1711 5189 lectum
1744 5139 1940 5199 burrus,
1972 5139 2057 5201 qui
2083 5146 2167 5190 est

576 5204 817 5273 elephas,
843 5216 897 5261 et
928 5222 1022 5274 pro
1043 5206 1291 5260 baburrus
1324 5208 1600 5271 legendum
1624 5217 1705 5258 cst
1732 5206 1932 5259 bat-rus.
1966 5206 2165 5259 Bardo-

576 5288 693 5328 rum
718 5292 849 5341 gens
870 5278 1062 5345 duplex
1088 5290 1428 5341 recensetur;
1460 5278 1549 5330 alii
1577 5286 1701 5330 sunt
1730 5277 1881 5329 Bardi
1905 5293 1997 5331 seu
2023 5276 2164 5328 Lon-

573 5344 795 5410 gobardi
833 5350 882 5401 in
917 5344 1201 5402 Germania
1223 5388 1235 5408 ,
1263 5350 1345 5401 uhi
1380 5362 1521 5401 nunc
1546 5359 1628 5401 est
1669 5348 1899 5400 marchia
1930 5348 2163 5401 Itrande-

573 5417 819 5484 burgica;
855 5419 941 5470 alii
972 5420 1124 5473 Bardi
1149 5427 1203 5471 et
1231 5418 1470 5473 Bardaici
1502 5418 1678 5487 populi
1708 5420 1757 5470 in
1783 5418 1971 5472 Gallia.

643 5487 770 5541 208.
798 5489 911 5542 Gis.
945 5491 965 5541 1
1001 5490 1155 5553 edit.,
1187 5507 1329 5558 saga,
1361 5491 1517 5543 male.
1546 5488 1739 5544 Cornix
1767 5505 1933 5558 augur
1961 5504 2105 5553 aqua:
2132 5503 2159 5539 a

572 5558 840 5611 veteribus
861 5560 1156 5623 dicebatur,
1189 5563 1305 5625 quia
1337 5577 1434 5613 suo
1462 5561 1711 5627 clangore
1740 5561 1971 5628 pluviam
2003 5560 2071 5611 ab
2098 5574 2159 5611 ea

572 5643 676 5697 non
702 5638 901 5681 tantum
928 5630 1216 5697 praesagiri,
1244 5630 1334 5683 sul
1366 5632 1539 5685 vocari
1572 5632 1730 5683 etiam
1760 5630 2160 5685 existimabant.

574 5695 761 5751 irridet
795 5695 946 5764 poeta
981 5695 1279 5764 lllljllSlDOdl
1328 5700 1749 5767 superstitiones.
1806 5701 1974 5769 Sngus
2012 5700 2159 5766 adje-

2273 4578 2380 4642 ipse
2405 4577 2630 4644 quidem,
2661 4572 2753 4628 nec
2780 4576 2881 4627 alio
2907 4574 3143 4643 quopiam
3171 4572 3279 4644 sibi
3297 4578 3595 4644 coeperant:
3616 4572 3845 4644 stipatus,

2272 4640 2499 4715 interque
2526 4664 2631 4700 sum
2660 4647 2785 4699 artis
2818 4640 3147 4698 instrumenta
3174 4642 3428 4715 desidem,
3456 4640 3844 4715 quis,__inquam,

2271 4717 2366 4770 sibi
2398 4709 2493 4769 soli
2521 4718 2869 4769 admurmurat
2890 4756 2904 4781 ,
2938 4716 3149 4766 dicens:
3177 4711 3450 4763 Faciamus
3479 4709 3731 4779 gladium,
3762 4720 3843 4758 aut

2272 4788 2663 4856 Compingamus
2686 4796 2931 4847 aratrum,
2954 4794 3042 4838 aut
3070 4783 3418 4856 Conﬁcianms
3437 4781 3840 4856 calceamr'ntunt,

2269 4874 2329 4909 ac
2357 4851 2457 4910 non
2487 4851 2650 4927 potius
2678 4857 2879 4909 silentio
2909 4872 3074 4918 suam,
3100 4869 3215 4927 cum
3240 4851 3468 4927 libuerit,
3493 4851 3843 4927 accommoda-

2271 4939 2373 4980 tam
2400 4928 2468 4980 ad
2487 4920 2659 4981 'artem
2690 4928 2979 4990 exsequitur
3008 4924 3389 4993 operationem?
3438 4920 3509 4993 8ζ
3534 4920 3763 4993 11ι1δτίυς
3794 4922 3841 4969 in

2270 4998 2467 5052 Gcnes.
2504 5014 2518 5050 :
2553 4998 2658 5051 Sed
2702 4998 2982 5065 farianms,
3013 4990 3114 5055 ait,
3159 4994 3429 5045 hominem.
3477 4990 3605 5051 Dic,
3648 4998 3844 5065 optime,

2268 5085 2381 5120 cuin
2403 5086 2500 5137 quo
2526 5068 2679 5120 Nunc
2702 5056 2966 5133 loqueris?
2992 5065 3200 5137 Clarum
3228 5072 3301 5137 est
3320 5103 3332 5125 ,
3362 5065 3473 5137 jam
3506 5072 3614 5137 tum
3643 5061 3726 5110 tibi
3746 5056 3847 5137 fi-

2268 5138 2369 5191 lius
2399 5128 2502 5191 ulto
2534 5139 2733 5191 Assidet
2761 5128 2810 5189 in
2841 5137 2990 5189 solio.
3024 5133 3339 5188 Prudentius
3362 5128 3476 5185 'a'ia
3505 5130 3588 5183 via
3612 5128 3847 5182 eamdem

2269 5210 2586 5264 sententiam
2618 5206 2908 5261 concludit.
2958 5207 3095 5259 Deus
3122 5204 3388 5257 hominem
3417 5202 3536 5256 l‘ecit
3572 5201 3636 5252 ad
3667 5202 3846 5262 imam-

2270 5294 2391 5332 netn
2418 5280 2529 5332 Dei.
2557 5278 2692 5345 Quid
2720 5277 2861 5330 aliud
2891 5277 2991 5331 hoc
3011 5284 3113 5341 est,
3144 5274 3243 5327 nisi
3268 5268 3845 5345 esseAVerbutndistino

2266 5360 2408 5403 ctum
2433 5366 2461 5403 a
2491 5338 2669 5412 Pat're,
2691 5347 2830 5417 quod
2853 5348 2923 5399 sit
2950 5338 3169 5417 Deuﬁsret
3188 5345 3363 5417 imago
3385 5342 3595 5417 Patris?
3621 5338 3848 5417 Verbum

2268 5436 2388 5473 esse
2418 5422 2638 5491 formam
2657 5408 2721 5472 ὀἱ
2743 5418 3023 5491 imaginem
3055 5416 3259 5491 Patris,
3285 5408 3424 5467 vers.
3461 5408 3845 5491 72_explicaba:

2268 5506 2407 5543 mus.
2441 5490 2799 5544 'l‘ertullianus
2820 5479 3075 5541 adversus
3097 5486 3349 5538 Praxcam
3372 5498 3488 5549 cap.
3518 5482 3583 5535 12
3610 5498 3621 5533 ;
3652 5479 3848 5543 Ericen

2268 5560 2405 5613 Deus
2441 5562 2715 5625 hominem,
2747 5558 2813 5610 ad
2853 5558 3123 5629 imaginem
3154 5554 3248 5607 Dei
3273 5554 3387 5621 fecit
3416 5555 3581 5629 illum.
3620 5549 3720 5629 Cur
3748 5562 3850 5629 non

2265 5647 2439 5697 suam,
2469 5631 2510 5683 si
2539 5646 2670 5683 unus
2691 5620 2711 5695 ,⁷
2738 5629 2823 5695 qui
2851 5620 3100 5697 faciebat,
3128 5634 3174 5677 ct
3212 5620 3311 5678 non
3340 5634 3477 5686 erat,
3507 5621 3745 5697 rid-cujus
3771 5620 3849 5697 la:

2267 5688 2465 5753 ciebat?
2513 5699 2638 5753 Erat
2672 5688 2947 5752 attt'cnt'ad
2993 5700 3138 5766 cujus
3188 5697 3457 5767 imaginem
3499 5690 3735 5761 faciebat,
3778 5688 3845 5737 ad
