4120 6196
427 165 486 218 *θ

525 255 623 312 9M
1585 265 1864 322 AURELII
1905 266 2265 323 PRUDENTII
2307 267 2632 324 CARMINA.

701 373 935 442 Texerit,
963 385 1010 432 et
1043 392 1227 448 presso
1259 379 1444 435 faciem
1470 380 1658 436 volarit
1681 381 1908 437 amictu!
2120 388 2167 444 Α

3671 275 3772 329 952

2375 382 2572 438 Pascha
2587 391 2754 448 tuum,
2770 383 2873 448 die,
2896 384 3004 448 die,
3019 386 3170 454 cujus
3201 386 3267 440 de
3281 387 3538 455 sanguine
3578 389 3772 442 festum

703 465 772 520 At
798 482 895 521 nos
924 468 1136 525 detecto
1161 471 1429 526 Christum
1457 473 1721 530 velamine
1745 488 1926 528 coram

528 555 633 612 555
704 559 1004 627 Cernimus,
1076 572 1234 634 atque
1311 564 1476 620 Deum
1547 566 1693 621 vultu
1767 566 2104 636 speculamur

1781 658 1989 729 [aperto
2017 675 2033 714 :

707 741 817 798 Nec
843 745 942 799 sub
973 748 1088 817 lege
1113 749 1261 817 gravi
1290 747 1541 817 depressa
1581 749 1755 806 fronte
1779 750 2021 820 jacemus
2053 766 2066 804 :

711 833 817 889 Sed
847 836 980 905 legis
1009 838 1220 892 radium
1245 839 1455 894 sublimi
1487 842 1823 910 agnoscimus
1845 856 1960 896 ore.

714 925 826 980 lleu
859 927 1107 983 frondosa
1140 931 1284 999 prius
1312 931 1474 985 ramis
1502 931 1744 988 felicibus
1773 933 1954 998 arbos,

714 1016 1002 1087 Pinguibus
1036 1019 1136 1075 heu
1164 1023 1430 1089 quondam
1457 1024 1603 1077 radix
1631 1024 1870 1093 oleagina
1898 1025 2102 1080 baccisl

537 1102 641 1161 540
715 1105 851 1160 Ecce
883 1108 972 1161 tibi
1005 1108 1206 1164 inserto
1236 1111 1512 1166 revirescit
1541 1129 1680 1168 minc
1707 1116 1937 1169 oleastro

706 1195 871 1268 434.
898 1198 1158 1265 Truncus,
1189 1211 1240 1254 et
1269 1204 1474 1257 externi
1501 1204 1724 1258 vcstitur
1743 1206 1943 1258 cortice
1963 1204 2102 1258 libri.

709 1290 824 1344 Jam
856 1293 1110 1346 miserere
1138 1294 1232 1359 tui,
1268 1311 1370 1349 non
1403 1309 1462 1349 se
1491 1296 1756 1352 silvestris
1783 1297 1906 1350 olivi

711 1383 966 1438 Surculus
993 1385 1264 1439 exsultans
1295 1387 1469 1440 alieno
1489 1387 1668 1454 stipite
1691 1387 1889 1456 jactat:

713 1472 816 1528 Sed
845 1484 1044 1538 monet,
1089 1485 1144 1527 ut
1172 1477 1382 1543 generis
1407 1477 1604 1546 proprii
1648 1492 1852 1531 memor
1873 1478 2106 1546 unguine

1805 1568 1823 1640 [
1852 1583 2035 1622 amaro

535 1652 638 1706 545
710 1652 1043 1710 Coiitiistare
1072 1671 1252 1712 comas
1277 1658 1584 1723 desuescas,
1617 1659 1782 1723 stirpe
1808 1674 1906 1713 nec
1936 1658 2043 1713 imo

713 1747 954 1804 Invideas
981 1751 1157 1806 missis
1187 1751 1237 1804 in
1260 1751 1404 1805 celsa
1431 1751 1707 1806 cacumina
1737 1752 1918 1821 virgis.

713 1836 1055 1905 Blusphemas
1074 1840 1376 1906 Dominum,
1398 1855 1528 1911 gens
1551 1841 1928 1911 ingratissima,
1953 1841 2105 1896 Chri-

1821 1936 1838 2005 ι
1865 1944 2029 1988 stum.

2382 475 2511 530 Tam
2550 476 2789 530 solemne
2828 477 2920 531 tibi
2966 478 3082 532 est?
3128 479 3247 548 quis
3297 478 3510 534 tandem
3552 480 3778 534 caeditur

3497 572 3517 645 [
3541 589 3706 644 agnus

2382 661 2676 716 Anniculus
2693 661 2718 715 ἲ
2735 675 2888 716 sacer
2916 662 3008 716 ille
3036 661 3129 717 tibi
3161 661 3513 719 redeuntibus
3537 667 3694 718 annis
3715 682 3730 718 :

2381 751 2486 807 Sed
2543 765 2698 806 sacer
2726 750 2780 806 in
2810 751 3012 820 pecude
3032 793 3047 817 ,
3078 752 3301 806 stultum
3327 763 3410 807 est
3446 754 3524 808 sic
3553 754 3778 810 credere

3440 842 3459 914 [
3475 859 3703 908 sacrum,

2385 931 2654 1001 Sanguine
2674 931 2904 987 balantis
2926 948 3163 989 summos
3197 935 3508 1005 contingere
3538 949 3738 1002 postes.

2385 1022 2652 1078 Lnscivire
2676 1023 2874 1087 choris,
2907 1025 3222 1096 similaginis
3251 1042 3474 1097 azymon
3525 1043 3668 1091 esse.

2386 1112 2546 1186 5,35
2572 1114 2704 1169 Cum
2732 1115 3030 1170 fermentati
3069 1123 3370 1185 turgescant
3398 1118 3622 1172 crimine
3662 1135 3778 1173 mo-

3578 1209 3591 1278 Ι
3603 1223 3705 1261 res.

2209 1294 2313 1350 555
2384 1293 2498 1349 Non
2551 1295 2718 1364 sapis,
2771 1295 3102 1364 imprudens,
3155 1305 3392 1352 nostrum
3440 1307 3492 1354 te
3531 1298 3785 1368 effingere

3459 1387 3672 1459 [pascha
3690 1392 3713 1443 ἲ

2391 1478 2542 1545 chis
2569 1487 2622 1532 et
2649 1477 2881 1542 antiqua:
2909 1477 3192 1542 praeductis
3220 1479 3438 1548 pingere
3468 1479 3629 1534 sulcis

2387 1569 2558 1624 Omne
2637 1578 3064 1634 sacramentum,
3144 1570 3336 1626 retinet
3392 1572 3532 1641 quod
3605 1573 3787 1640 passio

3546 1679 3670 1718 vera
3697 1683 3710 1718 ε

2381 1749 2604 1818 Passio,
2635 1763 2756 1820 quae
2785 1757 3023 1804 nostram
3063 1749 3306 1808 defendit
3348 1753 3603 1824 sanguine
3632 1754 3784 1811 fron-

3551 1847 3716 1919 [ιεηι.

2383 1930 2811 2003 Corporeamque
2837 1933 3050 1989 domum
3079 1933 3288 2003 signato
3315 1935 3521 1992 collinit
3547 1938 3680 1993 ore!

2207 660 2311 716 350

1853 2041 2136 2098 GLOSSIE
2179 2041 2518 2098 VETERES.

603 2131 725 2202 555.
762 2131 976 2202 ῩοΙπίι,
1007 2149 1068 2187 ne
1099 2136 1281 2189 viderat
1315 2136 1504 2192 Christi
1527 2153 1737 2202 arcana,
1769 2136 1810 2192 I.

758 2200 966 2273 Coram,
1002 2206 1282 2273 manifeste,
1318 2209 1354 2260 Ι.

606 2271 728 2322 557.
763 2272 1010 2333 Sublimi,
1043 2271 1224 2332 erecto.
1263 2279 1298 2329 I.
1713 2317 1734 2336 _.

543 2340 730 2461 “issi
765 2342 1034 2397 Frondosa
1063 2385 1076 2407 ,
1129 2349 1406 2415 fructuosa.
1457 2379 1524 2389 -——
1571 2349 1869 2417 Felicibus,
1925 2348 2108 2417 fertili-

576 2426 666 2469 us,
718 2426 754 2462 Ι.

762 2480 1036 2554 Qle-igina,
1071 2486 1130 2537 ab
1163 2487 1292 2541 oleo.
1317 2519 1387 2528 ——
1413 2490 1617 2553 Buccis,
1648 2489 1776 2554 uvis,
1813 2489 1850 2542 l.

608 2550 734 2624 iiii).
767 2550 912 2624 Tibi,
940 2556 990 2606 in
1021 2565 1084 2607 te.
1115 2585 1184 2594 —
1211 2557 1431 2622 lusv-rto,
1465 2550 1650 2624 indito,
1680 2559 1716 2612 l.

607 2620 730 2673 541.
763 2619 992 2687 Cortice,
1023 2624 1293 2689 viriditate,
1329 2629 1366 2680 l.

764 2691 1039 2767 _S_urculus,
1067 2711 1261 2748 ramus.
1296 2726 1361 2767 _——
1385 2696 1577 2758 lactat,
1607 2697 1876 2767 gloriatur,
1905 2698 1943 2751 Ι.

609 2758 732 2812 514.
766 2761 969 2838 Monet,
1003 2764 1110 2838 ipse
1133 2765 1490 2838 surculust—
1522 2758 1764 2838 Unguine
1784 2811 1797 2832 ,
1829 2758 2104 2837 unguento,

540 2827 670 2893 oleo,
705 2829 778 2882 vel
799 2848 969 2899 succo,
995 2827 1050 2886 id
1078 2845 1148 2888 est
1179 2827 1434 2904 errore,'l.

2283 2134 2407 2189 545.
2439 2132 2785 2200 Contristare,
2816 2152 3143 2192 amarescere.
3167 2169 3237 2180 —
3261 2139 3476 2206 Comas,
3501 2157 3688 2194 ramos.
3717 2169 3786 2182 —

2220 2206 2349 2269 lmo,
2377 2207 2552 2274 gentili
2581 2207 2786 2272 papula,
2817 2207 2854 2259 Ι.

2284 2275 2406 2330 555.
2437 2275 2780 2347 Similaginis,
2807 2276 3007 2347 farinte,
3031 2277 3232 2342 similte,
3258 2279 3387 2333 Mar.
3407 2307 3477 2319 —-
3497 2279 3788 2347 Lascivire,

2215 2345 2477 2400 lasciviam
2510 2347 2673 2414 facere
2701 2346 2754 2397 in
2783 2346 2888 2398 suis
2913 2348 3240 2401 carminibus.
3278 2379 3346 2388 —
3372 2350 3582 2412 Charis,
3623 2345 3786 2402 cantil

2217 2419 2327 2470 bus.
2343 2417 2568 2486 ——E§se,
2590 2415 2764 2486 edere,
2796 2418 3124 2480 manducare,
3143 2421 3434 2480 comedisse,
3459 2419 3520 2472 ab
3541 2421 3658 2486 edo,
3685 2421 3789 2476 lso.

2285 2485 2408 2540 355.
2444 2484 3026 2555 Fertneiitati,,aiitiqiii,
3055 2490 3300 2555 corrupti,
3330 2490 3428 2544 lso.

2283 2555 2411 2610 355.
2445 2554 2775 2622 Imprudens,
2805 2571 2834 2606 0
2858 2555 3062 2618 Juda’a,
3098 2559 3134 2609 Ι.

2285 2626 2409 2680 556.
2445 2624 2756 2704 Prteductis,
2791 2625 3146 2747 prtefguratis.
3168 2658 3238 2667 —-
3260 2628 3504 2698 Pingere,
3537 2629 3782 2700 prwﬁgu-

2285 2695 2618 2747 re.—Sulc15.
2643 2703 2864 2747 scrmtis.
2925 2734 2938 2747 .

2215 2694 2618 2764 rare.—Sulcis,
2643 2695 2864 2764 scriptis,
2899 2694 2938 2747 1.

2283 2766 2405 2821 557.
2437 2763 2591 2835 V_cr_a,
2617 2779 2731 2835 qua;
2749 2763 3050 2835 potestatem
3072 2765 3259 2821 diaboli
3279 2768 3550 2835 destruxit,
3579 2769 3621 2822 l.

2286 2835 2412 2889 559.
2441 2833 2677 2897 Collinit,
2707 2832 2841 2898 linit,
2875 2835 2914 2886 I.

1884 2925 2440 2983 COMMENTARIUS.

613 3011 737 3065 555.
771 3011 864 3068 Vel
898 3015 1142 3084 intelligit
1169 3017 1356 3072 oculos
1399 3018 1612 3080 mentis,
1660 3027 1715 3074 et
1758 3021 1999 3076 velamen
2029 3039 2117 3075 su-

548 3095 763 3162 percor
791 3085 1044 3162 positum,
1071 3087 1162 3162 .ch
1191 3097 1370 3142 narrat
1398 3088 1446 3142 id
1479 3087 1624 3162 quod
1647 3091 2003 3162 probabiliter
2030 3107 2116 3146 ac-

540 3151 711 3230 cidit,
736 3165 791 3230 ut
821 3156 1084 3230 perterriti
1116 3167 1170 3212 et
1206 3170 1350 3213 metu
1376 3151 1604 3228 confusi,
1639 3151 1825 3215 facient
1855 3162 1957 3230 ipsi
1982 3177 2115 3230 quo-

541 3237 645 3291 que
689 3223 855 3278 Judaei
886 3227 999 3281 Vela
1009 3229 1129 3282 rint.

611 3292 737 3372 53b.
786 3295 931 3372 _Ald.,
979 3298 1116 3372 G_i_s.,
1165 3298 1304 3372 PaL,
1356 3299 2016 3372 rejecto._Sich.,Weitz.
2059 3311 2114 3357 et

543 3366 733 3426 nostri,
761 3366 987 3432 detecto;
1017 3367 1324 3423 lleiusiusin
1359 3366 1541 3431 reiecto
1570 3370 2115 3425 Giselininihilanim-

542 3434 1115 3508 advertit,planeillum
1142 3441 1518 3494 secutus.Vide
1539 3457 1625 3508 cp.
1649 3441 1766 3494 llad
1793 3443 1917 3494 Cor.
1937 3441 2112 3496 ttt.I8.

613 3503 738 3555 558.
771 3505 826 3557 1η
861 3507 1132 3562 Parmensi
1161 3509 1392 3563 editione
1421 3527 1524 3564 nou
1558 3503 1691 3563 liene
1729 3512 1781 3564 in
1820 3511 1922 3563 line
1959 3512 2116 3576 hujus

546 3576 896 3651 etsequentis
940 3591 1137 3651 versus
1155 3581 1436 3651 apponitur
1483 3590 1604 3632 nota
1660 3580 2111 3651 interrogationis.

552 3642 692 3719 Virg.
714 3642 886 3719 Iih_._‘u,
912 3659 1052 3719 vers.
1079 3647 1138 3719 8_I
1167 3642 1488 3716 Georglcmi,
1512 3654 1667 3701 ramis
1693 3642 1922 3719 felicibus
1945 3653 2114 3706 arbos.

615 3713 740 3790 {id}.
780 3713 920 3790 Χίης.
951 3716 1052 3790 loc.
1085 3716 1200 3790 cit.,
1232 3731 1371 3771 vers.
1404 3713 1494 3784 5i,
1524 3721 1675 3772 radix
1693 3713 1954 3790 oleag'na.

616 3781 740 3855 5w.
778 3783 943 3851 Epist.
989 3785 1055 3838 ad
1099 3787 1253 3840 “Olli.
1285 3801 1404 3854 cap.
1439 3781 1513 3852 xt',
1549 3805 1686 3844 vers.
1719 3781 1950 3855 I7,"h.rc
1973 3807 2119 3845 com-

549 3853 754 3916 paratio
802 3868 1062 3928 expressai
1100 3866 1204 3920 est,
1253 3853 1408 3924 quam
1458 3861 1628 3927 attigit
1683 3859 1742 3914 S.
1792 3853 2120 3928 Augustinus

545 3924 838 4000 enarrat._I_
873 3927 923 3977 in
956 3927 1214 4000 psalmum
1260 3943 1379 3980 cvm
1413 3943 1438 4000 :7
1471 3924 1604 3982 Sunt
1633 3946 1754 4000 ergo
1777 3924 1984 3988 Iudici.
2021 3949 2122 3985 non

545 3995 860 4068 sunt‘occisi,
887 3996 1155 4048 necessarii
1185 4007 1298 4049 sunt
1324 3999 1640 4052 credentibus
1671 3995 1921 4068 gentibus.
1952 4001 2125 4066 Quare

547 4060 684 4114 hoc?
724 4071 777 4115 ut
814 4065 1180 4120 demonstraret
1230 4068 1370 4121 nobis
1403 4069 1534 4122 Deus
1571 4069 1622 4122 in
1671 4060 1892 4122 inimicis
1937 4060 2124 4124 nbstris

546 4131 948 4208 mi:erico_rdiam
989 4151 1153 4208 suam.
1194 4134 1260 4188 In
1305 4140 1462 4208 ramis
1506 4140 1752 4208 superbia:
1795 4143 2017 4207 prwcisis
2047 4144 2125 4193 in-

545 4211 677 4252 serto
719 4204 1122 4257 misericordiam
1168 4223 1312 4258 suam
1361 4204 1720 4261 demonstravit
1766 4204 2010 4262 oleastro.
2063 4211 2121 4266 S.

550 4269 776 4346 ProSpi:r
805 4273 898 4346 lib.
929 4274 994 4326 de
1024 4275 1243 4346 Ingratis
1269 4294 1280 4329 :
1316 4275 1392 4329 Tu
1421 4294 1556 4340 vero,
1585 4295 1614 4331 ο
1646 4295 1775 4331 nova
1805 4295 1956 4346 ge-is,
1994 4290 2124 4334 vete-

547 4340 620 4416 ris
645 4357 760 4416 qua:
787 4345 941 4412 stirpe
970 4340 1174 4400 oleaitri
1216 4345 1447 4416 Velleris,
1501 4359 1546 4401 ct
1587 4364 1745 4402 sacra:
1781 4340 2133 4403 ramis—inole-

548 4409 646 4461 scis
677 4412 839 4466 oliva’.

620 4479 880 4554 Sii_.__Pro
909 4502 960 4538 se
994 4485 1190 4540 habent
1217 4488 1287 4539 sis
1313 4487 1432 4540 Vat.
1463 4489 1527 4554 A,
1563 4488 1718 4548 illam.
1763 4487 1909 4547 Rat.,
1946 4489 2121 4554 Egon,

555 4547 948 4626 Pal._,_W_idm.,
976 4556 1164 4625 Bong.,
1190 4555 1335 4610 Sich.
1368 4559 1472 4612 Sed
1505 4547 1954 4626 sensuspostulat
1983 4547 2054 4613 se.

768 4624 824 4696 ΙΙ]
848 4619 980 4696 Mar.
1004 4619 1330 4681 est'sutculos
1358 4644 1386 4681 a
1416 4629 1583 4696 prima
1628 4619 1804 4691 manu,
1839 4633 1995 4682 mam,

795 4692 1113 4770 Prudentius
1159 4710 1300 4770 saepe
1331 4690 1472 4752 triste
1515 4714 1610 4766 pro
1659 4690 1840 4750 amaro
1883 4699 2121 4756 adhibet.

558 4758 688 4834 Vide
715 4762 967 4831 hymnum
1000 4765 1154 4818 Cath.
1197 4758 1248 4830 5,
1279 4784 1417 4822 vers.
1450 4758 1528 4822 95'
1572 4770 1784 4822 Judaeos
1815 4778 2015 4834 monet,
2053 4788 2119 4825 ne

556 4829 727 4905 oculis
751 4829 944 4905 iniquis
969 4829 1302 4905 Christianos
1331 4840 1615 4905 aspiciant.

625 4899 976 4978 516.]n’Vat.
1006 4904 1050 4956 Α
1072 4899 1498 4978 indesidemiur.
1533 4908 1650 4962 Put.
1679 4922 1708 4960 a
1739 4907 1906 4976 prima
1937 4921 2118 4978 manu,

558 4984 708 5023 cwca.
737 4970 1036 5038 Legendth
1070 4976 1224 5026 celsa.

627 5038 749 5112 .349.
780 5040 1088 5112 I_l_ujusmodi
1115 5046 1248 5096 ritus
1269 5044 1446 5112 legere
1470 5045 1668 5110 poteris
1687 5058 1805 5112 cap.
1829 5059 1900 5097 xu
1926 5041 2115 5098 Exodi.

627 5110 750 5182 §5tl.
787 5109 906 5182 Yat.
930 5112 1003 5182 7A,
1031 5109 1648 5182 agniculasfperperam.

516 5245 518 5248 ι
559 5247 596 5251 __
777 5181 889 5234 Gis.
921 5181 944 5234 1
983 5176 1094 5244 οίιξ,
1125 5183 1175 5234 in
1207 5176 1393 5250 pecude
1426 5176 1524 5245 est,
1556 5197 1674 5234 cum
1715 5184 1833 5238 aliis
1865 5181 2113 5251 vulgatis.

559 5247 822 5303 lleiusiani
865 5259 919 5304 et
965 5251 1130 5306 nostri
1185 5247 1364 5312 codd.
1415 5254 1538 5307 item
1571 5251 1826 5307 Weitzius
1871 5247 1986 5306 sine
2021 5260 2114 5302 est.

562 5315 814 5377 Weilzius
840 5320 908 5372 ita
943 5323 1264 5389 interpnngit
1288 5340 1301 5376 :
1328 5325 1430 5378 Sed
1471 5339 1634 5382 sacer,
1677 5325 1725 5374 in
1759 5324 1945 5381 pecude
1990 5322 2120 5374 stul-

557 5397 661 5438 tum
689 5399 760 5440 est
788 5392 862 5442 sic
888 5393 1089 5445 credere
1120 5409 1338 5446 sacrum.
1367 5395 1491 5455 Alii,
1522 5395 1626 5444 Sed
1663 5409 1805 5447 sacer
1827 5395 1876 5444 in
1905 5392 2114 5458 pecude,

556 5460 770 5512 stultum
794 5469 887 5512 cst.
912 5461 1000 5514 Sic
1043 5465 1273 5515 correxit
1294 5463 1565 5517 Giseliuus
1601 5461 1650 5514 iu
1682 5462 1874 5516 erratis
1901 5464 1938 5516 2
1962 5461 2118 5523 edit.,

557 5529 859 5589 advertens.
916 5531 1116 5584 Pascha
1155 5531 1461 5585 Judteorum
1506 5533 1675 5584 solum
1721 5533 2020 5586 consistere
2065 5531 2116 5581 in

559 5598 782 5721 petude,
811 5613 930 5650 cum
955 5600 1069 5666 jam
1106 5616 1273 5669 agnus
1301 5618 1402 5655 non
1437 5604 1506 5656 sit
1539 5612 1692 5668 typus
1735 5602 1842 5654 veri
1886 5602 2022 5667 agni.
2063 5598 2116 5651 In

583 5670 676 5721 ‘ut.
712 5683 740 5720 a
777 5682 936 5721 manu
975 5674 1160 5721 prima.
1201 5672 1305 5721 Sed
1338 5688 1537 5721 sacrum
1575 5673 1622 5721 in
1659 5673 1863 5721 pecude.
1909 5670 2111 5721 Alicubi

583 5670 676 5722 ‘nt.
712 5683 740 5720 a
777 5682 936 5722 manu
972 5674 1160 5736 prima,
1201 5672 1305 5724 Sed
1338 5688 1537 5725 sacrum
1575 5673 1622 5723 in
1657 5673 1863 5738 pecude.
1909 5670 2111 5727 Alicubi

2224 3021 2438 3074 stultum
2453 3027 2537 3090 est
2560 3019 2634 3074 sic
2657 3018 2858 3090 credere
2880 3018 3139 3074 Christum
3162 3035 3258 3089 pro
3284 3037 3524 3086 sacrum;
3552 3037 3658 3076 non
3685 3023 3796 3090 pla-

2223 3099 2327 3144 cet.
2356 3090 2409 3142 In
2437 3089 2590 3144 Alex.
2622 3100 2704 3144 est
2728 3089 3093 3158 interrogatio,
3119 3092 3224 3145 Sed
3253 3107 3396 3145 sacer
3416 3091 3468 3143 in
3490 3089 3722 3158 pecude?

2293 3158 2418 3214 555.
2453 3160 2636 3231 Fabia,
2659 3161 2862 3225 inepte,
2893 3159 3148 3214 Lascicire
3174 3162 3301 3213 coris
3327 3163 3650 3231 similaginis,
3678 3181 3796 3230 azy-

2219 3247 2338 3283 mon
2372 3245 2498 3282 esse.
2532 3229 2807 3284 Mariettus
2833 3231 2930 3294 ait,
2962 3231 3254 3284 Germanos
3291 3230 3463 3284 adhuc
3485 3229 3672 3298 panem
3716 3229 3793 3288 al-

2222 3300 2346 3354 bum
2370 3313 2562 3352 vocare
2589 3299 2740 3353 semel
2761 3314 2788 3352 a
2817 3300 3140 3368 similagine.
3168 3300 3562 3354 Chamillardus
3583 3313 3793 3364 censet.

2220 3371 2359 3424 male
2399 3369 2744 3424 Prudentium
2776 3370 3091 3424 vocabulum
3137 3371 3441 3438 similaginis
3475 3372 3789 3428 adhibuisse

2221 3456 2318 3506 pro
2361 3454 2683 3508 quocunque
2731 3454 2894 3506 pane,
2934 3455 3054 3494 cum
3099 3441 3342 3503 similago
3381 3441 3450 3494 sit
3481 3442 3713 3507 nobilis,-
3739 3453 3794 3496 et

2221 3510 2430 3562 laudata
2462 3510 2646 3580 farina:
2689 3525 2831 3578 pars,
2863 3518 2918 3563 ct
2949 3525 3112 3574 panes
3140 3509 3308 3578 azymi
3353 3525 3449 3562 nec
3479 3510 3545 3564 ad
3576 3522 3789 3580 gustum

2219 3593 2411 3634 suaves
2461 3579 2687 3639 fuerint.
2739 3594 2835 3633 nec
2872 3581 2935 3633 ad
2988 3581 3334 3633 uutritiouem
3387 3579 3594 3634 utiles.’
3626 3581 3793 3635 Miror

2219 3648 2634 3703 Chamillardum
2661 3649 2931 3703 Prudentii
2955 3663 3177 3704 acumen
3201 3659 3256 3702 et
3278 3651 3546 3717 egregiam
3570 3662 3793 3705 Senten-

2223 3721 2348 3773 tiam
2377 3735 2481 3771 non
2509 3718 2671 3774 fuisse
2697 3730 3024 3774 assecutum.
3055 3719 3372 3774 Prudentius
3401 3721 3451 3774 in
3481 3719 3791 3774 Judieorum

2221 3804 2402 3844 mores
2434 3789 2719 3852 invehitur,
2753 3791 2842 3859 qui
2891 3789 2958 3842 ita
2990 3799 3200 3843 veteres
3240 3789 3372 3842 ritus
3403 3790 3676 3843 mordicus
3705 3807 3793 3844 re-

2224 3864 2476 3919 tinerent.
2511 3869 2567 3911 ut
2608 3869 2793 3912 contra
2832 3860 2964 3928 legis
2993 3859 3237 3926 spiritum
3289 3862 3448 3912 multa
3481 3872 3791 3928 peccirent,

2224 3945 2414 3998 nempe
2441 3943 2546 3983 non
2571 3932 2743 3982 solum
2774 3932 2998 3983 choreas
3015 3931 3292 3994 ducerent,
3317 3931 3410 3983 sed
3442 3932 3604 3983 etiam
3638 3931 3794 3983 lasci-

2222 4000 2401 4063 virent,
2443 4010 2499 4052 et
2546 4014 2668 4052 cum
2699 4013 2862 4068 panes
2893 4000 3062 4068 azyini
3101 3998 3164 4068 ad
3205 4000 3446 4066 corporis
3479 3998 3786 4052 aIIlictatio-

2225 4084 2346 4121 nem
2378 4070 2654 4122 deservire
2693 4067 2969 4132 deberent,
3011 4069 3087 4124 illi
3132 4067 3352 4123 delicias
3393 4069 3682 4130 addebant.
3724 4085 3790 4123 ex

2225 4139 2524 4206 similagine
2565 4154 2662 4192 eos
2698 4139 3042 4195 conficientes
3076 4157 3088 4191 :
3118 4147 3175 4190 ut
3198 4139 3319 4206 jure
3360 4141 3498 4192 inter
3531 4138 3792 4193 Christia-

2227 4224 2324 4260 nos
2356 4208 2838 4271 reprehenduntur,
2869 4211 2955 4274 qui
2978 4209 3193 4264 delicias
3221 4210 3272 4262 in
3301 4209 3491 4262 ciliciis
3524 4221 3784 4276 qitazrunt.

2227 4277 2529 4331 Judieorum
2565 4281 2858 4333 recentium
2886 4282 3071 4334 eadem
3102 4289 3184 4332 est
3203 4278 3554 4337 consuetudo,
3581 4279 3670 4345 qui
3699 4297 3788 4341 pa-

2229 4364 2325 4401 nes
2349 4363 2566 4418 azymos
2599 4365 2701 4401 non
2737 4358 2936 4403 tantum
2968 4367 3031 4403 ex
3077 4350 3285 4416 sitnilag
3309 4366 3373 4402 ne
3409 4348 3678 4403 conficere
3704 4363 3789 4401 so-

2232 4419 2358 4480 lent,
2391 4418 2485 4472 sed
2512 4433 2888 4487 nonnunquam
2916 4422 3075 4473 etiam
3100 4419 3376 4478 siccharo,
3419 4421 3555 4472 lacte
3587 4430 3642 4472 et
3683 4420 3792 4470 ovis

2229 4489 2422 4541 additis
2454 4487 2792 4542 delicatiores
2822 4505 2881 4542 re
2903 4490 3050 4543 ldunt
3089 4504 3184 4556 pro
3231 4495 3445 4557 aegrotis
3484 4501 3538 4542 et
3586 4489 3787 4546 amicis,

2229 4574 2362 4625 quos
2407 4570 2594 4610 vocant
2641 4558 2821 4611 Masab
2865 4560 3117 4623 hascirab,
3163 4558 3264 4611 hoc
3308 4570 3390 4611 cst
3427 4575 3610 4626 azyma
3649 4561 3790 4624 ditia,

2231 4641 2430 4695 eosque
2445 4626 2759 4680 Christianis
2783 4629 3065 4695 aliquando
3091 4629 3484 4695 impertiuntur.
3513 4628 3647 4682 Vide
3670 4630 3792 4682 Leo—

2235 4713 2354 4750 nem
2390 4698 2613 4750 lllodena
2651 4697 2738 4750 De’
2767 4699 2852 4750 riti
2883 4697 3108 4759 Ebraici,
3143 4709 3197 4752 et.
3219 4699 3514 4750 Calmetum
3554 4698 3686 4750 Dict.
3717 4699 3792 4749 Ili-

2235 4767 2379 4828 Illita,
2423 4767 2572 4820 vcrb.
2616 4768 2828 4820 Annos
2855 4777 2910 4822 et
2953 4769 3175 4820 Psscns.
3211 4767 3313 4819 Alii
3339 4767 3439 4822 SS.
3481 4767 3667 4819 Patres
3697 4781 3788 4818 non

2234 4837 2474 4889 dissimili
2524 4837 2683 4888 modo
2734 4837 3079 4890 llehr.t-orum
3122 4852 3300 4891 mores
3337 4837 3664 4904 depravalos
3701 4838 3790 4889 de-

2229 4907 2558 4974 scripserunt
2587 4916 2641 4960 ct
2676 4908 3018 4974 castigarunt.

2298 4975 2421 5029 5M.
2454 4973 2778 5046 Ferntentum
2805 4973 2884 5028 ost
2914 4993 2939 5024 ιι
2982 4981 3146 5046 [crch
3169 4974 3339 5046 :ltinc
3368 4989 3550 5029 mores
3580 4975 3794 5028 crimine

2227 5045 2512 5111 fermentati
2544 5056 2690 5098 recte
2719 5045 2967 5098 dicuntur
2997 5064 3008 5097 :
3039 5056 3093 5098 et
3117 5045 3301 5098 eadem
3336 5047 3660 5113 proprietate
3689 5056 3791 5096 tur—

2225 5129 2422 5182 gescere
2455 5114 2560 5166 illis
2581 5118 2849 5168 convi-nit.
2887 5116 3083 5167 Contra
3125 5113 3412 5181 scriptores
3451 5115 3792 5168 ecclesiastici

2227 5199 2459 5251 azgmum
2486 5184 2675 5254 etsine
2714 5188 2960 5254 fermento
2996 5184 3240 5253 accipere
3272 5183 3445 5237 solent
3476 5200 3573 5252 pro
3598 5194 3791 5247 sancto,

2227 5261 2280 5306 et.
2305 5254 2410 5306 sine
2440 5251 2656 5307 malitia.

2452 5322 2596 5383 ΑΜ..
2629 5322 2852 5390 ﬁngere;
2874 5322 2982 5386 alii,
3012 5321 3261 5390 e/ﬁngere.

2298 5390 2422 5444 559.
2461 5393 2512 5443 In
2551 5391 2667 5444 Vat.
2716 5395 2780 5454 A,
2823 5392 2982 5454 male,
3022 5393 3178 5445 unica
3220 5391 3473 5456 dictione,
3517 5391 3812 5445 collinitore'

2237 5478 2317 5513 )ro
2358 5461 2553 5514 collinit
2599 5476 2706 5514 ore.
2753 5463 3005 5526 Loquitur
3051 5471 3204 5528 poeta
3239 5462 3303 5514 de
3346 5478 3506 5517 cruce
3548 5465 3794 5525 inscripta

2237 5478 2317 5513 )ro
2358 5477 2553 5514 commt
2599 5477 2706 5514 ore.
2753 5477 3005 5526 Loquitur
3051 5477 3204 5528 poeta
3239 5477 3303 5514 ne
3346 5478 3506 5517 cruce
3548 5477 3794 5525 inscripta

2222 5477 2482 5583 iroutihus
2536 5532 2586 5584 in
2637 5540 2972 5584 sacramento
3023 5529 3481 5594 confirmationis,
3535 5536 3796 5600 prmcipltc

2231 5609 2404 5652 Iamon
2427 5601 2766 5654 commendat
2789 5601 2975 5652 merita
3008 5601 3270 5664 passionis
3294 5601 3418 5656 .lcsu
3437 5601 3795 5657 Christi.\"ide

2223 5668 2476 5742 hymnum
2507 5672 2540 5723 5
2570 5671 2750 5736 Cath.,
2782 5686 2921 5725 vers.
2956 5671 3055 5725 I25
3087 5680 3137 5725 et
3162 5685 3316 5738 seqq.
