4090 6192
321 265 436 323 955

321 378 429 436 560
510 378 655 433 lianc
678 377 809 447 fugit
840 378 1071 432 exclusis
1098 376 1348 447 {Egyptia
1378 377 1528 445 plaga
1555 376 1795 445 ﬂagellis,

508 469 632 524 Haec
659 470 799 537 regis
828 468 1002 522 Pharii
1030 482 1247 536 regnum
1274 466 1438 520 ferale
1469 466 1706 530 resolvit,

508 563 687 631 Deque
719 560 999 630 potestatis
1028 562 1310 614 mundana:
1340 560 1597 627 grandine
1624 560 1788 615 densa

507 654 679 721 Eripit
705 653 976 707 Abraham
1008 667 1126 705 cum
1159 652 1347 720 stirpe,
1374 661 1429 707 et
1455 662 1611 722 gente
1640 652 1804 707 lideli.

504 744 735 799 Abrahae
764 760 932 814 genus
963 755 1042 798 est
1071 759 1255 797 verum
1288 761 1300 796 :
1331 745 1414 798 cui
1446 745 1659 812 sanguis
1694 749 1745 797 in
1777 758 1870 799 ore

505 836 669 907 436
696 836 964 900 Creditur,
998 835 1392 903 inscriptusque
1418 835 1570 889 rubet
1599 853 1612 887 :
1643 836 1727 887 cui
1757 836 1903 888 visus

1573 925 1647 996 [in
1680 925 1830 989 orbe,

505 1017 657 1073 Haud
685 1017 958 1073 dubitante
988 1017 1091 1071 ﬁde
1112 1056 1128 1083 ,
1160 1016 1303 1070 Deus
1328 1024 1442 1082 est,
1486 1016 1623 1069 Deus
1651 1030 1717 1069 es
1750 1015 1905 1069 Patre

1629 1106 1828 1175 [νοτυς.

507 1200 602 1255 Ille
632 1200 800 1254 Deum
830 1199 980 1264 vidit,
1018 1202 1187 1254 visum
1214 1213 1336 1254 mox
1366 1198 1627 1253 credidit:
1654 1207 1707 1251 at
1738 1208 1795 1251 tu

504 1292 795 1345 Posteritas
823 1292 1021 1354 carnis,
1049 1290 1334 1345 carnaliter
1363 1289 1538 1342 omnia
1570 1289 1815 1352 credens,

505 1382 694 1436 Carnis
713 1396 848 1450 Opus
872 1382 971 1436 sub
991 1382 1106 1450 lege
1127 1382 1289 1449 geris,
1305 1396 1460 1449 quam
1487 1380 1702 1449 spiritus
1719 1379 1901 1449 implet

507 1474 732 1527 Interior
759 1490 773 1526 :
800 1487 896 1527 nec
925 1473 1065 1527 enim
1089 1473 1224 1527 cmlo
1248 1474 1331 1526 lex
1361 1486 1553 1526 carnea
1583 1472 1755 1538 ﬂuxit,

504 1564 673 1629 Quam
698 1570 753 1616 tu
782 1578 945 1617 carne
971 1563 1104 1618 colis
1131 1581 1143 1614 :
1172 1565 1265 1618 sed
1296 1563 1508 1617 Christo
1539 1562 1662 1627 leta,
1697 1576 1898 1616 meam-

1704 1652 1830 1723 [que

325 838 433 893 565

322 1474 358 1528 5

363 1474 435 1529 70

501 1745 659 1813 Spem
690 1744 923 1813 paritura
954 1752 1139 1806 utero;
1182 1758 1339 1813 quam
1380 1744 1572 1813 spem?
1613 1744 1713 1797 nisi
1742 1744 1897 1796 lumi-
1932 1730 1974 1788 Β

1518 1836 1597 1889 nis
1623 1835 1821 1888 almum

1518 1836 1597 1889 nis
1623 1835 1821 1888 almum

500 1921 724 1987 Lumen,
738 1924 1087 1979 etadventum
1113 1922 1341 1987 Domini,
1354 1834 1510 1993 queui
1524 1926 1727 1979 viderat
1742 1927 1898 1979 Abrae

2007 1020 2111 1075 580

2006 1477 2111 1532 585

1721 265 2153 322 Al‘OTilEUSlS.
3486 273 3585 327 951

1934 384 1981 441 Δ

2010 472 2113 528 575

2191 381 2363 435 Prima
2398 382 2530 437 lides
2552 423 2565 446 ,
2599 382 2898 453 nostrisque
2933 392 3082 453 pater
3116 386 3431 454 promiserat
3458 388 3585 441 olim

2188 472 2621 541 Perspieiendum
2641 476 2832 541 oculis,
2851 486 2904 529 et
2921 477 3051 545 legis
3070 492 3197 533 voce
3215 479 3543 545 probandum
3572 499 3582 532 :

2115 608 2121 615 .
2186 562 2294 617 Nec
2310 565 2483 617 solum
2512 565 2643 635 legis
2668 582 2679 617 :
2705 580 2825 619 nam
2849 581 2967 634 qua:
2992 567 3099 634 jam
3123 567 3294 621 littera
3315 568 3591 623 Christum

2184 652 2299 707 Non
2347 653 2525 719 habet,
2574 664 2664 709 aut
2696 670 2814 725 qua:
2849 672 2953 710 non
2998 658 3313 725 scriptorum
3356 658 3584 714 armaria

3295 749 3510 821 [Chridi

2185 834 2365 889 Laude
2396 835 2610 898 referta.
2645 836 2796 891 novis
2816 838 3089 893 celebrant
3116 840 3365 894 miracula
3395 841 3583 894 libris?

2186 927 2441 983 Hebraeus
2470 930 2649 996 pangit
2678 930 2868 1000 stylus,
2895 933 3066 984 Attica
3097 932 3247 999 copia
3279 934 3480 1001 pangit,

2184 1020 2371 1088 Pangit
2399 1030 2447 1075 et
2482 1022 2733 1077 Ausoniae
2760 1022 3006 1077 facundia
3038 1025 3190 1079 tertia
3222 1025 3432 1093 lingua).

2182 1116 2341 1185 437
2366 1116 2564 1171 Pilatus
2587 1119 2737 1187 jubet
2765 1119 3043 1187 ignorans:
3068 1122 3109 1185 l,
3131 1121 3325 1187 scriba,
3356 1121 3578 1189 tripictis

2184 1206 2373 1273 Digere
2403 1209 2695 1269 versiculis.
2722 1226 2839 1278 qua.-
2866 1211 2935 1264 sit
2956 1212 3142 1265 sultixa
3177 1220 3433 1278 potestas.

2183 1296 2379 1350 Fronte
2405 1300 2579 1352 crucis
2603 1300 2784 1352 titulus
2806 1303 2875 1353 sit
2906 1302 3120 1369 triplex,
3152 1302 3354 1367 triplce
3378 1302 3573 1370 lingua.

2181 1388 2451 1455 Agnoscat
2480 1388 2661 1441 JlldtPa
2694 1390 2894 1458 legens.
2930 1401 2981 1444 et
3003 1392 3203 1445 Grmcia
3238 1394 3399 1457 norit,

2188 1476 2254 1529 Et
2283 1488 2531 1530 venerata
2566 1478 2729 1531 Deum
2764 1489 3071 1546 percenseat
3099 1478 3261 1535 aurea
3284 1481 3468 1533 Roma.

2183 1569 2446 1637 Quidquid
2486 1569 2537 1622 in
2576 1584 2679 1623 tere
2722 1585 2851 1623 cavo
2886 1571 3113 1626 reboans
3152 1571 3275 1624 tuba
3306 1586 3462 1624 curva
3495 1585 3579 1625 re-

3280 1660 3505 1732 [mugilz

2179 1747 2446 1818 Quidquid
2508 1748 2575 1803 ab
2639 1763 2837 1803 arcano
2899 1751 3068 1804 vomit
3120 1749 3306 1821 ingens
3360 1751 3579 1817 spiritus

3270 1840 3504 1911 [haustu,

2182 1928 2446 1999 Quidquid
2464 1939 2607 1985 casta
2621 1929 2825 2001 chelys,
2842 1930 3093 2001 quidquid
3110 1932 3320 1986 testudo
3332 1930 3577 1999 resultat,

1609 2019 1896 2075 GLOSSIE
1940 2020 2273 2079 VETERES.

395 2106 523 2162 560.
552 2108 719 2175 llanc,
743 2110 970 2173 domum,
1007 2107 1043 2160 1.

394 2178 519 2233 561.
556 2179 680 2232 llzcc
704 2222 717 2243 ,
770 2180 953 2246 passio.
982 2207 1050 2217 —
1073 2176 1267 2239 Pharii,
1318 2175 1593 2247 Egyptii;
1639 2180 1897 2247 sacrilegi.

324 2244 534 2318 Pharus
564 2244 824 2318 zEgyptus
853 2247 1339 2312 (licitum—Ferale,
1374 2244 1615 2312 v’irosum,
1666 2244 1896 2303 mortale.

323 2317 657 2383 -—Re<olvit,
690 2319 809 2387 quia
838 2319 1023 2370 Christi
1055 2318 1221 2385 passio
1250 2327 1540 2385 potestatem
1571 2319 1761 2373 diaboli
1809 2320 1901 2372 dc-

323 2388 531 2451 struxit,
566 2388 603 2439 1.
676 2422 679 2423 ν

397 2457 522 2510 564-
558 2458 609 2510 ln
640 2472 753 2526 ore,
784 2460 967 2527 fronte,
994 2458 1030 2509 1.

398 2527 526 2597 565.
556 2528 820 2591 Creditur,
852 2529 1165 2597 immittitur,
1194 2531 1269 2583 vel
1293 2529 1697 2595 commendatur,
1727 2528 1766 2581 1.

393 2596 521 2649 568.
552 2597 809 2660 Credens,
839 2614 1065 2662 cernens,
1102 2600 1141 2656 I.

394 2667 524 2719 509.
550 2665 723 2735 Geris,
752 2667 898 2735 facis,
927 2667 963 2719 1.

396 2736 523 2806 571.
549 2734 695 2806 Feta,
728 2738 977 2806 mysteriis
1003 2738 1190 2792 Christi
1224 2740 1391 2806 plena,
1425 2738 1466 2806 l,
1501 2738 1631 2794 Mar.

395 2805 519 2857 577.
554 2805 814 2869 Artuaria,
846 2808 1056 2871 scrinia,
1080 2810 1355 2869 volumina,
1383 2809 1421 2860 Ι.

392 2875 521 2930 578.
552 2874 783 2939 Referta,
817 2879 1025 2947 repleta,
1054 2880 1226 2948 plena,
1250 2881 1519 2946 contpleta,
1552 2878 1589 2931 1.

2075 2111 2199 2166 579.
2237 2113 2429 2167 Attica.
2466 2112 2803 2175 Atheniensis,
2827 2113 3006 2167 Grteca
3035 2113 3240 2173 locutio,
3274 2111 3315 2164 1.

2076 2182 2201 2236 580.
2230 2184 2499 2244 Ausonize,
2534 2182 2751 2249 Latime,
2785 2184 2972 2243 ltaliw,
3012 2183 3272 2247 llomanaz,
3306 2181 3346 2234 1.

2076 2252 2199 2303 581.
2232 2252 2501 2318 Tripictis,
2526 2254 2789 2318 tripliciter
2812 2253 3128 2314 conscriptis.
3164 2252 3263 2305 lso.

2077 2322 2449 2391 582.,Digere,
2503 2323 2619 2390 dic,
2673 2325 2893 2391 ordino,
2942 2324 3017 2376 vel
3057 2322 3234 2376 scribe.
3263 2320 3574 2382 —Sul'ﬁxa,

2004 2391 2161 2452 cruci,
2198 2390 2235 2443 1.

2077 2459 2200 2531 585.
2237 2459 2450 2531 Fronte,
2478 2462 2527 2513 in
2550 2464 2738 2531 stipite,
2770 2462 2811 2517 1.

2082 2530 2205 2602 585.
2227 2530 2573 2602 Pet-censeat.
2599 2530 2843 2602 perlegat,
2868 2532 2908 2584 1.

2076 2598 2199 2653 586,
2227 2599 2495 2664 Rehoans,
2526 2598 2970 2664 sonansfcanens,
3004 2600 3044 2653 1.

2074 2670 2200 2722 587.
2230 2670 2311 2723 Ab
2338 2678 2552 2731 arcano,
2593 2688 2623 2723 a
2662 2673 2920 2740 pulmone.
2943 2700 3012 2712 —
3035 2671 3227 2736 Vontit,
3274 2671 3485 2740 profert.
3510 2698 3577 2711 —-

2003 2736 2215 2800 Ingens,
2250 2755 2485 2805 magnus,
2521 2740 2557 2792 I.

2070 2806 2193 2862 588.
2224 2809 2402 2869 Casta,
2433 2810 2549 2861 ideo
2583 2812 2704 2862 dicit
2742 2821 2954 2873 castam,
2995 2811 3114 2877 quia
3142 2826 3258 2863 cum
3286 2826 3343 2863 ea
3377 2810 3577 2863 laudem

1999 2877 2247 2947 uirginum
2269 2881 2823 2949 canebant.—Chelys,
2857 2882 3078 2948 cithara,
3111 2897 3275 2933 musa.
3309 2878 3500 2942 Chela',
3523 2881 3577 2932 id

1668 2985 2225 3045 COMMENTARIUS.

393 3079 517 3133 560.
543 3079 789 3133 Nonnulli
817 3079 994 3148 Vulg.,
1025 3080 1276 3149 Afgypti;
1306 3079 1440 3143 PaL,
1467 3078 1894 3149 Ai'gypticaﬁis.

320 3150 377 3203 in
427 3160 593 3217 textu,
645 3150 791 3211 Ald..
844 3150 981 3203 Vati.
1026 3148 1201 3217 Αμρ,
1250 3150 1477 3211 Thuan.,
1522 3151 1646 3209 υτ..
1688 3148 1895 3209 Noms.,

326 3220 485 3283 Urh.,
528 3219 699 3279 Siclt.,
729 3220 969 3289 ﬂagellis.
1006 3220 1252 3274 Nonnulli
1286 3220 1489 3282 lleins.,
1523 3219 1675 3272 Alex.
1706 3228 1757 3271 et
1787 3218 1895 3278 alii,

321 3291 583 3355 procellis,
628 3291 768 3358 quod
809 3289 1064 3343 Weitzius
1109 3291 1385 3354 amplexus
1429 3300 1545 3352 est;
1590 3290 1753 3356 ﬂagra
1790 3290 1899 3358 sive

2004 3079 2335 3147 trauscripsit
2379 3080 2585 3135 sicriba.
2648 3080 2829 3145 Neque
2881 3080 3125 3135 Heinsius
3191 3080 3573 3134 correctionem

2002 3148 2405 3214 animadvertit;
2427 3150 2518 3202 sed
2534 3165 2653 3203 cum
2669 3151 2927 3205 Salmasio
2944 3150 3220 3217 vestigium
3238 3165 3377 3203 verse
3394 3149 3574 3203 lectio-

2006 3218 2085 3269 nis
2116 3218 2165 3269 iu
2205 3218 2392 3271 Aldina
2422 3220 2653 3275 editione
2695 3229 2903 3274 exstare
2934 3222 3214 3272 al’lirmavit
3254 3220 3306 3272 in
3344 3219 3529 3272 sicriba
3556 3234 3575 3272 :

2004 3297 2056 3357 et
2085 3301 2149 3340 ex
2180 3288 2292 3341 suis
2327 3290 2545 3343 vetustis
2588 3306 2721 3357 pene
2748 3290 2996 3343 omnibus
3034 3288 3269 3343 restituit
3303 3287 3357 3351 1,
3385 3288 3573 3343 scriba.

318 3354 775 3436 ﬂagella_Egypti
804 3372 1060 3436 vocantur
1085 3360 1151 3412 ah
1177 3360 1556 3436 Alcitiio_Avito
1583 3354 1742 3436 libgv,
1769 3357 1901 3436 Gre-
1927 3376 1971 3436 ρ
2008 3354 2083 3407 Ex
2111 3372 2215 3423 quo
2245 3373 2429 3436 arguo,
2449 3354 2612 3436 unam
2645 3370 2847 3413 tantum
2871 3368 3082 3436 exstare
3109 3358 3573 3436 Aldiuam_editio-

319 3431 476 3494 goria
516 3427 866 3491 Nazia‘nzeno,
900 3429 1189 3481 Fortunato
1233 3437 1287 3482 et
1341 3429 1486 3493 aliis;
1535 3428 1673 3493 ιιιιυά
1710 3427 1902 3480 contir-

323 3510 440 3552 mat
472 3499 751 3570 legendum
780 3499 1023 3570 ﬂagellis,
1058 3500 1355 3566 praesertim
1387 3501 1505 3567 quia
1551 3498 1704 3566 plaga
1735 3498 1905 3564 poscit

320 3568 569 3635 ﬂagellis.

403 3638 534 3691 565.
558 3638 766 3691 Thuan.
796 3646 847 3690 et
870 3638 974 3691 duo
1002 3638 1178 3701 Torr.,
1202 3638 1441 3691 creditus.

398 3708 527 3761 566.
554 3707 745 3761 Oxon..
777 3723 842 3761 ea:
875 3707 1027 3759 Patre
1048 3724 1192 3771 vero;
1216 3708 1328 3774 lege
1357 3722 1522 3759 verus.

397 3778 525 3831 568.
565 3778 680 3831 Vat.
712 3778 752 3830 Β
775 3792 801 3827 a
832 3778 999 3845 prima
1029 3793 1208 3842 manu,
1249 3777 1379 3829 Mar.
1412 3777 1480 3829 ab
1518 3775 1686 3829 aliena
1719 3789 1897 3840 manu,

319 3848 529 3902 Widm.
571 3862 754 3910 supra,
786 3847 947 3915 Bong.
990 3855 1045 3900 et
1079 3847 1318 3900 nonnulli
1357 3850 1523 3914 vulg.,
1573 3860 1779 3897 cernens
1806 3859 1901 3911 pro

316 3918 553 3971 credens.
603 3917 793 3971 Clossa
842 3916 1030 3983 lsonis,
1061 3932 1291 3981 cernens,
1338 3917 1512 3985 pOtius
1563 3922 1648 3969 est
1692 3915 1899 3967 diversa

317 3990 506 4043 lectio.

391 4059 520 4112 571.
550 4054 696 4119 Δ1ι1.,
728 4056 902 4109 minus
928 4057 1084 4122 bene,
1113 4054 1311 4108 Christo
1342 4055 1469 4122 ﬁxa.

391 4127 518 4182 572.
549 4125 861 4190 Becmanus,
909 4140 1026 4192 cap.
1077 4126 1109 4179 6
1157 4125 1454 4177 Mauuduct.
1496 4124 1559 4174 ad
1590 4122 1720 4189 ling.
1754 4122 1896 4187 Lat.,

318 4204 530 4259 monet,
564 4194 615 4247 in
653 4195 963 4262 quibusdam
997 4195 1248 4247 mendose
1286 4193 1384 4261 legi
1423 4195 1515 4246 sed
1543 4193 1743 4246 Christo
1770 4194 1897 4257 ﬁxa,

319 4279 590 4334 meamque
612 4265 768 4332 Spem
792 4266 990 4330 paritur
1010 4276 1062 4316 ut
1091 4280 1179 4316 oro
1202 4279 1297 4330 pro
1314 4268 1437 4334 feta,
1460 4279 1720 4329 meamque
1742 4262 1897 4329 Spem

322 4333 563 4399 paritura
590 4346 753 4386 utero.
793 4335 893 4387 Pro
930 4334 1135 4386 luminis
1172 4349 1358 4386 omucs
1403 4333 1694 4386 Heinsiani.
1730 4334 1893 4400 Bong.

315 4422 507 4475 supra,
550 4404 695 4467 Ald.,
728 4403 866 4466 Gis.,
900 4405 1138 4464 numinis,
1174 4404 1309 4472 quod
1341 4407 1600 4475 exstatiiu
1635 4403 1752 4475 Vat.
1777 4403 1831 4475 _A
1866 4417 1893 4453 a

320 4472 494 4541 prima
526 4489 705 4536 manu,
736 4476 785 4525 in
812 4474 940 4526 Mar.
965 4488 993 4525 a
1022 4476 1249 4527 secunda
1273 4488 1451 4525 manu.
1477 4474 1752 4532 \\'eitzius,
1777 4472 1893 4525 \lat.

316 4547 382 4605 Β,
419 4546 597 4612 Prag.,
631 4542 773 4606 Rat.,
800 4542 996 4595 Widm.
1030 4560 1211 4611 supra,
1250 4543 1365 4596 Vat.
1403 4544 1447 4596 Α
1477 4558 1657 4608 supra.
1702 4544 1831 4594 Mar.
1864 4556 1893 4594 a

316 4617 492 4679 prima
530 4628 685 4665 inaou
724 4614 951 4666 luminis.
994 4612 1207 4665 Teolius
1231 4628 1349 4666 cum
1394 4614 1609 4667 lleinsio
1654 4613 1795 4678 facit,
1834 4626 1896 4663 ac

310 4684 493 4738 solum
545 4684 779 4748 agnovit,
833 4683 1137 4736 Vaticanum
1186 4698 1345 4735 unum
1397 4681 1891 4749 pra‘stantissimum

2010 3440 2131 3496 nem
2164 3442 2304 3481 anno
2336 3428 2463 3481 1501
2500 3441 2767 3496 pernetam
2804 3447 2816 3479 :
2851 3444 2953 3482 non
2998 3427 3139 3482 enim
3180 3427 3435 3481 credibile
3471 3436 3572 3489 est,

2010 3503 2066 3546 ut
2105 3495 2190 3549 hic
2221 3512 2371 3551 error
2396 3495 2602 3562 sicriba,
2645 3499 2753 3567 jam
2797 3499 2848 3552 in
2896 3499 3062 3566 prima
3094 3500 3496 3551 animadversas
3523 3506 3574 3552 et
3643 3514 3654 3530 '

2009 3576 2303 3629 correctus,
2348 3568 2398 3619 in
2442 3568 2671 3621 secunda
2718 3569 3088 3635 replicaretur.
3139 3567 3365 3622 Codices
3404 3568 3573 3621 nostri

2008 3635 2231 3706 variant.
2263 3636 2441 3706 Prag.,
2479 3647 2531 3691 tu
2556 3638 2742 3692 scriba.
2770 3638 2912 3692 Vatt.
2940 3640 3006 3703 A,
3039 3639 3105 3705 Q,
3137 3639 3399 3702 inscripta.
3428 3637 3573 3696 Rat..

2005 3705 2293 3758 scribenda.
2341 3707 2495 3766 Man.
2536 3708 2819 3772 scribenda,
2861 3722 3019 3775 supra
3051 3709 3358 3761 charactere
3400 3709 3575 3759 minu-

2008 3775 2126 3827 tiori
2159 3776 2439 3847 inscripta;
2470 3779 2519 3831 in
2552 3780 2787 3847 margine
2814 3788 3029 3847 apparet
3061 3778 3222 3831 fuisse
3242 3776 3426 3836 scriba.
3454 3776 3573 3829 licet

2005 3848 2316 3914 evanuerint
2357 3846 2715 3901 characteres.
2760 3846 2874 3901 Non
2913 3848 3120 3913 dubito,
3167 3847 3293 3914 quin
3334 3861 3455 3898 vera
3504 3847 3573 3899 sit

2005 3911 2162 3985 lectio
2183 3914 2234 3985 l,
2264 3916 2450 3976 scriba,
2481 3928 2635 3984 quam
2667 3917 2917 3985 exprimit
2938 3911 3119 3975 Alex.,
3150 3911 3202 3967 ei
3231 3930 3392 3985 prope
3421 3929 3572 3967 acet--

2003 3982 2082 4035 dit
2107 3984 2235 4036 Urb.
2267 3982 2771 4049 oscribaJLibrarii,
2811 3985 2936 4053 quid
2962 3995 3101 4039 esset
3132 3984 3259 4037 illud
3292 3983 3319 4036 I
3348 4000 3451 4035 non
3486 3986 3567 4035 iu-

2005 4053 2325 4123 telligentes.
2357 4069 2420 4108 ex
2459 4055 2670 4123 ingenio
2711 4070 2808 4107 suo
2835 4070 3024 4107 novam
3066 4055 3343 4108 lectionem
3379 4068 3569 4123 procu-

2002 4122 2213 4195 derunt.
2267 4123 2397 4177 Vide
2427 4122 2677 4195 hymnum
2710 4123 2864 4177 Cath.
2899 4124 2985 4191 12,
3015 4139 3155 4179 vers.
3183 4124 3291 4178 99:
3326 4122 3564 4185 Satelles,

2001 4193 2037 4257 i,
2074 4197 2263 4259 ferrum
2283 4209 2421 4263 rape.

2071 4264 2194 4317 585.
2229 4263 2373 4330 Rat.,
2411 4264 2617 4330 triplici,
2660 4264 2796 4331 quod
2829 4272 2971 4318 recte
2996 4263 3331 4318 emenda‘um
3361 4271 3442 4316 cst
3479 4278 3563 4313 su-

2001 4348 2093 4399 pra
2139 4334 2357 4399 triplice.
2393 4335 2447 4387 ln
2486 4335 2720 4387 editione
2760 4334 3031 4387 Parmensi
3061 4336 3211 4387 deest
3252 4332 3562 4385 vocabulum

2000 4403 2206 4471 triplex,
2240 4401 2434 4459 Fronte
2460 4406 2666 4456 crucis:
2696 4406 2870 4455 titulus
2901 4403 2963 4455 sit
2996 4403 3191 4466 triplice
3225 4404 3415 4470 lingua.
3450 4401 3562 4454 Non

2001 4481 2209 4525 Constat
2237 4489 2440 4538 versus,
2472 4483 2528 4526 ut
2556 4473 2724 4527 vides.
2755 4473 2828 4526 De
2851 4473 3006 4525 titulo
3034 4473 3205 4525 crucis
3235 4473 3439 4538 triplice
3466 4473 3564 4523 liu-

1998 4556 2097 4609 gua
2129 4543 2250 4596 Vide
2276 4544 2431 4596 Joan.
2464 4558 2581 4611 cap.
2613 4558 2765 4602 χχιιι,
2793 4544 2893 4605 58;
2942 4542 3173 4609 Lipsium
3204 4542 3270 4594 de
3307 4541 3480 4595 Cruce
3506 4557 3561 4603 ιι,

2002 4614 2052 4662 ιιι
2084 4614 2220 4665 notis
2247 4628 2364 4679 cap.
2395 4614 2479 4675 ll,
2521 4622 2574 4666 et
2598 4612 2750 4665 alios.
2781 4611 3035 4678 Sepulcro
3061 4611 3312 4664 Gordiani
3343 4611 3561 4675 Augusti

2002 4682 2197 4734 milites
2231 4683 2434 4735 titulum
2466 4682 2818 4735 adhibuerunt
2867 4680 3056 4735 litteris
3080 4681 3300 4745 Grzccis,
3338 4680 3558 4745 Latinis,

313 4754 519 4806 habere
556 4739 784 4804 luminis.
824 4752 1062 4805 Gilanius
1102 4768 1165 4805 cx
1206 4753 1369 4805 veteri
1398 4739 1551 4804 'libro
1581 4754 1651 4803 ita
1684 4766 1892 4818 quoque
1926 4739 1972 4797 D
2002 4749 2251 4809 Persicis.
2283 4751 2520 4805 Judaicis
2544 4760 2597 4806 et
2626 4751 2972 4820 IEgyptiacis,
3008 4759 3065 4804 ut
3091 4753 3158 4804 ab
3186 4739 3433 4804 omnibus
3464 4739 3563 4819 legi

310 4824 598 4891 legendum
638 4823 747 4873 ait:
775 4822 852 4875 sic
881 4834 1002 4874 ante
1030 4825 1091 4875 de
1128 4823 1317 4872 lumine
1355 4822 1545 4885 lumen,
1584 4830 1637 4875 et
1677 4822 1725 4872 in
1770 4820 1887 4871 lidei

309 4892 564 4961 symbolo
603 4891 767 4943 lumen
809 4892 872 4943 de
908 4894 1098 4943 lumine
1127 4908 1145 4943 :
1184 4894 1372 4944 crebro
1407 4891 1598 4956 lumen,
1630 4900 1683 4944 et
1702 4906 1890 4942 numen

310 4967 456 5015 inter
481 4974 540 5014 se
568 4971 923 5015 comu‘mtasse
952 4961 1195 5014 librarios
1226 4971 1407 5014 notum
1435 4970 1539 5013 est.

383 5032 513 5085 575.
545 5030 719 5096 Pra‘g..
757 5032 913 5091 male,
949 5030 1311 5098 perﬁciendum
1337 5032 1518 5083 oculis.

384 5102 511 5155 576.
543 5102 595 5152 In
628 5101 763 5153 Aldo
795 5103 1041 5154 mendum
1066 5117 1282 5165 namque
1301 5101 1435 5167 jam.

382 5172 513 5223 577.
545 5172 843 5224 Armarium
871 5172 1003 5223 sumi
1032 5172 1167 5224 solet
1198 5166 1584 5236 pro’tabulariis
1605 5168 1716 5221 sive
1746 5166 1885 5220 foru-

309 5243 395 5296 lis.
422 5239 615 5307 quibus
645 5240 759 5292 libri
787 5241 1136 5301 collocantur,
1178 5254 1240 5293 ex
1274 5240 1563 5308 interprete
1590 5237 1881 5301 Juvenalis,

306 5310 665 5372 'l'i-rtulliauo,
696 5310 915 5363 Sidonio
942 5321 993 5363 et
1023 5311 1159 5362 aliis.

384 5381 512 5433 578.
550 5379 691 5445 llat.,
726 5380 876 5432 laude
906 5382 1095 5449 refecta
1122 5397 1149 5431 a
1182 5379 1346 5443 prima
1382 5393 1561 5449 manu,
1596 5392 1696 5449 non
1728 5375 1885 5449 bene.

385 5449 512 5503 581.
554 5449 763 5502 Primus
799 5446 1034 5501 omnium
1076 5449 1238 5502 Aldus
1275 5448 1441 5501 edidit
1480 5446 1530 5510 I,
1560 5446 1767 5509 scriba;
1793 5447 1886 5500 sed

304 5536 434 5571 cum
474 5519 722 5571 mendum
755 5520 1187 5588 typographicum
1232 5519 1555 5583 irrepsisset,
1594 5532 1784 5588 nempe
1819 5518 1890 5588 si-

304 5592 473 5651 criba,
515 5599 568 5641 et
605 5586 840 5642 errorem
867 5586 1007 5643 clare
1034 5589 1353 5641 correxismt
1385 5591 1435 5639 in
1468 5587 1763 5647 emendatis,
1794 5586 1883 5638 alii

306 5660 549 5715 editores
577 5670 865 5725 posuerunt
900 5670 951 5711 tu
990 5659 1171 5711 scribo.
1216 5658 1462 5711 Nebrissa
1494 5672 1616 5712 vero
1646 5671 1882 5711 errorem

2003 4829 2199 4887 posset,
2232 4835 2285 4873 ιιι
2314 4824 2474 4875 refert
2504 4820 2851 4889 Capitolinus.

2069 4888 2191 4943 586.
2223 4891 2367 4954 Ald.,
2400 4888 2653 4943 mendose
2678 4908 2863 4943 canore
2887 4890 3045 4943 boans
3068 4905 3159 4955 pro
3182 4906 3301 4943 cavo
3327 4893 3559 4944 reboans.

2000 4958 2155 5029 Fah.,
2190 4959 2321 5012 /Ere
2345 4978 2468 5014 cavo
2495 4961 2741 5029 quidquid
2771 4962 3001 5013 reboans.
3038 4962 3089 5012 lu
3132 4976 3250 5013 meo
3273 4962 3562 5028 exemplari

1997 5028 2210 5083 Weitzii
2238 5031 2301 5083 ad
2331 5028 2733 5099 marginem'est
2761 5031 2962 5085 hausto.
3010 5030 3101 5083 llis
3132 5031 3375 5085 versibus
3413 5030 3561 5084 multi

1997 5100 2222 5165 probant
2257 5101 2420 5155 licere
2460 5103 2509 5154 in
2540 5102 2759 5155 ecclesia
2795 5101 2867 5153 uti
2903 5101 3267 5154 instrumentis
3321 5099 3556 5151 musicis.

2000 5168 2129 5223 Vide
2155 5170 2458 5233 iiaronium,
2491 5181 2620 5223 tom.
2650 5170 2667 5223 1
2695 5171 2909 5232 Annal.,
2940 5184 3056 5236 pag.
3088 5168 3211 5230 578,
3240 5168 3304 5218 ad
3330 5168 3556 5229 ann.60,

1992 5240 2082 5306 qui
2123 5240 2395 5293 l‘iudentii
2441 5243 2755 5293 auctoritate
2793 5240 3021 5306 ostendit
3069 5236 3335 5306 Christum
3369 5237 3551 5306 instru-

1997 5305 2190 5362 mentis
2219 5311 2434 5363 musicis
2467 5310 2665 5363 laudari
2696 5310 2930 5363 solitum.
2962 5305 3072 5358 Gis.
3119 5305 3239 5358 huic
3273 5305 3557 5372 prazposuit

1998 5393 2207 5431 versum
2237 5393 2349 5446 seq.

2065 5447 2187 5501 587.
2223 5442 2332 5499 Gis'.
2371 5449 2390 5499 1
2430 5447 2582 5508 edit.,
2616 5447 2666 5497 in
2692 5461 2877 5498 arcano
2907 5456 3003 5511 pro
3044 5442 3106 5493 ab
3134 5458 3340 5495 arcano.
3376 5443 3554 5509 Prag.,

1996 5516 2240 5577 haustus;
2269 5516 2381 5568 Gis.
2415 5517 2479 5568 ad
2508 5530 2700 5582 marg.,
2741 5517 2943 5567 hausto.
2979 5511 3163 5567 Melius
3197 5513 3306 5577 alii,
3349 5514 3554 5578 haustu,

1995 5600 2071 5638 sc.
2107 5598 2303 5637 arcano
2328 5598 2421 5637 seu
2448 5584 2653 5639 occulto
2686 5586 2891 5636 haustu.

2067 5655 2188 5709 588.
2228 5654 2440 5709 Videtur
2464 5654 2729 5709 nonnullis
2754 5654 2892 5711 idem
2918 5669 3036 5712 esse
3059 5653 3227 5708 chelas
3254 5666 3313 5706 ac
3339 5652 3551 5707 testudo.
