4120 6196
529 245 633 300 959

704 356 955 412 Libatura
985 373 1163 414 sacros
1191 355 1384 413 Christi
1414 355 1482 411 de
1506 355 1763 424 sanguine
1794 363 1972 422 potin.

707 450 1193 506 Ntmtet‘Atlantis
1222 450 1425 519 pridem
1459 449 1608 517 plaga
1644 446 1841 515 perfida
1876 447 2037 499 Mauri

708 540 913 596 Dedere
939 543 1156 596 crinitos
1180 542 1243 595 ad
1274 541 1467 596 Christi
1493 539 1677 593 altaria
1709 554 1883 608 reges.

524 629 630 683 455
708 629 783 683 Ex
816 646 920 699 quo
948 633 1224 686 mortalem
1257 630 1579 699 prazstrinxit
1608 630 1826 698 Spiritus
1856 628 2059 697 alvum,

701 720 930 788 Spiritus
956 723 1043 776 ille
1071 722 1192 781 Dei.
1227 723 1389 788 Deus,
1417 730 1471 775 et
1498 736 1555 774 se
1587 734 1817 788 corpore
1846 720 2028 773 matris

706 808 907 874 Induit,
941 818 1099 879 atque
1131 812 1397 865 hominem
1422 810 1488 864 de
1525 811 1828 880 virginitate
1858 811 2096 863 creavit:

705 901 957 967 Delphica
984 902 1248 957 damnatis
1277 911 1555 957 tacuerunt
1581 904 1812 957 sortibus
1843 911 1992 956 antra
2012 941 2028 967 ,

701 992 813 1046 Non
840 994 1072 1060 tripodas
1094 994 1299 1047 cortina
1328 994 1480 1063 regit,
1506 1009 1609 1045 non
1636 1001 1847 1059 spumat
1874 992 2101 1047 anhelus

522 1079 630 1136 440
699 1080 857 1151 443
880 1083 1004 1135 Fata
1035 1082 1304 1153 Sibyllinis
1333 1083 1591 1136 fanaticus
1618 1083 1757 1136 edita
1792 1083 1962 1136 libris.

700 1173 931 1229 Perdidit
959 1175 1173 1229 insanos
1202 1175 1423 1230 mendax
1445 1174 1661 1228 Dodona
1700 1188 1954 1241 vapores,

1640 243 1915 300 AURELll
1954 244 2319 301 PllUDENTIl
2355 246 2681 303 CARMINA.
3677 254 3770 310 96³1

2388 356 2589 410 Mortua
2613 358 2721 427 jam
2747 361 3097 433 mutmlugent
3122 364 3338 418 oracula
3367 364 3567 430 Cunue,

2385 449 2492 503 Nec
2512 466 2764 520 responsa
2792 452 2953 508 refert
2972 455 3182 526 Libycis
3203 457 3254 509 in
3274 458 3509 526 syrtibus
3522 460 3742 512 Ammon

2388 540 2504 608 Ipsa
2517 544 2628 595 suis
2649 541 2918 598 Christum
2949 544 3210 614 Capitolia
3240 548 3462 602 Romula
3486 559 3713 603 mcerent

2208 632 2315 686 445
2387 631 2722 701 Principibus
2752 635 2931 691 lucere
2950 638 3135 702 Deum,
3181 639 3557 710 destructaque
3587 642 3770 710 templa

2390 723 2614 790 Imperio
2635 727 2892 781 cecidisse
2917 728 3139 795 ducum;
3164 730 3271 799 jam
3301 746 3529 800 purpura
3556 734 3771 801 supplex

2383 813 2653 869 Sternitur
2676 816 2931 872 IEneadzn
2956 822 3178 875 rectoris
3198 822 3263 874 ad
3289 823 3419 875 atria
3448 822 3644 876 Christi
3673 863 3689 887 ,

2389 904 2754 976 vexillumque
2779 910 2951 963 crucis
2979 925 3217 965 summus
3242 911 3543 967 dominator
3570 913 3771 967 adcrat.

2384 993 2716 1063 Principibus
2756 1005 2933 1053 tamen
2980 1015 3011 1053 e
3053 1001 3257 1055 cunctis
3296 1016 3401 1056 non
3430 1002 3597 1055 defuit
3621 1018 3771 1063 unus,

2206 1083 2314 1138 450
2386 1084 2650 1155 444410
2675 1103 2864 1159 puero,
2897 1098 2952 1145 ut
2983 1091 3220 1153 memini,
3244 1091 3433 1145 ductor
3461 1090 3774 1146 fortissimus

3505 1182 3706 1255 [πωῙῆ

1825 1284 2109 1340 (ΞΕΟΞΒᾹΞ
2151 1285 2491 1343 VETERES.

589 1380 714 1434 452.
746 1380 1018 1444 Libatura,
1047 1380 1237 1446 bibens,
1267 1379 1341 1433 vel
1370 1379 1615 1438 bibitura,
1647 1376 1684 1429 l.

588 1448 713 1571 :33].
744 1452 1000 1515 Atlantis,
1032 1467 1175 1504 mons
1194 1451 1259 1502 ad
1286 1449 1649 1503 meridianum.
1676 1476 1742 1485 —
1770 1446 1971 1513 Mauri,
2000 1464 2089 1515 po-

614 1536 661 1571 t.
717 1558 730 1571 .

520 1521 629 1589 puli
646 1559 661 1582 ,
692 1521 730 1572 l.

588 1590 713 1643 454.
748 1588 973 1654 Dedere,
1001 1589 1202 1655 o/ferre,
1227 1590 1265 1642 Ι.

586 1660 710 1713 455.
744 1659 1103 1723 Przestrinxit,
1130 1660 1527 1726 praeoccupavit,
1555 1660 1593 1713 l.

587 1728 711 1782 458.
746 1728 994 1795 Delphica
1016 1770 1030 1793 ,
1061 1724 1348 1797 Apollinea.
1378 1728 1563 1795 Delphi
1594 1730 1733 1783 locus
1756 1736 1828 1779 est
1862 1726 1912 1778 in
1944 1724 2084 1778 (ἶνιν-

517 1797 615 1859 cia,
647 1799 698 1850 in
721 1814 820 1865 quo
845 1799 1025 1867 Apollo
1057 1800 1331 1852 colebatur.
1352 1829 1419 1838 —-
1438 1802 1623 1864 Antra,
1653 1813 1917 1867 responsa,
1950 1797 1989 1848 1.

584 1867 709 1921 4⁸59.
741 1866 1027 1934 Tripodas.
1072 1885 1272 1921 mensas
1316 1868 1591 1937 Apollinis.
1618 1897 1689 1910 -—
1718 1866 1931 1920 Cortiuzi
1954 1906 1966 1929 ,
2001 1882 2079 1937 sc-

516 1948 705 2018 cretum
726 1938 883 2058 lquod
918 1939 1126 1992 cortinis
1166 1936 1449 2008 oppansutn
1489 1949 1581 1991 est.
1607 1967 1674 1977 —
1704 1937 1958 2005 Spumat,
2006 1936 2081 1987 la-

516 2017 701 2058 auttur.
754 2045 765 2058 .

515 2007 701 2075 quitur,
726 2007 765 2058 l.

586 2077 706 2132 440.
742 2076 1042 2143 Fanaticus,
1074 2078 1309 2143 fanorum
1328 2078 1583 2141 sacerdos,
1606 2078 1645 2131 1.

580 2147 705 2201 441.
761 2147 998 2216 Dodona,
1047 2148 1193 2213 silva,
1235 2148 1411 2202 civitas
1465 2146 1692 2202 Graeciaa.
1738 2148 2083 2218 —-Vapores,

2201 1377 2409 1444 hostias,
2437 1380 2479 1435 l.

2269 1450 2395 1502 442.
2429 1448 2629 1513 Ουῐηω,
2654 1451 2893 1518 civitatis,
2942 1450 2981 1505 1.

2265 1518 2388 1595 445.
2408 1519 2905 1595 Libycis,_Africanis
2918 1522 3104 1576 arenis.
3121 1551 3187 1561 —
3202 1522 3451 1589 Ammon,
3465 1521 3628 1579 lovis.
3647 1524 3774 1595 Jup-

2196 1588 2324 1657 piter
2348 1588 2607 1658 Afrorum,
2636 1589 2675 1643 l.

2266 1659 2387 1712 444.
2415 1659 2658 1725 Mterent,
2690 1660 2885 1726 dolent,
2922 1661 2999 1713 vel
3042 1662 3241 1718 timent.
3276 1660 3315 1713 l.

2262 1728 2387 1799 446.
2420 1729 2679 1795 Purpura,
2706 1731 2892 1798 regalis
2925 1732 3165 1799 dignitas,
3206 1731 3322 1783 Vat.
3355 1733 3417 1785 A.

2262 1798 2394 1871 447.
2415 1798 2691 1871 ΛΞιιθτιάςε,
2725 1798 3133 1871 ζῇοηιαηὶρᾳαοά
3161 1801 3222 1855 tle
3261 1800 3433 1853 zEnea
3455 1801 3553 1854 sint
3587 1805 3702 1869 orti,
3734 1804 3768 1856 Ι.

2194 1899 2262 1907 -
2284 1869 2454 1929 Atria,
2480 1869 2843 1937 templa,‘Vat.
2874 1872 2937 1922 A.

2196 2008 2235 2062 γ
2263 1940 2395 2061 446ί
2422 1939 2756 2005 Doniinator,
2779 1940 3069 2010 imperator,
3091 1940 3281 2008 Cwsar,
3326 1940 3364 1995 l.
3396 1941 3769 2003 Constantinus,

2241 2018 2311 2062 at.
2405 2049 2417 2061 .

2220 2008 2311 2062 fat.
2354 2011 2417 2061 A.

2265 2078 2388 2132 449.
2421 2079 2645 2142 Tamen,
2696 2080 2872 2145 etiam,
2901 2079 2943 2131 l.

2264 2149 2389 2202 450.
2420 2148 2779 2213 Fortissimus,
2814 2149 3078 2218 Julianus,
3105 2150 3223 2204 Vat.
3250 2153 3311 2204 A.

1864 2258 2419 2315 COMMENTARIUS.

582 2372 706 2428 432.
742 2374 815 2428 En
845 2383 1083 2443 apertum
1109 2374 1177 2430 de
1206 2375 1485 2443 prmsentia
1515 2374 1756 2442 corporis
1784 2382 1842 2444 et
1873 2374 2085 2444 sangui-

514 2441 596 2496 nis
616 2444 741 2497 .Iesu
762 2441 955 2498 Christi
977 2450 1029 2499 ln
1054 2441 1374 2499 eucharistia
1396 2441 1776 2498 testimonium.
1802 2442 1931 2495 Nam
1956 2441 2082 2496 olim

512 2514 840 2566 Christianos
866 2515 965 2566 sub
986 2524 1204 2582 utraque
1237 2517 1413 2582 Specie
1441 2528 1590 2567 sacra
1613 2514 1798 2582 synaxi
1826 2513 1972 2567 reﬁci
1998 2528 2084 2566 so-

515 2582 639 2635 litos
665 2597 749 2636 res
780 2594 901 2636 nota
932 2592 1014 2636 est
1042 2585 1306 2637 omnibus.

582 2652 705 2705 455.
741 2653 926 2711 Βοηε..
961 2653 1162 2707 Widm.
1206 2666 1234 2704 a
1276 2666 1433 2705 manu
1484 2652 1685 2719 prima,
1732 2660 1785 2706 et
1830 2652 2071 2705 nonnulli

514 2720 665 2792 Vulg.
695 2722 831 2788 apud
867 2722 1146 2777 Weitzium
1180 2724 1400 2792 fervida,
1426 2738 1530 2774 non
1559 2722 1806 2792 absurde,
1839 2725 2081 2789 quamvis

510 2789 617 2862 jam
662 2798 1014 2862 prafcesserit.
1061 2794 1146 2846 Sic
1180 2789 1375 2845 'Avitus
1423 2792 1515 2846 lib.
1564 2807 1631 2844 νε
1680 2791 1843 2862 Plaga
1887 2791 2082 2859 fervida

511 2861 640 2913 coeli.
662 2861 763 2916 Sed
789 2861 904 2913 Ald.
928 2877 1045 2915 cum
1072 2862 1366 2916 llcinsianis
1389 2870 1441 2916 et
1465 2862 1679 2924 nostris,
1699 2861 1915 2930 Wéitz.,
1941 2862 2077 2929 Gis.,

511 2929 726 3000 perﬁda.
755 2930 947 2985 Punica
973 2933 1099 3000 ﬁdes
1126 2932 1256 2985 abiit
1288 2932 1337 2985 in
1371 2931 1726 2999 proverbium.

580 2999 703 3053 455.
747 2999 988 3056 Gifanius
1034 3000 1258 3056 Collect.
1302 3002 1513 3055 Lucret.
1558 3004 1698 3055 hunc
1740 3000 1911 3055 locum
1955 3002 2075 3056 illu-

509 3075 662 3122 strat.
696 3069 951 3124 Videlicet
994 3088 1057 3124 EX
1103 3088 1233 3136 quo,
1284 3082 1578 3141 postquam,
1610 3072 1725 3139 jam
1769 3087 1884 3124 vero
1936 3082 2076 3140 post-

509 3154 691 3211 quam;
730 3156 1117 3207 PRAESTRINXIT,
1150 3146 1441 3211 occupavit,
1483 3141 2074 3211 obsedit,obumbravit,

2195 2373 2308 2427 haec
2340 2374 2601 2427 indicasse
2628 2372 2856 2427 sufﬁciat
2884 2390 2898 2428 :
2931 2372 3023 2426 sed
3055 2385 3159 2423 non
3192 2379 3273 2424 est
3302 2371 3657 2426 omittendum
3685 2390 3765 2426 rr-

2193 2458 2482 2510 sponsum,
2516 2443 2654 2509 quod
2698 2459 2758 2497 ex
2793 2443 3013 2496 oraculo
3060 2442 3309 2507 Delphico
3351 2443 3555 2508 accepit
3595 2450 3762 2503 Aug"!

2195 2524 2328 2577 stus,
2352 2528 2472 2566 cum
2512 2514 2744 2567 misisset
2772 2513 2973 2579 legatos
3008 2526 3133 2565 suos
3160 2512 3482 2564 sciscitatum
3511 2511 3577 2566 de
3610 2514 3761 2567 rebus

2193 2580 2405 2647 futuris,
2442 2592 2501 2635 ut
2545 2584 2781 2636 referunt
2813 2582 3000 2635 multi:
3034 2580 3119 2634 Me
3151 2596 3274 2643 puer
3322 2579 3586 2643 Hebrtrus,
3628 2584 3759 2635 diros

2192 2652 2329 2706 Deus
2372 2654 2480 2720 ipse
2519 2653 2834 2721 gubernans,
2868 2651 3211 2721 Cederescde
3243 2650 3421 2721 jubet,
3472 2653 3759 2719 tristemque

2190 2723 2359 2776 subire
2383 2724 2471 2776 sub
2496 2739 2688 2776 arcum.
2721 2723 2833 2775 Aris
2857 2738 2972 2790 ergo
3001 2720 3180 2773 dehinc
3201 2720 3380 2773 tacitus
3402 2721 3647 2775 discedito
3674 2739 3758 2773 no-

2189 2794 2327 2844 stris.
2356 2793 2552 2846 Confer
2582 2793 2740 2845 etiam
2773 2793 2861 2844 ill).
2898 2807 2910 2843 l
2948 2791 3202 2844 adversus
3230 2792 3401 2861 Sym.,
3447 2805 3588 2844 vers.
3629 2791 3756 2855 245.

2190 2862 2279 2915 ubi
2307 2864 2498 2915 iterum
2528 2862 2641 2914 Van
2673 2862 2864 2914 Dalcus
2887 2861 3181 2913 refelletur.

2256 2931 2381 2987 440.
2414 2932 2755 2985 Prudentium
2792 2932 2890 2983 hoc
2921 2934 3036 2983 loco
3060 2931 3281 2997 rejicere
3320 2930 3553 2999 carmina
3583 2930 3756 2999 Sibyl-

2187 3003 2316 3067 lina,
2348 3018 2465 3071 quae
2496 3003 2631 3054 inter
2650 3000 2978 3054 Christianos
3001 2998 3758 3071 circumferebantur,nonne.

2188 3087 2275 3125 mo
2304 3067 2554 3135 affirmat,
2593 3071 2720 3123 mihi
2745 3085 2846 3123 non
2881 3072 3062 3138 liquet.
3112 3067 3338 3123 Romani
3380 3070 3445 3122 ad
3470 3069 3756 3139 Sibyllinos

2189 3142 2373 3205 libros,
2403 3154 2646 3210 tanquam
2677 3141 2740 3192 ad
2773 3142 3007 3204 oracula,
3032 3140 3317 3205 confugere
3345 3139 3605 3210 solebant.
3641 3140 3754 3210 lie-

510 3200 565 3259 ut
595 3200 863 3280 Scriptura
889 3200 1129 3280 loquitur.
1159 3200 1373 3265 Summa
1404 3200 1518 3275 est,
1554 3200 1822 3277 nato'jam
1865 3200 2078 3265 Christo
2105 3200 2150 3260 C
2182 3200 2370 3280 censet"
2392 3200 2707 3264 Prudentius
2729 3200 3074 3263 celeberrima
3104 3200 3612 3280 vetérumoracula,
3636 3209 3754 3263 Del-

509 3279 786 3334 evanuisse
803 3280 930 3333 falsa
953 3279 1292 3336 ethnicorum
1311 3282 1548 3336 oracula.
1564 3280 1668 3334 Alii
1693 3281 1930 3335 scribunt
1961 3297 2076 3349 per-

508 3348 739 3419 strinxit,
763 3350 849 3402 alii
880 3353 1212 3419 prazstrinzit.

581 3418 725 3486 456.
752 3419 999 3473 lleinsius
1044 3436 1163 3474 cum
1214 3422 1332 3475 Put.
1368 3431 1416 3475 et
1465 3421 1696 3477 Thuan..
1732 3418 1955 3486 Spiritus
1994 3420 2081 3473 ille

512 3483 672 3557 Deus,
706 3485 857 3557 Deus.
889 3489 1021 3554 Alii,
1057 3489 1281 3557 Spiritus
1306 3490 1394 3543 ille
1418 3490 1541 3554 Dei,
1588 3489 1741 3546 Deus.
1777 3483 1890 3541 lloc
1918 3491 2077 3544 etiam

509 3554 629 3678 Loco
688 3556 919 3611 Verbum
977 3554 1196 3613 vocatur
1253 3560 1497 3630 Spiritus.
1558 3558 1686 3613 Vide
1743 3573 1861 3626 quae
1920 3572 2076 3627 supra

548 3641 636 3678 IXi.

548 3641 636 3678 ΙΧί.

583 3695 702 3766 458.
740 3697 859 3751 Vat.
887 3696 927 3753 A
949 3742 963 3763 ,
990 3698 1252 3763 sordibus,
1299 3700 1473 3752 minus
1513 3698 1669 3759 bene,
1701 3712 1797 3766 pro
1834 3700 2075 3754 sortibus.

509 3763 822 3839 Gifaniusex
840 3769 1041 3839 vet.lib.
1054 3772 1338 3839 ,jacuerunt
1357 3782 1450 3837 pro
1463 3763 1747 3834 tacuerunt,
1767 3784 1870 3822 non
1888 3769 2075 3838 probo.

579 3833 925 3907 459.,Bong.,
952 3833 1172 3903 Widm.,
1204 3833 1529 3902 Mdu-Man,
1558 3833 1740 3907 Prag.,
1768 3833 1926 3907 regit,
1956 3853 2074 3892 cum

508 3903 689 3978 giers,
715 3903 922 3962 Urbfet
945 3908 1065 3963 Vat.
1089 3910 1153 3975 Q.
1179 3910 1281 3963 Alii
1309 3910 1533 3963 fortasse
1553 3903 1741 3963 melius
1765 3903 1919 3978 agn,
1938 3911 2077 3977 quod

508 3973 748 4045 Cifanius
792 3986 1005 4032 tuetur:
1052 3973 1171 4032 nam
1222 3981 1425 4033 cortina
1476 3988 1593 4031 erat
1636 3973 1979 4045 Operculum,
2022 3993 2077 4033 et

509 4044 924 4117 integumentum
947 4064 1151 4103 :eneum
1184 4050 1422 4116 tripodis.
1451 4044 1699 4117 Virgilius
1729 4050 1817 4102 lib.
1848 4065 1902 4101 Ill
1924 4048 2072 4113 ίΕηη

507 4114 675 4183 adytis
702 4118 896 4170 cortina
925 4120 1152 4172 reclusis.
1190 4114 1487 4172 vocabatur
1526 4114 1689 4172 etiam
1733 4122 1938 4173 cortina
1984 4119 2077 4172 tri-

510 4200 627 4249 pus,
659 4188 769 4241 sive
806 4203 895 4242 vas
929 4189 1053 4242 illud
1093 4193 1274 4256 ingens
1304 4188 1521 4255 Delphis
1562 4202 1810 4252 aureum,
1847 4204 1950 4257 quo
1997 4189 2077 4242 in-

508 4258 841 4326 Sternebatur
882 4274 1096 4324 mensa,
1140 4261 1192 4312 in
1225 4273 1327 4326 qua
1358 4258 1570 4311 oracula
1616 4258 1844 4311 fundens
1888 4258 2071 4324 Pythia

506 4325 792 4396 assidebat.
824 4327 1148 4393 Explicitius
1181 4325 1367 4381 istluec
1393 4328 1459 4380 ab
1490 4328 1871 4395 interpretibus
1900 4326 2072 4396 Virgi-

508 4393 560 4446 lii
596 4395 818 4463 aliisque
859 4398 1155 4452 traduntur.
1199 4399 1413 4452 Servius
1443 4398 1545 4462 ait,
1569 4393 1685 4451 esse
1716 4396 1908 4460 lotum,
1937 4393 2076 4452 unde

507 4467 776 4535 oraculum
801 4468 935 4520 exit.
959 4467 1191 4521 Cortime
1223 4468 1275 4520 in
1300 4468 1403 4519 alio
1430 4482 1622 4534 genere
1649 4467 1785 4535 apud
1816 4467 2072 4520 lsidorum

507 4534 598 4605 tib.
626 4551 746 4605 six,
784 4552 900 4602 cap.
925 4537 1015 4601 26,
1058 4549 1180 4593 sunt
1211 4538 1405 4601 aulaea,
1442 4551 1537 4590 seu
1574 4534 1695 4591 vela
1730 4538 1795 4591 de
1828 4537 2065 4605 pellibus.

506 4601 649 4677 Illud,
681 4621 709 4657 a
756 4601 908 4660 nobis
940 4609 1128 4677 aliquis
1158 4618 1387 4675 qumrat,
1422 4622 1675 4661 verumne
1718 4608 1784 4660 sit
1815 4601 2065 4661 falsorum

507 4674 779 4746 numinum
824 4674 1041 4731 oracula
1083 4674 1340 4740 tacuisse,
1374 4687 1651 4746 po~tquam
1690 4677 1915 4730 Verbum
1943 4692 2067 4731 caro

506 4742 700 4817 factum
745 4756 843 4800 est.
892 4748 1132 4817 Scriptus
1183 4760 1263 4801 est
1310 4742 1526 4802 Gallice'
1565 4746 1697 4801 liber
1741 4762 2067 4815 anonymus,

504 4813 656 4879 Cujus
683 4829 866 4868 anetor
894 4816 991 4869 fuit
1017 4813 1249 4871 ’Balthus
1280 4817 1337 4869 S.
1372 4819 1436 4881 1.,
1465 4818 1530 4870 de
1563 4818 1787 4871 Silentio
1826 4813 2070 4870 oraculo-

504 4883 917 4955 rttnradverSIIs
964 4889 1249 4940 Antonium
1283 4888 1394 4940 Van
1442 4887 1601 4951 Date,
1648 4888 2067 4955 anabaptistam,

504 4952 767 5006 medicum
798 4954 1192 5009 llarlemensem
1212 4997 1226 5020 ,
1249 4967 1301 5010 et
1332 4957 1447 5023 ejus
1473 4957 1808 5010 defensorem
1825 4952 1902 5009 'D.
1934 4956 2069 5010 Fou~

507 5023 730 5085 tenelle,
765 5023 950 5078 Latine
995 5026 1234 5079 redditus
1265 5042 1404 5079 anno
1450 5026 1605 5079 17:25.
1644 5026 1896 5089 Balthus,
1933 5037 2067 5094 part.

502 5094 557 5156 5,
597 5108 715 5158 cap.
757 5095 810 5156 5,
852 5098 1084 5148 ostendit
1128 5096 1466 5149 Prudentium
1514 5097 1612 5147 hoc
1642 5096 1759 5149 loco
1792 5111 1911 5149 cum
1944 5096 2068 5148 reli-

502 5162 621 5226 (ταῖς
651 5163 746 5217 SS.
787 5168 1027 5218 Patribus
1061 5169 1385 5229 consuntire,
1411 5165 1529 5232 quia
1562 5167 1766 5218 etiamsi
1797 5165 1865 5218 de
1894 5166 2068 5217 incar-

503 5234 718 5287 natione
747 5234 1009 5289 dominica
1058 5236 1325 5303 loquatur,
1362 5247 1537 5289 tamen
1586 5236 1864 5303 coniungit
1900 5235 2072 5287 idolo-

502 5317 618 5374 rum
652 5305 983 5358 eversionem
1020 5317 1073 5360 et
1100 5308 1308 5359 ruinam
1351 5305 1667 5374 paganismi.
1700 5305 1752 5359 ld
1791 5307 2070 5358 continuat

502 5371 868 5439 interpretatio
908 5376 1132 5440 Gifanii,
1163 5391 1322 5442 quam
1352 5371 1606 5442 exposui,
1650 5390 1713 5427 ex
1755 5390 1886 5438 quo,
1928 5384 2069 5442 post-

500 5457 652 5508 quam
674 5457 693 5495 :
718 5458 821 5497 non
868 5448 1007 5498 enim
1052 5456 1203 5513 poeta
1234 5448 1452 5507 μεθιεῖ-ῆι,
1489 5446 1629 5497 illico
1667 5447 1842 5497 onmia
1874 5445 2068 5509 ubique

501 5513 712 5564 oracula
750 5515 978 5567 siluisse.
1010 5515 1323 5569 Plutarchus
1359 5524 1640 5568 tractatum
1683 5516 1847 5567 edidit
1876 5515 1942 5567 de
1980 5514 2064 5567 Si-

504 5579 664 5631 lentio
694 5586 1058 5645 oraculorum,
1087 5585 1153 5636 de
1193 5599 1295 5650 quo
1336 5586 1470 5639 libro
1503 5586 1615 5637 fuse
1657 5585 1796 5638 idem
1848 5584 2064 5636 Baltltus

505 5649 713 5703 disserit
744 5664 875 5721 part.
904 5655 955 5721 5,
981 5667 1097 5722 cap.
1132 5658 1181 5707 υ.
1214 5649 1377 5708 Nobis
1417 5657 1481 5709 ad
1514 5658 1612 5709 alia
1656 5654 2064 5722 properantibus

2184 3279 2417 3345 phicum,
2443 3280 2780 3349 Sibyllinum,
2826 3280 3169 3349 Dodonaeum,
3227 3278 3365 3349 quod
3400 3279 3469 3349 in_
3504 3278 3751 3332 Dodonea

2186 3350 2327 3411 Epiri
2359 3351 2491 3403 silva
2514 3347 2761 3419 quercus,
2789 3358 2845 3403 et
2867 3350 2946 3402 his
2971 3348 3260 3419 insidentes
3279 3347 3754 3419 cttlnmbre‘redde-

2182 3419 2340 3488 bant,
2384 3416 2682 3481 Cumarum,
2716 3419 2801 3473 ubi
2831 3428 3040 3472 antrum
3066 3416 3316 3472 Cumana:
3361 3416 3597 3487 Sibyllae,
3625 3420 3751 3471 Am-

2182 3491 2415 3543 monium
2444 3490 2498 3543 in
2528 3490 2713 3558 Libya.

2249 3561 2373 3613 411.
2435 3556 2651 3612 Insanos
2698 3573 2916 3624 vapores
2971 3566 3123 3611 vocat
3149 3557 3376 3611 furorem
3446 3556 3750 3619 fanaticum,

2182 3630 2333 3694 cujus
2363 3630 2580 3682 materia
2605 3644 2633 3681 a
2659 3630 2877 3681 medicis
2906 3643 3067 3695 vapor
3111 3626 3338 3691 calidus,
3400 3637 3452 3679 et
3500 3641 3661 3679 urens
3701 3628 3748 3680 in

2179 3699 2460 3753 cerebrum
2491 3700 2661 3752 elatus
2691 3701 2961 3751 statuitur.
2995 3699 3064 3751 Ita
3086 3697 3320 3764 explicat
3347 3696 3583 3749 medicus
3604 3696 3750 3751 Gise-

2183 3768 2340 3832 tinus,
2370 3784 2475 3822 non
2504 3768 2680 3821 infelix
2724 3770 2985 3837 interpres
3042 3769 3091 3820 in
3145 3767 3355 3821 caeteris
3402 3768 3663 3833 partibus,
3696 3767 3746 3820 in

2183 3836 2283 3891 hac
2315 3853 2443 3891 vero
2470 3840 2721 3905 optimus.

2250 3908 2375 3961 445.
2408 3904 2521 3961 Non
2541 3918 2622 3962 est
2664 3906 3133 3974 reprehendendus
3185 3913 3360 3973 poeta,
3384 3904 3532 3974 quasi
3558 3919 3746 3959 oracu-

2180 3975 2287 4030 lum
2353 3978 2628 4031 Ammonis
2682 3979 2735 4031 in
2789 3978 3095 4031 Marmarica
3148 3975 3380 4043 regione,
3440 3974 3525 4028 ubi
3576 3974 3750 4042 Syrtes

2180 4054 2352 4110 erant,
2385 4048 2744 4102 collocaverit.
2764 4048 2841 4101 De
2863 4047 2964 4100 alia
2993 4046 3373 4114 signiﬁcatione
3393 4043 3629 4115 Syrtium
3645 4047 3746 4109 jam

2179 4118 2287 4169 dixi
2316 4117 2512 4186 hymno
2539 4118 2568 4170 7
2600 4117 2779 4179 Cath.,
2812 4132 2952 4171 vers.
2975 4117 3063 4180 30,
3092 4126 3146 4172 et
3195 4115 3362 4168 videri
3395 4123 3568 4182 potest
3621 4117 3747 4167 'l‘ur-

2182 4189 2349 4240 nebus
2379 4203 2524 4239 num.
2558 4187 2661 4247 506
2681 4188 2926 4254 Advers.,
2962 4187 3047 4253 qui
3097 4188 3234 4239 hunc
3259 4200 3471 4254 versum
3529 4188 3675 4237 citat.

2248 4256 2371 4310 444.
2400 4255 2649 4327 Capitolia
2693 4256 2911 4310 Romula
2943 4272 3036 4327 pro
3066 4255 3195 4327 Jove
3238 4253 3541 4327 Capitolin_o
3593 4254 3744 4327 sumi.

2179 4327 2445 4393 praecipue
2470 4322 2496 4377 a
2530 4328 2726 4382 nostris
2748 4322 3117 4394 scriptoribus,
3143 4325 3457 4395 Augustino,
3486 4322 3747 4392 Cypriane

2178 4405 2231 4450 et
2259 4398 2397 4461 aliis,
2429 4398 2727 4450 observavit
2750 4397 3053 4450 Peveratus.

2249 4466 2373 4520 446.
2407 4465 2649 4532 Purpura
2680 4482 2774 4533 pro
2806 4467 3143 4534 imperatore,
3169 4474 3223 4516 ut
3243 4464 3382 4534 apud,
3403 4462 3745 4534 Claudiauum

2179 4552 2234 4589 ιιι
2262 4536 2551 4607 Stiliconis,
2583 4535 2760 4607 Posito
2782 4533 2894 4607 jam
2920 4551 3149 4607 purpura
3186 4537 3342 4607 fastu,
3375 4533 3510 4587 Vide
3560 4533 3745 4586 Bnlen-

2173 4622 2380 4675 gerum,
2411 4605 2475 4660 de
2496 4606 2684 4674 ltnper.
2709 4603 2864 4659 Rom.
2891 4605 2981 4658 lib.
3009 4621 3064 4670 ιι,
3095 4618 3212 4671 cap.
3267 4603 3320 4656 4.

2245 4675 2370 4729 419.
2406 4677 2459 4728 ln
2486 4673 2600 4728 Vat.
2631 4678 2697 4744 A,
2734 4678 2869 4729 male
2890 4690 2918 4728 a
2949 4678 3115 4740 prisca
3147 4684 3512 4744 manu,tamen
3536 4673 3747 4726 cunctis.

2177 4745 2230 4799 S.
2266 4746 2555 4814 Gregorius
2572 4743 2896 4799 Turbnensis
2945 4745 3078 4800 lib.t
3124 4745 3189 4797 de
3227 4743 3407 4814 Gloria
3438 4751 3748 4814 martyrum,

2177 4830 2296 4883 cap.
2330 4814 2363 4867 4
2381 4812 2568 4870 ὶδίειιι
2598 4815 2902 4868 Prudentius
2932 4816 3163 4867 nosterin
3192 4813 3319 4866 libro
3340 4826 3520 4867 contra
3544 4812 3751 4867 Juda’os

2177 4886 2415 4947 meminit,
2447 4896 2578 4949 etc.,
2604 4883 2926 4949 Principibus
2946 4895 3110 4936 tamen
3139 4899 3165 4935 e
3191 4885 3403 4947 cunctis,
3436 4892 3567 4943 εις..
3587 4897 3752 4951 usque

2178 4956 2243 5007 ad
2276 4970 2486 5008 versum
2516 4954 2680 5025 Erigit
2700 4956 2751 5007 in
2768 4955 2945 5007 caelum
2966 4954 3141 5025 facies,
3164 4963 3313 5020 atque
3338 4954 3539 5025 invocat
3561 4951 3746 5005 Iesum.

2180 5026 2327 5078 Multi
2359 5025 2467 5087 alii,
2500 5026 2585 5093 qui
2610 5022 2692 5078 'de
2713 5026 2889 5078 crucis
2920 5023 3158 5076 laudibus
3176 5022 3594 5078 commentarios
3623 5037 3753 5075 con-

2180 5096 2523 5163 scripserunt.
2560 5095 2654 5147 bos
2686 5094 2954 5147 Prudentii
3006 5107 3194 5146 versus
3233 5102 3681 5163 commemorant,
3703 5100 3755 5163 et

2172 5162 2301 5218 cum
2323 5166 2555 5218 auctoris
2577 5165 2751 5231 elogio
2774 5163 3081 5217 describunt
3105 5179 3117 5212 :
3143 5162 3326 5231 ontissi
3352 5172 3530 5216 tamen
3551 5170 3678 5231 sunt
3704 5162 3752 5231 in

2173 5250 2334 5297 opere
2368 5234 2648 5303 Hispanico
2671 5229 2813 5287 Petri
2844 5233 3084 5287 Ordonez
3128 5231 3196 5286 de
3242 5230 3506 5295 Zevallos,
3535 5229 3746 5303 Matrit‘i.

2175 5305 2334 5369 1614,
2357 5304 2423 5357 de
2457 5298 2555 5357 hoc
2585 5313 2896 5371 argumento
2924 5320 2937 5354 :
2968 5304 3226 5366 Quarenta
3251 5303 3469 5355 triunfas
3488 5304 3551 5355 de
3572 5302 3624 5353 la
3646 5298 3745 5353 SS.

2173 5372 2306 5426 Cruz
2336 5375 2397 5426 de
2416 5372 2635 5437 Christo,
2664 5374 2750 5425 ulti
2778 5376 2938 5425 multa
2970 5372 3126 5439 hujus
3148 5373 3751 5439 generiscongeruntur.

2246 5444 2368 5498 451).
2388 5443 2677 5511 Gregorius
2694 5442 3023 5496 Turonensis
3038 5442 3317 5511 legitquem
3336 5459 3491 5512 puero
3512 5440 3752 5495 memini:

2176 5513 2427 5567 mendum
2451 5514 2692 5567 codicum
2740 5522 2885 5578 puto.
2919 5512 3335 5565 Contemnendte
3388 5512 3583 5580 glossae
3608 5516 3750 5570 sunt,

2175 5584 2367 5650 quibus
2392 5584 2749 5653 Symmachus
2774 5583 2961 5653 ductor
2984 5582 3081 5633 iste
3133 5583 3359 5647 perﬁdus
3388 5596 3510 5636 esse
3539 5580 3744 5653 dicitur,

2175 5646 2239 5709 de
2262 5669 2366 5723 quo
2389 5646 2729 5709 Prudentius.
2765 5652 3010 5706 Fortasse
3032 5646 3147 5706 cam
3171 5652 3238 5707 ub
3254 5666 3467 5709 causam
3491 5646 3726 5707 recentia
