4090 6192
390 324 488 377 961

1822 315 2258 372 APOTIIEOSIS.

3555 315 3662 372 962

564 431 823 487 Conditor
850 436 904 484 et
921 428 1117 498 legum,
1142 425 1525 483 celeberrimus
1549 441 1661 493 ore,
1682 441 1972 498 manuque.
2004 438 2056 492 Α
2081 429 2186 485 465
2264 429 2492 482 Vitiatus
2520 429 2587 482 de
2615 442 2763 481 more
2794 440 2976 489 senex,
3028 425 3376 495 manibusque
3400 431 3639 484 cruentis

567 523 852 581 Consultor
880 521 1085 592 patriae,
1117 519 1212 575 sed
1259 534 1368 575 non
1420 519 1696 574 consultor
1723 519 1981 576 habenda:

568 612 903 683 Relligionis,
936 625 1123 664 amans
1148 618 1444 664 tercentum
1474 609 1640 664 millia
1670 610 1873 675 divum,

571 705 812 762 Perlidus
841 704 930 757 ille
963 689 1092 764 Deo,
1117 702 1364 770 quamvis
1406 717 1512 756 non
1556 701 1790 771 perﬁdus
1831 701 1978 769 Urbi,

400 802 501 858 155
574 801 868 867 Augustum
897 805 1056 862 caput
1076 803 1201 848 ante
1224 793 1387 862 pedes
1413 808 1638 848 curvare
1679 793 1932 848 Minerva:

573 888 798 953 Fictilis,
824 897 877 942 et
905 885 1079 939 soleas
1106 883 1330 939 lunonis
1359 883 1616 947 lambere,
1654 883 1849 952 plantis

577 977 822 1034 Herculis
853 975 1086 1039 advolvi,
1119 988 1289 1043 genua
1318 974 1556 1028 incerare
1587 974 1764 1026 Dianae
1792 990 1806 1027 :

581 1069 742 1140 445
785 1066 922 1134 Quin
952 1074 1008 1120 et
1057 1063 1338 1134 Apollineo
1386 1062 1618 1118 frontem
1668 1063 1988 1118 submittere

1699 1155 1910 1228 lapso,

580 1259 686 1310 Aut
714 1252 948 1310 Pollucis
977 1265 1172 1320 equum
1203 1247 1388 1303 sufﬁre
1418 1247 1728 1303 ardentibus
1756 1247 1912 1302 extis.

400 1348 506 1402 460
584 1346 742 1401 Forte
772 1344 933 1398 litans
961 1341 1192 1396 Hecaten
1223 1339 1467 1409 placabat
1488 1338 1747 1408 sanguine
1783 1339 1986 1393 multo:

591 1435 904 1492 Pontiﬁcum
937 1432 1086 1488 festis
1118 1431 1354 1486 ferienda
1378 1431 1657 1486 securibus
1686 1431 1794 1487 illic

579 1525 813 1595 Agmina
837 1536 1114 1577 vaccarum
1143 1529 1422 1586 steterant,
1440 1520 1740 1589 vitulasque
1754 1520 1990 1576 revincta

589 1619 787 1674 Fronte
818 1623 1104 1669 coronatas
1132 1613 1418 1667 umbrabat
1447 1621 1582 1666 torta
1614 1627 1920 1682 cupressus.

589 1708 812 1777 Jamque
838 1705 1097 1760 insertato
1139 1703 1414 1758 reserabat
1437 1702 1642 1758 viscera
1675 1703 1850 1758 cultro

2092 973 2198 1030 470

2265 517 2553 572 Tractabat
2585 517 2818 585 trepidas
2848 515 3029 570 letbali
3059 515 3255 584 frigore
3286 515 3468 582 ﬁbras,

2263 611 2679 678 Postremosque
2701 610 2896 662 animm
2923 609 3110 674 pulsus
3139 609 3190 662 in
3219 609 3385 663 corde
3413 596 3635 677 tepenti

2265 700 2500 755 Callidus
2530 699 2792 767 interpres
2828 699 3082 764 numeris,
3113 707 3167 751 et
3199 699 3304 753 line
3333 700 3570 767 notabat,

2262 789 2396 846 Cum
2439 790 2616 844 subito
2659 789 2927 844 exclamat
2973 789 3145 842 media
3197 788 3337 843 inter
3385 803 3536 842 sacra
3581 804 3670 842 sa-

3387 876 3599 949 [cerdos

2273 971 2509 1027 Pallidus
2541 989 2554 1026 :
2589 972 2666 1026 En
2697 971 2823 1041 quid
2854 970 2999 1041 ago?
3025 967 3196 1040 majus
3224 1007 3242 1036 ,
3290 982 3391 1024 rex
3442 970 3668 1038 Optime,

3368 1057 3584 1131 [majus,

2265 1155 2454 1209 Nescio
2485 1153 2625 1222 quod
2656 1166 2850 1206 numen
2873 1145 3072 1206 nostris
3102 1151 3394 1206 intervenit
3423 1153 3551 1216 aris,

2266 1245 2434 1311 Quam
2458 1243 2689 1296 sull‘erre
2717 1251 2912 1310 queant
2944 1242 3242 1310 spumantia
3270 1240 3480 1312 cymbia
3512 1241 3668 1306 lacte,

2275 1333 2437 1405 446
2455 1332 2723 1388 Caesarum
2751 1333 2967 1401 sanguis
2991 1333 3274 1402 pecudum,
3297 1332 3552 1397 verbena,
3580 1347 3669 1388 co.

3409 1422 3600 1495 [ronte.

2273 1516 2488 1572 Accitas
2515 1514 2673 1570 video
2703 1515 2860 1584 longe
2886 1514 3184 1583 dispergier
3211 1513 3446 1568 umbras.

2097 1612 2204 1669 475
2276 1611 2484 1667 Territa
2521 1610 2866 1679 Persephone
2897 1612 3058 1663 vertit
3089 1608 3306 1677 vestigia
3340 1618 3506 1673 retro,

2290 1705 2577 1760 Exstinctis
2603 1705 2829 1770 lacibus,
2859 1711 3029 1759 tracto
3060 1702 3276 1771 fugitiva
3302 1701 3532 1772 ﬁagello.

1707 1794 1996 1852 GLOSSIE
2039 1797 2375 1852 VETERES.

479 1895 604 1950 451.
632 1890 907 1949 Conditor.
937 1887 1257 1954 constitutor,
1277 1893 1613 1958 constructor.
1636 1915 1705 1958 -έ
1743 1884 1992 1942 Celeber-
2027 1894 2068 1952 Β
2099 1889 2214 1951 ﬁre,
2243 1889 2522 1958 infamare,
2549 1889 2822 1957 fumigare.
2850 1917 2919 1928 —-
2945 1887 3115 1952 Extis,
3149 1888 3443 1956 visceribus,
3476 1887 3516 1945 Ι.

409 1969 578 2017 rimus
617 1979 733 2023 ore,
777 1974 1062 2027 manuque,
1131 1957 1500 2027 famosissimus
1541 1957 1742 2026 eloquio
1778 1970 1825 2011 et
1855 1966 1997 2026 pote-

409 2036 968 2169 sluggfii‘ﬂelligionis,
994 2096 1388 2169 Christianitatis
1411 2136 1425 2159 ,
1452 2094 1490 2149 Ι.

485 2166 954 2238 4555.Augustum,
985 2167 1168 2222 nobile.
1226 2195 1296 2206 —
1345 2167 1604 2233 Curvare,
1654 2167 1868 2236 solebat,
1920 2166 1997 2223 ve’.

527 2264 535 2284 ι
578 2244 601 2287 ιι

410 2242 849 2372 ﬂ‘25‘};.mS’olleas,
881 2309 984 2361 ima
1010 2307 1216 2378 pedum,
1243 2307 1299 2360 id
1323 2314 1395 2361 est
1443 2307 1671 2376 vestigia.
1711 2335 1779 2346 —
1832 2306 1996 2362 Lam-

413 2387 564 2444 bere,
591 2381 858 2442 lambebat,
885 2379 920 2430 Ι.

487 2455 612 2508 457.
641 2451 884 2513 Advolvi,
908 2446 1286 2514 advolvebatur,
1316 2455 1360 2499 et
1389 2447 1704 2510 incurvabat,
1741 2447 1778 2500 Ι.

489 2523 613 2578 458.
662 2521 844 2588 Quin,
903 2520 1128 2587 insuper.
1163 2545 1236 2557 —
1288 2516 1464 2587 Gypso
1505 2558 1522 2585 ,
1571 2518 1732 2584 lapidi
1780 2517 1998 2570 simula-

415 2595 612 2718 (“253.
646 2659 894 2728 Pollucis,
920 2657 1042 2728 quia
1072 2657 1293 2710 domitor
1332 2657 1431 2727 fuit
1459 2672 1725 2726 equorum.
1765 2687 1836 2697 —
1873 2656 1996 2712 Sul-

2175 1958 2302 2014 460.
2338 1959 2596 2019 Hecaten,
2633 1958 2873 2022 Dianam,
2907 1958 2946 2012 l.

2183 2029 2306 2083 464.
2341 2030 2620 2092 Inseriato,
2651 2029 2899 2081 immisso.
2928 2059 2995 2068 —
3018 2027 3331 2094 Reserabal,
3362 2029 3580 2096 secabat,
3605 2031 3646 2085 1.

2176 2099 2302 2154 466.
2338 2098 2616 2166 Trepidas,
2642 2099 2972 2164 palpitantes,
3007 2099 3041 2151 Ι.

2172 2170 2300 2223 468.
2329 2167 2585 2233 Callidus,
2616 2169 2923 2237 ingeniosus.
2958 2198 3028 2208 —
3060 2170 3208 2232 Fine,
3235 2171 3399 2238 qualis
3437 2172 3500 2222 sit

2104 2268 2175 2279 —-
2198 2238 2447 2300 Notibat,
2480 2240 2756 2291 secundum
2784 2240 3196 2292 consuetudinem
3225 2239 3456 2305 illorum,
3491 2239 3529 2292 Ι.

2174 2307 2298 2361 472.
2325 2309 2568 2378 Cymbia,
2600 2323 2720 2378 vasa
2750 2309 2985 2377 oblonga.
3018 2309 3247 2377 Cymbia,
3273 2311 3569 2374 poculorum
3592 2323 3676 2374 ge-

2107 2395 2229 2459 nera
2257 2377 2380 2446 qua!
2399 2388 2445 2431 et
2473 2377 2726 2459 carchesia
2754 2379 3020 2445 dicuntur,
3054 2395 3086 2431 a
3127 2381 3457 2434 similitudine
3491 2379 3677 2449 cymba:

2106 2450 2250 2502 navis
2276 2459 2589 2518 nuncupata,
2625 2450 2662 2503 Ι.

2323 2518 2585 2598 limbi-as,
2617 2519 2866 2598 imagines
2893 2517 3202 2598 (lteri-tonum,
3231 2519 3340 2598 lso.

2173 2587 2298 2641 475.
2323 2586 2694 2658 Thesiphone,
2723 2588 2912 2658 Diana,
2932 2588 3008 2641 vel
3032 2587 3370 2658 Persephone,
3395 2589 3435 2642 1.
3455 2587 3679 2644 —Tbe-

3535 2169 3672 2238 ﬁnis.

2103 2659 2352 2726 siplione,
2385 2658 2572 2724 Diana,
2605 2656 2723 2711 Vat.
2757 2657 2820 2712 T.

1763 2766 2318 2825 COMMENTARIUS.

419 2884 537 2923 rum
562 2863 751 2934 aliquis
765 2860 1142 2934 Symmachum
1196 2867 1498 2934 apostatam_
1529 2859 1831 2934 appellavit.
1864 2859 1996 2934 Vide

422 2928 919 3007 prolegfnuniib‘z.
946 2931 1254 3007 Sermonem
1301 2928 1537 3007 esse_de
1587 2928 1796 3007 Juliann
1842 2933 1995 3007 Ἀρο-

422 3000 558 3064 stata
581 3000 744 3058 nemo
775 3003 907 3055 adeo
948 3003 1048 3054 erit
1076 3001 1329 3065 insipiens
1370 3001 1456 3068 qui
1499 3007 1677 3064 neget.
1729 3000 1997 3056 Maricttus

425 3093 601 3148 prope,
623 3074 827 3148 videtur
869 3072 1052 3134 fuisse,
1086 3071 1375 3148 utﬁglossze
1427 3071 1513 3148 de
1549 3069 1897 3148 Symmacho“
1924 3075 1999 3125 lo-

422 3139 606 3212 quanti
643 3145 798 3196 lideui
830 3149 1122 3206 priesmret.
1151 3139 1590 3212 Peveratus_liinc
1621 3141 1842 3212 colligit,
1869 3142 2001 3194 Pru-

424 3208 663 3270 dentium
689 3212 919 3265 adfuisse
945 3222 1258 3277 praesentem
1290 3208 1777 3272 sacriﬁcioJuliani,
1808 3212 1946 3274 quod
1970 3227 1998 3264 a

427 3285 719 3342 Prudentia
743 3271 969 3335 describi
993 3289 1146 3348 putat
1175 3280 1224 3332 iu
1257 3279 1516 3343 Romano,
1564 3293 1704 3334 vers.
1761 3271 1888 3334 1011
1947 3289 2002 3337 et
2029 3271 2074 3332 C

426 3373 580 3424 seqq.
615 3355 668 3409 ld
692 3353 946 3424 niihinou
974 3352 1244 3424 probatur.

499 3418 627 3480 451.
660 3421 994 3476 Marcellinus
1041 3419 1202 3474 refert
1247 3418 1516 3472 lulianum
1553 3419 1669 3488 jura
1711 3419 1762 3472 in
1815 3421 2006 3475 melius

428 3495 759 3554 correxisse.

501 3566 630 3619 454.
659 3563 775 3617 Ρυι.
807 3571 861 3614 et
891 3559 1121 3621 Tliuan.,
1167 3559 1311 3622 orbi;
1341 3560 1453 3624 alii,
1485 3557 1628 3613 Urbi.
1663 3559 2008 3613 Recentiores

432 3636 661 3703 amplcti
694 3641 815 3685 Sunt
847 3630 976 3696 orbi,
1007 3629 1147 3698 quod
1188 3628 1466 3683 Gallandio
1518 3644 1621 3682 non
1655 3631 1845 3697 placet,
1879 3631 2009 3683 mihi

434 3723 541 3762 non
566 3703 825 3770 dispiicet.

507 3767 819 3838 456.‘Apud
857 3769 1168 3832 Gregorium
1219 3769 1582 3822 Turonensem
1611 3767 1820 3822 diversa
1849 3769 2008 3822 lectio

430 3864 496 3900 ex
521 3843 827 3897 Culberlino
866 3839 1049 3893 codice
1090 3840 1291 3906 plantas
1339 3856 1358 3892 :
1399 3855 1516 3906 quae
1563 3839 1766 3891 admitti
1808 3841 2007 3906 nequit.

434 3921 688 3979 Advertc,
742 3915 908 3964 soleas
939 3925 1058 3962 esse
1094 3923 1260 3970 genus
1294 3909 1458 3962 calcei
1513 3908 1826 3962 feminarum
1887 3923 2012 3979 pro-

431 3978 848 4054 primnyncque
896 3981 974 4032 eis
999 3979 1068 4054 uti
1093 3980 1276 4032 solitos
1315 3981 1477 4054 vii-os,
1530 3980 1628 4054 nisi
1657 3993 1822 4054 _rar_o_,
1877 3978 2012 4054 et_in

435 4046 930 4116 conviviis;quibus
955 4048 1149 4116 probro
1176 4051 1501 4110 vertebatur,
1525 4049 1566 4100 si
1591 4046 1778 4116 soleati
1799 4047 2011 4100 incede-

434 4143 579 4180 rcn‘.
617 4115 778 4176 ltecie
804 4121 960 4187 igitur
989 4118 1302 4172 Prudentius
1321 4122 1413 4182 ait,
1443 4119 1601 4170 soleas
1618 4115 1856 4170 Junoms.
1887 4117 2015 4187 Vide

438 4198 586 4264 plura
617 4186 955 4264 inhancaem
987 4189 1036 4240 in
1070 4188 1482 4264 Balduiniopere
1505 4186 2014 4264 deCalceo_antiquo

436 4256 560 4332 cap.
598 4263 682 4324 11,
713 4259 802 4313 ubi
829 4258 1362 4332 busvcrsuslauilat,
1398 4274 1529 4326 quos
1553 4259 1748 4324 pariter
1787 4256 2017 4310 illustrat

440 4328 723 4393 lléraldus,
758 4344 875 4397 pag.
909 4329 1012 4381 578
1038 4328 1101 4378 ad
1135 4328 1444 4380 Arnobium.

513 4403 638 4456 457.
668 4398 831 4454 Aldus
851 4403 968 4451 eum
1001 4397 1152 4460 Ul‘b.,
1188 4397 1306 4451 Vat.
1363 4398 1425 4462 ρ,
1456 4397 1696 4462 aliisque,
1729 4398 2013 4450 incurvare.

441 4475 623 4536 Μυκη
656 4473 798 4532 I’ut.,
830 4468 1061 4528 Tbuan.,
1103 4467 1297 4529 0x0n.,
1331 4467 1616 4534 Gregorius
1666 4468 2014 4527 Turonensis,

439 4546 691 4601 incerare,
716 4539 854 4609 quod
883 4552 1064 4609 verum
1098 4545 1249 4609 puto,
1275 4546 1326 4590 et
1354 4546 1649 4609 mutuatum
1699 4551 1728 4590 a
1775 4536 2017 4609 Juvenfnli

2101 2877 2270 2930 genua
2309 2860 3006 2932 .llisericcrdire.Peveratus
3042 2876 3103 2915 es
3133 2863 3341 2926 Apulcii
3400 2863 3676 2932 Apologet.

2101 2932 2339 2985 etPlinio
2369 2931 2526 2997 epist.
2583 2932 2648 2983 ad
2669 2931 2953 2998 Traianum
3004 2933 3203 3001 colligit
3246 2940 3360 2985 Vota
3417 2949 3536 3000 qua:
3580 2931 3678 3001 pro

2101 3002 2323 3068 alicujus
2370 3001 2729 3054 incolumitate
2773 3001 3139 3065 solvebantur,
3187 3005 3530 3057 consuevisse
3573 3018 3678 3056 non

2104 3081 2307 3126 tantum
2339 3071 2544 3125 tabellis
2559 3070 2829 3140 mandari,
2863 3072 2954 3124 sed
2991 3083 3042 3123 et
3081 3088 3200 3125 cera
3235 3074 3342 3140 ﬁgi,
3367 3083 3420 3124 et
3466 3073 3677 3138 quide

2105 3143 2416 3210 plerumque
2461 3146 2510 3193 in
2545 3139 2748 3196 femore
2785 3157 3028 3212 genuqne
3065 3139 3290 3196 deorum
3316 3143 3512 3195 annulo
3529 3141 3679 3196 obsi-

2104 3213 2276 3282 gnari,
2302 3227 2349 3266 et
2379 3213 2448 3264 ita
2478 3214 2707 3278 explicat
2729 3215 2972 3266 incerare.

2176 3282 2302 3336 460.
2328 3282 2616 3349 Gregorius
2639 3283 2966 3336 Turonensis
3005 3282 3248 3335 Achatem
3279 3297 3372 3351 pro
3411 3280 3673 3346 licentem,

2111 3355 2249 3406 male
2275 3369 2289 3415 ;
2314 3353 2562 3420 sanguine
2589 3353 2748 3405 multo
2771 3361 2891 3421 apte
2924 3354 2989 3405 de
3015 3355 3292 3408 Sacriliciis
3321 3354 3535 3416 Juliani,
3559 3355 3679 3421 qni-

2110 3424 2209 3476 bns
2261 3423 2466 3490 agmina
2512 3438 2778 3475 vaccarum
2836 3423 3266 3478 immolabantur.
3329 3423 3560 3478 Consule
3601 3422 3683 3477 hi-

2109 3495 2326 3546 storias.

2179 3561 2305 3618 465.
2328 3561 2553 3633 Cjirolus
2586 3560 2896 3616 Paschalius
2916 3562 2982 3616 de
3005 3559 3131 3617 Cor.
3157 3579 3274 3633 pag.
3299 3561 3425 3626 256,
3449 3577 3566 3630 cap.
3599 3561 3684 3625 l7,

2112 3631 2203 3685 lib.
2233 3647 2306 3694 iv,
2335 3632 2579 3685 victimas
2599 3635 2909 3701 plerumque
2930 3645 3211 3687 coronatas
3229 3631 3494 3701 cupressu
3519 3637 3682 3685 luisse

2111 3715 2175 3754 ex
2211 3705 2309 3755 hoc
2346 3704 2462 3755 loco
2489 3706 2716 3756 maxime
2742 3706 2953 3771 probat,
2977 3714 3031 3759 et
3057 3705 3219 3757 multa
3243 3704 3482 3772 congerit
3508 3702 3575 3756 de
3595 3717 3686 3754 cu-

2119 3787 2328 3840 pressu.

2185 3840 2308 3895 464.
2343 3842 2488 3906 Α1-1.,
2524 3844 2694 3908 Egm.,
2728 3841 3000 3896 Ilcinciani
3032 3842 3212 3904 codd.,
3243 3849 3512 3905 reserarat,
3543 3840 3682 3909 quod

2126 3909 2289 3964 fuisse
2318 3913 2518 3980 videtur
2551 3912 2602 3964 in
2624 3913 2742 3966 Vat.
2777 3912 2814 3963 Β
2842 3928 2869 3963 a
2904 3916 3069 3980 prima
3103 3929 3279 3964 manu.
3306 3911 3407 3964 Alii
3438 3912 3687 3963 reserabat

2113 3995 2233 4033 cum
2273 3979 2489 4044 Weitz.,
2544 3994 2594 4034 et
2632 3983 2742 4036 Gis.
2790 3979 3113 4042 Paschalins,
3141 3985 3240 4034 loc.
3285 3984 3376 4036 cit.
3410 3995 3525 4048 pag.
3556 3981 3684 4046 245,

2115 4065 2233 4116 cap.
2272 4051 2354 4111 15,
2399 4065 2612 4117 ςυμιοςίε
2649 4052 2863 4102 disserit
2896 4053 2958 4102 de
2992 4053 3359 4105 sacerdotibus
3399 4051 3598 4103 \‘lll‘dllS
3634 4059 3689 4104 ct

2115 4121 2382 4174 coronatis
2410 4136 2473 4174 ex
2509 4121 2790 4173 l’rudentio
2819 4132 2869 4172 et
2900 4120 3035 4174 aliis.

2186 4189 2309 4242 469.
2338 4190 2618 4245 Wcitzius.
2647 4200 2782 4252 tum;
2805 4191 2892 4242 alii
2924 4207 3055 4242 cum.

2188 4261 2313 4313 471.
2350 4262 2493 4325 Ald.,
2529 4261 2663 4323 PaL,
2710 4261 2976 4314 11ιξίηδὶλιιί
3014 4260 3195 4328 codd.,
3244 4275 3457 4323 numen,
3494 4258 3685 4324 nescii,

2117 4331 2272 4399 quod.
2304 4331 2426 4396 Alii,
2452 4331 2618 4382 nescio
2643 4330 2776 4398 quod
2808 4347 3010 4384 numen.

2190 4399 2313 4454 472.
2359 4401 2432 4454 Ex
2468 4401 2684 4464 Virgilio
2709 4402 2798 4453 lib.
2831 4416 2885 4454 ιιι
2908 4400 3034 4453 Ain.
3059 4415 3202 4454 vers.
3247 4398 3358 4454 66:
3407 4398 3687 4470 Inferimus

2123 4472 2291 4539 tepido
2319 4471 2609 4539 spumantia
2641 4471 2838 4539 cymbia
2868 4471 3018 4523 lacte.

2192 4541 2313 4595 475.
2350 4538 2590 4593 Verbena
2633 4538 2875 4594 adhiberi
2922 4541 3074 4594 solita
3123 4550 3237 4593 erat
3285 4539 3335 4592 in
3382 4538 3691 4592 sacriﬁciis:

440 4613 605 4686 satira
635 4606 925 4686 lt),'genua
953 4608 1175 4686 incerare
1216 4606 1469 4686 deor‘unt.‘
1503 4607 1648 4660 Idem
1706 4607 2022 4686 Prudentius
2052 4630 2098 4686 D
2124 4628 2228 4680 quo
2260 4613 2471 4686 nomine
2503 4610 2661 4686 etiam
2705 4610 2837 4663 alias
2884 4609 3077 4664 herbas
3125 4624 3242 4678 quin
3286 4609 3694 4671 adhibebantur,

444 4683 736 4739 Hainartig.
764 4674 908 4731 rcis.
941 4676 1061 4741 401,
1095 4674 1298 4728 Incerat
1329 4677 1542 4744 lapides,
1576 4688 1682 4731 etc.
1709 4677 1810 4729 Alii
1861 4677 2016 4730 intel—

445 4754 636 4818 ligunt,
668 4751 891 4801 incerare
912 4760 1028 4799 esse
1053 4747 1272 4799 tabellas
1315 4761 1498 4818 cereas
1553 4747 1854 4815 appendere
1891 4757 2014 4801 ante

442 4817 670 4882 statuas,
692 4819 778 4870 alii
833 4821 988 4870 toties
1027 4826 1226 4869 statuas
1275 4817 1526 4878 osculari,
1557 4827 1614 4870 ut
1643 4832 1769 4868 saxa
1803 4818 2016 4870 sordida

445 4891 657 4954 ﬁerent,
682 4899 736 4942 et
764 4886 909 4954 quasi
949 4902 1068 4939 cera
1109 4886 1354 4938 obducta.
1399 4886 1597 4940 Neutra
1652 4885 2018 4952 interpretatio

445 4963 621 5027 placet
654 4974 810 5010 :nam
845 4957 1164 5027 Prudentius
1209 4957 1297 5027 li_l__i.
1319 4971 1357 5027 _t
1385 4957 1639 5009 adversus
1673 4955 1845 5023 Sym.,
1878 4972 2014 5027 vers.

441 5024 573 5094 903,
598 5029 672 5082 ait
702 5043 861 5080 :saxa
890 5027 1019 5078 illita
1067 5026 1192 5078 ceris
1228 5024 1438 5078 Viderat
1490 5033 1840 5093 unguentoque
1889 5024 2022 5078 lares

445 5103 736 5152 humescere
774 5097 964 5165 nigros.
997 5096 1146 5159 Quod
1181 5109 1289 5148 rem
1341 5111 1518 5148 verum
1567 5098 1829 5162 designat.
1881 5095 2020 5148 Cun-

443 5167 675 5223 suetudo
705 5168 797 5219 luit
821 5165 1042 5218 ethnicis
1071 5165 1298 5232 ungendi
1337 5166 1477 5225 oleo,
1534 5173 1625 5216 aut
1674 5179 1794 5217 cera
1819 5175 2019 5217 statuas

443 5241 691 5292 deorum.
723 5235 988 5289 Arnobius
1019 5234 1109 5287 lib.
1143 5249 1158 5287 ι
1199 5234 1466 5287 Adversus
1494 5244 1678 5302 gentes
1708 5249 1720 5286 :
1755 5233 2022 5301 Siquando

443 5321 807 5377 conspexeram
837 5305 1138 5358 labi-iculum
1187 5304 1425 5377 lapidem.
1461 5315 1506 5357 et
1541 5320 1600 5357 ea
1625 5305 1741 5377 olivi
1771 5305 2020 5377 unguine

445 5373 717 5430 odoratum
742 5384 981 5443 tanquam
1027 5378 1205 5426 inesset
1234 5374 1306 5426 vis
1337 5389 1576 5440 prcesens,
1605 5373 2022 5442 adulabar,‘uﬂ'a-

446 5449 541 5500 bar
585 5456 630 5498 et
663 5446 898 5512 beneﬁcia
946 5445 1208 5513 poscebam
1249 5444 1377 5496 nihil
1421 5443 1660 5513 sentiente
1714 5443 1775 5495 de
1821 5451 2017 5513 trunco.

444 5516 696 5570 Clemens
726 5511 1115 5568 Alexandiinus
1138 5513 1228 5567 Lib.
1253 5528 1319 5566 vn
1340 5516 1566 5567 Stroin.:
1594 5511 1664 5564 Hi
1685 5523 1800 5564 sunt
1821 5512 1898 5565 illi
1926 5513 2024 5578 ipsi

443 5589 530 5652 qui
563 5601 709 5637 omne
739 5584 934 5652 lignum
963 5592 1010 5636 ct
1042 5599 1188 5635 omne
1213 5599 1413 5652 saxum,
1436 5583 1586 5634 modo
1626 5584 1734 5634 oleo
1761 5583 2022 5634 inunctum

444 5651 522 5708 vel
539 5651 841 5706 lnbricalum
870 5662 1016 5717 esset,
1040 5651 1341 5705 adorabunt.
1372 5651 1503 5705 Vide
1528 5665 1686 5720 supra
1717 5667 1856 5705 vers.
1892 5653 2019 5706 293.

443 5722 701 5791 Corporis
730 5736 906 5792 partes
933 5724 1062 5778 alias
1094 5722 1212 5778 aliis
1243 5722 1342 5778 diis
1369 5723 1565 5777 ethnici
1616 5721 2017 5787 consecrabant,

2124 4693 2337 4734 vocatas
2373 4680 2532 4747 aliqui
2567 4689 2768 4745 putant.

2191 4749 2315 4803 474.
2359 4749 2576 4803 Veteres
2609 4749 2751 4814 libri,
2791 4751 3011 4811 accitas,
3045 4764 3165 4803 cum
3218 4747 3475 4816 Gregorio
3520 4747 3696 4801 Turn-

2125 4821 2296 4874 nensi.
2327 4818 2582 4873 Weitzius
2608 4819 2821 4886 scripsit
2852 4820 3058 4872 ascitas.
3109 4820 3357 4873 lie-nsius
3388 4821 3632 4886 Opinatur
3668 4833 3697 4875 a

2125 4893 2292 4958 prisci
2320 4905 2475 4942 manu
2501 4889 2663 4943 fuisse
2689 4893 2893 4952 eccitas,
2929 4890 3027 4942 hoc
3051 4900 3132 4943 est
3157 4891 3370 4955 excitos,
3403 4890 3541 4959 quod
3572 4905 3692 4957 pro-

2129 4963 2300 5028 prium
2328 4961 2379 5013 in
2411 4974 2466 5014 re
2497 4961 2698 5029 magica
2719 4971 2803 5014 est
2837 4960 3088 5027 verbum,
3130 4969 3188 5014 ut
3233 4963 3414 5014 multis
3453 4977 3519 5015 ex
3565 4961 3693 5012 locis

2125 5039 2354 5084 constat.

2197 5101 2324 5153 475.
2351 5099 2403 5152 ln
2436 5099 2670 5165 Thuan.,
2705 5099 3018 5161 1‘Iier..isore,
3056 5098 3251 5152 Weitz.
3291 5114 3407 5152 cum
3444 5096 3637 5149 Widm.
3671 5110 3698 5147 a

2127 5171 2294 5238 prima
2321 5186 2499 5233 manu,
2539 5171 2675 5223 Vatt.
2706 5169 2762 5234 Β,
2791 5173 2853 5233 ρ,
2887 5171 3064 5235 l‘rag.,
3102 5170 3242 5228 ll:it.,
3281 5169 3408 5219 Mar.
3450 5182 3478 5217 a
3525 5165 3691 5238 prima

2131 5233 2285 5292 inaiiu
2324 5239 2636 5308 'I'Izesfphone
2667 5240 2747 5292 vel
2779 5233 3091 5308 Tesiphone.
3129 5238 3391 5308 Cauchius
3420 5250 3481 5288 ex
3523 5233 3694 5308 conje-

2127 5319 2294 5373 ctura,
2333 5302 2618 5377 Tisiphone.
2650 5312 2810 5362 lleclc
2832 5302 2940 5370 alii,
2980 5306 3320 5370 Persephone,
3355 5307 3401 5356 id
3444 5314 3526 5357 est
3570 5302 3698 5355 Ρω-

2128 5382 2356 5444 Serpiiia,
2389 5380 2452 5431 de
2479 5380 2627 5442 cujus
2650 5383 2814 5429 sacris
2840 5378 2924 5429 hic
2945 5379 3138 5442 agitur.

2197 5440 2320 5513 476.
2355 5446 2500 5510 Rot.,
2525 5440 2687 5513 fracto
2712 5461 2805 5512 pro
2835 5440 3015 5505 tracto»,
3062 5457 3164 5496 non
3197 5443 3372 5510 inepte
3407 5459 3418 5494 :
3461 5440 3701 5513 adlimret

2132 5509 2308 5586 Egm.,
2343 5509 2765 5586 Ιιείιις.,(ξιιεῃὶι.
2793 5522 2848 5567 ct
2878 5513 3026 5566 Teul.
3059 5509 3308 5586 Fortasse
3341 5520 3489 5564 torto.
3524 5509 3700 5586 Virg"

2127 5581 2488 5639 vei'beretorto.
2527 5584 2639 5638 Val.
2667 5584 2913 5651 Flaccus,
2943 5592 3076 5637 torto
3118 5584 3369 5652 Iuliarum
3401 5591 3565 5636 erecta
3601 5581 3701 5650 [la-

2124 5656 2278 5726 gallo.
