4120 6196
519 332 623 388 965

691 445 770 500 Nil
795 445 901 515 agit
924 458 1172 498 arcanum
1191 456 1429 496 murmur
1452 442 1825 496 :nilThessala
1854 458 2081 511 prosunt
2112 453 2157 508 Α

699 537 945 590 Carmina
971 551 986 590 :
1015 534 1252 587 turbatos
1274 540 1491 587 revocat
1521 534 1663 587 nulla
1688 534 1857 586 hostia
1884 550 2085 590 manes.

705 628 889 681 Nonne
920 627 1088 692 vides,
1122 636 1180 679 ut
1210 625 1493 679 thuribulis
1521 625 1833 693 frigentibus
1865 627 2000 693 ignis

698 719 965 773 Marceat?
994 729 1047 770 ut
1074 718 1221 771 canis
1248 718 1509 785 pigrescat
1548 732 1716 785 pruna
1746 718 1976 771 favillis?

698 812 836 864 Ecce
865 810 1131 877 palatinos
1163 818 1395 877 pateram
1428 809 1660 863 retinere
1689 809 1933 863 minister

699 898 811 950 Non
837 898 998 960 valet,
1024 896 1153 951 elisa
1185 896 1455 949 destillant
1484 896 1714 950 balsama
1738 896 1944 964 dextra,

699 988 918 1042 Flamen
949 1000 1002 1042 et
1030 988 1143 1055 ipse
1165 1001 1287 1040 suas
1317 988 1541 1039 miratur
1571 987 1773 1041 vertice
1800 988 1981 1041 laurus

696 1078 924 1141 Cedere,
958 1085 1012 1129 et
1040 1077 1299 1130 incertum
1335 1076 1616 1129 frustratur
1633 1078 1842 1131 victima
1876 1078 2092 1130 ferrum.

707 1170 921 1234 Nescio,
950 1170 1068 1237 quis
1097 1177 1244 1222 certe
1265 1168 1532 1235 subrepsit
1558 1166 1996 1223 Christicolarum

698 1257 854 1327 447
890 1256 1258 1325 llicjuvenum
1286 1272 1301 1321 ;
1334 1272 1497 1325 genus
1530 1257 1628 1311 hoc
1659 1257 1933 1309 hominum
1970 1266 2075 1310 tre-

1425 1346 1545 1419 [mit
1574 1346 1760 1410 infula,
1788 1356 1844 1401 et
1864 1362 2023 1401 omne

703 1439 954 1492 Pulvinar
979 1440 1179 1493 divum.
1207 1439 1370 1492 Lotus
1402 1438 1579 1506 procul
1608 1438 1764 1503 absit,
1799 1447 1853 1491 et
1882 1446 2089 1491 unctus.

701 1531 925 1585 Pulchra
951 1530 1256 1585 reformatis
1287 1530 1466 1584 redeat
1500 1527 1821 1598 Proserpina
1844 1530 2033 1583 sacris.

524 720 626 775 431)

526 1170 631 1225 485

1626 324 1900 381 AURELII
1941 323 2302 379 PRUDENTII
2343 322 2668 378 CARMINA.

3667 319 3764 377 96l

2374 442 2529 506 Dixit,
2553 452 2607 496 et
2635 442 2919 511 exsanguis
2941 441 3227 496 collabitur
3256 458 3270 496 :
3299 456 3361 496 ac
3391 441 3535 495 velut
3562 442 3736 510 ipsum

2373 532 2631 586 Cirneret
2658 542 2841 587 exerto
2871 532 3199 587 minitantem
3228 532 3447 587 fulmine
3472 530 3762 593 Christum,

2384 627 2497 693 Ipse
2517 641 2727 694 quoque
2748 626 3006 680 exanimis
3023 626 3195 693 posito
3212 625 3511 680 diademate
3524 625 3766 694 princeps

2379 718 2569 784 Pallet,
2593 726 2649 771 et
2670 725 2903 771 astantes
2927 717 3500 785 circumSpicit,ecquis
3520 717 3767 770 alumnus

2372 807 2693 860 Chrismatis
2718 807 2972 874 inscripto
2992 806 3227 875 signaret
3257 816 3495 874 tempora
3528 804 3712 871 signo:

2370 895 2533 965 448
2552 895 2649 962 Qui
2665 895 3012 949 Zoroastreos
3027 897 3291 950 turbasset
3307 895 3482 950 fronte
3495 908 3764 955 susurros.

2381 988 2625 1055 Armiger
2654 1001 2683 1040 e
2712 1001 2885 1040 cuneo
2915 1002 3199 1055 puerorum
3224 987 3649 1041 flavicomantum

2377 1075 2639 1143 Purpurei
2684 1085 2866 1129 custos
2897 1076 3077 1130 lateris
3108 1076 3453 1143 deprenditur
3484 1089 3659 1137 unus;

2376 1167 2482 1221 Nec
2502 1176 2677 1233 negat,
2704 1176 2756 1220 et
2782 1166 2995 1235 gemino
3023 1178 3288 1235 gemmata
3310 1166 3518 1219 hastilia
3550 1166 3693 1220 ferro

2376 1257 2614 1324 Projicit,
2645 1270 2706 1310 ac
2735 1256 2941 1324 signum
2964 1256 3164 1309 Christi
3186 1270 3243 1309 se
3274 1255 3412 1309 ferre
3442 1255 3657 1311 fatetur.

2374 1347 2625 1400 Prosiluit
2643 1348 2863 1415 pavidus
2886 1346 3095 1414 deiecto
3118 1346 3354 1399 antistite
3383 1346 3652 1414 princeps,

2196 1439 2299 1495 500
2372 1439 2726 1493 Marmoreum
2800 1437 3005 1508 fugiens
3060 1437 3209 1492 nullo
3252 1438 3543 1491 comitante
3592 1435 3765 1488 sacels

3560 1526 3694 1590 lum,

2196 533 2301 588 490

2200 988 2305 1043 495

1816 1618 2095 1675 GLOSS/E
2133 1617 2470 1674 VETERES.

596 1738 718 1790 477.
757 1734 1032 1796 Thess:ila,
1061 1735 1281 1799 magica,
1314 1733 1355 1789 1.

596 1807 721 1859 482.
760 1806 923 1867 Elisa,
955 1820 1219 1866 concussa,
1254 1804 1494 1865 tremula,
1529 1802 1567 1855 I.

595 1876 720 1929 485.
756 1875 992 1935 Flamen,
1021 1873 1258 1924 sacerdos
1278 1873 1442 1934 Jovis,
1469 1873 1611 1941 quasi
1654 1872 1858 1936 [ilamen
1886 1871 2092 1934 dicitur,

528 1947 644 2015 quia
668 1945 809 2015 ﬁlum
838 1944 1044 1995 rubeam
1071 1944 1123 1994 in
1139 1943 1318 2015 _capite
1343 1944 1597 2012 portabat,
1629 1942 1667 1995 I.

597 2010 721 2067 484.
752 2013 1075 2076 Frustratur,
1100 2010 1280 2069 cludit.
1305 2013 1344 2066 Ι.

596 2084 719 2137 486.
750 2083 934 2147 lnfula,
968 2084 1115 2133 vestis
1136 2081 1437 2143 sacerdotis,
1464 2079 1507 2137 1.

596 2153 719 2207 487.
758 2153 1025 2213 Pulvinar,
1066 2152 1226 2208 locus,
1267 2151 1342 2203 vel
1372 2151 1660 2204 collocatio.
1689 2178 1755 2192 —
1786 2150 1969 2216 Lotus,
2003 2149 2095 2203 ba-

535 2228 772 2290 ptizatus,
800 2232 999 2285 unctus,
1027 2238 1139 2272 cum
1171 2220 1475 2288 Chrismate,
1506 2224 1545 2273 Ι.

600 2294 721 2347 488.
754 2291 1089 2359 Proserpina,
1129 2290 1319 2351 Diana,
1353 2292 1392 2342 1.

600 2362 725 2415 491).
762 2358 980 2423 Exerto,
1008 2361 1205 2424 emisso,
1234 2361 1445 2428 nudato,
1471 2358 1546 2414 vel
1578 2359 1835 2429 expedito.
1865 2391 1935 2400 —
1962 2358 2095 2412 Ful-

530 2435 690 2496 tnine,
718 2431 914 2501 gladio,
943 2431 978 2485 1.

2130 1735 2176 1795 Β
2274 1731 2397 1786 494.
2422 1732 2788 1795 Zoroastreos,
2818 1730 3111 1786 Zoroastres
3133 1731 3267 1785 idem
3290 1730 3476 1783 dicitur
3505 1729 3764 1791 Mesraim,

2199 1804 2287 1869 qui
2315 1811 2493 1853 auctor
2519 1802 2826 1855 idololatria:
2853 1804 3013 1856 extitit
3035 1816 3053 1863 ,'
3074 1804 3149 1855 vel
3168 1802 3483 1862 Zoroastres,
3511 1812 3767 1868 magorum

2201 1874 2428 1941 primus,
2460 1882 2506 1923 et
2546 1888 2637 1925 rea;
2674 1871 3065 1924 Bactrianorum
3110 1872 3239 1939 fuit,
3276 1886 3421 1941 quem
3474 1869 3639 1921 Ninus
3682 1877 3768 1920 rex

2202 1939 2527 2009 Assyriorum
2559 1940 2736 2009 prwlio
2766 1943 3054 2009 interfecit,
3095 1959 3127 1993 a
3164 1957 3264 2009 quo
3310 1939 3640 1992 Zoroastreus
3680 1952 3769 1989 nos

2202 2027 2310 2062 men
2337 2013 2639 2078 adjectivum
2663 2026 2681 2075 ;
2708 2010 2783 2062 vel
2812 2012 2878 2062 ad
2920 2012 3028 2080 ejus
3050 2020 3343 2075 sectatores,
3386 2011 3461 2080 vel
3505 2010 3573 2059 ad
3612 2009 3768 2075 ipsum

2204 2081 2456 2148 magicam
2483 2090 2643 2133 artem
2674 2081 2908 2148 pertinet.
2938 2079 3282 2147 Zoroastreos,
3329 2079 3522 2147 magica
3560 2086 3766 2129 secreta.

2209 2149 2455 2202 Mesraim
2479 2149 2681 2219 Jupiter
2710 2149 2921 2215 fulmine
2954 2150 3224 2217 percussit,
3248 2158 3293 2219 et
3324 2150 3436 2200 ideo
3478 2149 3610 2199 inter
3637 2155 3770 2219 astra

2205 2220 2376 2285 ferunt
2407 2236 2521 2271 eum
2552 2216 2889 2288 assumptum,
2919 2216 3064 2284 quem
3103 2219 3216 2271 ideo
3254 2218 3559 2272 Zoroastren
3595 2216 3769 2285 appll-

2206 2288 2337 2351 lant,
2370 2290 2423 2341 id
2450 2300 2543 2351 est,
2572 2290 2739 2341 vivens
2766 2298 2976 2349 astrum,
3004 2288 3043 2340 1.

2275 2359 2399 2411 496.
2435 2358 2658 2417 Lateris,
2684 2359 2831 2426 regis,
2860 2358 2897 2410 l.
2918 2386 2984 2397 —
3017 2356 3184 2424 Unus,
3217 2357 3423 2427 quidam
3444 2356 3614 2423 ipsum
3637 2352 3767 2406 Pru-

2202 2430 2433 2481 dentium
2464 2428 2677 2496 intelligi
2706 2429 2897 2493 rolunt,
2932 2428 3089 2496 Prag.

1868 2539 2424 2595 COMMENTARIUS.

603 2652 725 2704 477.
767 2649 886 2703 Ald.
917 2689 931 2711 ,
970 2648 1261 2708 hircanum,
1304 2648 1479 2700 minus
1523 2646 1658 2701 bene
1699 2663 1793 2717 pro
1834 2665 2098 2702 arcanum.

533 2720 781 2776 Sidonius
810 2720 1084 2787 a-tnnlatus
1110 2719 1317 2769 videtur
1346 2716 1709 2787 Prudentium
1738 2718 1790 2771 in
1837 2720 2095 2787 Panegyr.

533 2792 598 2843 ad
624 2789 983 2849 Anthemium,
1010 2784 1281 2840 Chaldteus
1308 2788 1358 2837 in
1382 2790 1508 2838 extis
1540 2786 1848 2853 Pontiﬁcum
1870 2790 1931 2841 de
1964 2784 2100 2842 more

535 2876 686 2914 senex
713 2873 905 2910 arcana
934 2856 1123 2926 peregit
1154 2855 1441 2926 Murmura.
1470 2856 1895 2911 Elmenhorstius
1924 2858 1976 2911 in
2002 2859 2102 2911 Ar-

537 2930 753 2984 nobiutn
783 2942 904 2994 pag.
935 2927 995 2979 3|
1035 2928 1179 2992 plura
1206 2925 1361 2978 habet
1383 2926 1450 2979 de
1477 2942 1735 2979 murmure
1766 2944 1954 2980 arcano
1986 2943 2095 2981 ma-

535 3014 745 3069 gorum,
762 2997 878 3069 _sive
899 3000 1124 3069 fremere
1139 2995 1422 3069 verborum,
1456 3005 1512 3047 ut
1541 2997 1803 3069 Arnobius
1825 3006 1998 3069 vocat.

604 3054 742 3122 435.,
761 3054 1067 3119 Pascl'ialius
1096 3065 1163 3119 de
1189 3054 1418 3118 Coronis.
1442 3080 1559 3133 pag.
1590 3065 1716 3133 217,
1741 3081 1859 3134 cap.
1889 3068 1972 3130 15,
2002 3066 2093 3121 lib.
2125 3054 2172 3118 C

540 3155 611 3203 tv,
638 3154 701 3191 ex
732 3134 1020 3189 Prudentia
1048 3150 1105 3189 se
1135 3134 1341 3188 discere
1373 3136 1467 3199 ait,
1496 3135 1727 3189 ﬂaminis
1755 3136 1978 3190 Romani
2005 3151 2100 3191 co-

538 3222 723 3263 ronam
756 3206 920 3258 fuisse
949 3204 1206 3267 lauream,
1240 3203 1320 3256 his
1344 3204 1571 3257 laudatis
1600 3206 1864 3259 versibus.

601 3276 725 3333 485.
752 3276 1093 3329 l)nlcis~imos
1108 3283 1262 3327 vocat
1282 3272 1377 3328 hos
1401 3288 1588 3329 versus
1613 3276 1855 3330 Barthius
1878 3274 2098 3342 libau,

533 3363 649 3415 cap.
675 3348 741 3399 27
775 3346 906 3397 Adv.
942 3346 1158 3397 Diversa
1186 3344 1395 3415 videtur
1420 3360 1542 3398 esse
1575 3345 1816 3415 hismria,
1850 3363 2005 3413 quam
2035 3348 2101 3403 de

533 3412 720 3472 eodem
750 3415 958 3468 Jnliauo
994 3418 1245 3481 Apostata
1272 3412 1558 3481 Gregorius
1578 3412 1941 3470 Nazianzenus
1962 3426 2098 3470 orat.

539 3490 561 3540 1
600 3495 782 3538 contra
807 3483 996 3537 Julian.
1020 3484 1182 3535 refert
1208 3485 1274 3535 de
1294 3482 1463 3536 Cruce
1483 3495 1754 3547 coronata,
1779 3501 1872 3538 seu
1902 3487 2102 3540 circulo

540 3557 743 3609 inclusa
780 3554 913 3604 :alia
937 3560 1052 3605 erat
1082 3567 1213 3605 crux
1247 3561 1523 3616 coronata,
1554 3553 1640 3605 cui
1673 3556 1875 3608 scilicet
1901 3570 2098 3610 corona

538 3639 696 3689 supra
728 3622 1114 3689 imponebatur.
1139 3620 1214 3673 De
1253 3632 1474 3689 utraque
1506 3623 1661 3675 docte
1692 3623 1910 3678 disserit
1963 3626 2099 3679 Ros-

536 3690 843 3764 weydusad
869 3692 1139 3764 Paulinum
1168 3691 1220 3741 in
1243 3691 1399 3757 epist.
1431 3692 1520 3764 19.
1559 3690 1841 3764 lli_storiam
1873 3694 2099 3749 similem

537 3759 840 3817 Lactantius
868 3768 1048 3813 narrat
1078 3760 1168 3812 lib.
1198 3775 1267 3823 iv,
1304 3774 1420 3827 cap.
1452 3761 1520 3813 27
1550 3777 1565 3812 :
1599 3759 1727 3814 Cum
1749 3764 1847 3815 diis
1873 3766 1977 3816 suis
2003 3767 2100 3816 im-

534 3833 747 3892 molant,
774 3830 817 3883 si
846 3830 1047 3901 assistat
1076 3830 1261 3901 aliquis
1276 3830 1523 3899 signatam
1547 3834 1763 3897 frontem
1794 3848 1991 3901 gerens,
2013 3850 2097 3886 sa-

534 3919 621 3955 cra
648 3902 789 3953 nullo
810 3900 958 3952 modo
988 3901 1157 3969 litant.
1209 3897 1337 3951 Nec'
1363 3914 1604 3969 responsa
1648 3897 1811 3968 potesi
1842 3904 2101 3957 consultus

530 3972 745 4025 reddere
770 3977 928 4041 vates.
984 3967 1050 4041 _Et
1090 3969 1193 4041 hajc
1222 3984 1357 4041 sirpe
1388 3967 1542 4041 causa
1564 3971 1823 4039 pra'cipua
1848 3974 2101 4041 justitiam

533 4040 864 4110 persequendi
890 4038 1039 4091 malis
1062 4038 1260 4110 regibus
1286 4039 1400 4110 fuit.
1429 4036 1573 4110 Cum
1590 4036 1729 4092 enim
1750 4036 1957 4109 quidam
2002 4044 2092 4094 mi-

535 4108 809 4163 nistrorum
831 4108 1531 4176 nostrorumsacrificantibus
1553 4110 1772 4162 dominis
1786 4114 2099 4175 assisterent,

534 4182 768 4247 imposito
808 4179 1058 4247 frontibus
1089 4178 1233 4295 silqno
1273 4178 1392 4230 deos
1432 4178 1641 4229 illorum
1668 4186 1999 4248 fugaverunt,
2042 4199 2102 4234 ne

534 4259 735 4295 nossent
764 4251 815 4295 in
838 4248 1105 4295 visceribus
1141 4248 1409 4295 tostiarum
1436 4252 1606 4295 futura
1631 4252 1919 4295 deninnere-
1952 4252 2100 4295 nam

531 4259 735 4316 possent
764 4251 815 4301 in
838 4248 1105 4319 visceribus
1125 4248 1409 4319 hostiarum
1433 4252 1606 4311 futura
1631 4252 1919 4319 depingere.
1952 4252 2100 4316 Quod

530 4337 643 4371 cum
668 4320 1004 4386 intelligerent
1028 4316 1346 4381 haruspices,
1384 4316 1739 4386 instigantibus
1770 4316 1947 4371 iisdem
1985 4323 2095 4372 da:-

531 4389 781 4452 monibus,
816 4388 993 4459 quibus
1015 4396 1388 4459 prosecrarant,
1431 4398 1814 4459 conquerentes,
1854 4390 2096 4459 profanos

529 4461 756 4510 homines
785 4457 943 4509 sacris
975 4457 1230 4519 interesse,
1262 4455 1535 4525 adegerunt
1574 4458 1824 4526 principes
1855 4455 1998 4526 ipsos
2044 4460 2097 4512 in

557 4544 772 4580 urorem.

532 4529 871 4651 fauoggi’liat.
903 4597 966 4656 A,
991 4596 1083 4647 hoc
1111 4610 1128 4658 ;
1159 4593 1275 4647 Vat.
1312 4593 1370 4645 Β.
1413 4593 1567 4661 Man,
1602 4596 1683 4648 hic
1704 4600 1946 4664 juvenum
1975 4613 2094 4651 cum

531 4668 665 4720 aliis.
696 4667 799 4721 Sed
830 4665 993 4718 Aldus
1031 4680 1132 4715 non
1165 4663 1296 4716 bene
1326 4664 1630 4733 distinguit:
1658 4663 2090 4721 Christicolarum.

531 4736 631 4790 llic
668 4738 908 4803 jurettum
951 4750 1109 4800 genus
1158 4734 1264 4803 hoc
1293 4734 1553 4785 hominrcm
1600 4738 1785 4795 tremit,
1828 4738 2015 4801 infula,
2050 4748 2096 4789 et

528 4822 694 4867 omne,
729 4816 828 4858 etc.
864 4805 976 4874 (iis.
1002 4804 1034 4853 2
1062 4804 1220 4874 edit.,
1250 4802 1348 4853 huc
1378 4805 1639 4872 juvenum.
1677 4806 1831 4858 Fabr.
1864 4806 1981 4857 lluc
2004 4810 2096 4874 ju-

530 4890 706 4926 venum
728 4891 745 4928 :
768 4874 931 4924 tremit
953 4871 1047 4921 hoc
1066 4873 1322 4923 hominum
1344 4890 1497 4936 genus
1521 4876 1681 4940 infula
1708 4876 1897 4927 idoneo
1912 4871 2091 4928 sensu.

529 4944 773 4996 Heinsius
802 4942 963 4993 edidit
991 4941 1091 5003 hic,
1118 4941 1207 5009 sed
1232 4956 1334 4991 non
1364 4944 1433 4993 ait
1464 4958 1595 5009 quos
1618 4944 1829 4997 codices
1856 4956 2088 5009 secutus,

529 5014 770 5082 quamvis
799 5009 1091 5082 Giselinum
1123 5008 1436 5082 deseruerit.

602 5084 724 5136 487.
760 5079 1021 5135 Lucianns
1064 5081 1115 5129 in
1150 5078 1538 5132 Pseudomante
1562 5080 1628 5132 de
1661 5081 1948 5145 itnpostore
1975 5084 2093 5136 Ale-

529 5154 731 5208 xandro
764 5170 773 5204 :
802 5150 975 5202 Primo
997 5149 1197 5214 quidem
1228 5147 1309 5197 die
1343 5148 1721 5201 Atheniensium
1758 5154 1855 5203 ritu
1897 5154 2091 5204 denun-

527 5224 668 5275 tiatio
698 5223 847 5292 fiebat
880 5217 1175 5288 hujusmodt'
1209 5233 1225 5268 .'
1257 5218 1457 5292 Siquis
1486 5219 1689 5292 impius,
1718 5230 1805 5271 aut
1845 5222 2092 5275 (.‘Iiristia-

526 5310 641 5356 mis,
674 5289 762 5345 aut
806 5291 1087 5349 Epicureus
1130 5289 1482 5354 mysteriorum
1528 5290 1821 5355 exp/order
1856 5294 2088 5354 accessit,

523 5364 767 5414 discedat.
817 5360 1065 5413 Cmtcrum
1097 5359 1177 5419 qui
1229 5357 1331 5409 Deo
1372 5358 1583 5409 credunt
1621 5369 1667 5410 ct
1708 5370 1905 5424 parent,
1934 5363 2090 5413 sacris

524 5432 735 5501 feliciter
766 5433 1044 5481 initientur.
1082 5426 1331 5501 Sub_ha’c
1358 5429 1587 5501 protinus
1613 5430 1963 5501 exigebantur,
1996 5434 2089 5482 il'o

524 5494 798 5568 prtreunte,
830 5500 1119 5565 dict'nteque
1142 5512 1157 5547 :
1182 5494 1341 5547 Foras
1380 5499 1631 5565 pelluntur
1657 5494 1952 5552 Christiani.
1998 5502 2089 5555 llis

527 5573 698 5623 verbis
728 5572 859 5623 lotus
884 5577 929 5619 et
960 5578 1138 5618 unctus
1182 5577 1571 5620 Sacramentntn
1607 5570 1849 5632 baptismi
1874 5586 1919 5622 ei
1953 5586 2087 5623 cnn-

528 5642 838 5690 lirlnatinnis
858 5636 1082 5697 ριιιτίιηὶ
1109 5645 1312 5707 eertum
1344 5646 1444 5688 est.
1482 5637 1608 5691 Vide
1637 5640 1817 5707 liymn.
1847 5640 1999 5692 Cath.
2030 5642 2083 5705 6,

527 5724 663 5761 vers.
694 5711 815 5773 128,
858 5720 907 5761 et
953 5704 1231 5758 liaronium
1276 5718 1403 5756 totn.
1454 5708 1466 5756 Ι
1510 5704 1724 5774 Annal},
1763 5724 1811 5775 p.
1857 5708 1983 5773 219,
2024 5727 2082 5762 ac

2204 2649 2389 2703 confer
2405 2647 2738 2703 Malvendam
2763 2647 2830 2702 de
2854 2648 3181 2703 Antichristo
3203 2662 3321 2715 cap.
3347 2648 3433 2711 l0,
3458 2646 3552 2701 lib.
3570 2661 3663 2707 vn,
3685 2648 3768 2712 qui

2206 2720 2303 2773 hos
2328 2734 2519 2772 versus
2550 2719 2762 2783 laudat;
2793 2731 2843 2773 ut
2901 2719 3211 2773 Gretzerum
3241 2720 3309 2772 de
3346 2719 3517 2772 Cruce
3549 2728 3603 2770 et
3642 2717 3769 2769 alios

2206 2790 2517 2843 innumeros
2551 2798 2893 2854 praeteream.

2274 2859 2399 2912 490.
2450 2857 2680 2911 Consule
2715 2859 2905 2911 Baron.
2948 2857 3050 2911 loc.
3093 2858 3209 2918 cit.,
3244 2865 3299 2909 et
3343 2854 3675 2909 Paschalium
3706 2856 3771 2910 de

2212 2926 2438 2981 Coronis
2466 2928 2660 2994 p.%6,
2689 2943 2739 2980 c.
2770 2928 2853 2993 15,
2884 2927 2975 2981 lib.
3006 2942 3075 2990 iv,
3103 2929 3187 2995 qui
3216 2942 3280 2980 ex
3311 2927 3409 2978 hoc
3444 2926 3561 2978 loco
3595 2927 3770 2988 docet,

2204 2998 2348 3065 ipsos
2372 2998 2663 3064 principes,
2694 2999 2902 3064 quoties
2945 2996 3341 3063 sacriﬁcabant,
3386 2997 3655 3064 regalibus
3689 2996 3767 3048 in-

2202 3069 2438 3138 signibus
2461 3068 2623 3121 fuisse
2645 3066 2982 3138 conspicuos.

2275 3138 2493 3218 49110
2534 3133 2802 3192 nonnullis
2832 3135 3009 3207 Vulgs,
3047 3137 3319 3202 examinis,
3364 3133 3641 3203 mendose,
3679 3148 3770 3203 pro

2203 3223 2473 3263 exultantis.

2273 3278 2399 3333 492.
2454 3279 2596 3343 Put.,
2646 3278 2839 3331 circum
2878 3278 3105 3346 inspicit,
3147 3277 3289 3346 bono
3331 3275 3542 3346 quidem
3575 3288 3767 3346 sensu,

2202 3349 2341 3417 quod
2367 3348 2579 3417 praefert
2608 3347 2757 3402 Teol.
2793 3363 2911 3402 cum
2939 3344 3147 3413 lleins.,
3188 3345 3287 3417 sed
3314 3344 3553 3417 [uerique
3574 3344 3770 3417 habfnt

2202 3414 2559 3487 circumspicit,
2594 3418 2731 3485 quod
2760 3427 2935 3471 exstat
2964 3418 3121 3471 etiam
3152 3414 3290 3481 apud
3321 3414 3633 3487 Gregorium
3652 3414 3769 3487 Δ’111-

2203 3483 2486 3541 ronensem
2518 3483 2620 3541 loc.
2650 3487 2741 3541 cit.
2778 3488 2892 3541 Vat.
2924 3487 2985 3546 Β,
3012 3488 3186 3551 nequis
3217 3498 3313 3553 pro
3342 3494 3387 3537 et
3416 3485 3549 3553 quis,
3584 3483 3665 3535 vel
3692 3499 3769 3553 ec-

2200 3558 2334 3625 quis.
2366 3557 2499 3611 Vide
2528 3571 2686 3625 supra
2711 3571 2853 3612 vers.
2904 3556 3005 3611 186
3044 3556 3185 3623 quod
3224 3552 3379 3607 notat
3424 3552 3665 3606 Gifanius
3702 3552 3766 3607 de

2204 3629 2301 3697 hac
2331 3642 2461 3680 voce
2488 3636 2534 3679 et
2558 3627 2694 3697 quis.

2272 3695 2398 3749 495.
2426 3689 2828 3763 Rot.,'siqnarit,
2851 3693 2992 3763 quod
3027 3692 3223 3761 placuit
3262 3691 3501 3763 Heinsio.
3526 3689 3595 3763 _S.
3642 3689 3768 3763 Gre.

2201 3767 2380 3834 gorius
2428 3761 2757 3820 Turonensis
2794 3761 2897 3818 loc.
2933 3764 3059 3826 cit.,
3098 3762 3473 3834 signaretrsed
3523 3761 3577 3813 in
3608 3762 3769 3834 tertio

2202 3830 2326 3895 1115..
2355 3835 2591 3903 signarit,
2622 3847 2678 3887 ut
2701 3834 3082 3888 animadvertit
3112 3830 3303 3903 editor.
3328 3831 3564 3903 Codices
3606 3830 3764 3903 H_ein-

2202 3894 2361 3969 siani,
2394 3894 2548 3967 illam,
2578 3894 2753 3969 Sich.,
2796 3904 2955 3965 Urb.,
2986 3903 3135 3956 Ales.
3174 3902 3291 3954 Vat.
3315 3901 3380 3966 Q,
3415 3900 3589 3969 Teol.,
3622 3899 3770 3969 ,Tor-

2204 3988 2363 4039 nms.,
2410 3974 2574 4028 editio
2626 3968 2785 4027 Basil.
2825 3974 2878 4026 in
2916 3981 3083 4033 textu,
3122 3971 3263 4036 Ald.,
3300 3972 3475 4037 Egm.,
3510 3968 3708 4022 Widm.
3740 3982 3769 4022 a

2203 4046 2371 4109 prima
2402 4059 2582 4108 manu,
2616 4047 2775 4111 ligno,
2806 4042 2945 4111 quod
2971 4044 3143 4107 aptius
3175 4044 3409 4094 colmret
3438 4040 3769 4111 cumqsigna-

2201 4122 2276 4165 ret
2329 4129 2485 4181 quam
2535 4109 2700 4181 signo.
2750 4109 2977 4166 Aliunde
3018 4121 3191 4181 tamen
3228 4109 3769 4181 lignumChrismatis

2202 4198 2306 4235 non
2333 4179 2398 4234 ita
2431 4179 2670 4251 apposite
2699 4183 2913 4236 dicitur.
2944 4179 3502 4251 Chamillardnsfalso
3530 4180 3767 4251 ait,_om-

2202 4268 2297 4305 nes
2319 4245 2709 4323 lt-gere'signo;
2741 4253 2852 4323 ipse
2883 4250 3008 4317 legit
3030 4251 3167 4319 ligno
3194 4248 3520 4323 cumlleins.
3550 4245 3764 4323 Callan-

2202 4323 2319 4374 dius
2351 4318 2551 4375 mavult
2571 4318 2721 4388 'ligno
2752 4322 2870 4389 quis
2904 4318 3084 4387 postea
3130 4335 3293 4389 vers.
3315 4318 3419 4372 498
3452 4320 3688 4389 occurrit
3712 4332 3767 4367 ac

2198 4392 2398 4459 signum
2441 4384 2669 4456 Christi,
2727 4384 2847 4459 qua).
2892 4384 3028 4444 ratio
3072 4388 3333 4443 imbecilla
3381 4396 3483 4441 est.
3536 4384 3766 4440 Praefero

2198 4476 2363 4514 sumo.

2417 4529 2539 4583 Aldi
2566 4544 2718 4582 error
2738 4530 2909 4581 turbas
2933 4536 2999 4580 et.
3032 4527 3209 4593 Prag.,
3238 4526 3473 4579 turbarit.

2266 4600 2391 4653 493.
2427 4600 2635 4659 Noms.,
2667 4601 2917 4667 armigero
2945 4614 2971 4651 e
3001 4613 3159 4649 cuneo
3187 4612 3280 4663 pro
3305 4596 3526 4662 armiger
3545 4610 3572 4647 e
3593 4609 3763 4645 cuneo.

2199 4668 2356 4721 Fabr.
2386 4677 2440 4722 et
2472 4667 2584 4721 Gis.
2611 4670 2645 4721 2
2674 4669 2827 4730 edil.,
2876 4668 3386 4735 ﬂamnticomantum,
3422 4667 3765 4731 repugnanti-

2196 4739 2295 4793 bus
2326 4740 2672 4800 membranis,
2699 4740 2746 4790 in
2777 4738 2967 4803 quibus
2990 4745 3295 4788 constanter
3317 4746 3399 4788 e~t
3428 4736 3763 4802 ﬂavicoman-

2197 4818 2322 4870 tum,
2348 4819 2571 4874 excepto
2599 4810 2715 4861 Vat.
2742 4808 2805 4869 Q,
2830 4806 2916 4858 ubi
2946 4814 3027 4858 est
3046 4807 3550 4874 ﬂammicomantum.
3577 4804 3766 4874 ειυνοοο

2197 4893 2289 4929 cus
2324 4880 2413 4930 lib.
2448 4872 2495 4930 tv
2526 4878 2657 4931 dixit
2688 4878 2933 4928 ta‘darum
2966 4876 3467 4942 ﬂammicomantum.
3508 4872 3639 4925 Vide
3670 4873 3764 4924 Btt—

2197 4948 2491 5015 lengerum,
2515 4962 2633 5013 cap.
2656 4946 2744 5008 59,
2780 4946 2871 4997 lib.
2903 4960 2953 4997 111
2983 4944 3049 4998 de
3084 4946 3285 5015 lmper._
3304 4944 3483 5015 Rom.,
3511 4943 3575 4995 de
3598 4942 3764 5015 Armi-

2197 5010 2345 5085 geris,
2376 5026 2429 5068 et
2457 5010 2762 5082 Pigtiorium
2808 5021 3099 5085 comment.
3125 5010 3215 5085 ide
3263 5013 3440 5066 Servis
3471 5010 3762 5085 pag.__ll_9.

2196 5080 2438 5140 Cifanius
2490 5080 2600 5139 Ind.
2656 5086 2867 5137 Lucret.
2910 5083 3075 5136 verbo
3124 5084 3200 5135 Er
3231 5097 3449 5143 QUANTIS
3496 5080 3761 5145 intelligit.

2196 5171 2389 5223 pueros
2412 5156 2807 5208 llavicomantes
2838 5152 3001 5205 fuisse
3024 5154 3353 5223 Germanos;
3382 5152 3456 5223 sic
3476 5149 3760 5223 Germania

2194 5218 2327 5293 flava
2375 5224 2569 5277 dicitur
2610 5225 2702 5276 lib.
2745 5239 2793 5275 tv
2824 5220 3578 5293 1111ιηί1.ΙιογτιιίιιδμΕῃοοΙΑΘ
3611 5238 3624 5271 :
3658 5218 3762 5270 Nic

2193 5290 2299 5362 fera
2330 5294 2545 5347 caerulea
2576 5295 2768 5345 domuit
2807 5292 3081 5344 Germania
3111 5293 3255 5357 pube.
3281 5290 3387 5343 Cur
3410 5305 3591 5362 pueros
3618 5295 3762 5341 vocet

2198 5360 2495 5431 ministros,
2528 5367 2639 5417 sive
2666 5362 2923 5415 satellites
2945 5363 3189 5413 custodes
3218 5362 3479 5429 corporis,
3508 5360 3630 5411 vide
3652 5372 3760 5425 quin

2198 5436 2433 5488 diximus
2463 5434 2525 5485 ad
2554 5448 2697 5486 vers.
2734 5434 2757 5485 1
2797 5435 2979 5499 hymn.
3011 5433 3043 5483 1)
3069 5431 3223 5483 Catii.

2264 5506 2388 5558 499.
2426 5503 2583 5556 Fabr.
2632 5513 2684 5555 et
2717 5496 2853 5563 Gis.,
2884 5501 3132 5569 prosiliit;
3175 5499 3383 5569 codices
3410 5514 3566 5564 mss.,
3605 5496 3749 5569 prosi-

2195 5574 2288 5625 luit
2315 5589 2334 5627 :
2361 5583 2414 5625 et
2442 5573 2511 5625 ita
2540 5566 3023 5625 scribendum'esse
3052 5580 3230 5625 monet
3263 5568 3506 5623 Gifanius
3546 5572 3645 5621 loc.
3670 5566 3753 5619 cit.

2194 5645 2357 5697 verbo
2392 5644 2637 5696 DISSILUI.
