4120 6196
396 309 504 369 085

1729 518 1905 589 [pinas

573 605 740 676 Erigit
768 606 832 659 ad
865 608 1058 662 coelum
1093 607 1280 671 facies,
1308 617 1466 678 atque
1507 607 1717 662 invocat
1746 608 1936 662 Iesum.

571 695 758 749 Jamne
788 695 927 764 piget
960 696 1115 751 lacti?
1139 697 1158 767 j
1179 714 1247 753 tm
1285 697 1551 768 poenitet?
1585 713 1652 752 en
1683 697 1779 751 tibi
1815 697 1974 751 Chri-

1719 791 1906 863 [stum,

577 874 766 931 Infelix
798 877 1000 941 .ludaca,
1035 879 1198 934 Deum
1233 895 1246 933 :
1273 881 1360 950 qui
1392 881 1610 936 sabbata
1641 882 1857 936 solvens

578 967 800 1032 Terrea,
829 969 1086 1024 mortales
1107 979 1304 1025 acterna
1338 971 1389 1024 in
1415 971 1638 1025 sabbata
1666 972 1913 1040 sumpsit,

576 1058 837 1113 Gentibus
860 1062 1100 1125 emicuit,
1136 1061 1396 1130 praefulsit
1431 1062 1666 1130 regibus,
1695 1063 1880 1116 orbem

579 1149 745 1221 449
775 1151 1046 1216 l‘ossidet,
1093 1152 1299 1220 imperii
1331 1152 1600 1206 dominam
1632 1153 1731 1206 sibi
1759 1153 1979 1207 credere

1662 1243 1905 1313 [Romam

569 1332 863 1402 Compulit,
894 1342 947 1386 et
973 1332 1256 1387 simulacra
1298 1333 1454 1388 deum
1483 1335 1705 1402 Tarpeia
1748 1335 1977 1406 subegit.

581 1423 735 1478 Disce
758 1424 863 1477 tuis
885 1422 1183 1477 miseranda
1212 1425 1384 1490 malis,
1405 1440 1508 1492 quo
1529 1424 1738 1480 vindice
1766 1425 1977 1480 tandem

575 1514 723 1567 Vana
753 1512 1090 1582 superstitio,
1122 1513 1206 1566 lex
1231 1523 1284 1568 et
1313 1514 1600 1569 carnaliter
1627 1524 1745 1570 acta

575 1607 844 1661 Plectatur
867 1621 881 1659 :
909 1606 1058 1674 cujus
1082 1606 1250 1661 virtus
1282 1617 1332 1663 le
1360 1620 1592 1678 proterat
1620 1611 1798 1666 ultrix.

575 1697 924 1751 Destructone
948 1697 1126 1764 jacent
1152 1697 1456 1754 Salomonia
1489 1683 1611 1753 saxa
1643 1701 1879 1765 metallo,

395 965 504 1022 505

393 1513 502 1571 510

577 1785 863 1842 IEdificata
894 1787 1091 1839 manu?
1124 1787 1264 1856 jacet
1293 1789 1422 1842 illud
1452 1791 1629 1844 nobile
1661 1793 1938 1860 templum.
2009 1781 2054 1840 Β

572 1879 680 1931 (Eur
715 1877 892 1946 jacet?
929 1879 1152 1933 artiﬁcis
1193 1880 1315 1949 quia
1346 1881 1536 1936 dextra
1568 1883 1810 1938 solubilis
1843 1883 1972 1936 illud

394 1968 499 2024 5-15
571 1968 898 2024 Cmmentum
917 1971 1110 2024 struxit
1126 1972 1446 2039 resolubile;
1472 1973 1592 2040 jure
1608 1974 1842 2028 solutum
1862 1984 1964 2040 est,

572 2060 638 2114 Et
663 2059 921 2129 jacet:in
965 2059 1188 2116 nihilum
1230 2063 1481 2133 quoniam
1527 2065 1666 2120 redit
1695 2080 1853 2121 omne
1883 2081 1976 2136 po-

1705 2155 1900 2227 (natm.

569 2241 720 2308 Quod
751 2242 861 2296 fieri
893 2244 1103 2314 recipit,
1131 2243 1324 2312 recipit
1359 2244 1676 2314 quandoque
1703 2249 1897 2316 perire.

566 2333 622 2387 Si
668 2342 907 2388 nostrum
953 2345 1137 2390 COHU’l
1181 2333 1321 2404 quod
1348 2335 1436 2403 sit,
1471 2336 1551 2390 vis
1580 2336 1807 2401 discere,
1840 2348 1970 2394 lem-

1697 2430 1860 2501 [plum
1886 2449 1898 2484 :

576 2513 666 2567 Est
691 2515 840 2581 illud,
872 2515 1012 2584 quod
1055 2531 1214 2570 nemo
1245 2516 1422 2586 opifex
1461 2517 1721 2572 fabriliter
1748 2532 1936 2588 aptans

394 2601 503 2656 59.0
575 2602 906 2672 Composuit,
940 2605 1081 2674 quod
1115 2606 1258 2660 nulla
1291 2607 1462 2672 abies,
1507 2608 1728 2676 pinusve
1757 2610 1936 2666 dolata

567 2693 778 2759 Texuit,
796 2695 976 2750 exciso
1004 2696 1146 2763 quod
1173 2712 1441 2764 nunquam
1472 2711 1738 2753 marmore
1765 2700 1967 2754 crevit:

567 2783 733 2853 Cujus
761 2798 898 2840 onus
927 2785 1090 2839 nullis
1115 2785 1303 2840 fultum
1333 2786 1559 2841 sublime
1589 2788 1856 2846 columnis

1795 314 2233 372 Αφοτηεοειδ.

575 427 708 482 Tum
740 428 1048 484 tremefacta
1076 426 1290 494 cohors,
1325 427 1527 481 domini
1551 444 1636 497 jue
1667 427 1848 492 oblita,
1872 443 1962 482 su-
1993 430 2043 489 Α

3557 325 3662 383 966

2249 430 2473 484 Fornice
2501 440 2720 484 curvato
2753 433 2898 487 tenui
2925 446 3087 503 super
3112 449 3234 488 arce
3264 439 3514 506 pependit
3541 458 3556 498 :

2253 522 2414 594 450
2442 524 2546 578 Sed
2575 524 2747 579 Verbo
2776 525 2970 580 factum
3002 526 3229 593 domini,
3278 544 3382 583 non
3410 546 3542 586 voce
3567 549 3659 588 so-

3403 619 3587 692 [nora;

2081 703 2182 758 5‘35
2260 705 2363 760 Sed
2393 704 2566 760 Verbo
2589 745 2604 769 ,
2655 705 2798 774 quod
2843 720 3058 776 semper
3097 716 3231 777 crat,
3264 709 3495 764 Verbum
3534 729 3661 768 caro

3216 798 3432 870 [factum
3465 811 3546 855 est
3572 821 3586 857 :

2261 882 2370 937 Hoc
2397 883 2652 953 templum
2681 893 2938 940 aeternum
2972 896 3074 953 est,
3109 887 3210 942 hoc
3241 889 3398 942 linem
3430 905 3535 944 non
3565 893 3659 946 ha-

3239 980 3372 1051 [bet,
3406 981 3505 1036 hoc
3535 992 3586 1036 tu

2260 1063 2576 1133 Expugnare
2602 1064 2802 1132 Valens,
2851 1065 3054 1136 ﬂagris,
3093 1084 3273 1137 cruce,
3304 1072 3427 1128 felle
3458 1075 3658 1142 petisti.

2263 1155 2596 1208 Destructum
2624 1156 2790 1222 jacuit
2829 1159 3001 1225 pmnis
3030 1161 3368 1226 vexantibus,
3394 1173 3510 1217 esto
3536 1180 3550 1217 :

2257 1245 2437 1300 Matris
2477 1249 2620 1301 enim
2652 1262 2718 1301 ex
2757 1257 2934 1312 utero,
2966 1250 3105 1318 quod
3135 1252 3522 1323 destrueretur,
3558 1256 3656 1312 ha-

3383 1347 3584 1420 [hebal.

2078 1427 2184 1483 550
2258 1428 2362 1484 Sed
2395 1427 2534 1496 quod
2580 1439 2751 1486 morte
2797 1431 2947 1487 breri
2975 1443 3213 1489 materna
3245 1452 3309 1492 ex
3340 1449 3488 1505 parte
3513 1443 3657 1496 solu-

3345 1536 3452 1582 tum
3480 1539 3563 1585 εει

3345 1536 3452 1582 tum
3480 1539 3563 1585 est

2255 1609 2530 1675 Majestate
2557 1609 2731 1663 Patris
2762 1611 2936 1664 vivum
2971 1612 3058 1666 lux
3091 1614 3243 1668 tertia
3267 1527 3460 1672 re[ddit.
3568 1572 3584 1598 ’

2261 1699 2471 1763 Vidisti,
2503 1698 2755 1768 angelicis
2789 1701 3099 1756 comitatum
3132 1705 3376 1771 canibus,
3409 1707 3515 1763 alte

2255 1790 2336 1843 Ire
2366 1806 2566 1855 meum,
2595 1791 2747 1860 cujus
2776 1805 2963 1847 servor
3000 1794 3295 1850 munimine
3316 1840 3329 1860 ,
3361 1809 3484 1865 temj
3508 1799 3614 1854 lum
3639 1818 3654 1856 :

2261 1879 2408 1934 Illius
2433 1890 2648 1935 aeterna:
2674 1882 3008 1949 suspendunt
3038 1885 3268 1940 culmina
3303 1899 3491 1955 portat,

2078 1970 2185 2024 555
2259 1972 2333 2024 Ac
2365 1985 2459 2038 per
2489 1971 2790 2025 inaccessas
2816 1973 3076 2026 scalarum
3109 1975 3272 2042 gloria
3305 1986 3478 2033 turres

2255 2061 2500 2127 Tollitur,
2524 2075 2577 2116 et
2606 2063 2859 2130 gradibus
2888 2063 3025 2118 lucet
3050 2067 3129 2118 via
3161 2068 3382 2122 candida
3407 2073 3650 2128 summis.

2251 2153 2321 2207 At
2351 2161 2436 2206 tua
2467 2164 2734 2222 congestae
2761 2157 3023 2210 tumulant
3055 2157 3359 2215 holocausta
3390 2164 3580 2219 ruinae.

2253 2241 2391 2308 Quid
2429 2257 2704 2310 mereare,
2738 2244 2888 2298 Titus
2917 2245 3119 2310 docuit,
3147 2249 3379 2305 docuere
3417 2253 3618 2320 rapinis

2255 2334 2590 2399 Pompeiana:
2619 2337 2761 2390 acies
2785 2353 2797 2388 :
2822 2336 3008 2404 quibus
3032 2342 3322 2408 exstirpata
3351 2357 3443 2410 per
3463 2359 3651 2401 omnes

2077 2427 2182 2482 540
2257 2427 2542 2482 Terrarum
2574 2427 2851 2498 pelagique
2882 2429 3060 2499 plagas
3094 2443 3174 2484 tua
3205 2436 3441 2488 tnembra
3473 2436 3652 2492 ferun-

3452 2525 3580 2598 [tur.

2254 2610 2468 2664 Exsiliis
2494 2625 2657 2680 vagus
2689 2610 2793 2666 huc
2822 2612 2948 2666 illuc
2979 2612 3304 2670 fluitantibus
3334 2629 3480 2672 errat

2252 2701 2494 2766 Judaeus,
2527 2710 2807 2771 postquam
2841 2705 3006 2772 patria
3036 2705 3103 2760 de
3133 2706 3261 2762 sede
3293 2711 3556 2777 revulsus,

2249 2792 2576 2862 Supplicium
2609 2807 2705 2860 pro
2730 2793 2878 2849 czede
2906 2794 3021 2860 luit,
3052 2793 3356 2866 Christique
3383 2800 3555 2866 negati

1683 2926 1970 2985 GLOSSAB
2012 2931 2354 2988 VETERES.

462 3040 587 3095 50!.
622 3041 848 3104 Domini,
881 3039 1216 3109 imperatoris,
1250 3039 1369 3094 Vat.
1403 3039 1468 3093 A.

461 3111 587 3166 505.
615 3111 717 3174 En,
753 3111 1079 3174 ostendendo,
1115 3111 1156 3162 l.

459 3181 587 3236 504.
612 3182 859 3240 Sabbata,
882 3183 1126 3249 requiem,
1155 3179 1194 3237 Ι.

460 3251 585 3307 5H.
629 3250 913 3317 Plcctatur,
943 3251 1233 3317 damnetur,
1270 3250 1532 3318 puniatur,
1566 3251 1607 3305 1.

2152 3045 2274 3099 51⁸1.
2319 3041 2543 3107 Recipit,
2575 3039 2768 3108 incipit,
2802 3039 2840 3092 Ι.

2144 3116 2268 3168 5'26.
2313 3114 2420 3166 lloc
2450 3124 2524 3173 tu,
2552 3109 2762 3174 Judaza,
2792 3111 2905 3162 Vat.
2941 3112 3001 3164 Α.

2144 3183 2265 3239 528.
2311 3180 2764 3245 Esto,adverbium
2794 3180 3111 3234 concedentis
3136 3181 3213 3234 uel
3235 3183 3584 3254 deliberantis,
3605 3188 3646 3244 Ι.

1737 3335 2297 3398 COMMENTARIUS.

460 3475 585 3531 501.
608 3474 730 3530 Ald.
763 3473 899 3538 Gis.,
929 3476 1084 3539 dum;
1111 3475 1269 3529 codd.
1301 3491 1434 3530 mss.
1463 3484 1518 3532 et
1546 3477 1631 3532 alii
1660 3477 1806 3543 editi,
1834 3489 1960 3544 tum,
1992 3479 2036 3540 C

388 3547 534 3611 quod
573 3555 658 3600 est
686 3546 842 3598 etiam
887 3547 937 3598 in
976 3545 1234 3611 Gregorio
1271 3547 1574 3602 Turonensi
1627 3550 1727 3602 loc.
1769 3550 1862 3604 cit.
1905 3550 1960 3603 In

391 3617 514 3669 Rat.
539 3623 811 3669 corrector
840 3615 1050 3682 ineptus
1079 3617 1218 3669 hunc
1242 3625 1294 3669 et
1321 3631 1434 3683 seq.
1468 3633 1679 3672 versum
1705 3619 1964 3674 emenda-

391 3687 469 3739 vit
495 3686 1042 3759 velicorrnpitpotius,
1067 3688 1266 3754 supinis
1303 3686 1529 3742 Vultibus
1566 3690 1782 3759 erigitur
1814 3692 1961 3757 caelo,

389 3764 550 3825 atque?
573 3756 808 3825 implorat
840 3755 1030 3808 Iesum.

462 3824 586 3879 502.
615 3824 738 3896 ﬁeld.
776 3828 1004 3894 primum
1044 3825 1264 3896 scripsit
1297 3824 1464 3891 Isum,
1505 3833 1692 3896 postea
1729 3829 1965 3883 correxit

389 3897 578 3964 ipsum.
606 3895 729 3948 Haec
757 3893 1017 3966 correctio
1034 3893 1382 3966 _Gallandium
1405 3893 1568 3966 fugit,
1620 3899 1712 3965 qui
1750 3913 1964 3954 asseve-

389 3968 545 4087 ravilt,
573 3966 766 4021 Aldum
798 3965 994 4019 habere
1023 3963 1187 4019 Isum.
1225 3965 1361 4036 Lege
1393 3963 1567 4020 Iesum
1608 3963 1677 4023 ex
1716 3967 1874 4023 dictis
1910 3970 1963 4022 in

390 4051 488 4087 oro
510 4051 594 4087 ea.

429 4051 573 4088 ΓΟΙΘΞ
580 4072 594 4087 .

618 4104 748 4158 Mar.
770 4119 807 4177 Aa
840 4104 1007 4172 prima
1036 4119 1213 4168 mann,
1255 4103 1515 4177 prtvfulgit
1556 4120 1653 4174 pro
1681 4107 1960 4177 praefulsit.

387 4173 506 4229 Non
530 4191 745 4247 prorsus
769 4175 1002 4247 ineptum
1033 4173 1401 4247 estprcefulgit
1436 4173 1606 4247 tertiis
1631 4173 1966 4247 conju'gatao-

386 4249 492 4299 nis.
529 4245 676 4313 Egm.
711 4255 766 4298 et
799 4244 1002 4305 Vat.A,
1039 4243 1221 4297 Urbem
1250 4243 1347 4314 pro
1387 4246 1576 4301 orbem.

459 4316 582 4369 507.
627 4314 806 4378 Fabr.,
834 4314 946 4368 Gis.
977 4314 1009 4365 2
1035 4316 1189 4380 edit.,
1222 4315 1490 4369 lleinsiani
1521 4315 1737 4382 scripti,
1767 4319 1962 4382 cedere,

386 4386 530 4450 quod
565 4385 728 4437 Aldus
756 4399 966 4452 quoque
998 4385 1191 4452 posuit.
1240 4389 1353 4439 Gis.
1396 4388 1414 4438 l
1451 4387 1559 4452 cd.,
1583 4385 1800 4448 Weitz.,
1821 4387 1958 4442 Vatt.

383 4457 432 4508 Α
458 4465 514 4508 et
542 4454 601 4517 Β,
635 4455 788 4516 Man,
820 4455 963 4518 liat.,
993 4456 1214 4508 credere.
1257 4457 1682 4510 Elmenhorstius
1712 4459 1761 4510 in
1793 4461 1966 4510 Arno-

384 4525 684 4597 biumpag.
713 4525 776 4578 41
815 4525 1039 4597 illustrat
1071 4526 1143 4597 id,
1166 4526 1316 4597 quod
1347 4526 1514 4580 Roma
1541 4527 1733 4581 dicitur
1763 4527 1965 4597 imperii

400 4595 623 4646 Domina
649 4609 711 4647 ex
742 4594 979 4648 Arnobio
1009 4603 1066 4648 et
1087 4595 1226 4648 aliis.

458 4665 582 4718 510.
625 4661 948 4728 Carnnliter,
1009 4674 1061 4718 et
1111 4665 1244 4717 infra
1303 4665 1528 4718 carnalis
1573 4681 1606 4717 v
1642 4679 1734 4719 eos
1782 4668 1961 4721 saeculi

383 4734 544 4854 mn’ei.
575 4732 629 4789 S.
667 4734 1020 4803 Hieronymus
1053 4749 1179 4789 usus
1203 4751 1416 4804 quoque
1442 4744 1524 4790 est
1549 4736 1805 4790 adverbio
1844 4753 1962 4790 car-

383 4822 450 4854 nIt
475 4813 593 4854 iter.

383 4806 593 4857 utiliter.

453 4873 578 4927 5H.
621 4869 760 4940 PaL,
796 4872 915 4928 Vat.
950 4875 1014 4940 A,
1044 4873 1202 4926 virtus
1225 4883 1270 4926 et
1297 4889 1391 4942 pro
1410 4873 1565 4926 virtus
1589 4883 1656 4928 te.

453 4943 580 4996 512.
624 4942 739 4995 Ριιι.
791 4951 844 4996 et
893 4943 1042 5008 Egm.
1103 4943 1342 4998 scribunt
1388 4945 1691 4998 solomonia.
1743 4945 1870 5000 Mar.
1929 4961 1959 5001 a

382 5017 556 5082 prima
583 5027 740 5082 manu
765 5014 1036 5065 salmonia.
1846 5063 1851 5068 .

451 5083 580 5136 515.
622 5081 802 5152 Fabr.,
835 5091 1078 5136 caemento
1122 5097 1220 5152 pro
1247 5091 1568 5140 cannentum.
1608 5083 1858 5138 Heinsius
1888 5087 1958 5140 ita

376 5150 678 5217 distinguit.
709 5152 1016 5205 Cmmentum
1041 5150 1224 5206 struxit
1251 5153 1517 5207 resolubile
1538 5197 1552 5217 ,
1597 5155 1708 5216 iure
1734 5156 1960 5208 solutum

375 5233 474 5285 est,
504 5222 569 5274 Et
606 5225 764 5292 jacrt.
798 5223 948 5289 Quod
972 5237 1171 5291 sequor
1197 5239 1314 5276 cum
1343 5225 1520 5286 Alex.,
1555 5224 1710 5289 Urb.,
1739 5225 1857 5278 Vat.
1892 5227 1953 5292 Q,

375 5293 626 5353 utramvis
656 5292 929 5346 Fabricius
963 5296 1227 5359 putaverit
1272 5295 1442 5347 locum
1476 5301 1596 5348 csse
1627 5305 1955 5361 corruptum.

378 5361 650 5416 CiSclinus
692 5363 817 5430 legit
862 5373 1100 5415 cremento
1143 5379 1262 5417 cum
1296 5363 1560 5431 Fabricio,
1603 5371 1659 5417 et
1682 5364 1960 5431 distinguit

375 5433 510 5503 illud
560 5442 799 5503 caemento
843 5435 1060 5503 struxit;
1104 5434 1414 5498 resolubile,
1457 5437 1581 5503 jure
1607 5435 1833 5487 solutum
1862 5444 1955 5488 est.

377 5501 452 5555 lta
486 5503 606 5555 Ald.
634 5511 688 5556 et
719 5501 938 5569 Weitz.,
967 5502 1068 5556 1ιὶδὶ
1100 5505 1241 5572 quod
1283 5504 1335 5557 hi
1366 5501 1484 5557 cum
1528 5504 1848 5558 membranis
1879 5507 1955 5559 le-

374 5584 442 5640 ευ
453 5581 507 5623 nt
536 5583 852 5624 caementum.

447 5640 573 5697 518.
622 5641 673 5695 In
704 5641 823 5696 Vat.
856 5643 912 5707 Β,
962 5643 1099 5697 male
1128 5658 1155 5695 a
1187 5644 1388 5697 recenti
1431 5658 1588 5696 manu
1615 5683 1630 5704 ,
1661 5643 1783 5710 quid
1819 5643 1954 5710 ﬁeri.

445 5711 570 5766 525.
619 5711 1017 5770 Przcstantiores
1049 5714 1341 5776 lleinsiani,
1386 5714 1556 5776 Siclt.,
1589 5713 1804 5777 Weitz.,
1839 5714 1952 5769 Gis.

2070 3475 2120 3528 in
2150 3479 2322 3536 textu,
2361 3471 2526 3539 Bong.
2553 3483 2697 3537 sup.,
2729 3485 2886 3537 super
2920 3478 3048 3522 arte.
3081 3471 3267 3535 Aldus,
3301 3473 3487 3533 nostri,
3522 3473 3640 3528 Vat.

2067 3546 2132 3612 Q.
2165 3541 2276 3597 Gis.
2309 3543 2332 3594 l
2369 3542 2478 3604 ed.,
2517 3547 2571 3594 et
2599 3540 2664 3612 ad
2693 3554 2841 3612 orant
2873 3540 2917 3612 2
2947 3541 3100 3599 edit.,
3127 3541 3323 3595 Widm.
3357 3559 3384 3594 a
3413 3548 3646 3600 secunda

2066 3608 2247 3676 manu,
2265 3627 2414 3676 super
2443 3626 2580 3662 arce.
2597 3610 2774 3672 Alex.,
2791 3608 3114 3674 Urb.,super
3142 3621 3269 3677 arte,
3290 3628 3409 3667 cum
3427 3615 3639 3680 libanu,

2069 3684 2204 3739 Cell.
2254 3693 2308 3736 et
2349 3681 2543 3745 Teol.,
2591 3679 2727 3734 duce
2759 3680 2995 3732 Heinsio.
3042 3680 3166 3734 Mihi
3214 3697 3396 3736 verum
3442 3679 3650 3738 videtur

2065 3771 2202 3817 arce,
2231 3763 2284 3806 et
2314 3760 2440 3821 puto
2473 3750 2782 3821 respexisse
2828 3759 3034 3813 ioetam
3068 3754 3440 3820 etymologiam
3471 3771 3645 3809 arcus.

2069 3825 2128 3880 S.
2163 3819 2396 3895 Isidorus
2429 3820 2522 3875 lib.
2554 3819 2732 3889 Etytn.
2763 3836 2869 3895 xiv.
2902 3835 3021 3885 cap.
3053 3821 3088 3871 2
3118 3819 3136 3872 ἑ
3156 3819 3457 3876 Arcessant
3479 3837 3649 3895 partes

2067 3895 2207 3947 urbis
2253 3893 2464 3946 excelste
2500 3891 2892 3961 atquemunitte
2927 3904 2945 3941 :
2981 3905 3105 3961 nam
3142 3907 3456 3961 quiscunque
3479 3891 3649 3947 'tutis-

2065 3967 2195 4018 sima
2223 3963 2424 4015 urbium
2451 3972 2589 4024 sunt,
2618 3959 2679 4011 ab
2705 3959 2924 4013 arcendo
2969 3959 3161 4013 hostem
3189 3977 3331 4015 arces
3361 3959 3608 4018 uocantur
3629 4002 3644 4018 .

2065 4035 2199 4087 unde
2224 4041 2270 4083 et
2294 4047 2463 4095 arcus,
2478 4041 2523 4083 et
2549 4045 2691 4082 arca.

2135 4104 2260 4158 5'24.
2295 4101 2412 4153 Vat.
2443 4101 2506 4164 ρ,
2541 4114 2567 4148 a
2599 4098 2766 4166 prima
2791 4112 2973 4160 manu,
3004 4114 3124 4150 voce
3150 4116 3351 4154 serena.

2137 4171 2261 4226 525.
2303 4170 2406 4223 Alii
2437 4169 2772 4231 diSIinguunt
2800 4177 2931 4221 erat.
2977 4168 3217 4222 Verbum.

2127 4243 2250 4298 527.
2294 4240 2598 4308 Expurgare
2629 4253 2722 4306 pro
2755 4255 3050 4308 expugnare
3079 4278 3093 4301 ,
3139 4241 3276 4294 male
3300 4281 3316 4306 ,
3365 4244 3546 4297 nescio
3571 4257 3640 4298 ex

2068 4323 2175 4378 quo
2204 4311 2390 4365 codice
2420 4308 2487 4363 ad
2519 4324 2656 4376 mag.
2685 4309 2814 4362 edit.
2841 4308 3031 4362 Colon.

2138 4383 2266 4436 529.
2307 4381 2539 4444 Thuan.,
2573 4394 2704 4445 quo;
2743 4379 2855 4440 alii,
2878 4379 3034 4446 quod.

2137 4453 2263 4506 551.
2307 4451 2447 4510 Put..
2477 4452 2652 4502 minus
2681 4449 2837 4511 bene,
2867 4449 3039 4500 divum
3071 4449 3178 4502 lux.

2137 4524 2262 4577 555.
2300 4519 2357 4574 ln
2403 4520 2523 4574 Ald.
2570 4529 2624 4573 et
2649 4518 2769 4572 Vat.
2801 4520 2840 4571 B
2869 4532 2897 4569 a
2943 4519 3112 4586 prima
3160 4533 3319 4572 manu
3365 4534 3520 4575 error
3559 4531 3646 4579 est

2069 4593 2238 4660 feruor
2270 4605 2364 4660 pro
2392 4605 2582 4643 servor.

2139 4654 2282 4716 557(
2307 4661 2424 4715 Vat.
2455 4663 2519 4720 A,
2551 4669 2604 4712 et
2629 4672 2656 4710 a
2691 4654 2858 4724 prima
2896 4671 3056 4711 manu
3092 4658 3208 4712 Vat.
3252 4659 3313 4724 Β,
3356 4660 3641 4731 cumulant,

2070 4734 2245 4786 minus
2275 4734 2429 4793 bene,
2461 4743 2556 4798 pro
2587 4731 2860 4781 tumulant.

2139 4803 2262 4857 558.
2307 4797 2768 4853 Vide'Baroniuiu
2821 4807 2952 4850 tom.
3012 4797 3029 4851 l
3079 4799 3296 4863 Anual.,
3347 4815 3466 4868 pag.
3513 4801 3640 4857 657.

1989 4843 2042 4903 D
2070 4843 2262 4928 “diu;
2309 4869 2802 4939 l-lierosolymitanm
2861 4843 3296 4923 monumentum,
3328 4843 3644 4937 p'rgclari’nn

2068 4943 2248 4998 Romae
2277 4941 2484 5000 visitur,
2516 4949 2671 4991 arcus
2699 4938 2801 4992 Titi
2824 4980 2838 5000 ,
2867 4939 2917 4990 in
2950 4953 3054 5005 quo
3081 4939 3250 4994 .ludtci
3279 4941 3441 4995 vincti
3469 4944 3532 4995 ad
3567 4943 3644 4996 la-

2067 5024 2176 5067 tera
2206 5020 2681 5078 repraesentantur,
2714 5009 2856 5062 intra
2885 5009 3297 5075 candelabrum,
3343 5013 3536 5066 tabula‘.
3569 5013 3645 5066 le.

2062 5086 2142 5152 gis
2168 5127 2182 5150 ,
2231 5096 2413 5136 mensa
2454 5080 2887 5152 cumpanibus,
2932 5088 3004 5152 et,
3029 5082 3128 5132 alia
3164 5083 3344 5149 templi
3377 5083 3644 5148 supellex.

2066 5150 2256 5206 Arcam
2291 5153 2340 5205 itt
2373 5167 2436 5203 eo
2463 5151 2701 5204 exhiberi
2733 5151 2968 5218 plerique
2989 5150 3108 5212 jure
3137 5161 3348 5216 negant,
3379 5161 3436 5204 ut
3465 5153 3640 5205 dicam

2063 5223 2127 5276 ad
2174 5238 2314 5277 vers.
2366 5221 2470 5274 815
2525 5221 2716 5287 l‘sycli.
2771 5219 3052 5286 Inscriptio
3097 5235 3255 5272 arcus
3305 5220 3418 5273 haec
3448 5231 3642 5274 exstat.

2063 5309 2293 5347 SENATVS
2323 5304 2649 5350 PUPVLVSQVE
2683 5328 2696 5342 .
2728 5304 2967 5342 ROMANVS
3001 5303 3118 5340 DIVO
3142 5327 3155 5339 υ
3185 5304 3310 5341 ’ΠΤο
3339 5325 3356 5342 ο
3383 5306 3485 5342 DIVI
3512 5327 3525 5342 ο
3550 5305 3647 5342 νε·-

2063 5379 2293 5418 sessum
2319 5400 2332 5415 .
2360 5377 2388 5413 ι·-
2418 5372 2738 5412 vesrAstano
2761 5397 2774 5410 .
2805 5371 3038 5412 μονετο
3063 5394 3085 5413 .,
3107 5357 3238 5411 Vide
3265 5359 3527 5413 Donatum
3577 5361 3644 5412 de

2066 5434 2231 5487 Roma
2264 5430 2432 5486 veteri
2464 5445 2524 5481 ac
2558 5428 2779 5481 recenti.

2135 5505 2259 5557 559.
2301 5499 2498 5554 Confer
2526 5497 2740 5555 Florum
2773 5496 2865 5548 lib.
2893 5511 2972 5551 Ill.
3005 5510 3122 5563 cap.
3157 5499 3213 5562 5,
3257 5512 3375 5552 cum
3422 5499 3646 5553 Joannis

2063 5570 2326 5626 Camertis
2355 5566 2808 5632 adnotationibus,
2839 5577 2892 5620 et
2921 5566 3166 5622 Orosiutn
3213 5569 3306 5622 lib.
3337 5585 3409 5632 vt,
3441 5585 3470 5622 c
3490 5587 3558 5636 ιι).
3586 5569 3641 5623 6.

2137 5641 2258 5694 542.
2307 5638 2576 5692 lleinsiani
2607 5637 2827 5704 scripti,
2875 5638 3063 5705 patria,
3095 5654 3212 5694 cum
3241 5641 3354 5695 Gis.
3390 5640 3492 5694 Alii
3523 5655 3643 5693 cum

2067 5710 2187 5764 Ald.
2221 5720 2272 5765 ct
2301 5709 2516 5773 Wc'ttz.,
2551 5707 2747 5776 patriar.
