4120 6196
560 316 663 373 96⁸1

1681 310 1957 368 AURELII
1997 308 2359 365 PRUDENTII
2400 308 2725 364 CARMINA.

3716 307 3817 364 968

733 429 894 502 451
938 425 1204 498 Sanguine
1252 436 1531 493 respersus
1592 423 1876 478 commissa
1923 421 2130 490 piacula
2161 427 2208 485 Λ
2239 423 2344 478 555
2421 423 2698 474 Afﬁrmant
2729 434 2832 473 non
2863 431 2981 473 esse
3010 418 3200 483 Deum,
3237 416 3437 488 pietate
3465 416 3741 479 fatentur;

1868 513 2065 589 [solvit.

741 615 816 668 En
846 628 951 682 quo
978 612 1274 682 priscorum
1303 612 1471 664 virtus
1499 607 1727 663 deﬂuxit
1755 609 2008 662 avorum!

735 703 909 758 Scrvit
934 704 1002 757 ab
1030 703 1261 771 antiquis
1290 702 1504 768 delapsa
1533 699 1775 753 Iidelibus
1803 698 1978 751 haeres

734 795 1016 862 Nobilitas,
1049 792 1143 848 sed
1171 793 1277 860 jam
1315 807 1419 845 non
1453 790 1646 844 nobilis
1689 805 1704 842 :
1748 789 1834 843 illa
1865 795 2134 842 recentem

735 884 1021 953 Susceptat
1043 884 1250 951 captiva
1279 881 1470 945 ﬁdem;
1503 881 1583 934 vis
1615 889 1754 932 tanta
1788 879 2011 932 novella:

733 975 1082 1028 Credulitatis
1100 976 1259 1028 inest.
1275 974 1544 1028 Christum
1561 972 1826 1036 confessa,
1842 968 2137 1037 triumphat

738 1066 883 1118 Gens
915 1064 1073 1117 inﬁda
1109 1065 1288 1132 prius;
1339 1061 1536 1116 Christi
1565 1063 1658 1114 sed
1691 1061 1829 1114 victa
1858 1065 2098 1130 negatrix

737 1154 997 1209 Subditur
1026 1154 1270 1222 imperio,
1302 1153 1550 1206 dominos
1577 1151 1764 1206 sortita
1792 1152 1998 1205 Iideles.

806 1246 964 1313 Sunt,
997 1247 1088 1314 qui
1109 1245 1332 1299 Judaico
1359 1254 1642 1312 cognatum
1671 1243 1860 1310 dogma
1889 1242 2049 1296 furori

733 1339 894 1410 452
936 1339 1242 1405 Instituunt,
1285 1337 1458 1390 media
1495 1335 1764 1389 Christum
1804 1336 2009 1388 ratione
2048 1347 2134 1387 se-

1912 1424 2061 1495 [euti.

734 1521 846 1576 lloc
879 1529 1108 1588 tantum,
1136 1517 1279 1588 quod
1306 1532 1466 1572 verus
1499 1517 1659 1571 homo
1689 1525 1802 1582 est;
1843 1525 1896 1568 at
1924 1516 2135 1569 ctu-litus

1889 1605 2059 1678 [illum

2420 511 2696 578 Majestate
2738 519 2966 576 negant,
2999 522 3207 562 morum
3238 522 3335 577 pro
3365 506 3523 561 laude
3549 515 3813 560 sacratum

2417 600 2825 663 Coneelebrant,
2841 599 3082 652 adimunt
3101 605 3300 650 natura
3319 611 3526 650 summa
3547 611 3811 665 supernae.

2417 695 2588 747 Omne
2614 705 2746 760 opus
2776 689 3072 759 egregium,
3101 703 3193 757 per
3212 687 3352 757 quod
3375 687 3591 742 solertia
3612 687 3815 756 pollens

2418 784 2644 847 Emicat,
2673 782 2868 851 ingenii
2899 790 3001 844 est,
3030 790 3121 833 aut
3150 779 3388 843 roboris;
3434 778 3562 832 illud
3589 789 3748 833 acuto

2243 874 2345 931 560
2415 873 2590 928 Corde
2615 875 2786 942 viget;
2827 871 2972 926 duris
2999 870 3216 926 excellit
3246 869 3450 924 viribus
3479 869 3642 923 istud.

2412 965 2630 1018 Mortale
2673 973 2756 1018 est
2795 962 2888 1018 sed
2932 970 3214 1031 utrumque
3258 961 3495 1016 homini:
3533 976 3654 1015 nam
3685 975 3812 1014 cana

3438 1050 3747 1123 [senescunt

2418 1146 2654 1216 Ingenia,
2681 1154 2736 1200 et
2762 1143 2967 1199 validos
2995 1153 3311 1198 consumunt
3339 1143 3498 1198 saecla
3531 1144 3780 1199 lacertos.

2418 1237 2544 1290 llaec
2569 1250 2668 1289 nos
2699 1235 2752 1288 in
2777 1235 2983 1288 Domini
3015 1235 3210 1288 virtute
3239 1243 3292 1288 et
3322 1233 3478 1288 laude
3505 1236 3727 1302 perenni

2418 1326 2578 1398 453
2606 1327 2719 1380 Non
2750 1328 3050 1396 sequimur;
3081 1327 3372 1394 sequimur,
3398 1326 3545 1380 nullo
3567 1325 3706 1396 quod
3731 1340 3814 1382 se-

3398 1416 3563 1488 [mine
3591 1429 3748 1473 terra;

2243 1511 2350 1568 565
2422 1511 2702 1566 Germinat
2727 1528 2740 1564 :
2766 1511 3096 1565 immundum
3125 1509 3261 1579 quod
3298 1526 3403 1566 non
3431 1512 3500 1566 de
3529 1511 3648 1566 labe
3677 1511 3813 1565 virili

2420 1603 2594 1670 Sumit
2627 1603 2979 1672 principium;
3013 1613 3165 1658 tener
3207 1604 3354 1658 illum
3386 1605 3612 1658 seminat
3654 1603 3812 1674 ignis,

1847 1697 2133 1754 GLOSSZE
2175 1696 2516 1752 VETERES.

627 1793 756 1847 διδ.
795 1791 1035 1859 Delapsa,
1062 1791 1386 1862 degenerata,
1415 1791 1454 1844 I.

626 1863 751 1915 548.
792 1863 1092 1930 Susceptat,
1129 1859 1190 1913 id
1217 1871 1288 1914 est
1317 1868 1680 1930 suspectat.—
1699 1859 1948 1928 Captiva,
1982 1874 2126 1927 pere-

591 1936 726 1996 rina,
760 1933 797 1984 Ι.

557 1952 726 2006 grma,
761 1952 797 1984 I.

627 2001 750 2056 552.
789 2000 977 2054 Contra
1041 1999 1470 2054 Homuncionitas
1521 2000 1677 2052 dicta.
1730 1999 2136 2052 Ilomuncionita

555 2082 628 2124 est
672 2072 760 2138 qui
805 2069 1078 2124 Dominum
1129 2080 1325 2122 tantum
1373 2071 1627 2122 hominem
1679 2069 1842 2132 dicit,
1875 2070 1911 2121 Ι.
1942 2067 2132 2121 Contra

559 2141 821 2195 Ebionitas
843 2141 1000 2196 dicta.
1035 2139 1276 2193 [heretici
1303 2139 1548 2192 Ebionitte
1577 2142 1973 2208 interpretantur
2004 2155 2136 2205 pau-

559 2227 720 2277 peres,
748 2213 865 2276 quia
902 2227 1169 2280 pauperem
1201 2210 1264 2262 de
1289 2209 1488 2262 Christo
1524 2225 1723 2280 sensum
1763 2209 1967 2280 habent.
1992 2209 2132 2280 afﬁrg

558 2276 750 2332 mentes
779 2276 1030 2333 hominem
1059 2284 1266 2344 bonum,
1298 2296 1398 2330 non
1430 2290 1597 2331 tamen
1622 2276 1804 2341 Deum,
1838 2279 1936 2332 nisi
1967 2289 2022 2330 ut
2044 2278 2137 2331 alii

557 2351 720 2402 sancti
743 2350 982 2402 dicuntur
1006 2349 1100 2415 dii,
1129 2349 1359 2416 Prag.—
1381 2348 1699 2418 Cognatum,
1731 2349 1918 2414 simile,
1952 2347 1994 2401 I.

629 2419 756 2473 554.
797 2419 930 2485 Hoc,
965 2421 1058 2472 hoc
1086 2419 1310 2486 quidem,
1341 2418 1380 2471 l.

561 2557 586 2625 Ῑ
627 2487 756 2611 ξ55.
797 2490 1020 2553 Pietate.
1040 2491 1157 2559 quia
1179 2490 1330 2542 homo
1352 2487 1588 2557 dignatus
1614 2496 1684 2541 est
1706 2488 1817 2555 ﬁeri
1834 2504 1847 2539 :
1867 2488 1961 2541 hoc
1982 2487 2142 2559 pietas

586 2573 636 2610 ut
662 2595 679 2612 .

586 2567 679 2612 uit.

2309 1788 2435 1843 556.
2475 1787 2772 1855 Maiestate.
2807 1796 2862 1842 ut
2902 1787 3038 1841 Deus
3065 1789 3148 1852 sit,
3182 1788 3270 1854 qui
3300 1791 3613 1858 majestatem
3646 1788 3809 1846 habet.

2312 1859 2489 1912 —Pro
2516 1859 2692 1922 laude,
2723 1860 2866 1924 quasi
2885 1860 2980 1911 hoc
3009 1861 3121 1910 laus
3148 1859 3232 1921 sit,
3261 1873 3358 1911 non
3380 1875 3572 1923 revera,
3618 1858 3726 1912 Iso.

2314 1930 2439 1982 557.
2481 1932 2720 1994 Summa,
2746 1930 3077 1993 divinitatem,
3115 1930 3152 1982 Ι.

2312 1999 2436 2052 558.
2480 1997 2782 2070 Egregium,
2816 2000 3044 2070 egregius
3073 2011 3168 2064 est,
3196 2000 3282 2068 qui
3313 2013 3511 2070 gregem
3539 1997 3810 2063 antecellit,

2240 2066 2295 2119 td
2336 2076 2408 2120 est
2442 2066 3140 2124 multitudinemf——So!ertia
3161 2110 3176 2132 ,
3209 2066 3702 2136 peritiamultarum
3727 2085 3812 2119 ar-

2243 2137 2403 2197 tium;
2441 2151 2636 2192 SOLLON
2659 2137 2834 2192 Greece
2861 2139 3074 2191 multant
3097 2156 3114 2192 :
3137 2141 3255 2193 inde
3282 2139 3599 2202 solemnitas,
3629 2141 3813 2190 multo-

2242 2223 2357 2257 rum
2403 2219 2707 2279 conventus;
2745 2210 2863 2262 inde
2891 2209 3178 2262 solemniter
3207 2210 3344 2279 facta
3387 2210 3597 2274 dicitur,
3624 2225 3739 2276 qua:
3764 2209 3814 2261 iit

2245 2281 2511 2344 prafsentia
2533 2277 2692 2331 multa
2721 2288 2791 2331 est
2814 2291 2946 2342 acta,
2973 2279 3010 2332 Ι.

2318 2342 2440 2400 559.
2483 2347 2702 2414 Ingenii,
2733 2350 2909 2409 animi.
2938 2350 3041 2404 Iso.

2318 2417 2444 2471 565.
2479 2417 2638 2481 Labe,
2664 2419 2867 2482 semine,
2895 2419 2933 2472 Ι.

2320 2487 2444 2540 566.
2473 2488 2647 2560 Illum,
2693 2488 2968 2560 Christum.
3009 2518 3078 2529 —
3104 2498 3266 2558 Ignis,
3317 2491 3545 2560 Spiritus
3588 2498 3813 2551 sanctus.

2251 2556 2371 2612 Vat.
2403 2560 2469 2611 A.
2500 2587 2569 2596 —
2598 2557 2756 2628 Ignis,
2789 2560 2851 2613 de
2879 2559 3080 2628 Spiritu
3109 2556 3304 2628 saneto,
3337 2556 3440 2616 Iso.

1893 2668 2456 2727 COMMENTARIUS.

637 2770 760 2825 545.
800 2766 1018 2831 Weitz.,
1050 2765 1188 2833 PaL,
1232 2764 1410 2833 Egm.,
1438 2780 1674 2834 exiqno;
1723 2765 1904 2818 caeteri
1949 2763 2141 2818 melius

563 2860 624 2897 en
655 2857 776 2908 quo.
803 2839 890 2892 Sic
915 2836 1165 2904 Virgilius
1189 2835 1372 2904 ecloga
1404 2837 1424 2887 l
1457 2851 1470 2885 :
1495 2833 1574 2908 En
1600 2850 1701 2905 quo
1723 2834 1982 2886 discordia
2012 2835 2143 2888 cives

569 2906 817 2966 Perduxit
841 2909 1068 2970 miseros,
1094 2924 1154 2959 en
1181 2908 1319 2971 queis
1348 2906 1660 2957 consevimus
1683 2920 1856 2974 agros.

635 2982 756 3035 546.
801 2980 917 3032 Ρυι.
949 2986 1004 3030 et
1031 2978 1148 3030 Rat.
1183 2974 1385 3043 dilapsa
1413 2975 1668 3028 scribunt.

634 3050 760 3105 548.
804 3049 944 3115 Put.,
998 3047 1176 3115 Egm.,
1229 3045 1417 3106 Palat.,
1457 3044 1572 3096 Vat.
1616 3050 1689 3115 _A,
1719 3043 1930 3111 Ileins.,
1972 3062 2141 3100 susce-

565 3133 719 3194 ptat;
745 3120 831 3194 alii
874 3113 1128 3194 suspectat
1155 3155 1168 3176 .
1203 3115 1343 3184 quod
1373 3115 1550 3168 minus
1579 3113 1750 3183 placet
1774 3156 1790 3180 ,
1817 3123 1874 3170 et
1925 3126 2140 3171 secutus

566 3185 651 3247 est
678 3191 830 3244 Tcol.
864 3196 980 3256 post
1008 3185 1201 3240 Cellar.

639 3259 762 3314 549.
805 3253 991 3320 Fabr.,
1019 3255 1358 3320 crudelitatis,
1384 3253 1660 3318 mendose,
1685 3267 1780 3322 pro
1804 3255 2140 3308 credulitatis.

570 3329 751 3384 Fidem
792 3328 894 3381 hoc
932 3328 1048 3381 loco
1087 3335 1238 3378 sonat
1267 3325 1544 3378 credulitas
1573 3325 1868 3391 theologica
1901 3327 2142 3388 notione,

569 3411 626 3453 ut
656 3399 888 3454 Salviani
917 3412 972 3450 tu
1001 3405 1184 3449 contra
1217 3397 1493 3448 avaritiam
1525 3411 1538 3447 :
1571 3393 1688 3445 Non
1717 3411 1908 3462 qurere,
1940 3404 1993 3448 ut
2022 3397 2146 3447 mihi

569 3469 922 3522 credulitatem
947 3477 1085 3519 tuam
1110 3466 1386 3530 superioris
1409 3465 1523 3516 vita:
1542 3464 1736 3516 actibus
1764 3466 1962 3532 probes.
2006 3465 2148 3518 Con-

575 3549 653 3592 tra
697 3536 1027 3589 incredulitas
1079 3535 1219 3600 apud
1251 3533 1650 3602 Hieronymum,
1677 3535 1972 3603 incredulus
2007 3535 2147 3603 apud

573 3611 817 3662 Urosium
849 3605 1033 3657 vitium
1065 3603 1182 3656 ﬁdei
1213 3601 1536 3654 contrarium
1571 3601 1896 3669 signiﬁcant.

645 3677 770 3732 551.
816 3674 961 3738 Ρυῑ.,
984 3673 1173 3740 priores
1205 3687 1300 3738 pro
1327 3672 1522 3736 ﬁdeles,
1542 3671 1890 3725 dissentiente
1909 3672 2146 3726 Heinsio.

573 3751 650 3800 Ac
681 3759 871 3800 revera
899 3744 1100 3812 optime
1126 3745 1267 3795 cadit
1299 3741 1473 3805 ﬁdeles
1506 3757 1598 3812 pro
1630 3740 1968 3794 Christianis.
2018 3743 2145 3795 Nam

574 3817 788 3871 .Inda'os
840 3811 946 3881 per,
980 3826 1193 3865 omnem
1249 3813 1432 3864 orbem
1488 3811 1780 3874 (IISj'el‘stDS,
1829 3824 1883 3866 et
1923 3814 2149 3880 imperio

574 3885 994 3940 Christianorum
1049 3896 1292 3949 magnam
1355 3891 1560 3946 partem
1610 3881 1892 3947 subditos,
1941 3893 2151 3935 constat

575 3971 693 4010 esse
719 3964 862 4006 testes
889 3951 1174 4021 iniquitatis
1206 3966 1310 4021 sum
1345 3959 1390 4002 et
1421 3952 1642 4002 veritatis
1685 3961 1888 4016 nostrae,
1920 3963 1974 4005 ut
2000 3962 2152 4007 \‘OCaI.

575 4027 632 4080 S.
661 4020 1210 4092 Attgustiuus.enarr.
1232 4020 1352 4092 lin
1383 4022 1642 4092 psalmum
1675 4036 1822 4092 Lvttt.

649 4090 774 4150 552—.
819 4091 938 4147 Ald.
963 4131 978 4156 ,
1004 4091 1154 4154 Put.,
1184 4090 1370 4143 Weitz.
1394 4133 1405 4148 .
1431 4090 1588 4154 M.ir.,
1617 4091 1760 4153 ltat.,
1791 4091 1888 4143 Vat
1931 4095 1972 4144 Δ
1997 4132 2010 4154 ,
2043 4093 2151 4144 Ilo-

579 4164 914 4217 muncionitas
964 4176 1060 4229 pro
1127 4161 1322 4221 titulo,
1378 4160 1646 4226 Tortta:s.,
1706 4159 2149 4229 Homuntionitas.

580 4237 813 4293 'I‘ltuatt.,
834 4228 1239 4284 Homucionitas.
1260 4229 1378 4283 Vat.
1408 4231 1465 4284 Β.
1492 4229 1678 4280 Contra
1703 4228 2148 4296 llomuncionitas,

583 4306 633 4357 id
661 4313 730 4356 est
773 4301 1060 4363 Ebionitas,
1108 4300 1182 4352 vel
1208 4300 1554 4350 Marrionitas.
1584 4299 1705 4350 But.
1733 4309 1787 4352 et
1810 4301 1916 4359 alii,
1951 4300 2154 4353 Homu-

581 4376 819 4435 sionitas;
863 4369 1192 4423 'I‘orrentiani
1225 4369 1590 4432 Omusionitas,
1620 4384 1726 4421 non
1755 4368 1908 4424 bene.
1946 4372 2150 4424 Etenim

2245 2765 2406 2834 dorus
2444 2779 2534 2819 vut
2563 2763 2772 2834 Etym..
2803 2779 2923 2834 cap.
2955 2764 3009 2832 5,
3039 2765 3106 2820 de
3133 2766 3325 2834 quibus
3365 2765 3602 2820 Isidorus
3646 2767 3723 2820 ait
3749 2781 3817 2821 ex

2245 2833 2480 2888 Eusebio
2549 2851 2560 2886 :
2619 2833 2881 2905 Christum
2936 2852 3025 2904 per
3084 2833 3370 2905 profectum
3422 2837 3590 2889 solum
3657 2839 3821 2890 virum

2236 2909 2440 2976 justum
2489 2903 2984 2976 putatae/fectum.
3047 2903 3238 2959 Paulus
3292 2906 3725 2976 iSamosateuus,
3793 2924 3821 2960 a

2247 2973 2352 3044 Quo
2400 2973 2638 3044 Pauliani
2693 2973 2923 3028 haeretici
2975 2976 3138 3038 dicti,
3188 2987 3239 3028 et
3288 2975 3545 3029 Photinus
3591 2978 3820 3030 similem

2168 3066 2213 3127 ρ
2248 3043 2484 3125 errorem
2514 3043 2828 3127 docuerpnt,
2860 3045 3184 3127 Christumna
3210 3045 3366 3098 Maria
3399 3046 3696 3127 sumpsisse
3722 3049 3822 3101 iui-

2247 3117 2401 3186 tium,
2434 3123 2487 3167 et
2516 3128 2580 3186 ex
2611 3115 2852 3181 profectu
2881 3114 3088 3170 virtutis
3119 3116 3278 3186 Deum
3307 3129 3424 3168 esse
3454 3115 3674 3179 factum,
3703 3120 3820 3186 qui-

2247 3185 2346 3238 bus
2399 3183 2790 3252 quodammodo
2849 3187 3176 3239 eousouabat
3221 3185 3539 3249 Nestorius,
3586 3183 3734 3239 duas'
3771 3188 3820 3240 in

2246 3255 2472 3324 Christo
2500 3254 2832 3321 distingui-ns
2879 3270 3159 3324 personas.
3229 3255 3292 3308 lli
3338 3255 3607 3323 {putabant
3655 3255 3824 3309 homi-

2248 3340 2394 3386 nem,
2427 3323 2590 3376 lilium
2623 3324 2824 3387 Marim,
2851 3327 2962 3378 suis
2993 3325 3192 3379 meritis
3220 3335 3561 3379 consecutum
3589 3335 3646 3378 ut
3681 3324 3824 3378 Chri-

2249 3404 2362 3447 stus
2411 3394 2580 3446 lieret.
2635 3394 2760 3448 llaec
2801 3405 2916 3448 erat
2959 3395 3264 3460 apotheosis
3305 3395 3668 3461 ethnicorum,
3722 3411 3816 3462 qua

2250 3463 2494 3533 homines
2523 3463 2752 3533 inrdeos
2798 3465 3247 3518 cothrtebantur
3271 3479 3285 3517 :
3307 3466 3449 3533 quod
3479 3480 3641 3532 quam
3685 3477 3824 3519 esset

2250 3532 2564 3597 absurdum,
2595 3532 2692 3600 ipsi
2719 3534 2914 3588 ethnici
2949 3549 3052 3587 non
3085 3532 3421 3601 ignorabant,
3459 3543 3514 3587 et
3547 3534 3824 3600 VeSpasia-

2253 3618 2352 3657 ntts
2403 3603 2570 3668 prima
2620 3604 2842 3656 extremi
2889 3605 3058 3658 morbi
3106 3605 3415 3658 accessione
3449 3605 3682 3670 jocatus,
3741 3604 3824 3664 lit,

2254 3673 2441 3741 inquit,
2469 3683 2613 3741 puto,
2639 3676 2762 3725 deus
2783 3673 2872 3741 ﬁo.
2897 3674 3158 3728 Catholici
3189 3674 3292 3726 alio
3316 3687 3476 3726 sensu
3504 3673 3821 3738 apotheosin,

2251 3758 2345 3797 seu
2391 3741 2781 3795 deiﬁcationem
2829 3753 3029 3797 natura:
3082 3745 3326 3796 humana:
3368 3757 3563 3797 vocare
3611 3754 3826 3810 possunt

2251 3812 2583 3867 evectionem
2612 3812 2727 3880 ejus
2753 3812 2820 3866 ad
2853 3814 3103 3867 unionem
3143 3829 3264 3867 cum
3309 3827 3530 3878 perSona
3567 3813 3749 3873 Verbi,
3782 3814 3828 3865 vi

2251 3883 2403 3950 cujus
2432 3896 2558 3935 vere
2600 3881 2816 3947 dicitur,
2867 3885 3017 3937 homo
3060 3894 3132 3936 est
3163 3884 3283 3936 deus
3304 3923 3318 3944 ,
3361 3894 3432 3941 et.
3467 3894 3524 3935 ut
3552 3883 3702 3934 multi
3735 3883 3826 3937 S‘.

2257 3953 2444 4006 Patres
2485 3960 2540 4004 et
2566 3953 2799 4019 theologi
2830 3955 3131 4022 loquuntur,
3166 3956 3317 4005 homo
3354 3954 3522 4020 {actus
3550 3963 3636 4022 est
3667 3955 3828 4004 deus:

2254 4027 2332 4075 sic
2375 4023 2560 4075 eadem
2602 4021 2909 4090 assumptio
2935 4034 3136 4076 natura:
3170 4023 3434 4079 humana}.
3467 4037 3565 4088 qua
3603 4021 3826 4074 Verbum

2255 4106 2380 4145 caro
2406 4090 2603 4144 factum
2644 4100 2744 4156 est,
2775 4091 2964 4145 dicitur
2991 4094 3272 4144 incarnatio
3305 4090 3472 4150 Verbi.
3514 4096 3614 4143 hoc.
3647 4105 3818 4143 tamen

2255 4161 2605 4224 discrimine,
2646 4162 2786 4230 quod
2822 4162 3049 4216 Verbum
3096 4161 3360 4216 existebat
3405 4169 3529 4214 ante
3575 4161 3824 4212 unionem

2259 4231 2642 4300 hypostatieant
2671 4271 2685 4292 ,
2719 4240 2906 4283 natura
2939 4232 3166 4284 humana
3211 4230 3405 4285 Christi
3450 4246 3553 4282 non
3587 4241 3711 4283 ante
3740 4246 3831 4282 ex-

2260 4301 2415 4364 stitit,
2446 4315 2604 4368 quam
2638 4300 2809 4354 Verbo
2841 4303 2985 4354 unita
3015 4311 3116 4354 est.

2330 4371 2452 4423 560.
2494 4369 2633 4433 Put.,
2667 4373 2855 4434 nostri,
2887 4370 3183 4434 Weitzius,
3226 4369 3372 4431 ΑΜ..
3414 4368 3553 4432 Gis.,
3596 4370 3826 4422 excellet.

585 4443 630 4496 II
641 4421 957 4495 οηιιιδὼηῐιίε
998 4455 1090 4506 per
1127 4438 1505 4510 contumeliam
1548 4421 1809 4510 catholici
1835 4421 1906 4492 ab
1943 4421 2150 4494 insin;
2181 4421 2232 4480 Ῑ)
2263 4421 2508 4493 Heinsius
2530 4421 2729 4492 excellit
2743 4421 2871 4495 cum
2901 4421 3558 4510 pleriq—tie'suisjSensus
3586 4421 3831 4508 postulat,

581 4512 1000 4580 appellabantur,
1031 4509 1171 4578 quod
1207 4507 1298 4561 Dei
1317 4506 1526 4580 Filiqu
1553 4507 1694 4580 Patri
1722 4510 2153 4580 consubstantia-

585 4577 686 4636 lem
717 4581 958 4634 dicerent
982 4619 997 4641 ,
1046 4577 1100 4632 et
1129 4579 1394 4630 homusion
1437 4577 1804 4630 defenderent.
1834 4577 2155 4633 Homuncio-

586 4655 806 4704 nitarum
839 4649 1079 4702 meminit
1107 4647 1164 4701 S.
1200 4647 1552 4715 Hieronymus
1581 4647 1632 4699 in
1665 4646 1844 4701 libello
1873 4647 1938 4702 de
1973 4665 2156 4702 errore

585 4722 912 4782 Judzeorum,
940 4733 1094 4786 quem
1124 4718 1317 4785 publici
1345 4718 1478 4784 juris
1511 4717 1635 4786 l‘ecit
1657 4717 1911 4772 Claudius
1941 4718 2153 4772 Menar-

587 4792 707 4855 dus,
738 4785 1263 4856 VigiliusTapsensis
1289 4787 1380 4839 lib.
1412 4800 1468 4838 tu
1495 4785 1561 4839 de
1584 4787 1863 4856 'l‘rinitate,
1888 4797 1941 4841 et
1967 4800 2157 4843 auctor

587 4861 686 4913 sub
717 4855 1078 4912 I’rtudestiuati
1122 4857 1357 4919 nomine,
1402 4870 1558 4922 quem
1589 4855 1816 4909 Iacobus
1845 4857 2158 4915 Sirmondus

589 4929 774 4980 edidit.
803 4927 994 4979 Marius
1025 4925 1284 4979 Mercator
1314 4925 1506 4985 tradit.
1553 4926 1618 4977 ab
1647 4925 1884 4979 Ecclesia
1918 4928 2154 4980 Romana

594 4996 1014 5050 Ilomnncionitas
1055 4995 1346 5061 appellatos
1375 4994 1658 5047 Photiuum
1689 5004 1744 5047 et
1771 4996 1888 5062 ejus
1932 4998 2157 5063 priores,

592 5067 922 5121 Sabellianos
953 5079 1080 5117 vero
1107 5079 1226 5116 eum
1278 5065 1661 5130 antzquinrihus
1688 5063 2032 5120 similioribus
2063 5083 2158 5120 eo-

592 5153 708 5204 rum
753 5133 1178 5204 l’atripassianos.
1217 5134 1490 5204 Errorent,
1519 5149 1675 5198 quem
1719 5135 2034 5190 Prudentius
2067 5139 2165 5190 im-

593 5203 787 5276 pugnat
812 5246 824 5269 ,
876 5202 1035 5276 circa
1066 5218 1260 5276 annum
1293 5204 1370 5276 _"l_U
1401 5202 1696 5276 docuerunt
1744 5205 1910 5276 Ebiou
1943 5219 1996 5258 et
2035 5207 2121 5258 alii
2149 5223 2161 5258 :

591 5272 765 5345 {glo‘ssa
793 5277 1004 5329 videtur
1027 5273 1260 5326 iudicare
1284 5272 1610 5345 Martionetn
1651 5273 2164 5345 sivcillarctouitas,

596 5343 844 5414 tanquam
900 5346 1054 5412 hujus
1101 5344 1324 5414 bzeresis
1369 5351 1640 5414 patronos.
1688 5343 1793 5396 Sed
1842 5345 2168 5399 Marcionita:

592 5413 733 5470 circa
764 5431 956 5468 annum
992 5415 1090 5468 150
1123 5414 1173 5466 in
1212 5413 1316 5465 alio
1346 5428 1528 5465 errore
1551 5413 1764 5466 diverso
1794 5417 2166 5481 versabantur,

595 5486 800 5540 scilicet
825 5484 1092 5537 Christum
1123 5484 1397 5534 Dominum
1429 5498 1644 5536 carnem
1677 5491 1879 5537 tantum
1909 5500 2169 5550 apparen-

596 5566 700 5608 tem
730 5553 999 5614 habuisse.
1033 5563 1088 5605 ut
1116 5554 1167 5605 in
1193 5553 1583 5619 llamartigenia
1615 5554 1901 5607 constabit.
1930 5554 2170 5606 Pruden-

599 5629 700 5675 tius
744 5623 1070 5691 potissimum
1105 5625 1388 5693 impugnat
1424 5623 1742 5693 Ebionitast
1773 5638 1906 5692 quos
1936 5623 2169 5693 Semiju-

601 5694 739 5744 dwos
784 5693 1050 5758 appellant
1104 5691 1455 5753 Hieronymus
1497 5708 1562 5744 1n
1613 5693 1677 5746 ad
1717 5691 1926 5751 Calai...
1975 5705 2025 5747 et
2073 5691 2168 5746 Isi-

2257 4520 2313 4562 ut
2343 4511 2412 4562 sit
2444 4511 2496 4562 in
2529 4513 2812 4575 praesenti;
2854 4513 2948 4565 sed
2984 4512 3209 4576 Ilurima
3253 4510 3553 4578 hujusmodi
3585 4509 3747 4562 verba
3773 4510 3834 4558 ad

2256 4579 2542 4650 secundam
2583 4591 2633 4630 ct
2683 4590 2890 4634 tertiam
2931 4581 3358 4650 eonjugationem
3409 4579 3746 4647 spectabant,
3783 4588 3835 4630 ut

2258 4649 2421 4718 fulgo,
2454 4648 2644 4716 fulgeo,
2678 4650 2815 4713 vida,
2840 4652 2998 4703 video.

2331 4721 2454 4788 561.
2500 4720 2644 4788 ttat.,
2693 4719 2927 4788 hominis.
2975 4720 3153 4788 Prag.,
3193 4733 3323 4770 vana
3363 4733 3459 4784 pro
3484 4735 3636 4788 cana,
3668 4717 3834 4788 minus

2262 4788 2419 4841 bene.
2448 4787 2643 4841 Weitz.
2672 4798 2726 4842 et
2751 4787 2948 4842 Widm.
3001 4786 3448 4856 ita—distinguunt
3481 4804 3492 4838 :
3525 4786 3745 4838 Mortale
3768 4793 3836 4836 est

2259 4860 2346 4911 sed
2397 4870 2701 4922 utrumque,
2755 4859 2944 4911 homini
2987 4875 3107 4910 nam
3153 4873 3281 4909 cana
3312 4868 3574 4909 senescunt
3616 4857 3832 4926 ingenia.

2261 4928 2410 4983 Tunc
2443 4928 2601 4982 lectio
2645 4929 2762 4981 Ital.
2797 4945 2900 4982 non
2947 4929 3120 4995 inepta
3161 4927 3399 4978 hominis.
3428 4928 3531 4980 Alii
3568 4926 3836 4992 interpun-

2263 5009 2413 5066 gunt,
2448 4997 2666 5050 Mortale
2689 5009 2761 5050 est
2801 4998 2887 5050 sed
2913 5007 3179 5066 utrumque
3209 4997 3400 5048 hontini
3423 5013 3440 5049 :
3467 5012 3582 5047 nam
3613 5010 3836 5066 renase-

2265 5065 2474 5120 nesrunt
2519 5070 2741 5134 ingenia.
2791 5069 2842 5120 In
2871 5069 3084 5120 senibus
3116 5066 3450 5131 prudentiam
3482 5067 3684 5131 vigere,
3715 5065 3834 5115 riti-

2268 5139 2365 5190 bus
2392 5139 2632 5202 corporis
2661 5139 2949 5190 debilitatis
2976 5177 2991 5200 ,
3019 5137 3316 5190 communis
3345 5147 3427 5190 est
3460 5136 3751 5203 persuasio.
3785 5134 3832 5184 In

2266 5207 2468 5261 eisdem
2513 5207 2742 5260 delirare
2786 5209 3015 5270 linguam
3055 5215 3419 5273 mentemque,
3450 5218 3732 5258 senescere
3760 5205 3834 5255 itt-

2268 5278 2422 5345 genia
2469 5275 2555 5328 alii
2587 5280 2754 5330 aiunt.
2790 5276 3173 5344 DLstinguenda
3220 5287 3302 5328 est
3347 5286 3475 5328 aetas
3514 5274 3830 5345 decrepitaa

2269 5342 2452 5414 vegeta
2501 5357 2815 5414 senectute,
2859 5342 3018 5414 atque
3062 5348 3166 5397 hoc
3209 5355 3364 5413 pacto
3408 5344 3692 5398 contraria:
3735 5342 3829 5394 illa:

2271 5415 2551 5471 sententia:
2571 5415 2943 5470 conciliandae.

2342 5485 2466 5539 564.
2499 5484 2680 5547 Fabr..
2711 5487 2846 5549 Cis.,
2878 5493 3031 5537 terra.
3065 5484 3252 5539 Melius
3282 5495 3448 5537 teme.

2347 5556 2470 5609 565.
2506 5555 2651 5618 Ald.,
2677 5554 2788 5609 Gis.
2812 5548 2864 5608 et
2887 5555 2996 5616 alii,
3028 5556 3276 5623 germinat
3305 5555 3355 5605 in
3394 5554 3657 5605 mundum.
3686 5548 3818 5607 Man,

2274 5624 2488 5746 )Vbcilz..
2508 5625 2782 5738 Illeinsius,
2815 5626 3059 5693 germinat
3088 5640 3103 5676 :
3125 5624 3440 5676 immundum
3483 5623 3615 5691 quod
3654 5635 3743 5672 non
3769 5627 3816 5668 tt:

2298 5716 2323 5743 «ι
2361 5712 2384 5745 e
2412 5710 2498 5746 l‘lrl
2528 5711 2560 5743 ι.

2298 5697 2384 5745 «σίνε
2412 5696 2560 5746 virili.
