  <div class='ocr_page' id='page_1' title='image "/cluster/home/n/w/nwhite01/storage/ocr_20150623/59/hvd.32044073505117/492.png"; bbox 0 0 4120 6196; ppageno 0'>
   <div class='ocr_carea' id='block_1_1' title="bbox 390 330 496 384">
    <p class='ocr_par' dir='ltr' id='par_1_1' title="bbox 390 330 496 384">
     <span class='ocr_line' id='line_1_1' title="bbox 390 330 496 384; baseline -0.019 0"><span class='ocrx_word' id='word_1_1' title='bbox 390 330 496 384; x_wconf 70' lang='lat' dir='ltr'><strong>9L9</strong></span> 
     </span>
    </p>
   </div>
   <div class='ocr_carea' id='block_1_2' title="bbox 1803 322 2249 380">
    <p class='ocr_par' dir='ltr' id='par_1_2' title="bbox 1803 322 2249 380">
     <span class='ocr_line' id='line_1_2' title="bbox 1803 322 2249 380; baseline 0 -3"><span class='ocrx_word' id='word_1_2' title='bbox 1803 322 2249 380; x_wconf 81' lang='lat' dir='ltr'><strong>APOTIIEOSIS.</strong></span> 
     </span>
    </p>
   </div>
   <div class='ocr_carea' id='block_1_3' title="bbox 3559 322 3663 377">
    <p class='ocr_par' dir='ltr' id='par_1_3' title="bbox 3559 322 3663 377">
     <span class='ocr_line' id='line_1_3' title="bbox 3559 322 3663 377; baseline 0 -1"><span class='ocrx_word' id='word_1_3' title='bbox 3559 322 3663 377; x_wconf 71' lang='lat'><strong>970</strong></span> 
     </span>
    </p>
   </div>
   <div class='ocr_carea' id='block_1_4' title="bbox 565 432 3663 507">
    <p class='ocr_par' dir='ltr' id='par_1_4' title="bbox 565 432 3663 507">
     <span class='ocr_line' id='line_1_4' title="bbox 565 432 3663 507; baseline -0.002 -16"><span class='ocrx_word' id='word_1_4' title='bbox 565 438 680 492; x_wconf 87' lang='lat' dir='ltr'><strong>Non</strong></span> <span class='ocrx_word' id='word_1_5' title='bbox 695 452 843 505; x_wconf 83' lang='lat' dir='ltr'><strong>caro,</strong></span> <span class='ocrx_word' id='word_1_6' title='bbox 859 436 1183 507; x_wconf 79' lang='lat' dir='ltr'><strong>necsanguis</strong></span> <span class='ocrx_word' id='word_1_7' title='bbox 1194 436 1418 507; x_wconf 85' lang='lat' dir='ltr'><strong>patrius,</strong></span> <span class='ocrx_word' id='word_1_8' title='bbox 1435 450 1532 492; x_wconf 91' lang='lat' dir='ltr'><strong>nec</strong></span> <span class='ocrx_word' id='word_1_9' title='bbox 1548 434 1686 491; x_wconf 71' lang='lat' dir='ltr'><strong>lania</strong></span> <span class='ocrx_word' id='word_1_10' title='bbox 1704 436 1966 505; x_wconf 74' lang='lat' dir='ltr'><strong>voluptas.</strong></span> <span class='ocrx_word' id='word_1_11' title='bbox 2001 442 2053 500; x_wconf 75' lang='grc' dir='ltr'>Α</span> <span class='ocrx_word' id='word_1_12' title='bbox 2079 435 2186 492; x_wconf 79' lang='lat'><strong>580</strong></span> <span class='ocrx_word' id='word_1_13' title='bbox 2258 432 2521 504; x_wconf 74' lang='lat' dir='ltr'><strong>Credidit,</strong></span> <span class='ocrx_word' id='word_1_14' title='bbox 2540 442 2701 504; x_wconf 88' lang='lat' dir='ltr'><strong>atque</strong></span> <span class='ocrx_word' id='word_1_15' title='bbox 2728 434 2847 490; x_wconf 89' lang='lat' dir='ltr'><strong>ideo</strong></span> <span class='ocrx_word' id='word_1_16' title='bbox 2861 434 3106 505; x_wconf 76' lang='lat' dir='ltr'><strong>concepit</strong></span> <span class='ocrx_word' id='word_1_17' title='bbox 3132 434 3348 491; x_wconf 90' lang='lat' dir='ltr'><strong>credula</strong></span> <span class='ocrx_word' id='word_1_18' title='bbox 3368 434 3663 490; x_wconf 71' lang='lat' dir='ltr'><strong>Christum.</strong></span> 
     </span>
    </p>
   </div>
   <div class='ocr_carea' id='block_1_5' title="bbox 565 529 1725 599">
    <p class='ocr_par' dir='ltr' id='par_1_5' title="bbox 565 529 1725 599">
     <span class='ocr_line' id='line_1_5' title="bbox 565 529 1725 599; baseline -0.002 -14"><span class='ocrx_word' id='word_1_19' title='bbox 565 533 820 586; x_wconf 88' lang='lat' dir='ltr'><strong>Intactam</strong></span> <span class='ocrx_word' id='word_1_20' title='bbox 852 532 1068 586; x_wconf 78' lang='lat' dir='ltr'><strong>thalami</strong></span> <span class='ocrx_word' id='word_1_21' title='bbox 1097 530 1267 584; x_wconf 92' lang='lat' dir='ltr'><strong>virtus</strong></span> <span class='ocrx_word' id='word_1_22' title='bbox 1290 529 1469 585; x_wconf 90' lang='lat' dir='ltr'><strong>divina</strong></span> <span class='ocrx_word' id='word_1_23' title='bbox 1494 531 1725 599; x_wconf 84' lang='lat' dir='ltr'><strong>puellam</strong></span> 
     </span>
    </p>
   </div>
   <div class='ocr_carea' id='block_1_6' title="bbox 564 620 1743 692">
    <p class='ocr_par' dir='ltr' id='par_1_6' title="bbox 564 620 1743 692">
     <span class='ocr_line' id='line_1_6' title="bbox 564 620 1743 692; baseline -0.006 -12"><span class='ocrx_word' id='word_1_24' title='bbox 564 624 787 680; x_wconf 86' lang='lat' dir='ltr'><strong>Sincero</strong></span> <span class='ocrx_word' id='word_1_25' title='bbox 814 624 941 677; x_wconf 78' lang='lat' dir='ltr'><strong>ﬂatu</strong></span> <span class='ocrx_word' id='word_1_26' title='bbox 964 637 1060 692; x_wconf 93' lang='lat' dir='ltr'><strong>per</strong></span> <span class='ocrx_word' id='word_1_27' title='bbox 1086 623 1293 676; x_wconf 80' lang='lat' dir='ltr'><strong>viscera</strong></span> <span class='ocrx_word' id='word_1_28' title='bbox 1326 630 1471 677; x_wconf 90' lang='lat' dir='ltr'><strong>casta</strong></span> <span class='ocrx_word' id='word_1_29' title='bbox 1505 620 1743 675; x_wconf 78' lang='lat' dir='ltr'><strong>maritat.</strong></span> 
     </span>
    </p>
   </div>
   <div class='ocr_carea' id='block_1_7' title="bbox 568 713 1921 787">
    <p class='ocr_par' dir='ltr' id='par_1_7' title="bbox 568 713 1921 787">
     <span class='ocr_line' id='line_1_7' title="bbox 568 713 1921 787; baseline -0.005 -15"><span class='ocrx_word' id='word_1_30' title='bbox 568 718 906 787; x_wconf 68' lang='lat' dir='ltr'><strong>[incomperta</strong></span> <span class='ocrx_word' id='word_1_31' title='bbox 938 724 1087 770; x_wconf 90' lang='lat' dir='ltr'><strong>ortus</strong></span> <span class='ocrx_word' id='word_1_32' title='bbox 1118 715 1327 768; x_wconf 84' lang='lat' dir='ltr'><strong>novitas</strong></span> <span class='ocrx_word' id='word_1_33' title='bbox 1352 714 1521 782; x_wconf 85' lang='lat' dir='ltr'><strong>jubet,</strong></span> <span class='ocrx_word' id='word_1_34' title='bbox 1554 722 1611 766; x_wconf 91' lang='lat' dir='ltr'><strong>ut</strong></span> <span class='ocrx_word' id='word_1_35' title='bbox 1635 713 1773 766; x_wconf 88' lang='lat' dir='ltr'><strong>Deus</strong></span> <span class='ocrx_word' id='word_1_36' title='bbox 1801 725 1921 765; x_wconf 87' lang='lat' dir='ltr'><strong>esse</strong></span> 
     </span>
    </p>
   </div>
   <div class='ocr_carea' id='block_1_8' title="bbox 565 803 1923 875">
    <p class='ocr_par' dir='ltr' id='par_1_8' title="bbox 565 803 1923 875">
     <span class='ocr_line' id='line_1_8' title="bbox 565 803 1923 875; baseline -0.007 -9"><span class='ocrx_word' id='word_1_37' title='bbox 565 810 829 866; x_wconf 87' lang='lat' dir='ltr'><strong>Credatur</strong></span> <span class='ocrx_word' id='word_1_38' title='bbox 857 807 1103 864; x_wconf 85' lang='lat' dir='ltr'><strong>Christus</strong></span> <span class='ocrx_word' id='word_1_39' title='bbox 1126 807 1205 862; x_wconf 91' lang='lat' dir='ltr'><strong>sic</strong></span> <span class='ocrx_word' id='word_1_40' title='bbox 1235 806 1517 871; x_wconf 89' lang='lat' dir='ltr'><strong>conditus;</strong></span> <span class='ocrx_word' id='word_1_41' title='bbox 1544 804 1743 859; x_wconf 87' lang='lat' dir='ltr'><strong>innuba</strong></span> <span class='ocrx_word' id='word_1_42' title='bbox 1772 803 1923 875; x_wconf 85' lang='lat' dir='ltr'><strong>virgo</strong></span> 
     </span>
    </p>
   </div>
   <div class='ocr_carea' id='block_1_9' title="bbox 566 896 1779 971">
    <p class='ocr_par' dir='ltr' id='par_1_9' title="bbox 566 896 1779 971">
     <span class='ocr_line' id='line_1_9' title="bbox 566 896 1779 971; baseline -0.009 -12"><span class='ocrx_word' id='word_1_43' title='bbox 566 902 729 958; x_wconf 85' lang='lat' dir='ltr'><strong>Nubit</strong></span> <span class='ocrx_word' id='word_1_44' title='bbox 759 900 1003 971; x_wconf 86' lang='lat' dir='ltr'><strong>Spiritui,</strong></span> <span class='ocrx_word' id='word_1_45' title='bbox 1028 898 1217 953; x_wconf 86' lang='lat' dir='ltr'><strong>vitium</strong></span> <span class='ocrx_word' id='word_1_46' title='bbox 1242 911 1340 951; x_wconf 88' lang='lat' dir='ltr'><strong>nec</strong></span> <span class='ocrx_word' id='word_1_47' title='bbox 1368 896 1534 952; x_wconf 84' lang='lat' dir='ltr'><strong>sentit</strong></span> <span class='ocrx_word' id='word_1_48' title='bbox 1559 896 1779 950; x_wconf 90' lang='lat' dir='ltr'><strong>amoris.</strong></span> 
     </span>
    </p>
   </div>
   <div class='ocr_carea' id='block_1_10' title="bbox 567 986 1978 1061">
    <p class='ocr_par' dir='ltr' id='par_1_10' title="bbox 567 986 1978 1061">
     <span class='ocr_line' id='line_1_10' title="bbox 567 986 1978 1061; baseline -0.004 -14"><span class='ocrx_word' id='word_1_49' title='bbox 567 993 833 1048; x_wconf 89' lang='lat' dir='ltr'><strong>Pubertas</strong></span> <span class='ocrx_word' id='word_1_50' title='bbox 862 990 1067 1061; x_wconf 87' lang='lat' dir='ltr'><strong>signata</strong></span> <span class='ocrx_word' id='word_1_51' title='bbox 1094 995 1298 1053; x_wconf 90' lang='lat' dir='ltr'><strong>manet,</strong></span> <span class='ocrx_word' id='word_1_52' title='bbox 1329 988 1512 1057; x_wconf 80' lang='lat' dir='ltr'><strong>gravis</strong></span> <span class='ocrx_word' id='word_1_53' title='bbox 1542 986 1704 1052; x_wconf 92' lang='lat' dir='ltr'><strong>intus,</strong></span> <span class='ocrx_word' id='word_1_54' title='bbox 1746 996 1802 1043; x_wconf 87' lang='lat' dir='ltr'><strong>et</strong></span> <span class='ocrx_word' id='word_1_55' title='bbox 1828 995 1978 1043; x_wconf 79' lang='lat' dir='ltr'><strong>extra</strong></span> 
     </span>
    </p>
   </div>
   <div class='ocr_carea' id='block_1_11' title="bbox 567 1080 1726 1150">
    <p class='ocr_par' dir='ltr' id='par_1_11' title="bbox 567 1080 1726 1150">
     <span class='ocr_line' id='line_1_11' title="bbox 567 1080 1726 1150; baseline -0.004 -10"><span class='ocrx_word' id='word_1_56' title='bbox 567 1085 872 1149; x_wconf 91' lang='lat' dir='ltr'><strong>Incolumis,</strong></span> <span class='ocrx_word' id='word_1_57' title='bbox 905 1083 1104 1138; x_wconf 90' lang='lat' dir='ltr'><strong>ﬁorens</strong></span> <span class='ocrx_word' id='word_1_58' title='bbox 1133 1082 1202 1136; x_wconf 93' lang='lat' dir='ltr'><strong>de</strong></span> <span class='ocrx_word' id='word_1_59' title='bbox 1232 1081 1503 1135; x_wconf 81' lang='lat' dir='ltr'><strong>iertilitate</strong></span> <span class='ocrx_word' id='word_1_60' title='bbox 1535 1080 1726 1150; x_wconf 84' lang='lat' dir='ltr'><strong>pudica</strong></span> 
     </span>
    </p>
   </div>
   <div class='ocr_carea' id='block_1_12' title="bbox 386 720 491 776">
    <p class='ocr_par' dir='ltr' id='par_1_12' title="bbox 386 720 491 776">
     <span class='ocr_line' id='line_1_12' title="bbox 386 720 491 776; baseline -0.01 -1"><span class='ocrx_word' id='word_1_61' title='bbox 386 720 491 776; x_wconf 82' lang='lat'><strong>570</strong></span> 
     </span>
    </p>
   </div>
   <div class='ocr_carea' id='block_1_13' title="bbox 391 1173 1979 1244">
    <p class='ocr_par' dir='ltr' id='par_1_13' title="bbox 391 1173 1979 1244">
     <span class='ocr_line' id='line_1_13' title="bbox 391 1173 1979 1244; baseline -0.005 -9"><span class='ocrx_word' id='word_1_62' title='bbox 391 1179 497 1235; x_wconf 76' lang='lat'><strong>575</strong></span> <span class='ocrx_word' id='word_1_63' title='bbox 568 1178 686 1233; x_wconf 85' lang='lat' dir='ltr'><strong>Jam</strong></span> <span class='ocrx_word' id='word_1_64' title='bbox 733 1185 937 1241; x_wconf 80' lang='lat' dir='ltr'><strong>mater,</strong></span> <span class='ocrx_word' id='word_1_65' title='bbox 983 1174 1079 1233; x_wconf 86' lang='lat' dir='ltr'><strong>sed</strong></span> <span class='ocrx_word' id='word_1_66' title='bbox 1131 1177 1284 1244; x_wconf 86' lang='lat' dir='ltr'><strong>virgo</strong></span> <span class='ocrx_word' id='word_1_67' title='bbox 1333 1182 1549 1240; x_wconf 87' lang='lat' dir='ltr'><strong>tamen;</strong></span> <span class='ocrx_word' id='word_1_68' title='bbox 1598 1175 1765 1229; x_wconf 89' lang='lat' dir='ltr'><strong>maris</strong></span> <span class='ocrx_word' id='word_1_69' title='bbox 1812 1173 1979 1229; x_wconf 89' lang='lat' dir='ltr'><strong>inscia</strong></span> 
     </span>
    </p>
   </div>
   <div class='ocr_carea' id='block_1_14' title="bbox 1694 1265 1907 1337">
    <p class='ocr_par' dir='ltr' id='par_1_14' title="bbox 1694 1265 1907 1337">
     <span class='ocr_line' id='line_1_14' title="bbox 1694 1265 1907 1337; baseline -0.014 -16"><span class='ocrx_word' id='word_1_70' title='bbox 1694 1265 1907 1337; x_wconf 83' lang='lat' dir='ltr'><strong>[mater.</strong></span> 
     </span>
    </p>
   </div>
   <div class='ocr_carea' id='block_1_15' title="bbox 567 1357 1978 1431">
    <p class='ocr_par' dir='ltr' id='par_1_15' title="bbox 567 1357 1978 1431">
     <span class='ocr_line' id='line_1_15' title="bbox 567 1357 1978 1431; baseline -0.002 -17"><span class='ocrx_word' id='word_1_71' title='bbox 567 1360 704 1429; x_wconf 87' lang='lat' dir='ltr'><strong>Quid</strong></span> <span class='ocrx_word' id='word_1_72' title='bbox 741 1359 959 1418; x_wconf 82' lang='lat' dir='ltr'><strong>renuis?</strong></span> <span class='ocrx_word' id='word_1_73' title='bbox 1001 1359 1131 1431; x_wconf 89' lang='lat' dir='ltr'><strong>quid</strong></span> <span class='ocrx_word' id='word_1_74' title='bbox 1173 1359 1331 1416; x_wconf 92' lang='lat' dir='ltr'><strong>inane</strong></span> <span class='ocrx_word' id='word_1_75' title='bbox 1369 1367 1552 1429; x_wconf 88' lang='lat' dir='ltr'><strong>caput,</strong></span> <span class='ocrx_word' id='word_1_76' title='bbox 1598 1373 1706 1413; x_wconf 92' lang='lat' dir='ltr'><strong>non</strong></span> <span class='ocrx_word' id='word_1_77' title='bbox 1741 1357 1978 1423; x_wconf 88' lang='lat' dir='ltr'><strong>credu&#39;e,</strong></span> 
     </span>
    </p>
   </div>
   <div class='ocr_carea' id='block_1_16' title="bbox 1628 1450 1909 1524">
    <p class='ocr_par' dir='ltr' id='par_1_16' title="bbox 1628 1450 1909 1524">
     <span class='ocr_line' id='line_1_16' title="bbox 1628 1450 1909 1524; baseline -0.007 -19"><span class='ocrx_word' id='word_1_78' title='bbox 1628 1450 1909 1524; x_wconf 67' lang='lat' dir='ltr'><strong>[quas.~as?</strong></span> 
     </span>
    </p>
   </div>
   <div class='ocr_carea' id='block_1_17' title="bbox 572 1543 1982 1617">
    <p class='ocr_par' dir='ltr' id='par_1_17' title="bbox 572 1543 1982 1617">
     <span class='ocr_line' id='line_1_17' title="bbox 572 1543 1982 1617; baseline -0.005 -13"><span class='ocrx_word' id='word_1_79' title='bbox 572 1545 736 1617; x_wconf 66' lang='grc'><strong>454</strong></span> <span class='ocrx_word' id='word_1_80' title='bbox 764 1546 999 1617; x_wconf 76' lang='lat' dir='ltr'><strong>Angelus</strong></span> <span class='ocrx_word' id='word_1_81' title='bbox 1028 1543 1133 1601; x_wconf 87' lang='lat' dir='ltr'><strong>hoc</strong></span> <span class='ocrx_word' id='word_1_82' title='bbox 1162 1553 1348 1601; x_wconf 86' lang='lat' dir='ltr'><strong>sancto</strong></span> <span class='ocrx_word' id='word_1_83' title='bbox 1384 1545 1690 1616; x_wconf 85' lang='lat' dir='ltr'><strong>pronuntiat</strong></span> <span class='ocrx_word' id='word_1_84' title='bbox 1712 1560 1828 1611; x_wconf 93' lang='lat' dir='ltr'><strong>ore,</strong></span> <span class='ocrx_word' id='word_1_85' title='bbox 1870 1544 1982 1612; x_wconf 88' lang='lat' dir='ltr'><strong>pla-</strong></span> 
     </span>
    </p>
   </div>
   <div class='ocr_carea' id='block_1_18' title="bbox 1734 1637 1911 1712">
    <p class='ocr_par' dir='ltr' id='par_1_18' title="bbox 1734 1637 1911 1712">
     <span class='ocr_line' id='line_1_18' title="bbox 1734 1637 1911 1712; baseline -0.011 -19"><span class='ocrx_word' id='word_1_86' title='bbox 1734 1637 1911 1712; x_wconf 90' lang='lat' dir='ltr'><strong>[cetne</strong></span> 
     </span>
    </p>
   </div>
   <div class='ocr_carea' id='block_1_19' title="bbox 568 1728 1981 1801">
    <p class='ocr_par' dir='ltr' id='par_1_19' title="bbox 568 1728 1981 1801">
     <span class='ocr_line' id='line_1_19' title="bbox 568 1728 1981 1801; baseline 0 -17"><span class='ocrx_word' id='word_1_87' title='bbox 568 1728 825 1796; x_wconf 89' lang='lat' dir='ltr'><strong>Credere,</strong></span> <span class='ocrx_word' id='word_1_88' title='bbox 863 1738 917 1785; x_wconf 89' lang='lat' dir='ltr'><strong>et</strong></span> <span class='ocrx_word' id='word_1_89' title='bbox 946 1728 1200 1800; x_wconf 80' lang='lat' dir='ltr'><strong>angelicis</strong></span> <span class='ocrx_word' id='word_1_90' title='bbox 1230 1744 1414 1785; x_wconf 90' lang='lat' dir='ltr'><strong>aurem</strong></span> <span class='ocrx_word' id='word_1_91' title='bbox 1446 1744 1690 1786; x_wconf 84' lang='lat' dir='ltr'><strong>reserare</strong></span> <span class='ocrx_word' id='word_1_92' title='bbox 1718 1730 1981 1801; x_wconf 87' lang='lat' dir='ltr'><strong>loquelis?</strong></span> 
     </span>
    </p>
   </div>
   <div class='ocr_carea' id='block_1_20' title="bbox 569 1816 2060 1892">
    <p class='ocr_par' dir='ltr' id='par_1_20' title="bbox 569 1816 2060 1892">
     <span class='ocr_line' id='line_1_20' title="bbox 569 1816 2060 1892; baseline -0.001 -16"><span class='ocrx_word' id='word_1_93' title='bbox 569 1822 688 1891; x_wconf 89' lang='lat' dir='ltr'><strong>Ipsa</strong></span> <span class='ocrx_word' id='word_1_94' title='bbox 717 1822 1054 1879; x_wconf 81' lang='lat' dir='ltr'><strong>coruscantis</strong></span> <span class='ocrx_word' id='word_1_95' title='bbox 1081 1822 1344 1878; x_wconf 86' lang='lat' dir='ltr'><strong>monitum</strong></span> <span class='ocrx_word' id='word_1_96' title='bbox 1379 1835 1530 1877; x_wconf 89' lang='lat' dir='ltr'><strong>sacra</strong></span> <span class='ocrx_word' id='word_1_97' title='bbox 1572 1823 1722 1892; x_wconf 87' lang='lat' dir='ltr'><strong>virgo</strong></span> <span class='ocrx_word' id='word_1_98' title='bbox 1752 1822 1979 1877; x_wconf 88' lang='lat' dir='ltr'><strong>ministri</strong></span> <span class='ocrx_word' id='word_1_99' title='bbox 2014 1816 2060 1875; x_wconf 84' lang='grc' dir='ltr'><strong>Β</strong></span> 
     </span>
    </p>
   </div>
   <div class='ocr_carea' id='block_1_21' title="bbox 2261 525 3685 597">
    <p class='ocr_par' dir='ltr' id='par_1_21' title="bbox 2261 525 3685 597">
     <span class='ocr_line' id='line_1_21' title="bbox 2261 525 3685 597; baseline 0.002 -17"><span class='ocrx_word' id='word_1_100' title='bbox 2261 525 2554 582; x_wconf 79' lang='lat' dir='ltr'><strong>Credentes</strong></span> <span class='ocrx_word' id='word_1_101' title='bbox 2584 542 2705 580; x_wconf 92' lang='lat' dir='ltr'><strong>nam</strong></span> <span class='ocrx_word' id='word_1_102' title='bbox 2732 526 2981 581; x_wconf 83' lang='lat' dir='ltr'><strong>Christus</strong></span> <span class='ocrx_word' id='word_1_103' title='bbox 2998 526 3113 581; x_wconf 85' lang='lat' dir='ltr'><strong>adit</strong></span> <span class='ocrx_word' id='word_1_104' title='bbox 3137 542 3152 592; x_wconf 88' lang='lat'><strong>;</strong></span> <span class='ocrx_word' id='word_1_105' title='bbox 3185 526 3479 582; x_wconf 82' lang='lat' dir='ltr'><strong>dubitabile</strong></span> <span class='ocrx_word' id='word_1_106' title='bbox 3498 538 3685 597; x_wconf 88' lang='lat' dir='ltr'><strong>pectus</strong></span> 
     </span>
    </p>
   </div>
   <div class='ocr_carea' id='block_1_22' title="bbox 2257 618 3592 689">
    <p class='ocr_par' dir='ltr' id='par_1_22' title="bbox 2257 618 3592 689">
     <span class='ocr_line' id='line_1_22' title="bbox 2257 618 3592 689; baseline 0.001 -15"><span class='ocrx_word' id='word_1_107' title='bbox 2257 620 2371 674; x_wconf 89' lang='lat' dir='ltr'><strong>Sub</strong></span> <span class='ocrx_word' id='word_1_108' title='bbox 2400 619 2660 674; x_wconf 85' lang='lat' dir='ltr'><strong>titubante</strong></span> <span class='ocrx_word' id='word_1_109' title='bbox 2692 619 2793 674; x_wconf 90' lang='lat' dir='ltr'><strong>ﬁde</strong></span> <span class='ocrx_word' id='word_1_110' title='bbox 2822 618 3012 689; x_wconf 77' lang='lat' dir='ltr'><strong>refugo</strong></span> <span class='ocrx_word' id='word_1_111' title='bbox 3038 619 3335 675; x_wconf 85' lang='lat' dir='ltr'><strong>contemnit</strong></span> <span class='ocrx_word' id='word_1_112' title='bbox 3365 618 3592 675; x_wconf 87' lang='lat' dir='ltr'><strong>honore.</strong></span> 
     </span>
    </p>
   </div>
   <div class='ocr_carea' id='block_1_23' title="bbox 2265 713 3667 785">
    <p class='ocr_par' dir='ltr' id='par_1_23' title="bbox 2265 713 3667 785">
     <span class='ocr_line' id='line_1_23' title="bbox 2265 713 3667 785; baseline 0.002 -18"><span class='ocrx_word' id='word_1_113' title='bbox 2265 714 2577 785; x_wconf 88' lang='lat' dir='ltr'><strong>Virginitas,</strong></span> <span class='ocrx_word' id='word_1_114' title='bbox 2596 722 2652 769; x_wconf 91' lang='lat' dir='ltr'><strong>et</strong></span> <span class='ocrx_word' id='word_1_115' title='bbox 2678 723 2921 784; x_wconf 92' lang='lat' dir='ltr'><strong>prompta</strong></span> <span class='ocrx_word' id='word_1_116' title='bbox 2947 713 3079 769; x_wconf 92' lang='lat' dir='ltr'><strong>ﬁdes</strong></span> <span class='ocrx_word' id='word_1_117' title='bbox 3101 713 3371 769; x_wconf 87' lang='lat' dir='ltr'><strong>Christum</strong></span> <span class='ocrx_word' id='word_1_118' title='bbox 3389 714 3521 770; x_wconf 92' lang='lat' dir='ltr'><strong>bibit</strong></span> <span class='ocrx_word' id='word_1_119' title='bbox 3541 713 3667 771; x_wconf 87' lang='lat' dir='ltr'><strong>alvo</strong></span> 
     </span>
    </p>
   </div>
   <div class='ocr_carea' id='block_1_24' title="bbox 2257 808 3547 878">
    <p class='ocr_par' dir='ltr' id='par_1_24' title="bbox 2257 808 3547 878">
     <span class='ocr_line' id='line_1_24' title="bbox 2257 808 3547 878; baseline 0.001 -15"><span class='ocrx_word' id='word_1_120' title='bbox 2257 808 2469 874; x_wconf 88' lang='lat' dir='ltr'><strong>Cordis,</strong></span> <span class='ocrx_word' id='word_1_121' title='bbox 2501 816 2556 864; x_wconf 90' lang='lat' dir='ltr'><strong>et</strong></span> <span class='ocrx_word' id='word_1_122' title='bbox 2583 808 2801 864; x_wconf 89' lang='lat' dir='ltr'><strong>intactis</strong></span> <span class='ocrx_word' id='word_1_123' title='bbox 2827 808 3011 863; x_wconf 90' lang='lat' dir='ltr'><strong>condit</strong></span> <span class='ocrx_word' id='word_1_124' title='bbox 3043 808 3277 878; x_wconf 82' lang='lat' dir='ltr'><strong>paritura</strong></span> <span class='ocrx_word' id='word_1_125' title='bbox 3307 808 3547 864; x_wconf 84' lang='lat' dir='ltr'><strong>latebris.</strong></span> 
     </span>
    </p>
   </div>
   <div class='ocr_carea' id='block_1_25' title="bbox 2082 900 3665 973">
    <p class='ocr_par' dir='ltr' id='par_1_25' title="bbox 2082 900 3665 973">
     <span class='ocr_line' id='line_1_25' title="bbox 2082 900 3665 973; baseline 0.001 -17"><span class='ocrx_word' id='word_1_126' title='bbox 2082 901 2187 957; x_wconf 74' lang='lat'><strong>585</strong></span> <span class='ocrx_word' id='word_1_127' title='bbox 2260 902 2455 968; x_wconf 87' lang='lat' dir='ltr'><strong>Crede,</strong></span> <span class='ocrx_word' id='word_1_128' title='bbox 2486 901 2628 973; x_wconf 91' lang='lat' dir='ltr'><strong>quod</strong></span> <span class='ocrx_word' id='word_1_129' title='bbox 2659 902 2889 957; x_wconf 90' lang='lat' dir='ltr'><strong>emissus</strong></span> <span class='ocrx_word' id='word_1_130' title='bbox 2910 902 3046 957; x_wconf 90' lang='lat' dir='ltr'><strong>solio</strong></span> <span class='ocrx_word' id='word_1_131' title='bbox 3072 900 3247 956; x_wconf 88' lang='lat' dir='ltr'><strong>Patris</strong></span> <span class='ocrx_word' id='word_1_132' title='bbox 3276 903 3497 971; x_wconf 79' lang='lat' dir='ltr'><strong>angelus</strong></span> <span class='ocrx_word' id='word_1_133' title='bbox 3520 902 3665 957; x_wconf 83' lang='lat' dir='ltr'><strong>inﬁt:</strong></span> 
     </span>
    </p>
   </div>
   <div class='ocr_carea' id='block_1_26' title="bbox 2263 993 3579 1064">
    <p class='ocr_par' dir='ltr' id='par_1_26' title="bbox 2263 993 3579 1064">
     <span class='ocr_line' id='line_1_26' title="bbox 2263 993 3579 1064; baseline 0.002 -15"><span class='ocrx_word' id='word_1_134' title='bbox 2263 994 2382 1061; x_wconf 87' lang='lat' dir='ltr'><strong>Vel,</strong></span> <span class='ocrx_word' id='word_1_135' title='bbox 2413 995 2458 1049; x_wconf 89' lang='lat' dir='ltr'><strong>si</strong></span> <span class='ocrx_word' id='word_1_136' title='bbox 2488 1003 2775 1049; x_wconf 87' lang='lat' dir='ltr'><strong>concretus</strong></span> <span class='ocrx_word' id='word_1_137' title='bbox 2802 993 3053 1064; x_wconf 89' lang='lat' dir='ltr'><strong>liquidam</strong></span> <span class='ocrx_word' id='word_1_138' title='bbox 3085 993 3153 1048; x_wconf 91' lang='lat' dir='ltr'><strong>de</strong></span> <span class='ocrx_word' id='word_1_139' title='bbox 3182 993 3361 1050; x_wconf 87' lang='lat' dir='ltr'><strong>sidere</strong></span> <span class='ocrx_word' id='word_1_140' title='bbox 3393 1009 3579 1051; x_wconf 89' lang='lat' dir='ltr'><strong>vocem</strong></span> 
     </span>
    </p>
   </div>
   <div class='ocr_carea' id='block_1_27' title="bbox 2252 1085 3669 1158">
    <p class='ocr_par' dir='ltr' id='par_1_27' title="bbox 2252 1085 3669 1158">
     <span class='ocr_line' id='line_1_27' title="bbox 2252 1085 3669 1158; baseline 0.001 -17"><span class='ocrx_word' id='word_1_141' title='bbox 2252 1086 2368 1141; x_wconf 90' lang='lat' dir='ltr'><strong>Non</strong></span> <span class='ocrx_word' id='word_1_142' title='bbox 2397 1088 2541 1156; x_wconf 87' lang='lat' dir='ltr'><strong>capit</strong></span> <span class='ocrx_word' id='word_1_143' title='bbox 2580 1085 2817 1153; x_wconf 87' lang='lat' dir='ltr'><strong>auditus,</strong></span> <span class='ocrx_word' id='word_1_144' title='bbox 2860 1085 3055 1141; x_wconf 90' lang='lat' dir='ltr'><strong>mulier</strong></span> <span class='ocrx_word' id='word_1_145' title='bbox 3094 1086 3221 1156; x_wconf 86' lang='lat' dir='ltr'><strong>quid</strong></span> <span class='ocrx_word' id='word_1_146' title='bbox 3260 1086 3488 1157; x_wconf 83' lang='lat' dir='ltr'><strong>conjuge</strong></span> <span class='ocrx_word' id='word_1_147' title='bbox 3525 1102 3669 1158; x_wconf 64' lang='lat' dir='ltr'><strong>pric-</strong></span> 
     </span>
    </p>
   </div>
   <div class='ocr_carea' id='block_1_28' title="bbox 3406 1178 3600 1251">
    <p class='ocr_par' dir='ltr' id='par_1_28' title="bbox 3406 1178 3600 1251">
     <span class='ocr_line' id='line_1_28' title="bbox 3406 1178 3600 1251; baseline 0.005 -18"><span class='ocrx_word' id='word_1_148' title='bbox 3406 1178 3600 1251; x_wconf 87' lang='lat' dir='ltr'><strong>[gnans</strong></span> 
     </span>
    </p>
   </div>
   <div class='ocr_carea' id='block_1_29' title="bbox 2262 1270 3667 1343">
    <p class='ocr_par' dir='ltr' id='par_1_29' title="bbox 2262 1270 3667 1343">
     <span class='ocr_line' id='line_1_29' title="bbox 2262 1270 3667 1343; baseline 0 -16"><span class='ocrx_word' id='word_1_149' title='bbox 2262 1270 2472 1327; x_wconf 89' lang='lat' dir='ltr'><strong>Clamet</strong></span> <span class='ocrx_word' id='word_1_150' title='bbox 2501 1287 2654 1336; x_wconf 90' lang='lat' dir='ltr'><strong>anus,</strong></span> <span class='ocrx_word' id='word_1_151' title='bbox 2686 1272 2935 1343; x_wconf 82' lang='lat' dir='ltr'><strong>credens,</strong></span> <span class='ocrx_word' id='word_1_152' title='bbox 2968 1280 3022 1326; x_wconf 83' lang='lat' dir='ltr'><strong>rt</strong></span> <span class='ocrx_word' id='word_1_153' title='bbox 3052 1272 3267 1328; x_wconf 87' lang='lat' dir='ltr'><strong>tandem</strong></span> <span class='ocrx_word' id='word_1_154' title='bbox 3290 1272 3502 1329; x_wconf 88' lang='lat' dir='ltr'><strong>sobrius</strong></span> <span class='ocrx_word' id='word_1_155' title='bbox 3524 1274 3667 1328; x_wconf 90' lang='lat' dir='ltr'><strong>audi.</strong></span> 
     </span>
    </p>
   </div>
   <div class='ocr_carea' id='block_1_30' title="bbox 2260 1362 3672 1435">
    <p class='ocr_par' dir='ltr' id='par_1_30' title="bbox 2260 1362 3672 1435">
     <span class='ocr_line' id='line_1_30' title="bbox 2260 1362 3672 1435; baseline 0.001 -16"><span class='ocrx_word' id='word_1_156' title='bbox 2260 1362 2423 1434; x_wconf 71' lang='grc'><strong>455</strong></span> <span class='ocrx_word' id='word_1_157' title='bbox 2455 1364 2583 1419; x_wconf 83' lang='lat' dir='ltr'><strong>Mira</strong></span> <span class='ocrx_word' id='word_1_158' title='bbox 2620 1363 2781 1418; x_wconf 85' lang='lat' dir='ltr'><strong>ﬁdes!</strong></span> <span class='ocrx_word' id='word_1_159' title='bbox 2836 1374 2989 1420; x_wconf 89' lang='lat' dir='ltr'><strong>utero</strong></span> <span class='ocrx_word' id='word_1_160' title='bbox 3024 1379 3156 1434; x_wconf 91' lang='lat' dir='ltr'><strong>puer</strong></span> <span class='ocrx_word' id='word_1_161' title='bbox 3184 1364 3514 1435; x_wconf 89' lang='lat' dir='ltr'><strong>interceptus</strong></span> <span class='ocrx_word' id='word_1_162' title='bbox 3543 1365 3672 1421; x_wconf 86' lang='lat' dir='ltr'><strong>anili</strong></span> 
     </span>
    </p>
   </div>
   <div class='ocr_carea' id='block_1_31' title="bbox 2088 1453 3596 1523">
    <p class='ocr_par' dir='ltr' id='par_1_31' title="bbox 2088 1453 3596 1523">
     <span class='ocr_line' id='line_1_31' title="bbox 2088 1453 3596 1523; baseline 0 -12"><span class='ocrx_word' id='word_1_163' title='bbox 2088 1453 2194 1511; x_wconf 82' lang='lat'><strong>590</strong></span> <span class='ocrx_word' id='word_1_164' title='bbox 2272 1454 2583 1523; x_wconf 84' lang='lat' dir='ltr'><strong>Virgineum</strong></span> <span class='ocrx_word' id='word_1_165' title='bbox 2609 1454 2883 1509; x_wconf 90' lang='lat' dir='ltr'><strong>dominum</strong></span> <span class='ocrx_word' id='word_1_166' title='bbox 2916 1463 3158 1510; x_wconf 91' lang='lat' dir='ltr'><strong>materno</strong></span> <span class='ocrx_word' id='word_1_167' title='bbox 3184 1472 3247 1511; x_wconf 82' lang='lat' dir='ltr'><strong>ex</strong></span> <span class='ocrx_word' id='word_1_168' title='bbox 3278 1471 3372 1510; x_wconf 92' lang='lat' dir='ltr'><strong>ore</strong></span> <span class='ocrx_word' id='word_1_169' title='bbox 3398 1457 3596 1511; x_wconf 87' lang='lat' dir='ltr'><strong>salutat</strong></span> 
     </span>
    </p>
   </div>
   <div class='ocr_carea' id='block_1_32' title="bbox 2262 1546 3640 1610">
    <p class='ocr_par' dir='ltr' id='par_1_32' title="bbox 2262 1546 3640 1610">
     <span class='ocr_line' id='line_1_32' title="bbox 2262 1546 3640 1610; baseline 0.003 -9"><span class='ocrx_word' id='word_1_170' title='bbox 2262 1546 2497 1610; x_wconf 83' lang='lat' dir='ltr'><strong>Primus,</strong></span> <span class='ocrx_word' id='word_1_171' title='bbox 2532 1557 2585 1601; x_wconf 94' lang='lat' dir='ltr'><strong>et</strong></span> <span class='ocrx_word' id='word_1_172' title='bbox 2616 1546 2873 1602; x_wconf 81' lang='lat' dir='ltr'><strong>infantem</strong></span> <span class='ocrx_word' id='word_1_173' title='bbox 2906 1562 3012 1600; x_wconf 90' lang='lat' dir='ltr'><strong>non</strong></span> <span class='ocrx_word' id='word_1_174' title='bbox 3047 1556 3205 1601; x_wconf 88' lang='lat' dir='ltr'><strong>natus</strong></span> <span class='ocrx_word' id='word_1_175' title='bbox 3234 1548 3444 1602; x_wconf 89' lang='lat' dir='ltr'><strong>nuntiat</strong></span> <span class='ocrx_word' id='word_1_176' title='bbox 3464 1548 3640 1605; x_wconf 83' lang='lat' dir='ltr'><strong>infans</strong></span> 
     </span>
    </p>
   </div>
   <div class='ocr_carea' id='block_1_33' title="bbox 2262 1638 3674 1709">
    <p class='ocr_par' dir='ltr' id='par_1_33' title="bbox 2262 1638 3674 1709">
     <span class='ocr_line' id='line_1_33' title="bbox 2262 1638 3674 1709; baseline 0.001 -15"><span class='ocrx_word' id='word_1_177' title='bbox 2262 1638 2381 1694; x_wconf 77' lang='lat' dir='ltr'><strong>lam</strong></span> <span class='ocrx_word' id='word_1_178' title='bbox 2421 1648 2666 1692; x_wconf 90' lang='lat' dir='ltr'><strong>nostrum</strong></span> <span class='ocrx_word' id='word_1_179' title='bbox 2700 1639 2879 1709; x_wconf 85' lang='lat' dir='ltr'><strong>vagire</strong></span> <span class='ocrx_word' id='word_1_180' title='bbox 2906 1638 3050 1693; x_wconf 87' lang='lat' dir='ltr'><strong>sibi:</strong></span> <span class='ocrx_word' id='word_1_181' title='bbox 3094 1653 3215 1693; x_wconf 90' lang='lat' dir='ltr'><strong>nam</strong></span> <span class='ocrx_word' id='word_1_182' title='bbox 3246 1640 3399 1709; x_wconf 89' lang='lat' dir='ltr'><strong>pusio</strong></span> <span class='ocrx_word' id='word_1_183' title='bbox 3438 1640 3674 1696; x_wconf 90' lang='lat' dir='ltr'><strong>nondum</strong></span> 
     </span>
    </p>
   </div>
   <div class='ocr_carea' id='block_1_34' title="bbox 2268 1730 3610 1801">
    <p class='ocr_par' dir='ltr' id='par_1_34' title="bbox 2268 1730 3610 1801">
     <span class='ocr_line' id='line_1_34' title="bbox 2268 1730 3610 1801; baseline 0.002 -16"><span class='ocrx_word' id='word_1_184' title='bbox 2268 1731 2451 1791; x_wconf 85' lang='lat' dir='ltr'><strong>Norat.</strong></span> <span class='ocrx_word' id='word_1_185' title='bbox 2485 1740 2538 1785; x_wconf 92' lang='lat' dir='ltr'><strong>et</strong></span> <span class='ocrx_word' id='word_1_186' title='bbox 2566 1745 2659 1785; x_wconf 87' lang='lat' dir='ltr'><strong>ora</strong></span> <span class='ocrx_word' id='word_1_187' title='bbox 2689 1730 2798 1785; x_wconf 91' lang='lat' dir='ltr'><strong>Deo</strong></span> <span class='ocrx_word' id='word_1_188' title='bbox 2829 1731 3103 1786; x_wconf 88' lang='lat' dir='ltr'><strong>reserabat</strong></span> <span class='ocrx_word' id='word_1_189' title='bbox 3132 1732 3346 1801; x_wconf 80' lang='lat' dir='ltr'><strong>gairula</strong></span> <span class='ocrx_word' id='word_1_190' title='bbox 3376 1731 3610 1789; x_wconf 89' lang='lat' dir='ltr'><strong>Christo.</strong></span> 
     </span>
    </p>
   </div>
   <div class='ocr_carea' id='block_1_35' title="bbox 2269 1822 3671 1895">
    <p class='ocr_par' dir='ltr' id='par_1_35' title="bbox 2269 1822 3671 1895">
     <span class='ocr_line' id='line_1_35' title="bbox 2269 1822 3671 1895; baseline 0.003 -18"><span class='ocrx_word' id='word_1_191' title='bbox 2269 1822 2505 1879; x_wconf 91' lang='lat' dir='ltr'><strong>Promite</strong></span> <span class='ocrx_word' id='word_1_192' title='bbox 2530 1831 2770 1879; x_wconf 87' lang='lat' dir='ltr'><strong>secretos</strong></span> <span class='ocrx_word' id='word_1_193' title='bbox 2795 1822 2958 1879; x_wconf 78' lang='lat' dir='ltr'><strong>fastos</strong></span> <span class='ocrx_word' id='word_1_194' title='bbox 2985 1839 2999 1875; x_wconf 91' lang='lat'><strong>:</strong></span> <span class='ocrx_word' id='word_1_195' title='bbox 3025 1823 3168 1888; x_wconf 90' lang='lat' dir='ltr'><strong>date,</strong></span> <span class='ocrx_word' id='word_1_196' title='bbox 3207 1824 3424 1895; x_wconf 87' lang='lat' dir='ltr'><strong>pandite</strong></span> <span class='ocrx_word' id='word_1_197' title='bbox 3455 1825 3671 1895; x_wconf 90' lang='lat' dir='ltr'><strong>librum,</strong></span> 
     </span>
    </p>
   </div>
   <div class='ocr_carea' id='block_1_36' title="bbox 1696 1916 2360 1975">
    <p class='ocr_par' dir='ltr' id='par_1_36' title="bbox 1696 1916 2360 1975">
     <span class='ocr_line' id='line_1_36' title="bbox 1696 1916 2360 1975; baseline 0.005 -4"><span class='ocrx_word' id='word_1_198' title='bbox 1696 1916 1983 1972; x_wconf 65' lang='lat' dir='ltr'><strong>GLOSSAC</strong></span> <span class='ocrx_word' id='word_1_199' title='bbox 2027 1918 2360 1975; x_wconf 77' lang='lat' dir='ltr'><strong>VETERES.</strong></span> 
     </span>
    </p>
   </div>
   <div class='ocr_carea' id='block_1_37' title="bbox 467 2008 1829 2075">
    <p class='ocr_par' dir='ltr' id='par_1_37' title="bbox 467 2008 1829 2075">
     <span class='ocr_line' id='line_1_37' title="bbox 467 2008 1829 2075; baseline -0.004 -7"><span class='ocrx_word' id='word_1_200' title='bbox 467 2010 592 2068; x_wconf 83' lang='lat'><strong>567.</strong></span> <span class='ocrx_word' id='word_1_201' title='bbox 620 2011 776 2075; x_wconf 89' lang='lat' dir='ltr'><strong>Caro.</strong></span> <span class='ocrx_word' id='word_1_202' title='bbox 810 2016 1043 2075; x_wconf 78' lang='lat' dir='ltr'><strong>materia,</strong></span> <span class='ocrx_word' id='word_1_203' title='bbox 1073 2012 1171 2075; x_wconf 85' lang='lat' dir='ltr'><strong>vel,</strong></span> <span class='ocrx_word' id='word_1_204' title='bbox 1202 2018 1258 2063; x_wconf 89' lang='lat' dir='ltr'><strong>ut</strong></span> <span class='ocrx_word' id='word_1_205' title='bbox 1284 2009 1375 2063; x_wconf 91' lang='lat' dir='ltr'><strong>alii</strong></span> <span class='ocrx_word' id='word_1_206' title='bbox 1404 2010 1569 2065; x_wconf 84' lang='lat' dir='ltr'><strong>solent</strong></span> <span class='ocrx_word' id='word_1_207' title='bbox 1592 2008 1757 2073; x_wconf 89' lang='lat' dir='ltr'><strong>nasci,</strong></span> <span class='ocrx_word' id='word_1_208' title='bbox 1790 2010 1829 2063; x_wconf 93' lang='grc' dir='ltr'><strong>Ι.</strong></span> 
     </span>
    </p>
   </div>
   <div class='ocr_carea' id='block_1_38' title="bbox 470 2079 1622 2151">
    <p class='ocr_par' dir='ltr' id='par_1_38' title="bbox 470 2079 1622 2151">
     <span class='ocr_line' id='line_1_38' title="bbox 470 2079 1622 2151; baseline -0.001 -16"><span class='ocrx_word' id='word_1_209' title='bbox 470 2084 594 2136; x_wconf 77' lang='lat'><strong>568.</strong></span> <span class='ocrx_word' id='word_1_210' title='bbox 630 2082 907 2145; x_wconf 87' lang='lat' dir='ltr'><strong>Intactam,</strong></span> <span class='ocrx_word' id='word_1_211' title='bbox 938 2080 1198 2151; x_wconf 87' lang='lat' dir='ltr'><strong>ignaram,</strong></span> <span class='ocrx_word' id='word_1_212' title='bbox 1228 2080 1305 2134; x_wconf 79' lang='lat' dir='ltr'><strong>vel</strong></span> <span class='ocrx_word' id='word_1_213' title='bbox 1334 2090 1544 2145; x_wconf 90' lang='lat' dir='ltr'><strong>castam,</strong></span> <span class='ocrx_word' id='word_1_214' title='bbox 1581 2079 1622 2134; x_wconf 85' lang='grc' dir='ltr'>Ι.</span> 
     </span>
    </p>
   </div>
   <div class='ocr_carea' id='block_1_39' title="bbox 469 2149 1986 2223">
    <p class='ocr_par' dir='ltr' id='par_1_39' title="bbox 469 2149 1986 2223">
     <span class='ocr_line' id='line_1_39' title="bbox 469 2149 1986 2223; baseline -0.003 -14"><span class='ocrx_word' id='word_1_215' title='bbox 469 2154 595 2209; x_wconf 84' lang='grc'>569.</span> <span class='ocrx_word' id='word_1_216' title='bbox 628 2153 857 2213; x_wconf 84' lang='lat' dir='ltr'><strong>Maritat,</strong></span> <span class='ocrx_word' id='word_1_217' title='bbox 892 2149 1158 2223; x_wconf 75' lang='lat' dir='ltr'><strong>fecundat,</strong></span> <span class='ocrx_word' id='word_1_218' title='bbox 1190 2158 1237 2204; x_wconf 90' lang='lat' dir='ltr'><strong>et</strong></span> <span class='ocrx_word' id='word_1_219' title='bbox 1268 2160 1502 2223; x_wconf 76' lang='lat' dir='ltr'><strong>prtegnat</strong></span> <span class='ocrx_word' id='word_1_220' title='bbox 1523 2165 1542 2204; x_wconf 89' lang='lat'><strong><em>:</em></strong></span> <span class='ocrx_word' id='word_1_221' title='bbox 1564 2149 1774 2203; x_wconf 90' lang='lat' dir='ltr'><strong>maritat</strong></span> <span class='ocrx_word' id='word_1_222' title='bbox 1812 2149 1986 2222; x_wconf 84' lang='lat' dir='ltr'><strong>pluvia</strong></span> 
     </span>
    </p>
   </div>
   <div class='ocr_carea' id='block_1_40' title="bbox 402 2221 1147 2292">
    <p class='ocr_par' dir='ltr' id='par_1_40' title="bbox 402 2221 1147 2292">
     <span class='ocr_line' id='line_1_40' title="bbox 402 2221 1147 2292; baseline -0.005 -14"><span class='ocrx_word' id='word_1_223' title='bbox 402 2236 613 2292; x_wconf 78' lang='lat' dir='ltr'><strong>terram,</strong></span> <span class='ocrx_word' id='word_1_224' title='bbox 643 2225 695 2275; x_wconf 90' lang='lat' dir='ltr'><strong>id</strong></span> <span class='ocrx_word' id='word_1_225' title='bbox 721 2232 793 2276; x_wconf 92' lang='lat' dir='ltr'><strong>est</strong></span> <span class='ocrx_word' id='word_1_226' title='bbox 816 2222 1075 2291; x_wconf 79' lang='lat' dir='ltr'><strong>fecundat,</strong></span> <span class='ocrx_word' id='word_1_227' title='bbox 1108 2221 1147 2274; x_wconf 91' lang='lat' dir='ltr'><strong>l.</strong></span> 
     </span>
    </p>
   </div>
   <div class='ocr_carea' id='block_1_41' title="bbox 470 2291 1985 2360">
    <p class='ocr_par' dir='ltr' id='par_1_41' title="bbox 470 2291 1985 2360">
     <span class='ocr_line' id='line_1_41' title="bbox 470 2291 1985 2360; baseline -0.003 -12"><span class='ocrx_word' id='word_1_228' title='bbox 470 2291 604 2349; x_wconf 77' lang='lat' dir='ltr'><strong>57o.</strong></span> <span class='ocrx_word' id='word_1_229' title='bbox 631 2296 984 2360; x_wconf 88' lang='lat' dir='ltr'><strong>lncomperta,</strong></span> <span class='ocrx_word' id='word_1_230' title='bbox 1030 2292 1323 2359; x_wconf 87' lang='lat' dir='ltr'><strong>incognita,</strong></span> <span class='ocrx_word' id='word_1_231' title='bbox 1368 2306 1470 2345; x_wconf 89' lang='lat' dir='ltr'><strong>non</strong></span> <span class='ocrx_word' id='word_1_232' title='bbox 1508 2291 1733 2355; x_wconf 86' lang='lat' dir='ltr'><strong>inventa,</strong></span> <span class='ocrx_word' id='word_1_233' title='bbox 1780 2291 1882 2347; x_wconf 86' lang='lat' dir='ltr'><strong>lso.</strong></span> <span class='ocrx_word' id='word_1_234' title='bbox 1916 2320 1985 2335; x_wconf 64' lang='grc' dir='ltr'><strong>-ο</strong></span> 
     </span>
    </p>
   </div>
   <div class='ocr_carea' id='block_1_42' title="bbox 404 2361 1298 2433">
    <p class='ocr_par' dir='ltr' id='par_1_42' title="bbox 404 2361 1298 2433">
     <span class='ocr_line' id='line_1_42' title="bbox 404 2361 1298 2433; baseline -0.008 -12"><span class='ocrx_word' id='word_1_235' title='bbox 404 2367 587 2431; x_wconf 81' lang='lat' dir='ltr'><strong>Ortus,</strong></span> <span class='ocrx_word' id='word_1_236' title='bbox 618 2366 921 2425; x_wconf 85' lang='lat' dir='ltr'><strong>nativitatis,</strong></span> <span class='ocrx_word' id='word_1_237' title='bbox 955 2362 1223 2433; x_wconf 81' lang='lat' dir='ltr'><strong>genitivus,</strong></span> <span class='ocrx_word' id='word_1_238' title='bbox 1257 2361 1298 2415; x_wconf 88' lang='grc' dir='ltr'><strong>Ι.</strong></span> 
     </span>
    </p>
   </div>
   <div class='ocr_carea' id='block_1_43' title="bbox 471 2430 1988 2502">
    <p class='ocr_par' dir='ltr' id='par_1_43' title="bbox 471 2430 1988 2502">
     <span class='ocr_line' id='line_1_43' title="bbox 471 2430 1988 2502; baseline -0.002 -13"><span class='ocrx_word' id='word_1_239' title='bbox 471 2437 595 2490; x_wconf 70' lang='lat'><strong>572.</strong></span> <span class='ocrx_word' id='word_1_240' title='bbox 631 2433 791 2489; x_wconf 84' lang='lat' dir='ltr'><strong>Nubit</strong></span> <span class='ocrx_word' id='word_1_241' title='bbox 822 2430 1064 2501; x_wconf 82' lang='lat' dir='ltr'><strong>Spiritui,</strong></span> <span class='ocrx_word' id='word_1_242' title='bbox 1088 2448 1191 2485; x_wconf 88' lang='lat' dir='ltr'><strong>non</strong></span> <span class='ocrx_word' id='word_1_243' title='bbox 1217 2432 1356 2502; x_wconf 82' lang='lat' dir='ltr'><strong>quod</strong></span> <span class='ocrx_word' id='word_1_244' title='bbox 1384 2430 1615 2502; x_wconf 77' lang='lat' dir='ltr'><strong>Spiritus</strong></span> <span class='ocrx_word' id='word_1_245' title='bbox 1654 2441 1861 2486; x_wconf 86' lang='lat' dir='ltr'><strong>sanctus</strong></span> <span class='ocrx_word' id='word_1_246' title='bbox 1888 2449 1988 2501; x_wconf 88' lang='lat' dir='ltr'><strong>pa-</strong></span> 
     </span>
    </p>
   </div>
   <div class='ocr_carea' id='block_1_44' title="bbox 403 2500 1981 2574">
    <p class='ocr_par' dir='ltr' id='par_1_44' title="bbox 403 2500 1981 2574">
     <span class='ocr_line' id='line_1_44' title="bbox 403 2500 1981 2574; baseline -0.001 -15"><span class='ocrx_word' id='word_1_247' title='bbox 403 2517 477 2559; x_wconf 88' lang='lat' dir='ltr'><strong>ter</strong></span> <span class='ocrx_word' id='word_1_248' title='bbox 523 2506 696 2574; x_wconf 78' lang='lat' dir='ltr'><strong>fuisset</strong></span> <span class='ocrx_word' id='word_1_249' title='bbox 727 2500 1018 2566; x_wconf 79' lang='lat' dir='ltr'><strong>FiliiDei;</strong></span> <span class='ocrx_word' id='word_1_250' title='bbox 1065 2502 1154 2556; x_wconf 85' lang='lat' dir='ltr'><strong>sed</strong></span> <span class='ocrx_word' id='word_1_251' title='bbox 1193 2500 1498 2574; x_wconf 71' lang='lat' dir='ltr'><strong>cooperante</strong></span> <span class='ocrx_word' id='word_1_252' title='bbox 1537 2500 1752 2574; x_wconf 19' lang='lat' dir='ltr'><strong>Spiritu,</strong></span> <span class='ocrx_word' id='word_1_253' title='bbox 1787 2500 1981 2567; x_wconf 86' lang='lat' dir='ltr'><strong>sancto,</strong></span> 
     </span>
    </p>
   </div>
   <div class='ocr_carea' id='block_1_45' title="bbox 403 2572 1981 2646">
    <p class='ocr_par' dir='ltr' id='par_1_45' title="bbox 403 2572 1981 2646">
     <span class='ocr_line' id='line_1_45' title="bbox 403 2572 1981 2646; baseline -0.003 -16"><span class='ocrx_word' id='word_1_254' title='bbox 403 2572 563 2630; x_wconf 76' lang='lat' dir='ltr'><strong>Pater</strong></span> <span class='ocrx_word' id='word_1_255' title='bbox 581 2576 753 2646; x_wconf 82' lang='lat' dir='ltr'><strong>genuit</strong></span> <span class='ocrx_word' id='word_1_256' title='bbox 776 2590 914 2638; x_wconf 89' lang='lat' dir='ltr'><strong>eum,</strong></span> <span class='ocrx_word' id='word_1_257' title='bbox 943 2583 989 2646; x_wconf 79' lang='lat' dir='ltr'><strong>et</strong></span> <span class='ocrx_word' id='word_1_258' title='bbox 1016 2574 1138 2646; x_wconf 76' lang='lat' dir='ltr'><strong>fecit</strong></span> <span class='ocrx_word' id='word_1_259' title='bbox 1149 2573 1424 2646; x_wconf 19' lang='lat' dir='ltr'><strong>Aincarnari</strong></span> <span class='ocrx_word' id='word_1_260' title='bbox 1452 2572 1514 2646; x_wconf 88' lang='lat' dir='ltr'><strong>in_</strong></span> <span class='ocrx_word' id='word_1_261' title='bbox 1531 2580 1674 2646; x_wconf 86' lang='lat' dir='ltr'><strong>utero</strong></span> <span class='ocrx_word' id='word_1_262' title='bbox 1704 2572 1905 2646; x_wconf 62' lang='lat' dir='ltr'><strong>illm-inf,</strong></span> <span class='ocrx_word' id='word_1_263' title='bbox 1944 2575 1981 2626; x_wconf 92' lang='grc' dir='ltr'><strong>Ι.</strong></span> 
     </span>
    </p>
   </div>
   <div class='ocr_carea' id='block_1_46' title="bbox 473 2642 1980 2717">
    <p class='ocr_par' dir='ltr' id='par_1_46' title="bbox 473 2642 1980 2717">
     <span class='ocr_line' id='line_1_46' title="bbox 473 2642 1980 2717; baseline -0.003 -15"><span class='ocrx_word' id='word_1_264' title='bbox 473 2642 598 2702; x_wconf 66' lang='grc'><strong>575.</strong></span> <span class='ocrx_word' id='word_1_265' title='bbox 626 2646 906 2717; x_wconf 82' lang='lat' dir='ltr'><strong>Pubertas,</strong></span> <span class='ocrx_word' id='word_1_266' title='bbox 942 2642 1185 2717; x_wconf 59' lang='lat' dir='ltr'><strong>juvenilis</strong></span> <span class='ocrx_word' id='word_1_267' title='bbox 1231 2644 1473 2717; x_wconf 61' lang='lat' dir='ltr'><strong>castitas,</strong></span> <span class='ocrx_word' id='word_1_268' title='bbox 1496 2643 1552 2717; x_wconf 83' lang='lat' dir='ltr'><strong>id</strong></span> <span class='ocrx_word' id='word_1_269' title='bbox 1591 2652 1672 2717; x_wconf 86' lang='lat' dir='ltr'><strong>_est</strong></span> <span class='ocrx_word' id='word_1_270' title='bbox 1698 2644 1980 2717; x_wconf 75' lang='lat' dir='ltr'><strong>uirginitas.</strong></span> 
     </span>
    </p>
   </div>
   <div class='ocr_carea' id='block_1_47' title="bbox 425 2713 1631 2785">
    <p class='ocr_par' dir='ltr' id='par_1_47' title="bbox 425 2713 1631 2785">
     <span class='ocr_line' id='line_1_47' title="bbox 425 2713 1631 2785; baseline -0.002 -16"><span class='ocrx_word' id='word_1_271' title='bbox 425 2746 473 2758; x_wconf 90' lang='lat'><strong>-—</strong></span> <span class='ocrx_word' id='word_1_272' title='bbox 503 2720 739 2781; x_wconf 71' lang='lat' dir='ltr'><strong>Signata,</strong></span> <span class='ocrx_word' id='word_1_273' title='bbox 768 2715 966 2785; x_wconf 81' lang='lat' dir='ltr'><strong>clausa.</strong></span> <span class='ocrx_word' id='word_1_274' title='bbox 999 2743 1069 2753; x_wconf 91' lang='lat'><strong>—</strong></span> <span class='ocrx_word' id='word_1_275' title='bbox 1096 2714 1303 2778; x_wconf 82' lang='lat' dir='ltr'><strong>Gravis,</strong></span> <span class='ocrx_word' id='word_1_276' title='bbox 1334 2714 1563 2785; x_wconf 81' lang='lat' dir='ltr'><strong>grauida,</strong></span> <span class='ocrx_word' id='word_1_277' title='bbox 1591 2713 1631 2767; x_wconf 91' lang='lat' dir='ltr'><strong>I.</strong></span> 
     </span>
    </p>
   </div>
   <div class='ocr_carea' id='block_1_48' title="bbox 474 2783 1986 2855">
    <p class='ocr_par' dir='ltr' id='par_1_48' title="bbox 474 2783 1986 2855">
     <span class='ocr_line' id='line_1_48' title="bbox 474 2783 1986 2855; baseline -0.003 -13"><span class='ocrx_word' id='word_1_278' title='bbox 474 2787 602 2842; x_wconf 81' lang='lat'><strong>576.</strong></span> <span class='ocrx_word' id='word_1_279' title='bbox 626 2786 741 2840; x_wconf 88' lang='lat' dir='ltr'><strong>Non</strong></span> <span class='ocrx_word' id='word_1_280' title='bbox 770 2783 1009 2855; x_wconf 84' lang='lat' dir='ltr'><strong>credule,</strong></span> <span class='ocrx_word' id='word_1_281' title='bbox 1048 2801 1077 2837; x_wconf 90' lang='grc' dir='ltr'><em>ο</em></span> <span class='ocrx_word' id='word_1_282' title='bbox 1104 2783 1347 2855; x_wconf 36' lang='grc' dir='ltr'><strong>ρει-[ἰαθῇ</strong></span> <span class='ocrx_word' id='word_1_283' title='bbox 1373 2784 1450 2838; x_wconf 78' lang='lat' dir='ltr'><strong>vel</strong></span> <span class='ocrx_word' id='word_1_284' title='bbox 1488 2783 1910 2852; x_wconf 84' lang='lat' dir='ltr'><strong>llomuncionita,</strong></span> <span class='ocrx_word' id='word_1_285' title='bbox 1946 2784 1986 2839; x_wconf 89' lang='grc' dir='ltr'><strong>Ι.</strong></span> 
     </span>
    </p>
   </div>
   <div class='ocr_carea' id='block_1_49' title="bbox 475 2854 1004 2923">
    <p class='ocr_par' dir='ltr' id='par_1_49' title="bbox 475 2854 1004 2923">
     <span class='ocr_line' id='line_1_49' title="bbox 475 2854 1004 2923; baseline -0.008 -12"><span class='ocrx_word' id='word_1_286' title='bbox 475 2858 605 2911; x_wconf 83' lang='lat'><strong>577.</strong></span> <span class='ocrx_word' id='word_1_287' title='bbox 636 2856 768 2921; x_wconf 86' lang='lat' dir='ltr'><strong>Hoc,</strong></span> <span class='ocrx_word' id='word_1_288' title='bbox 799 2858 926 2923; x_wconf 74' lang='lat' dir='ltr'><strong>fore,</strong></span> <span class='ocrx_word' id='word_1_289' title='bbox 966 2854 1004 2907; x_wconf 92' lang='lat' dir='ltr'><strong>I.</strong></span> 
     </span>
    </p>
   </div>
   <div class='ocr_carea' id='block_1_50' title="bbox 473 2922 1279 2993">
    <p class='ocr_par' dir='ltr' id='par_1_50' title="bbox 473 2922 1279 2993">
     <span class='ocr_line' id='line_1_50' title="bbox 473 2922 1279 2993; baseline -0.004 -11"><span class='ocrx_word' id='word_1_290' title='bbox 473 2926 599 2983; x_wconf 74' lang='lat'><strong>582.</strong></span> <span class='ocrx_word' id='word_1_291' title='bbox 628 2925 933 2981; x_wconf 87' lang='lat' dir='ltr'><strong>Contemuit</strong></span> <span class='ocrx_word' id='word_1_292' title='bbox 987 2924 1202 2993; x_wconf 73' lang='lat' dir='ltr'><strong>respuit.</strong></span> <span class='ocrx_word' id='word_1_293' title='bbox 1237 2922 1279 2979; x_wconf 94' lang='lat' dir='ltr'><strong>l.</strong></span> 
     </span>
    </p>
   </div>
   <div class='ocr_carea' id='block_1_51' title="bbox 2160 2006 2942 2073">
    <p class='ocr_par' dir='ltr' id='par_1_51' title="bbox 2160 2006 2942 2073">
     <span class='ocr_line' id='line_1_51' title="bbox 2160 2006 2942 2073; baseline -0.006 -8"><span class='ocrx_word' id='word_1_294' title='bbox 2160 2012 2287 2065; x_wconf 65' lang='lat'><strong>583.</strong></span> <span class='ocrx_word' id='word_1_295' title='bbox 2323 2008 2483 2072; x_wconf 86' lang='lat' dir='ltr'><strong>Bibit,</strong></span> <span class='ocrx_word' id='word_1_296' title='bbox 2508 2024 2602 2072; x_wconf 84' lang='lat' dir='ltr'><strong>pro</strong></span> <span class='ocrx_word' id='word_1_297' title='bbox 2622 2006 2872 2073; x_wconf 85' lang='lat' dir='ltr'><strong>concepit,</strong></span> <span class='ocrx_word' id='word_1_298' title='bbox 2903 2006 2942 2060; x_wconf 90' lang='lat' dir='ltr'><strong>I.</strong></span> 
     </span>
    </p>
   </div>
   <div class='ocr_carea' id='block_1_52' title="bbox 2163 2076 3038 2143">
    <p class='ocr_par' dir='ltr' id='par_1_52' title="bbox 2163 2076 3038 2143">
     <span class='ocr_line' id='line_1_52' title="bbox 2163 2076 3038 2143; baseline -0.005 -10"><span class='ocrx_word' id='word_1_299' title='bbox 2163 2080 2288 2137; x_wconf 51' lang='lat'><strong>584.</strong></span> <span class='ocrx_word' id='word_1_300' title='bbox 2326 2079 2587 2142; x_wconf 84' lang='lat' dir='ltr'><strong>Latehris,</strong></span> <span class='ocrx_word' id='word_1_301' title='bbox 2620 2076 2965 2143; x_wconf 86' lang='lat' dir='ltr'><strong>interioribus,</strong></span> <span class='ocrx_word' id='word_1_302' title='bbox 2998 2081 3038 2136; x_wconf 88' lang='grc'><strong>1.</strong></span> 
     </span>
    </p>
   </div>
   <div class='ocr_carea' id='block_1_53' title="bbox 2162 2145 3678 2277">
    <p class='ocr_par' dir='ltr' id='par_1_53' title="bbox 2162 2145 3678 2277">
     <span class='ocr_line' id='line_1_53' title="bbox 2162 2145 3678 2277; baseline -0.001 -71"><span class='ocrx_word' id='word_1_303' title='bbox 2162 2152 2288 2274; x_wconf 53' lang='lat'><strong>58?.</strong></span> <span class='ocrx_word' id='word_1_304' title='bbox 2318 2150 2555 2277; x_wconf 62' lang='lat' dir='ltr'><strong>llhtgelus</strong></span> <span class='ocrx_word' id='word_1_305' title='bbox 2583 2149 2720 2215; x_wconf 88' lang='lat' dir='ltr'><strong>inﬁt,</strong></span> <span class='ocrx_word' id='word_1_306' title='bbox 2769 2145 2996 2217; x_wconf 78' lang='lat' dir='ltr'><strong>Spiritus</strong></span> <span class='ocrx_word' id='word_1_307' title='bbox 3037 2156 3246 2201; x_wconf 88' lang='lat' dir='ltr'><strong>sanctus</strong></span> <span class='ocrx_word' id='word_1_308' title='bbox 3282 2150 3596 2217; x_wconf 83' lang='lat' dir='ltr'><strong>superveniet</strong></span> <span class='ocrx_word' id='word_1_309' title='bbox 3625 2150 3678 2206; x_wconf 84' lang='lat' dir='ltr'><strong>in</strong></span> 
     </span>
     <span class='ocr_line' id='line_1_54' title="bbox 2192 2235 2437 2275; baseline 0 0"><span class='ocrx_word' id='word_1_310' title='bbox 2192 2237 2220 2275; x_wconf 92' lang='lat' dir='ltr'><strong>e</strong></span> <span class='ocrx_word' id='word_1_311' title='bbox 2249 2236 2299 2275; x_wconf 94' lang='lat' dir='ltr'><strong>c.</strong></span> <span class='ocrx_word' id='word_1_312' title='bbox 2357 2235 2437 2275; x_wconf 85' lang='lat' dir='ltr'><strong>so.</strong></span> 
     </span>
    </p>
   </div>
   <div class='ocr_carea' id='block_1_54' title="bbox 2091 2231 2437 2288">
    <p class='ocr_par' dir='ltr' id='par_1_54' title="bbox 2091 2231 2437 2288">
     <span class='ocr_line' id='line_1_55' title="bbox 2091 2231 2437 2288; baseline 0 -13"><span class='ocrx_word' id='word_1_313' title='bbox 2091 2231 2159 2288; x_wconf 88' lang='lat' dir='ltr'><strong>te,</strong></span> <span class='ocrx_word' id='word_1_314' title='bbox 2192 2231 2299 2275; x_wconf 92' lang='lat' dir='ltr'><strong>etc.</strong></span> <span class='ocrx_word' id='word_1_315' title='bbox 2331 2231 2437 2277; x_wconf 84' lang='lat' dir='ltr'><strong>lso.</strong></span> 
     </span>
    </p>
   </div>
   <div class='ocr_carea' id='block_1_55' title="bbox 2165 2288 3679 2360">
    <p class='ocr_par' dir='ltr' id='par_1_55' title="bbox 2165 2288 3679 2360">
     <span class='ocr_line' id='line_1_56' title="bbox 2165 2288 3679 2360; baseline -0.003 -13"><span class='ocrx_word' id='word_1_316' title='bbox 2165 2292 2289 2347; x_wconf 77' lang='lat'><strong>586.</strong></span> <span class='ocrx_word' id='word_1_317' title='bbox 2320 2290 2639 2355; x_wconf 90' lang='lat' dir='ltr'><strong>Concretus,</strong></span> <span class='ocrx_word' id='word_1_318' title='bbox 2672 2304 2894 2355; x_wconf 88' lang='lat' dir='ltr'><strong>crassus,</strong></span> <span class='ocrx_word' id='word_1_319' title='bbox 2926 2290 3224 2355; x_wconf 87' lang='lat' dir='ltr'><strong>obduratus,</strong></span> <span class='ocrx_word' id='word_1_320' title='bbox 3270 2288 3348 2344; x_wconf 81' lang='lat' dir='ltr'><strong>vel</strong></span> <span class='ocrx_word' id='word_1_321' title='bbox 3376 2289 3587 2360; x_wconf 88' lang='lat' dir='ltr'><strong>spissus.</strong></span> <span class='ocrx_word' id='word_1_322' title='bbox 3612 2321 3679 2334; x_wconf 85' lang='lat'><strong>—-</strong></span> 
     </span>
    </p>
   </div>
   <div class='ocr_carea' id='block_1_56' title="bbox 2096 2359 3082 2425">
    <p class='ocr_par' dir='ltr' id='par_1_56' title="bbox 2096 2359 3082 2425">
     <span class='ocr_line' id='line_1_57' title="bbox 2096 2359 3082 2425; baseline -0.004 -7"><span class='ocrx_word' id='word_1_323' title='bbox 2096 2364 2171 2418; x_wconf 86' lang='lat' dir='ltr'><strong>De</strong></span> <span class='ocrx_word' id='word_1_324' title='bbox 2201 2363 2395 2425; x_wconf 78' lang='lat' dir='ltr'><strong>sidere,</strong></span> <span class='ocrx_word' id='word_1_325' title='bbox 2426 2361 2733 2415; x_wconf 80' lang='lat' dir='ltr'><strong>descendere</strong></span> <span class='ocrx_word' id='word_1_326' title='bbox 2752 2362 2805 2412; x_wconf 84' lang='lat' dir='ltr'><strong>in</strong></span> <span class='ocrx_word' id='word_1_327' title='bbox 2828 2359 3004 2423; x_wconf 86' lang='lat' dir='ltr'><strong>corde,</strong></span> <span class='ocrx_word' id='word_1_328' title='bbox 3041 2360 3082 2414; x_wconf 93' lang='lat' dir='ltr'><strong>I.</strong></span> 
     </span>
    </p>
   </div>
   <div class='ocr_carea' id='block_1_57' title="bbox 2165 2426 3175 2501">
    <p class='ocr_par' dir='ltr' id='par_1_57' title="bbox 2165 2426 3175 2501">
     <span class='ocr_line' id='line_1_58' title="bbox 2165 2426 3175 2501; baseline -0.006 -11"><span class='ocrx_word' id='word_1_329' title='bbox 2165 2432 2289 2490; x_wconf 80' lang='lat'><strong>587.</strong></span> <span class='ocrx_word' id='word_1_330' title='bbox 2319 2430 2576 2501; x_wconf 86' lang='lat' dir='ltr'><strong>Conjuge,</strong></span> <span class='ocrx_word' id='word_1_331' title='bbox 2604 2433 2789 2484; x_wconf 88' lang='lat' dir='ltr'><strong>marito</strong></span> <span class='ocrx_word' id='word_1_332' title='bbox 2820 2426 3095 2495; x_wconf 87' lang='lat' dir='ltr'><strong>Zacharia,</strong></span> <span class='ocrx_word' id='word_1_333' title='bbox 3133 2429 3175 2485; x_wconf 93' lang='lat' dir='ltr'><strong>l.</strong></span> 
     </span>
    </p>
   </div>
   <div class='ocr_carea' id='block_1_58' title="bbox 2166 2501 3080 2571">
    <p class='ocr_par' dir='ltr' id='par_1_58' title="bbox 2166 2501 3080 2571">
     <span class='ocr_line' id='line_1_59' title="bbox 2166 2501 3080 2571; baseline -0.008 -10"><span class='ocrx_word' id='word_1_334' title='bbox 2166 2503 2291 2561; x_wconf 78' lang='lat'><strong>589.</strong></span> <span class='ocrx_word' id='word_1_335' title='bbox 2324 2502 2678 2571; x_wconf 86' lang='lat' dir='ltr'><strong>Interceptus,</strong></span> <span class='ocrx_word' id='word_1_336' title='bbox 2712 2510 3009 2571; x_wconf 87' lang='lat' dir='ltr'><strong>conceptus,</strong></span> <span class='ocrx_word' id='word_1_337' title='bbox 3038 2501 3080 2554; x_wconf 95' lang='lat' dir='ltr'><strong>I.</strong></span> 
     </span>
    </p>
   </div>
   <div class='ocr_carea' id='block_1_59' title="bbox 2165 2569 3681 2640">
    <p class='ocr_par' dir='ltr' id='par_1_59' title="bbox 2165 2569 3681 2640">
     <span class='ocr_line' id='line_1_60' title="bbox 2165 2569 3681 2640; baseline -0.003 -9"><span class='ocrx_word' id='word_1_338' title='bbox 2165 2574 2290 2631; x_wconf 85' lang='lat'><strong>590.</strong></span> <span class='ocrx_word' id='word_1_339' title='bbox 2324 2574 2399 2627; x_wconf 83' lang='lat' dir='ltr'><strong>Ex</strong></span> <span class='ocrx_word' id='word_1_340' title='bbox 2435 2569 2561 2634; x_wconf 51' lang='lat' dir='ltr'><strong>ore]</strong></span> <span class='ocrx_word' id='word_1_341' title='bbox 2609 2569 2727 2640; x_wconf 86' lang='lat' dir='ltr'><strong>quia</strong></span> <span class='ocrx_word' id='word_1_342' title='bbox 2773 2569 3008 2624; x_wconf 80' lang='lat' dir='ltr'><strong>Joannes</strong></span> <span class='ocrx_word' id='word_1_343' title='bbox 3055 2587 3157 2624; x_wconf 88' lang='lat' dir='ltr'><strong>non</strong></span> <span class='ocrx_word' id='word_1_344' title='bbox 3212 2570 3404 2624; x_wconf 86' lang='lat' dir='ltr'><strong>locutus</strong></span> <span class='ocrx_word' id='word_1_345' title='bbox 3452 2581 3545 2637; x_wconf 90' lang='lat' dir='ltr'><strong>est,</strong></span> <span class='ocrx_word' id='word_1_346' title='bbox 3593 2576 3681 2627; x_wconf 90' lang='lat' dir='ltr'><strong>sed</strong></span> 
     </span>
    </p>
   </div>
   <div class='ocr_carea' id='block_1_60' title="bbox 2096 2640 3379 2718">
    <p class='ocr_par' dir='ltr' id='par_1_60' title="bbox 2096 2640 3379 2718">
     <span class='ocr_line' id='line_1_61' title="bbox 2096 2640 3379 2718; baseline -0.004 -20"><span class='ocrx_word' id='word_1_347' title='bbox 2096 2643 2500 2718; x_wconf 65' lang='lat' dir='ltr'><strong>gestucorporis</strong></span> <span class='ocrx_word' id='word_1_348' title='bbox 2529 2643 2749 2718; x_wconf 73' lang='lat' dir='ltr'><strong>ostendit</strong></span> <span class='ocrx_word' id='word_1_349' title='bbox 2776 2640 3050 2718; x_wconf 76' lang='lat' dir='ltr'><strong>adventum</strong></span> <span class='ocrx_word' id='word_1_350' title='bbox 3065 2640 3307 2718; x_wconf 38' lang='lat' dir='ltr'><strong>“Domini,</strong></span> <span class='ocrx_word' id='word_1_351' title='bbox 3342 2641 3379 2718; x_wconf 37' lang='grc' dir='ltr'><strong>Ι..</strong></span> 
     </span>
    </p>
   </div>
   <div class='ocr_carea' id='block_1_61' title="bbox 2164 2710 3683 2781">
    <p class='ocr_par' dir='ltr' id='par_1_61' title="bbox 2164 2710 3683 2781">
     <span class='ocr_line' id='line_1_62' title="bbox 2164 2710 3683 2781; baseline -0.003 -9"><span class='ocrx_word' id='word_1_352' title='bbox 2164 2717 2289 2772; x_wconf 80' lang='grc'><strong>595.</strong></span> <span class='ocrx_word' id='word_1_353' title='bbox 2320 2714 2506 2779; x_wconf 89' lang='lat' dir='ltr'><strong>Norat,</strong></span> <span class='ocrx_word' id='word_1_354' title='bbox 2545 2712 2738 2766; x_wconf 78' lang='lat' dir='ltr'><strong>scilicet</strong></span> <span class='ocrx_word' id='word_1_355' title='bbox 2770 2712 2925 2780; x_wconf 86' lang='lat' dir='ltr'><strong>loqui.</strong></span> <span class='ocrx_word' id='word_1_356' title='bbox 2955 2740 3028 2751; x_wconf 92' lang='lat'><strong>-—</strong></span> <span class='ocrx_word' id='word_1_357' title='bbox 3057 2710 3302 2779; x_wconf 85' lang='lat' dir='ltr'><strong>Garrula,</strong></span> <span class='ocrx_word' id='word_1_358' title='bbox 3349 2712 3607 2781; x_wconf 86' lang='lat' dir='ltr'><strong>loquacia,</strong></span> <span class='ocrx_word' id='word_1_359' title='bbox 3639 2712 3683 2778; x_wconf 86' lang='lat' dir='ltr'><strong>I,</strong></span> 
     </span>
    </p>
   </div>
   <div class='ocr_carea' id='block_1_62' title="bbox 2162 2782 3685 2852">
    <p class='ocr_par' dir='ltr' id='par_1_62' title="bbox 2162 2782 3685 2852">
     <span class='ocr_line' id='line_1_63' title="bbox 2162 2782 3685 2852; baseline -0.002 -12"><span class='ocrx_word' id='word_1_360' title='bbox 2162 2784 2286 2840; x_wconf 68' lang='lat'><strong>594.</strong></span> <span class='ocrx_word' id='word_1_361' title='bbox 2323 2785 2532 2847; x_wconf 86' lang='lat' dir='ltr'><strong>Fastos,</strong></span> <span class='ocrx_word' id='word_1_362' title='bbox 2562 2792 2754 2837; x_wconf 83' lang='lat' dir='ltr'><strong>secreta</strong></span> <span class='ocrx_word' id='word_1_363' title='bbox 2797 2784 2954 2843; x_wconf 86' lang='lat' dir='ltr'><strong>dicta,</strong></span> <span class='ocrx_word' id='word_1_364' title='bbox 3001 2782 3251 2843; x_wconf 87' lang='lat' dir='ltr'><strong>annales;</strong></span> <span class='ocrx_word' id='word_1_365' title='bbox 3298 2784 3461 2852; x_wconf 79' lang='lat' dir='ltr'><strong>fastus</strong></span> <span class='ocrx_word' id='word_1_366' title='bbox 3487 2798 3685 2852; x_wconf 76' lang='lat' dir='ltr'><strong>quarta:</strong></span> 
     </span>
    </p>
   </div>
   <div class='ocr_carea' id='block_1_63' title="bbox 2090 2852 3423 2923">
    <p class='ocr_par' dir='ltr' id='par_1_63' title="bbox 2090 2852 3423 2923">
     <span class='ocr_line' id='line_1_64' title="bbox 2090 2852 3423 2923; baseline -0.004 -13"><span class='ocrx_word' id='word_1_367' title='bbox 2090 2856 2470 2921; x_wconf 80' lang='lat' dir='ltr'><strong>declinationis,</strong></span> <span class='ocrx_word' id='word_1_368' title='bbox 2499 2854 2770 2923; x_wconf 82' lang='lat' dir='ltr'><strong>superbia;</strong></span> <span class='ocrx_word' id='word_1_369' title='bbox 2804 2852 2927 2922; x_wconf 72' lang='lat' dir='ltr'><strong>fusti</strong></span> <span class='ocrx_word' id='word_1_370' title='bbox 2967 2852 3085 2905; x_wconf 86' lang='lat' dir='ltr'><strong>libri</strong></span> <span class='ocrx_word' id='word_1_371' title='bbox 3114 2852 3348 2916; x_wconf 84' lang='lat' dir='ltr'><strong>annales,</strong></span> <span class='ocrx_word' id='word_1_372' title='bbox 3380 2852 3423 2905; x_wconf 93' lang='lat' dir='ltr'><strong>I.</strong></span> 
     </span>
    </p>
   </div>
   <div class='ocr_carea' id='block_1_64' title="bbox 1750 3015 2315 3074">
    <p class='ocr_par' dir='ltr' id='par_1_64' title="bbox 1750 3015 2315 3074">
     <span class='ocr_line' id='line_1_65' title="bbox 1750 3015 2315 3074; baseline -0.005 -2"><span class='ocrx_word' id='word_1_373' title='bbox 1750 3015 2315 3074; x_wconf 69' lang='lat' dir='ltr'><strong>COMMENTARIUS.</strong></span> 
     </span>
    </p>
   </div>
   <div class='ocr_carea' id='block_1_65' title="bbox 475 3108 1170 3176">
    <p class='ocr_par' dir='ltr' id='par_1_65' title="bbox 475 3108 1170 3176">
     <span class='ocr_line' id='line_1_66' title="bbox 475 3108 1170 3176; baseline -0.004 -11"><span class='ocrx_word' id='word_1_374' title='bbox 475 3108 600 3165; x_wconf 74' lang='lat'><strong>567.</strong></span> <span class='ocrx_word' id='word_1_375' title='bbox 631 3110 776 3175; x_wconf 71' lang='grc' dir='ltr'><strong>ΑΜ..</strong></span> <span class='ocrx_word' id='word_1_376' title='bbox 808 3126 912 3163; x_wconf 89' lang='lat' dir='ltr'><strong>non</strong></span> <span class='ocrx_word' id='word_1_377' title='bbox 940 3110 1170 3176; x_wconf 82' lang='lat' dir='ltr'><strong>sanguis.</strong></span> 
     </span>
    </p>
   </div>
   <div class='ocr_carea' id='block_1_66' title="bbox 480 3176 1988 3250">
    <p class='ocr_par' dir='ltr' id='par_1_66' title="bbox 480 3176 1988 3250">
     <span class='ocr_line' id='line_1_67' title="bbox 480 3176 1988 3250; baseline 0 -16"><span class='ocrx_word' id='word_1_378' title='bbox 480 3182 606 3236; x_wconf 79' lang='grc'>569.</span> <span class='ocrx_word' id='word_1_379' title='bbox 640 3183 817 3250; x_wconf 77' lang='lat' dir='ltr'><strong>Egm.,</strong></span> <span class='ocrx_word' id='word_1_380' title='bbox 848 3180 991 3246; x_wconf 82' lang='lat' dir='ltr'><strong>Put.,</strong></span> <span class='ocrx_word' id='word_1_381' title='bbox 1044 3178 1167 3234; x_wconf 83' lang='lat' dir='ltr'><strong>Vat.</strong></span> <span class='ocrx_word' id='word_1_382' title='bbox 1198 3180 1266 3244; x_wconf 83' lang='lat' dir='ltr'><strong>A,</strong></span> <span class='ocrx_word' id='word_1_383' title='bbox 1304 3176 1442 3245; x_wconf 81' lang='lat' dir='ltr'><strong>PaL,</strong></span> <span class='ocrx_word' id='word_1_384' title='bbox 1468 3180 1615 3246; x_wconf 80' lang='lat' dir='ltr'><strong>fla&#39;u.</strong></span> <span class='ocrx_word' id='word_1_385' title='bbox 1648 3177 1773 3242; x_wconf 81' lang='lat' dir='ltr'><strong>Alii,</strong></span> <span class='ocrx_word' id='word_1_386' title='bbox 1799 3180 1988 3248; x_wconf 74' lang='lat' dir='ltr'><strong>afflatu.</strong></span> 
     </span>
    </p>
   </div>
   <div class='ocr_carea' id='block_1_67' title="bbox 410 3250 1991 3319">
    <p class='ocr_par' dir='ltr' id='par_1_67' title="bbox 410 3250 1991 3319">
     <span class='ocr_line' id='line_1_68' title="bbox 410 3250 1991 3319; baseline -0.001 -14"><span class='ocrx_word' id='word_1_387' title='bbox 410 3251 558 3307; x_wconf 78' lang='lat' dir='ltr'><strong>Rott.</strong></span> <span class='ocrx_word' id='word_1_388' title='bbox 590 3261 646 3306; x_wconf 92' lang='lat' dir='ltr'><strong>et</strong></span> <span class='ocrx_word' id='word_1_389' title='bbox 674 3252 779 3304; x_wconf 90' lang='lat' dir='ltr'><strong>duo</strong></span> <span class='ocrx_word' id='word_1_390' title='bbox 808 3251 989 3315; x_wconf 86' lang='lat' dir='ltr'><strong>&#39;I‘orr.,</strong></span> <span class='ocrx_word' id='word_1_391' title='bbox 1019 3250 1239 3316; x_wconf 72' lang='lat' dir='ltr'><strong>affectu;</strong></span> <span class='ocrx_word' id='word_1_392' title='bbox 1268 3251 1397 3317; x_wconf 79' lang='lat' dir='ltr'><strong>ﬂatu</strong></span> <span class='ocrx_word' id='word_1_393' title='bbox 1429 3250 1638 3304; x_wconf 87' lang='lat' dir='ltr'><strong>videtur</strong></span> <span class='ocrx_word' id='word_1_394' title='bbox 1667 3250 1835 3319; x_wconf 88' lang='lat' dir='ltr'><strong>magis</strong></span> <span class='ocrx_word' id='word_1_395' title='bbox 1860 3251 1991 3303; x_wconf 87' lang='lat' dir='ltr'><strong>Pru-</strong></span> 
     </span>
    </p>
   </div>
   <div class='ocr_carea' id='block_1_68' title="bbox 408 3323 742 3376">
    <p class='ocr_par' dir='ltr' id='par_1_68' title="bbox 408 3323 742 3376">
     <span class='ocr_line' id='line_1_69' title="bbox 408 3323 742 3376; baseline -0.006 0"><span class='ocrx_word' id='word_1_396' title='bbox 408 3323 742 3376; x_wconf 84' lang='lat' dir='ltr'><strong>deutianum.</strong></span> 
     </span>
    </p>
   </div>
   <div class='ocr_carea' id='block_1_69' title="bbox 479 3386 1992 3459">
    <p class='ocr_par' dir='ltr' id='par_1_69' title="bbox 479 3386 1992 3459">
     <span class='ocr_line' id='line_1_70' title="bbox 479 3386 1992 3459; baseline -0.005 -11"><span class='ocrx_word' id='word_1_397' title='bbox 479 3393 604 3448; x_wconf 80' lang='grc'>571.</span> <span class='ocrx_word' id='word_1_398' title='bbox 642 3391 696 3445; x_wconf 90' lang='lat' dir='ltr'><strong>ln</strong></span> <span class='ocrx_word' id='word_1_399' title='bbox 728 3389 847 3445; x_wconf 85' lang='lat' dir='ltr'><strong>Vat.</strong></span> <span class='ocrx_word' id='word_1_400' title='bbox 880 3391 921 3444; x_wconf 84' lang='lat' dir='ltr'><strong>A</strong></span> <span class='ocrx_word' id='word_1_401' title='bbox 953 3389 1101 3443; x_wconf 89' lang='lat' dir='ltr'><strong>abest</strong></span> <span class='ocrx_word' id='word_1_402' title='bbox 1146 3386 1377 3443; x_wconf 81' lang='lat' dir='ltr'><strong>Christus</strong></span> <span class='ocrx_word' id='word_1_403' title='bbox 1419 3388 1739 3459; x_wconf 83' lang='lat' dir='ltr'><strong>negligentia</strong></span> <span class='ocrx_word' id='word_1_404' title='bbox 1788 3390 1992 3444; x_wconf 79' lang='lat' dir='ltr'><strong>exscri-</strong></span> 
     </span>
    </p>
   </div>
   <div class='ocr_carea' id='block_1_70' title="bbox 407 3459 1990 3533">
    <p class='ocr_par' dir='ltr' id='par_1_70' title="bbox 407 3459 1990 3533">
     <span class='ocr_line' id='line_1_71' title="bbox 407 3459 1990 3533; baseline -0.003 -18"><span class='ocrx_word' id='word_1_405' title='bbox 407 3462 602 3533; x_wconf 88' lang='lat' dir='ltr'><strong>ptoris.</strong></span> <span class='ocrx_word' id='word_1_406' title='bbox 632 3461 854 3524; x_wconf 86' lang='lat' dir='ltr'><strong>Innuba,</strong></span> <span class='ocrx_word' id='word_1_407' title='bbox 888 3470 940 3533; x_wconf 82' lang='lat' dir='ltr'><strong>ut</strong></span> <span class='ocrx_word' id='word_1_408' title='bbox 973 3469 1156 3533; x_wconf 83' lang='lat' dir='ltr'><strong>postea</strong></span> <span class='ocrx_word' id='word_1_409' title='bbox 1199 3473 1355 3512; x_wconf 88' lang='lat' dir='ltr'><strong>versu</strong></span> <span class='ocrx_word' id='word_1_410' title='bbox 1386 3460 1512 3524; x_wconf 75' lang='lat' dir='ltr'><strong>6M,</strong></span> <span class='ocrx_word' id='word_1_411' title='bbox 1560 3461 1780 3533; x_wconf 84' lang='lat' dir='ltr'><strong>innupto</strong></span> <span class='ocrx_word' id='word_1_412' title='bbox 1819 3459 1990 3533; x_wconf 80' lang='lat' dir='ltr'><strong>ub_ere,</strong></span> 
     </span>
    </p>
   </div>
   <div class='ocr_carea' id='block_1_71' title="bbox 408 3530 1994 3599">
    <p class='ocr_par' dir='ltr' id='par_1_71' title="bbox 408 3530 1994 3599">
     <span class='ocr_line' id='line_1_72' title="bbox 408 3530 1994 3599; baseline -0.003 -11"><span class='ocrx_word' id='word_1_413' title='bbox 408 3530 549 3588; x_wconf 82' lang='lat' dir='ltr'><strong>idem</strong></span> <span class='ocrx_word' id='word_1_414' title='bbox 578 3540 681 3595; x_wconf 90' lang='lat' dir='ltr'><strong>est,</strong></span> <span class='ocrx_word' id='word_1_415' title='bbox 711 3546 773 3584; x_wconf 93' lang='lat' dir='ltr'><strong>ac</strong></span> <span class='ocrx_word' id='word_1_416' title='bbox 802 3532 958 3583; x_wconf 83' lang='lat' dir='ltr'><strong>maris</strong></span> <span class='ocrx_word' id='word_1_417' title='bbox 985 3530 1169 3593; x_wconf 86' lang='lat' dir='ltr'><strong>inscia,</strong></span> <span class='ocrx_word' id='word_1_418' title='bbox 1213 3543 1306 3582; x_wconf 91' lang='lat' dir='ltr'><strong>seu</strong></span> <span class='ocrx_word' id='word_1_419' title='bbox 1335 3543 1527 3597; x_wconf 80' lang='lat' dir='ltr'><strong>expers</strong></span> <span class='ocrx_word' id='word_1_420' title='bbox 1556 3530 1817 3599; x_wconf 82' lang='lat' dir='ltr'><strong>conjugis.</strong></span> <span class='ocrx_word' id='word_1_421' title='bbox 1865 3531 1994 3585; x_wconf 61' lang='lat' dir='ltr'><strong>Dreo</strong></span> 
     </span>
    </p>
   </div>
   <div class='ocr_carea' id='block_1_72' title="bbox 408 3596 1995 3672">
    <p class='ocr_par' dir='ltr' id='par_1_72' title="bbox 408 3596 1995 3672">
     <span class='ocr_line' id='line_1_73' title="bbox 408 3596 1995 3672; baseline 0 -17"><span class='ocrx_word' id='word_1_422' title='bbox 408 3606 601 3672; x_wconf 83' lang='lat' dir='ltr'><strong>panius</strong></span> <span class='ocrx_word' id='word_1_423' title='bbox 634 3601 821 3656; x_wconf 86' lang='lat' dir='ltr'><strong>Florus</strong></span> <span class='ocrx_word' id='word_1_424' title='bbox 852 3601 902 3654; x_wconf 92' lang='lat' dir='ltr'><strong>in</strong></span> <span class='ocrx_word' id='word_1_425' title='bbox 934 3600 1172 3672; x_wconf 87' lang='lat' dir='ltr'><strong>carmine</strong></span> <span class='ocrx_word' id='word_1_426' title='bbox 1191 3599 1263 3672; x_wconf 85' lang='lat' dir='ltr'><strong>de</strong></span> <span class='ocrx_word' id='word_1_427' title='bbox 1292 3599 1460 3653; x_wconf 84' lang='lat' dir='ltr'><strong>Cereo</strong></span> <span class='ocrx_word' id='word_1_428' title='bbox 1492 3596 1739 3672; x_wconf 73' lang='lat' dir='ltr'><strong>Paschali</strong></span> <span class='ocrx_word' id='word_1_429' title='bbox 1755 3618 1766 3652; x_wconf 88' lang='lat'>:</span> <span class='ocrx_word' id='word_1_430' title='bbox 1793 3596 1995 3655; x_wconf 85' lang='lat' dir='ltr'><strong>Intacta</strong></span> 
     </span>
    </p>
   </div>
   <div class='ocr_carea' id='block_1_73' title="bbox 408 3668 1991 3743">
    <p class='ocr_par' dir='ltr' id='par_1_73' title="bbox 408 3668 1991 3743">
     <span class='ocr_line' id='line_1_74' title="bbox 408 3668 1991 3743; baseline -0.001 -18"><span class='ocrx_word' id='word_1_431' title='bbox 408 3668 681 3743; x_wconf 59' lang='lat' dir='ltr'><strong>praegnans</strong></span> <span class='ocrx_word' id='word_1_432' title='bbox 705 3680 849 3724; x_wconf 83' lang='lat' dir='ltr'><strong>utero</strong></span> <span class='ocrx_word' id='word_1_433' title='bbox 865 3671 1014 3743; x_wconf 81' lang='lat' dir='ltr'><strong>dedit</strong></span> <span class='ocrx_word' id='word_1_434' title='bbox 1052 3670 1243 3743; x_wconf 81' lang='lat' dir='ltr'><strong>innuba</strong></span> <span class='ocrx_word' id='word_1_435' title='bbox 1272 3677 1450 3722; x_wconf 89' lang='lat' dir='ltr'><strong>mater.</strong></span> <span class='ocrx_word' id='word_1_436' title='bbox 1500 3668 1764 3743; x_wconf 81' lang='lat' dir='ltr'><strong>Notarunt</strong></span> <span class='ocrx_word' id='word_1_437' title='bbox 1794 3672 1991 3743; x_wconf 87' lang='lat' dir='ltr'><strong>aliqui,</strong></span> 
     </span>
    </p>
   </div>
   <div class='ocr_carea' id='block_1_74' title="bbox 410 3739 1995 3810">
    <p class='ocr_par' dir='ltr' id='par_1_74' title="bbox 410 3739 1995 3810">
     <span class='ocr_line' id='line_1_75' title="bbox 410 3739 1995 3810; baseline -0.002 -14"><span class='ocrx_word' id='word_1_438' title='bbox 410 3739 600 3796; x_wconf 74' lang='lat' dir='ltr'><strong>nubere</strong></span> <span class='ocrx_word' id='word_1_439' title='bbox 628 3741 916 3810; x_wconf 88' lang='lat' dir='ltr'><strong>aliquando</strong></span> <span class='ocrx_word' id='word_1_440' title='bbox 963 3739 1301 3806; x_wconf 87' lang='lat' dir='ltr'><strong>metaleptice</strong></span> <span class='ocrx_word' id='word_1_441' title='bbox 1345 3751 1520 3810; x_wconf 83' lang='lat' dir='ltr'><strong>aetum</strong></span> <span class='ocrx_word' id='word_1_442' title='bbox 1558 3739 1995 3809; x_wconf 40' lang='lat' dir='ltr'><strong>cotijugalem&#39;si—</strong></span> 
     </span>
    </p>
   </div>
   <div class='ocr_carea' id='block_1_75' title="bbox 410 3809 1995 3884">
    <p class='ocr_par' dir='ltr' id='par_1_75' title="bbox 410 3809 1995 3884">
     <span class='ocr_line' id='line_1_76' title="bbox 410 3809 1995 3884; baseline -0.001 -19"><span class='ocrx_word' id='word_1_443' title='bbox 410 3812 697 3884; x_wconf 86' lang='lat' dir='ltr'><strong>gniﬁcare;</strong></span> <span class='ocrx_word' id='word_1_444' title='bbox 723 3809 853 3884; x_wconf 79' lang='lat' dir='ltr'><strong>hinc</strong></span> <span class='ocrx_word' id='word_1_445' title='bbox 874 3810 1001 3884; x_wconf 69' lang='lat' dir='ltr'><strong>illud</strong></span> <span class='ocrx_word' id='word_1_446' title='bbox 1028 3822 1285 3884; x_wconf 85' lang='lat' dir='ltr'><strong>:_peream,</strong></span> <span class='ocrx_word' id='word_1_447' title='bbox 1316 3809 1627 3884; x_wconf 84' lang='lat' dir='ltr'><strong>nisinubere</strong></span> <span class='ocrx_word' id='word_1_448' title='bbox 1655 3811 1803 3864; x_wconf 87' lang='lat' dir='ltr'><strong>dulce</strong></span> <span class='ocrx_word' id='word_1_449' title='bbox 1826 3821 1920 3875; x_wconf 87' lang='lat' dir='ltr'><strong>est,</strong></span> <span class='ocrx_word' id='word_1_450' title='bbox 1943 3822 1995 3864; x_wconf 91' lang='lat' dir='ltr'><strong>et</strong></span> 
     </span>
    </p>
   </div>
   <div class='ocr_carea' id='block_1_76' title="bbox 410 3880 1992 3950">
    <p class='ocr_par' dir='ltr' id='par_1_76' title="bbox 410 3880 1992 3950">
     <span class='ocr_line' id='line_1_77' title="bbox 410 3880 1992 3950; baseline -0.003 -13"><span class='ocrx_word' id='word_1_451' title='bbox 410 3880 573 3950; x_wconf 64' lang='lat' dir='ltr'><strong>nupta</strong></span> <span class='ocrx_word' id='word_1_452' title='bbox 602 3884 770 3937; x_wconf 88' lang='lat' dir='ltr'><strong>verba.</strong></span> <span class='ocrx_word' id='word_1_453' title='bbox 800 3882 937 3935; x_wconf 84' lang='lat' dir='ltr'><strong>Hinc</strong></span> <span class='ocrx_word' id='word_1_454' title='bbox 968 3880 1191 3946; x_wconf 88' lang='lat' dir='ltr'><strong>Deipara</strong></span> <span class='ocrx_word' id='word_1_455' title='bbox 1236 3890 1397 3950; x_wconf 66' lang='lat' dir='ltr'><strong>mater</strong></span> <span class='ocrx_word' id='word_1_456' title='bbox 1415 3881 1648 3947; x_wconf 88' lang='lat' dir='ltr'><strong>innupta,</strong></span> <span class='ocrx_word' id='word_1_457' title='bbox 1692 3891 1739 3934; x_wconf 87' lang='lat' dir='ltr'><strong>et</strong></span> <span class='ocrx_word' id='word_1_458' title='bbox 1779 3884 1992 3933; x_wconf 88' lang='lat' dir='ltr'><strong>innuba.</strong></span> 
     </span>
    </p>
   </div>
   <div class='ocr_carea' id='block_1_77' title="bbox 412 3948 1996 4022">
    <p class='ocr_par' dir='ltr' id='par_1_77' title="bbox 412 3948 1996 4022">
     <span class='ocr_line' id='line_1_78' title="bbox 412 3948 1996 4022; baseline -0.001 -17"><span class='ocrx_word' id='word_1_459' title='bbox 412 3948 607 4022; x_wconf 76' lang='lat' dir='ltr'><strong>Psych.</strong></span> <span class='ocrx_word' id='word_1_460' title='bbox 646 3968 790 4007; x_wconf 82' lang='lat' dir='ltr'><strong>vers.</strong></span> <span class='ocrx_word' id='word_1_461' title='bbox 822 3953 888 4005; x_wconf 68' lang='lat'><strong>74</strong></span> <span class='ocrx_word' id='word_1_462' title='bbox 917 3952 1112 4017; x_wconf 85' lang='lat' dir='ltr'><strong>:Atque</strong></span> <span class='ocrx_word' id='word_1_463' title='bbox 1133 3950 1347 4018; x_wconf 86' lang='lat' dir='ltr'><strong>innupta</strong></span> <span class='ocrx_word' id='word_1_464' title='bbox 1366 3948 1530 4022; x_wconf 77' lang='lat' dir='ltr'><strong>Deum</strong></span> <span class='ocrx_word' id='word_1_465' title='bbox 1550 3952 1780 4022; x_wconf 77' lang='lat' dir='ltr'><strong>concepit</strong></span> <span class='ocrx_word' id='word_1_466' title='bbox 1803 3951 1996 4019; x_wconf 79' lang='lat' dir='ltr'><strong>femina</strong></span> 
     </span>
    </p>
   </div>
   <div class='ocr_carea' id='block_1_78' title="bbox 413 4020 1992 4084">
    <p class='ocr_par' dir='ltr' id='par_1_78' title="bbox 413 4020 1992 4084">
     <span class='ocr_line' id='line_1_79' title="bbox 413 4020 1992 4084; baseline -0.001 -10"><span class='ocrx_word' id='word_1_467' title='bbox 413 4020 599 4077; x_wconf 55' lang='lat' dir='ltr'><strong>mater.</strong></span> <span class='ocrx_word' id='word_1_468' title='bbox 631 4022 847 4076; x_wconf 84' lang='lat' dir='ltr'><strong>Plautus</strong></span> <span class='ocrx_word' id='word_1_469' title='bbox 875 4022 1066 4075; x_wconf 78' lang='lat' dir='ltr'><strong>Pseutl.</strong></span> <span class='ocrx_word' id='word_1_470' title='bbox 1099 4030 1203 4073; x_wconf 87' lang='lat' dir='ltr'><strong>act.</strong></span> <span class='ocrx_word' id='word_1_471' title='bbox 1242 4036 1276 4084; x_wconf 88' lang='grc' dir='ltr'><strong>ι,</strong></span> <span class='ocrx_word' id='word_1_472' title='bbox 1321 4033 1469 4073; x_wconf 85' lang='lat' dir='ltr'><strong>scen.</strong></span> <span class='ocrx_word' id='word_1_473' title='bbox 1494 4020 1527 4073; x_wconf 80' lang='grc'>5</span> <span class='ocrx_word' id='word_1_474' title='bbox 1552 4037 1565 4072; x_wconf 88' lang='lat'><strong>:</strong></span> <span class='ocrx_word' id='word_1_475' title='bbox 1594 4020 1706 4073; x_wconf 75' lang='lat' dir='ltr'><strong>Elia</strong></span> <span class='ocrx_word' id='word_1_476' title='bbox 1750 4037 1817 4073; x_wconf 91' lang='lat' dir='ltr'><strong>an</strong></span> <span class='ocrx_word' id='word_1_477' title='bbox 1859 4037 1992 4074; x_wconf 88' lang='lat' dir='ltr'><strong>nun-</strong></span> 
     </span>
    </p>
   </div>
   <div class='ocr_carea' id='block_1_79' title="bbox 413 4089 1997 4162">
    <p class='ocr_par' dir='ltr' id='par_1_79' title="bbox 413 4089 1997 4162">
     <span class='ocr_line' id='line_1_80' title="bbox 413 4089 1997 4162; baseline -0.001 -17"><span class='ocrx_word' id='word_1_478' title='bbox 413 4104 570 4160; x_wconf 82' lang='lat' dir='ltr'><strong>quam</strong></span> <span class='ocrx_word' id='word_1_479' title='bbox 620 4094 774 4162; x_wconf 83' lang='lat' dir='ltr'><strong>hujus</strong></span> <span class='ocrx_word' id='word_1_480' title='bbox 821 4091 1039 4157; x_wconf 84' lang='lat' dir='ltr'><strong>nupsisti</strong></span> <span class='ocrx_word' id='word_1_481' title='bbox 1080 4090 1251 4162; x_wconf 53' lang='grc' dir='ltr'><strong>μαινίς)</strong></span> <span class='ocrx_word' id='word_1_482' title='bbox 1299 4089 1373 4162; x_wconf 67' lang='grc' dir='ltr'><strong>Β.⁸</strong></span> <span class='ocrx_word' id='word_1_483' title='bbox 1404 4090 1682 4162; x_wconf 56' lang='lat' dir='ltr'><strong>Virginem</strong></span> <span class='ocrx_word' id='word_1_484' title='bbox 1725 4092 1997 4162; x_wconf 81' lang='lat' dir='ltr'><strong>innuptam</strong></span> 
     </span>
    </p>
   </div>
   <div class='ocr_carea' id='block_1_80' title="bbox 416 4159 1992 4229">
    <p class='ocr_par' dir='ltr' id='par_1_80' title="bbox 416 4159 1992 4229">
     <span class='ocr_line' id='line_1_81' title="bbox 416 4159 1992 4229; baseline -0.001 -12"><span class='ocrx_word' id='word_1_485' title='bbox 416 4159 573 4217; x_wconf 88' lang='lat' dir='ltr'><strong>multi</strong></span> <span class='ocrx_word' id='word_1_486' title='bbox 624 4159 806 4217; x_wconf 79' lang='lat' dir='ltr'><strong>Patres</strong></span> <span class='ocrx_word' id='word_1_487' title='bbox 861 4163 1146 4226; x_wconf 81' lang='lat' dir='ltr'><strong>dixerunt,</strong></span> <span class='ocrx_word' id='word_1_488' title='bbox 1195 4159 1591 4226; x_wconf 86' lang='lat' dir='ltr'><strong>Tertullianus,</strong></span> <span class='ocrx_word' id='word_1_489' title='bbox 1643 4160 1992 4229; x_wconf 82' lang='lat' dir='ltr'><strong>Epiphanius,</strong></span> 
     </span>
    </p>
   </div>
   <div class='ocr_carea' id='block_1_81' title="bbox 415 4229 1721 4303">
    <p class='ocr_par' dir='ltr' id='par_1_81' title="bbox 415 4229 1721 4303">
     <span class='ocr_line' id='line_1_82' title="bbox 415 4229 1721 4303; baseline -0.003 -14"><span class='ocrx_word' id='word_1_490' title='bbox 415 4234 771 4303; x_wconf 79' lang='lat' dir='ltr'><strong>Augustinus,</strong></span> <span class='ocrx_word' id='word_1_491' title='bbox 804 4231 1089 4303; x_wconf 68' lang='lat' dir='ltr'><strong>Gregorius</strong></span> <span class='ocrx_word' id='word_1_492' title='bbox 1121 4231 1361 4303; x_wconf 64' lang='lat' dir='ltr'><strong>Magnus,</strong></span> <span class='ocrx_word' id='word_1_493' title='bbox 1396 4229 1721 4303; x_wconf 83' lang='lat' dir='ltr'><strong>Bernardus.</strong></span> 
     </span>
    </p>
   </div>
   <div class='ocr_carea' id='block_1_82' title="bbox 489 4300 1543 4369">
    <p class='ocr_par' dir='ltr' id='par_1_82' title="bbox 489 4300 1543 4369">
     <span class='ocr_line' id='line_1_83' title="bbox 489 4300 1543 4369; baseline -0.003 -12"><span class='ocrx_word' id='word_1_494' title='bbox 489 4300 615 4357; x_wconf 74' lang='lat'><strong>57‘2.</strong></span> <span class='ocrx_word' id='word_1_495' title='bbox 650 4304 813 4359; x_wconf 83' lang='lat' dir='ltr'><strong>Error</strong></span> <span class='ocrx_word' id='word_1_496' title='bbox 840 4302 959 4354; x_wconf 88' lang='lat' dir='ltr'><strong>Vat.</strong></span> <span class='ocrx_word' id='word_1_497' title='bbox 992 4300 1056 4364; x_wconf 83' lang='lat' dir='ltr'><strong>A,</strong></span> <span class='ocrx_word' id='word_1_498' title='bbox 1090 4300 1220 4355; x_wconf 84' lang='lat' dir='ltr'><strong>subit</strong></span> <span class='ocrx_word' id='word_1_499' title='bbox 1258 4315 1353 4369; x_wconf 89' lang='lat' dir='ltr'><strong>pro</strong></span> <span class='ocrx_word' id='word_1_500' title='bbox 1381 4300 1543 4354; x_wconf 83' lang='lat' dir='ltr'><strong>nubit.</strong></span> 
     </span>
    </p>
   </div>
   <div class='ocr_carea' id='block_1_83' title="bbox 490 4370 1999 4442">
    <p class='ocr_par' dir='ltr' id='par_1_83' title="bbox 490 4370 1999 4442">
     <span class='ocr_line' id='line_1_84' title="bbox 490 4370 1999 4442; baseline 0 -15"><span class='ocrx_word' id='word_1_501' title='bbox 490 4374 615 4427; x_wconf 77' lang='lat'><strong>575.</strong></span> <span class='ocrx_word' id='word_1_502' title='bbox 665 4371 954 4442; x_wconf 84' lang='lat' dir='ltr'><strong>Virginitas</strong></span> <span class='ocrx_word' id='word_1_503' title='bbox 994 4371 1235 4439; x_wconf 75' lang='lat' dir='ltr'><strong>Deiparte</strong></span> <span class='ocrx_word' id='word_1_504' title='bbox 1276 4372 1377 4442; x_wconf 84' lang='lat' dir='ltr'><strong>hoc</strong></span> <span class='ocrx_word' id='word_1_505' title='bbox 1413 4371 1553 4442; x_wconf 81' lang='lat' dir='ltr'><strong>loco</strong></span> <span class='ocrx_word' id='word_1_506' title='bbox 1597 4370 1999 4427; x_wconf 88' lang='lat' dir='ltr'><strong>demonstratur</strong></span> 
     </span>
    </p>
   </div>
   <div class='ocr_carea' id='block_1_84' title="bbox 420 4441 1999 4508">
    <p class='ocr_par' dir='ltr' id='par_1_84' title="bbox 420 4441 1999 4508">
     <span class='ocr_line' id='line_1_85' title="bbox 420 4441 1999 4508; baseline -0.003 -8"><span class='ocrx_word' id='word_1_507' title='bbox 420 4445 611 4500; x_wconf 89' lang='lat' dir='ltr'><strong>iisdem</strong></span> <span class='ocrx_word' id='word_1_508' title='bbox 656 4441 780 4497; x_wconf 77' lang='lat' dir='ltr'><strong>fere</strong></span> <span class='ocrx_word' id='word_1_509' title='bbox 810 4442 992 4496; x_wconf 87' lang='lat' dir='ltr'><strong>verbis</strong></span> <span class='ocrx_word' id='word_1_510' title='bbox 1038 4442 1231 4508; x_wconf 85' lang='lat' dir='ltr'><strong>quibus</strong></span> <span class='ocrx_word' id='word_1_511' title='bbox 1260 4441 1513 4495; x_wconf 79' lang='lat' dir='ltr'><strong>Amulius</strong></span> <span class='ocrx_word' id='word_1_512' title='bbox 1562 4457 1689 4495; x_wconf 82' lang='lat' dir='ltr'><strong>usus</strong></span> <span class='ocrx_word' id='word_1_513' title='bbox 1719 4451 1804 4497; x_wconf 89' lang='lat' dir='ltr'><strong>est</strong></span> <span class='ocrx_word' id='word_1_514' title='bbox 1835 4459 1848 4494; x_wconf 91' lang='lat'>:</span> <span class='ocrx_word' id='word_1_515' title='bbox 1886 4442 1999 4497; x_wconf 84' lang='lat' dir='ltr'><strong>Nec</strong></span> 
     </span>
    </p>
   </div>
   <div class='ocr_carea' id='block_1_85' title="bbox 417 4511 2001 4581">
    <p class='ocr_par' dir='ltr' id='par_1_85' title="bbox 417 4511 2001 4581">
     <span class='ocr_line' id='line_1_86' title="bbox 417 4511 2001 4581; baseline -0.001 -12"><span class='ocrx_word' id='word_1_516' title='bbox 417 4522 609 4569; x_wconf 77' lang='lat' dir='ltr'><strong>reserat</strong></span> <span class='ocrx_word' id='word_1_517' title='bbox 640 4522 816 4581; x_wconf 87' lang='lat' dir='ltr'><strong>partus</strong></span> <span class='ocrx_word' id='word_1_518' title='bbox 836 4512 1023 4581; x_wconf 86' lang='lat' dir='ltr'><strong>signati</strong></span> <span class='ocrx_word' id='word_1_519' title='bbox 1046 4511 1270 4564; x_wconf 85' lang='lat' dir='ltr'><strong>claustra</strong></span> <span class='ocrx_word' id='word_1_520' title='bbox 1296 4512 1529 4581; x_wconf 84' lang='lat' dir='ltr'><strong>pudoris.</strong></span> <span class='ocrx_word' id='word_1_521' title='bbox 1573 4512 1705 4568; x_wconf 85' lang='lat' dir='ltr'><strong>Vide</strong></span> <span class='ocrx_word' id='word_1_522' title='bbox 1733 4527 1852 4576; x_wconf 61' lang='lat' dir='ltr'><strong>egus</strong></span> <span class='ocrx_word' id='word_1_523' title='bbox 1881 4527 2001 4568; x_wconf 63' lang='grc' dir='ltr'>θαι·-</span> 
     </span>
    </p>
   </div>
   <div class='ocr_carea' id='block_1_86' title="bbox 420 4580 1798 4653">
    <p class='ocr_par' dir='ltr' id='par_1_86' title="bbox 420 4580 1798 4653">
     <span class='ocr_line' id='line_1_87' title="bbox 420 4580 1798 4653; baseline -0.005 -12"><span class='ocrx_word' id='word_1_524' title='bbox 420 4600 546 4641; x_wconf 85' lang='lat' dir='ltr'><strong>men</strong></span> <span class='ocrx_word' id='word_1_525' title='bbox 578 4580 717 4653; x_wconf 86' lang='lat' dir='ltr'><strong>apud</strong></span> <span class='ocrx_word' id='word_1_526' title='bbox 753 4584 1024 4637; x_wconf 88' lang='lat' dir='ltr'><strong>Barthium</strong></span> <span class='ocrx_word' id='word_1_527' title='bbox 1056 4581 1148 4636; x_wconf 88' lang='lat' dir='ltr'><strong>lib.</strong></span> <span class='ocrx_word' id='word_1_528' title='bbox 1182 4595 1263 4653; x_wconf 81' lang='lat' dir='ltr'><strong>LVI</strong></span> <span class='ocrx_word' id='word_1_529' title='bbox 1287 4580 1538 4653; x_wconf 83' lang='lat' dir='ltr'><strong>Advers.,</strong></span> <span class='ocrx_word' id='word_1_530' title='bbox 1564 4597 1684 4650; x_wconf 87' lang='lat' dir='ltr'><strong>cap.</strong></span> <span class='ocrx_word' id='word_1_531' title='bbox 1713 4583 1798 4637; x_wconf 80' lang='grc'>16.</span> 
     </span>
    </p>
   </div>
   <div class='ocr_carea' id='block_1_87' title="bbox 494 4651 1998 4719">
    <p class='ocr_par' dir='ltr' id='par_1_87' title="bbox 494 4651 1998 4719">
     <span class='ocr_line' id='line_1_88' title="bbox 494 4651 1998 4719; baseline -0.001 -10"><span class='ocrx_word' id='word_1_532' title='bbox 494 4651 628 4710; x_wconf 75' lang='grc' dir='ltr'>5ῗ6.</span> <span class='ocrx_word' id='word_1_533' title='bbox 650 4657 904 4719; x_wconf 79' lang='lat' dir='ltr'><strong>Quassare</strong></span> <span class='ocrx_word' id='word_1_534' title='bbox 933 4661 1089 4718; x_wconf 89' lang='lat' dir='ltr'><strong>caput</strong></span> <span class='ocrx_word' id='word_1_535' title='bbox 1120 4651 1389 4704; x_wconf 86' lang='lat' dir='ltr'><strong>irridentis</strong></span> <span class='ocrx_word' id='word_1_536' title='bbox 1434 4660 1537 4717; x_wconf 90' lang='lat' dir='ltr'><strong>est,</strong></span> <span class='ocrx_word' id='word_1_537' title='bbox 1587 4667 1691 4707; x_wconf 89' lang='lat' dir='ltr'><strong>non</strong></span> <span class='ocrx_word' id='word_1_538' title='bbox 1732 4653 1902 4706; x_wconf 92' lang='lat' dir='ltr'><strong>solum</strong></span> <span class='ocrx_word' id='word_1_539' title='bbox 1933 4667 1998 4708; x_wconf 80' lang='lat' dir='ltr'><strong>ex</strong></span> 
     </span>
    </p>
   </div>
   <div class='ocr_carea' id='block_1_88' title="bbox 2094 3102 3685 3167">
    <p class='ocr_par' dir='ltr' id='par_1_88' title="bbox 2094 3102 3685 3167">
     <span class='ocr_line' id='line_1_89' title="bbox 2094 3102 3685 3167; baseline 0.001 -5"><span class='ocrx_word' id='word_1_540' title='bbox 2094 3109 2257 3162; x_wconf 76' lang='lat' dir='ltr'><strong>visum</strong></span> <span class='ocrx_word' id='word_1_541' title='bbox 2284 3121 2406 3158; x_wconf 71' lang='lat' dir='ltr'><strong>mox</strong></span> <span class='ocrx_word' id='word_1_542' title='bbox 2432 3103 2675 3167; x_wconf 82' lang='lat' dir='ltr'><strong>credidit,</strong></span> <span class='ocrx_word' id='word_1_543' title='bbox 2700 3114 2755 3158; x_wconf 86' lang='lat' dir='ltr'><strong>et</strong></span> <span class='ocrx_word' id='word_1_544' title='bbox 2783 3103 2887 3157; x_wconf 88' lang='lat' dir='ltr'><strong>alia</strong></span> <span class='ocrx_word' id='word_1_545' title='bbox 2917 3102 3065 3158; x_wconf 85' lang='lat' dir='ltr'><strong>addit</strong></span> <span class='ocrx_word' id='word_1_546' title='bbox 3092 3103 3159 3158; x_wconf 85' lang='lat' dir='ltr'><strong>ab</strong></span> <span class='ocrx_word' id='word_1_547' title='bbox 3181 3102 3399 3160; x_wconf 74' lang='lat' dir='ltr'><strong>llrinsio</strong></span> <span class='ocrx_word' id='word_1_548' title='bbox 3423 3115 3685 3163; x_wconf 69' lang='lat' dir='ltr'><strong>mutuam.</strong></span> 
     </span>
    </p>
   </div>
   <div class='ocr_carea' id='block_1_89' title="bbox 2170 3174 3689 3241">
    <p class='ocr_par' dir='ltr' id='par_1_89' title="bbox 2170 3174 3689 3241">
     <span class='ocr_line' id='line_1_90' title="bbox 2170 3174 3689 3241; baseline 0.001 -9"><span class='ocrx_word' id='word_1_549' title='bbox 2170 3177 2293 3232; x_wconf 67' lang='lat'><strong>585.</strong></span> <span class='ocrx_word' id='word_1_550' title='bbox 2340 3174 2531 3231; x_wconf 85' lang='lat' dir='ltr'><strong>Petrus</strong></span> <span class='ocrx_word' id='word_1_551' title='bbox 2574 3176 2861 3240; x_wconf 86' lang='lat' dir='ltr'><strong>Lucensis,</strong></span> <span class='ocrx_word' id='word_1_552' title='bbox 2912 3174 3241 3229; x_wconf 88' lang='lat' dir='ltr'><strong>revelatione</strong></span> <span class='ocrx_word' id='word_1_553' title='bbox 3287 3174 3533 3241; x_wconf 71' lang='lat' dir='ltr'><strong>feminas,</strong></span> <span class='ocrx_word' id='word_1_554' title='bbox 3595 3190 3689 3233; x_wconf 92' lang='lat' dir='ltr'><strong>aut</strong></span> 
     </span>
    </p>
   </div>
   <div class='ocr_carea' id='block_1_90' title="bbox 2102 3244 3689 3309">
    <p class='ocr_par' dir='ltr' id='par_1_90' title="bbox 2102 3244 3689 3309">
     <span class='ocr_line' id='line_1_91' title="bbox 2102 3244 3689 3309; baseline 0 -6"><span class='ocrx_word' id='word_1_555' title='bbox 2102 3249 2237 3303; x_wconf 83' lang='lat' dir='ltr'><strong>falsa</strong></span> <span class='ocrx_word' id='word_1_556' title='bbox 2259 3255 2353 3301; x_wconf 91' lang='lat' dir='ltr'><strong>aut</strong></span> <span class='ocrx_word' id='word_1_557' title='bbox 2380 3247 2522 3301; x_wconf 89' lang='lat' dir='ltr'><strong>male</strong></span> <span class='ocrx_word' id='word_1_558' title='bbox 2548 3244 2843 3308; x_wconf 90' lang='lat' dir='ltr'><strong>intellecta,</strong></span> <span class='ocrx_word' id='word_1_559' title='bbox 2875 3244 3116 3309; x_wconf 90' lang='lat' dir='ltr'><strong>delusus,</strong></span> <span class='ocrx_word' id='word_1_560' title='bbox 3154 3246 3443 3300; x_wconf 76' lang='lat' dir='ltr'><strong>somniavit</strong></span> <span class='ocrx_word' id='word_1_561' title='bbox 3478 3248 3537 3302; x_wconf 79' lang='grc' dir='ltr'><strong>Β.</strong></span> <span class='ocrx_word' id='word_1_562' title='bbox 3573 3248 3689 3303; x_wconf 71' lang='lat' dir='ltr'><strong>Vir-</strong></span> 
     </span>
    </p>
   </div>
   <div class='ocr_carea' id='block_1_91' title="bbox 2020 3316 3687 3390">
    <p class='ocr_par' dir='ltr' id='par_1_91' title="bbox 2020 3316 3687 3390">
     <span class='ocr_line' id='line_1_92' title="bbox 2020 3316 3687 3390; baseline 0.001 -18"><span class='ocrx_word' id='word_1_563' title='bbox 2020 3317 2066 3378; x_wconf 92' lang='lat' dir='ltr'><strong>C</strong></span> <span class='ocrx_word' id='word_1_564' title='bbox 2096 3318 2487 3390; x_wconf 63' lang='lat' dir='ltr'><strong>ginenrcorde,</strong></span> <span class='ocrx_word' id='word_1_565' title='bbox 2516 3329 2624 3390; x_wconf 81' lang='lat' dir='ltr'><strong>non</strong></span> <span class='ocrx_word' id='word_1_566' title='bbox 2646 3324 2802 3390; x_wconf 83' lang='lat' dir='ltr'><strong>utero</strong></span> <span class='ocrx_word' id='word_1_567' title='bbox 2831 3316 3165 3390; x_wconf 35' lang='lat' dir='ltr'><strong>conci-pisse.</strong></span> <span class='ocrx_word' id='word_1_568' title='bbox 3214 3316 3347 3390; x_wconf 74' lang='lat' dir='ltr'><strong>llnie</strong></span> <span class='ocrx_word' id='word_1_569' title='bbox 3370 3318 3542 3390; x_wconf 87' lang='lat' dir='ltr'><strong>errori</strong></span> <span class='ocrx_word' id='word_1_570' title='bbox 3588 3322 3687 3373; x_wconf 90' lang='lat' dir='ltr'><strong>mi-</strong></span> 
     </span>
    </p>
   </div>
   <div class='ocr_carea' id='block_1_92' title="bbox 2100 3384 3691 3457">
    <p class='ocr_par' dir='ltr' id='par_1_92' title="bbox 2100 3384 3691 3457">
     <span class='ocr_line' id='line_1_93' title="bbox 2100 3384 3691 3457; baseline 0.002 -14"><span class='ocrx_word' id='word_1_571' title='bbox 2100 3384 2245 3445; x_wconf 70' lang='lat' dir='ltr'><strong>nime</strong></span> <span class='ocrx_word' id='word_1_572' title='bbox 2275 3388 2421 3442; x_wconf 79' lang='lat' dir='ltr'><strong>favet</strong></span> <span class='ocrx_word' id='word_1_573' title='bbox 2448 3385 2792 3452; x_wconf 89' lang='lat' dir='ltr'><strong>Prudentius,</strong></span> <span class='ocrx_word' id='word_1_574' title='bbox 2841 3384 2934 3454; x_wconf 90' lang='lat' dir='ltr'><strong>qui</strong></span> <span class='ocrx_word' id='word_1_575' title='bbox 2967 3385 3192 3454; x_wconf 88' lang='lat' dir='ltr'><strong>ﬁgurate</strong></span> <span class='ocrx_word' id='word_1_576' title='bbox 3218 3385 3302 3441; x_wconf 90' lang='lat' dir='ltr'><strong>hic</strong></span> <span class='ocrx_word' id='word_1_577' title='bbox 3337 3387 3593 3457; x_wconf 83' lang='lat' dir='ltr'><strong>loquitur,</strong></span> <span class='ocrx_word' id='word_1_578' title='bbox 3634 3402 3691 3446; x_wconf 92' lang='lat' dir='ltr'><strong>et</strong></span> 
     </span>
    </p>
   </div>
   <div class='ocr_carea' id='block_1_93' title="bbox 2097 3457 3690 3526">
    <p class='ocr_par' dir='ltr' id='par_1_93' title="bbox 2097 3457 3690 3526">
     <span class='ocr_line' id='line_1_94' title="bbox 2097 3457 3690 3526; baseline 0 -11"><span class='ocrx_word' id='word_1_579' title='bbox 2097 3464 2242 3516; x_wconf 90' lang='lat' dir='ltr'><strong>clare</strong></span> <span class='ocrx_word' id='word_1_580' title='bbox 2272 3458 2392 3513; x_wconf 89' lang='lat' dir='ltr'><strong>aliis</strong></span> <span class='ocrx_word' id='word_1_581' title='bbox 2423 3460 2474 3511; x_wconf 92' lang='lat' dir='ltr'><strong>in</strong></span> <span class='ocrx_word' id='word_1_582' title='bbox 2502 3457 2633 3511; x_wconf 84' lang='lat' dir='ltr'><strong>locis</strong></span> <span class='ocrx_word' id='word_1_583' title='bbox 2656 3470 2838 3509; x_wconf 87' lang='lat' dir='ltr'><strong>veram</strong></span> <span class='ocrx_word' id='word_1_584' title='bbox 2866 3457 3189 3526; x_wconf 69' lang='lat' dir='ltr'><strong>sententiam</strong></span> <span class='ocrx_word' id='word_1_585' title='bbox 3222 3459 3585 3526; x_wconf 89' lang='lat' dir='ltr'><strong>amplectitur,</strong></span> <span class='ocrx_word' id='word_1_586' title='bbox 3632 3471 3690 3516; x_wconf 88' lang='lat' dir='ltr'><strong>ut</strong></span> 
     </span>
    </p>
   </div>
   <div class='ocr_carea' id='block_1_94' title="bbox 2101 3523 3690 3598">
    <p class='ocr_par' dir='ltr' id='par_1_94' title="bbox 2101 3523 3690 3598">
     <span class='ocr_line' id='line_1_95' title="bbox 2101 3523 3690 3598; baseline 0.001 -15"><span class='ocrx_word' id='word_1_587' title='bbox 2101 3545 2239 3585; x_wconf 87' lang='lat' dir='ltr'><strong>vers.</strong></span> <span class='ocrx_word' id='word_1_588' title='bbox 2274 3529 2342 3585; x_wconf 84' lang='lat'><strong>58</strong></span> <span class='ocrx_word' id='word_1_589' title='bbox 2374 3527 2532 3598; x_wconf 84' lang='lat' dir='ltr'><strong>hujus</strong></span> <span class='ocrx_word' id='word_1_590' title='bbox 2559 3526 2837 3598; x_wconf 73' lang='lat' dir='ltr'><strong>poematis,</strong></span> <span class='ocrx_word' id='word_1_591' title='bbox 2870 3523 3045 3598; x_wconf 73' lang='lat' dir='ltr'><strong>Enixa</strong></span> <span class='ocrx_word' id='word_1_592' title='bbox 3073 3534 3146 3598; x_wconf 77' lang='lat' dir='ltr'><strong>est</strong></span> <span class='ocrx_word' id='word_1_593' title='bbox 3175 3528 3269 3598; x_wconf 90' lang='lat' dir='ltr'><strong>sub</strong></span> <span class='ocrx_word' id='word_1_594' title='bbox 3300 3523 3408 3598; x_wconf 86' lang='lat' dir='ltr'><strong>lege</strong></span> <span class='ocrx_word' id='word_1_595' title='bbox 3434 3523 3587 3588; x_wconf 82' lang='lat' dir='ltr'><strong>uteri.</strong></span> <span class='ocrx_word' id='word_1_596' title='bbox 3634 3532 3690 3585; x_wconf 88' lang='lat' dir='ltr'><strong>In</strong></span> 
     </span>
    </p>
   </div>
   <div class='ocr_carea' id='block_1_95' title="bbox 2100 3596 3693 3670">
    <p class='ocr_par' dir='ltr' id='par_1_95' title="bbox 2100 3596 3693 3670">
     <span class='ocr_line' id='line_1_96' title="bbox 2100 3596 3693 3670; baseline -0.002 -14"><span class='ocrx_word' id='word_1_597' title='bbox 2100 3600 2445 3670; x_wconf 85' lang='lat' dir='ltr'><strong>responsorio</strong></span> <span class='ocrx_word' id='word_1_598' title='bbox 2488 3596 3004 3670; x_wconf 82' lang='lat' dir='ltr'><strong>5__Circumc_isionis</strong></span> <span class='ocrx_word' id='word_1_599' title='bbox 3043 3596 3245 3670; x_wconf 82' lang='lat' dir='ltr'><strong>similia</strong></span> <span class='ocrx_word' id='word_1_600' title='bbox 3277 3596 3402 3653; x_wconf 84' lang='lat' dir='ltr'><strong>sunt</strong></span> <span class='ocrx_word' id='word_1_601' title='bbox 3433 3617 3445 3652; x_wconf 92' lang='lat'><strong>:</strong></span> <span class='ocrx_word' id='word_1_602' title='bbox 3491 3602 3693 3668; x_wconf 77' lang='lat' dir='ltr'><strong>Con/ir-</strong></span> 
     </span>
    </p>
   </div>
   <div class='ocr_carea' id='block_1_96' title="bbox 2098 3667 3693 3740">
    <p class='ocr_par' dir='ltr' id='par_1_96' title="bbox 2098 3667 3693 3740">
     <span class='ocr_line' id='line_1_97' title="bbox 2098 3667 3693 3740; baseline 0 -15"><span class='ocrx_word' id='word_1_603' title='bbox 2098 3667 2288 3725; x_wconf 72' lang='lat' dir='ltr'><strong>ritatum</strong></span> <span class='ocrx_word' id='word_1_604' title='bbox 2311 3677 2385 3724; x_wconf 85' lang='lat' dir='ltr'><strong>est</strong></span> <span class='ocrx_word' id='word_1_605' title='bbox 2405 3685 2492 3724; x_wconf 87' lang='lat' dir='ltr'><strong>cor</strong></span> <span class='ocrx_word' id='word_1_606' title='bbox 2530 3667 2784 3738; x_wconf 82' lang='lat' dir='ltr'><strong>Virginis,</strong></span> <span class='ocrx_word' id='word_1_607' title='bbox 2809 3667 2862 3719; x_wconf 88' lang='lat' dir='ltr'><strong>in</strong></span> <span class='ocrx_word' id='word_1_608' title='bbox 2884 3667 3189 3740; x_wconf 82' lang='lat' dir='ltr'><strong>quodivina</strong></span> <span class='ocrx_word' id='word_1_609' title='bbox 3213 3671 3473 3740; x_wconf 79' lang='lat' dir='ltr'><strong>mysteria,</strong></span> <span class='ocrx_word' id='word_1_610' title='bbox 3507 3667 3693 3740; x_wconf 84' lang='lat' dir='ltr'><strong>angelo</strong></span> 
     </span>
    </p>
   </div>
   <div class='ocr_carea' id='block_1_97' title="bbox 2099 3737 3693 3808">
    <p class='ocr_par' dir='ltr' id='par_1_97' title="bbox 2099 3737 3693 3808">
     <span class='ocr_line' id='line_1_98' title="bbox 2099 3737 3693 3808; baseline 0.001 -13"><span class='ocrx_word' id='word_1_611' title='bbox 2099 3743 2383 3805; x_wconf 75' lang='lat' dir='ltr'><strong>nuntiante,</strong></span> <span class='ocrx_word' id='word_1_612' title='bbox 2415 3737 2686 3807; x_wconf 87' lang='lat' dir='ltr'><strong>concepit:</strong></span> <span class='ocrx_word' id='word_1_613' title='bbox 2713 3748 2834 3790; x_wconf 85' lang='lat' dir='ltr'><strong>tunc</strong></span> <span class='ocrx_word' id='word_1_614' title='bbox 2871 3739 3158 3807; x_wconf 83' lang='lat' dir='ltr'><strong>speciosum</strong></span> <span class='ocrx_word' id='word_1_615' title='bbox 3196 3737 3365 3806; x_wconf 76' lang='lat' dir='ltr'><strong>forma</strong></span> <span class='ocrx_word' id='word_1_616' title='bbox 3410 3756 3519 3808; x_wconf 76' lang='lat' dir='ltr'><strong>prie</strong></span> <span class='ocrx_word' id='word_1_617' title='bbox 3569 3737 3693 3805; x_wconf 74' lang='lat' dir='ltr'><strong>ﬁliis</strong></span> 
     </span>
    </p>
   </div>
   <div class='ocr_carea' id='block_1_98' title="bbox 2101 3808 3693 3875">
    <p class='ocr_par' dir='ltr' id='par_1_98' title="bbox 2101 3808 3693 3875">
     <span class='ocr_line' id='line_1_99' title="bbox 2101 3808 3693 3875; baseline 0.001 -10"><span class='ocrx_word' id='word_1_618' title='bbox 2101 3814 2362 3865; x_wconf 84' lang='lat' dir='ltr'><strong>hominum</strong></span> <span class='ocrx_word' id='word_1_619' title='bbox 2417 3810 2569 3863; x_wconf 88' lang='lat' dir='ltr'><strong>castis</strong></span> <span class='ocrx_word' id='word_1_620' title='bbox 2637 3808 2861 3875; x_wconf 84' lang='lat' dir='ltr'><strong>suscepit</strong></span> <span class='ocrx_word' id='word_1_621' title='bbox 2931 3810 3222 3862; x_wconf 68' lang='lat' dir='ltr'><strong>visceribus.</strong></span> <span class='ocrx_word' id='word_1_622' title='bbox 3296 3813 3580 3866; x_wconf 68' lang='lat' dir='ltr'><strong>l’everutus</strong></span> <span class='ocrx_word' id='word_1_623' title='bbox 3638 3814 3693 3867; x_wconf 90' lang='lat' dir='ltr'><strong>in</strong></span> 
     </span>
    </p>
   </div>
   <div class='ocr_carea' id='block_1_99' title="bbox 2102 3877 3694 3945">
    <p class='ocr_par' dir='ltr' id='par_1_99' title="bbox 2102 3877 3694 3945">
     <span class='ocr_line' id='line_1_100' title="bbox 2102 3877 3694 3945; baseline 0.001 -10"><span class='ocrx_word' id='word_1_624' title='bbox 2102 3891 2214 3936; x_wconf 94' lang='lat' dir='ltr'><strong>not.</strong></span> <span class='ocrx_word' id='word_1_625' title='bbox 2262 3896 2395 3934; x_wconf 88' lang='lat' dir='ltr'><strong>mss.</strong></span> <span class='ocrx_word' id='word_1_626' title='bbox 2447 3880 2608 3933; x_wconf 90' lang='lat' dir='ltr'><strong>etiam</strong></span> <span class='ocrx_word' id='word_1_627' title='bbox 2659 3880 2877 3945; x_wconf 84' lang='lat' dir='ltr'><strong>prepius</strong></span> <span class='ocrx_word' id='word_1_628' title='bbox 2918 3878 2983 3928; x_wconf 90' lang='lat' dir='ltr'><strong>ad</strong></span> <span class='ocrx_word' id='word_1_629' title='bbox 3033 3877 3305 3932; x_wconf 75' lang='lat' dir='ltr'><strong>Prudt-ntii</strong></span> <span class='ocrx_word' id='word_1_630' title='bbox 3359 3890 3592 3935; x_wconf 90' lang='lat' dir='ltr'><strong>mentem</strong></span> <span class='ocrx_word' id='word_1_631' title='bbox 3637 3892 3694 3937; x_wconf 79' lang='lat' dir='ltr'><strong>et</strong></span> 
     </span>
    </p>
   </div>
   <div class='ocr_carea' id='block_1_100' title="bbox 2100 3946 3689 4016">
    <p class='ocr_par' dir='ltr' id='par_1_100' title="bbox 2100 3946 3689 4016">
     <span class='ocr_line' id='line_1_101' title="bbox 2100 3946 3689 4016; baseline -0.008 -11"><span class='ocrx_word' id='word_1_632' title='bbox 2100 3953 2418 4005; x_wconf 87' lang='lat' dir='ltr'><strong>sententiam</strong></span> <span class='ocrx_word' id='word_1_633' title='bbox 2460 3948 2603 4001; x_wconf 88' lang='lat' dir='ltr'><strong>addit</strong></span> <span class='ocrx_word' id='word_1_634' title='bbox 2657 3949 2712 4002; x_wconf 88' lang='grc' dir='ltr'><strong>Β.</strong></span> <span class='ocrx_word' id='word_1_635' title='bbox 2763 3946 3032 4015; x_wconf 80' lang='lat' dir='ltr'><strong>Virginem</strong></span> <span class='ocrx_word' id='word_1_636' title='bbox 3101 3949 3301 4016; x_wconf 84' lang='lat' dir='ltr'><strong>duplici</strong></span> <span class='ocrx_word' id='word_1_637' title='bbox 3352 3952 3513 4006; x_wconf 93' lang='lat' dir='ltr'><strong>modo</strong></span> <span class='ocrx_word' id='word_1_638' title='bbox 3552 3967 3689 4007; x_wconf 88' lang='lat' dir='ltr'><strong>con-</strong></span> 
     </span>
    </p>
   </div>
   <div class='ocr_carea' id='block_1_101' title="bbox 2101 4018 3692 4087">
    <p class='ocr_par' dir='ltr' id='par_1_101' title="bbox 2101 4018 3692 4087">
     <span class='ocr_line' id='line_1_102' title="bbox 2101 4018 3692 4087; baseline 0.001 -11"><span class='ocrx_word' id='word_1_639' title='bbox 2101 4023 2330 4087; x_wconf 75' lang='lat' dir='ltr'><strong>cepisse,</strong></span> <span class='ocrx_word' id='word_1_640' title='bbox 2361 4020 2464 4073; x_wconf 87' lang='lat' dir='ltr'><strong>lide</strong></span> <span class='ocrx_word' id='word_1_641' title='bbox 2516 4019 2767 4086; x_wconf 90' lang='lat' dir='ltr'><strong>primum,</strong></span> <span class='ocrx_word' id='word_1_642' title='bbox 2820 4031 2882 4070; x_wconf 91' lang='lat' dir='ltr'><strong>ac</strong></span> <span class='ocrx_word' id='word_1_643' title='bbox 2923 4018 3133 4084; x_wconf 89' lang='lat' dir='ltr'><strong>spiritu,</strong></span> <span class='ocrx_word' id='word_1_644' title='bbox 3182 4030 3290 4071; x_wconf 91' lang='lat' dir='ltr'><strong>tum</strong></span> <span class='ocrx_word' id='word_1_645' title='bbox 3330 4034 3514 4085; x_wconf 87' lang='lat' dir='ltr'><strong>carne,</strong></span> <span class='ocrx_word' id='word_1_646' title='bbox 3563 4022 3692 4077; x_wconf 90' lang='lat' dir='ltr'><strong>dum</strong></span> 
     </span>
    </p>
   </div>
   <div class='ocr_carea' id='block_1_102' title="bbox 2100 4088 3693 4160">
    <p class='ocr_par' dir='ltr' id='par_1_102' title="bbox 2100 4088 3693 4160">
     <span class='ocr_line' id='line_1_103' title="bbox 2100 4088 3693 4160; baseline 0.001 -15"><span class='ocrx_word' id='word_1_647' title='bbox 2100 4092 2296 4145; x_wconf 87' lang='lat' dir='ltr'><strong>Christi</strong></span> <span class='ocrx_word' id='word_1_648' title='bbox 2328 4103 2526 4157; x_wconf 89' lang='lat' dir='ltr'><strong>corpus</strong></span> <span class='ocrx_word' id='word_1_649' title='bbox 2544 4097 2703 4160; x_wconf 70' lang='lat' dir='ltr'><strong>utero</strong></span> <span class='ocrx_word' id='word_1_650' title='bbox 2732 4088 3011 4160; x_wconf 71' lang='lat' dir='ltr'><strong>complexa</strong></span> <span class='ocrx_word' id='word_1_651' title='bbox 3041 4096 3145 4160; x_wconf 84' lang='lat' dir='ltr'><strong>est,</strong></span> <span class='ocrx_word' id='word_1_652' title='bbox 3195 4102 3266 4160; x_wconf 20' lang='lat' dir='ltr'><strong>es,</strong></span> <span class='ocrx_word' id='word_1_653' title='bbox 3292 4089 3361 4160; x_wconf 13' lang='lat' dir='ltr'><strong>VS.</strong></span> <span class='ocrx_word' id='word_1_654' title='bbox 3394 4095 3693 4160; x_wconf 81' lang='lat' dir='ltr'><strong>Augustino</strong></span> 
     </span>
    </p>
   </div>
   <div class='ocr_carea' id='block_1_103' title="bbox 2101 4156 3694 4231">
    <p class='ocr_par' dir='ltr' id='par_1_103' title="bbox 2101 4156 3694 4231">
     <span class='ocr_line' id='line_1_104' title="bbox 2101 4156 3694 4231; baseline 0 -16"><span class='ocrx_word' id='word_1_655' title='bbox 2101 4165 2167 4215; x_wconf 84' lang='lat' dir='ltr'><strong>de</strong></span> <span class='ocrx_word' id='word_1_656' title='bbox 2195 4156 2499 4231; x_wconf 69' lang='lat' dir='ltr'><strong>Trinitate;</strong></span> <span class='ocrx_word' id='word_1_657' title='bbox 2531 4156 2767 4231; x_wconf 58' lang='lat' dir='ltr'><strong>Materna</strong></span> <span class='ocrx_word' id='word_1_658' title='bbox 2791 4157 3146 4231; x_wconf 84' lang='lat' dir='ltr'><strong>prapinquitas</strong></span> <span class='ocrx_word' id='word_1_659' title='bbox 3191 4158 3322 4212; x_wconf 87' lang='lat' dir='ltr'><strong>nihil</strong></span> <span class='ocrx_word' id='word_1_660' title='bbox 3350 4156 3535 4215; x_wconf 69' lang='lat' dir='ltr'><strong>Mariae</strong></span> <span class='ocrx_word' id='word_1_661' title='bbox 3569 4179 3694 4231; x_wconf 87' lang='lat' dir='ltr'><strong>pro-</strong></span> 
     </span>
    </p>
   </div>
   <div class='ocr_carea' id='block_1_104' title="bbox 2100 4227 3693 4303">
    <p class='ocr_par' dir='ltr' id='par_1_104' title="bbox 2100 4227 3693 4303">
     <span class='ocr_line' id='line_1_105' title="bbox 2100 4227 3693 4303; baseline 0 -17"><span class='ocrx_word' id='word_1_662' title='bbox 2100 4234 2294 4303; x_wconf 77' lang='lat' dir='ltr'><strong>fuisset,</strong></span> <span class='ocrx_word' id='word_1_663' title='bbox 2340 4230 2439 4284; x_wconf 87' lang='lat' dir='ltr'><strong>nisi</strong></span> <span class='ocrx_word' id='word_1_664' title='bbox 2473 4228 2675 4299; x_wconf 74' lang='lat' dir='ltr'><strong>{elicius</strong></span> <span class='ocrx_word' id='word_1_665' title='bbox 2697 4227 2954 4283; x_wconf 84' lang='lat' dir='ltr'><strong>Christum</strong></span> <span class='ocrx_word' id='word_1_666' title='bbox 2975 4231 3145 4299; x_wconf 86' lang='lat' dir='ltr'><strong>corde,</strong></span> <span class='ocrx_word' id='word_1_667' title='bbox 3182 4244 3337 4297; x_wconf 88' lang='lat' dir='ltr'><strong>quam</strong></span> <span class='ocrx_word' id='word_1_668' title='bbox 3376 4246 3531 4286; x_wconf 89' lang='lat' dir='ltr'><strong>carne</strong></span> <span class='ocrx_word' id='word_1_669' title='bbox 3569 4227 3693 4302; x_wconf 74' lang='lat' dir='ltr'><strong>por-</strong></span> 
     </span>
    </p>
   </div>
   <div class='ocr_carea' id='block_1_105' title="bbox 2101 4310 2276 4357">
    <p class='ocr_par' dir='ltr' id='par_1_105' title="bbox 2101 4310 2276 4357">
     <span class='ocr_line' id='line_1_106' title="bbox 2101 4310 2276 4357; baseline 0 -1"><span class='ocrx_word' id='word_1_670' title='bbox 2101 4310 2276 4357; x_wconf 80' lang='lat' dir='ltr'><strong>tasset.</strong></span> 
     </span>
    </p>
   </div>
   <div class='ocr_carea' id='block_1_106' title="bbox 2172 4368 3691 4430">
    <p class='ocr_par' dir='ltr' id='par_1_106' title="bbox 2172 4368 3691 4430">
     <span class='ocr_line' id='line_1_107' title="bbox 2172 4368 3691 4430; baseline 0.002 -3"><span class='ocrx_word' id='word_1_671' title='bbox 2172 4373 2301 4427; x_wconf 76' lang='lat'><strong>586.</strong></span> <span class='ocrx_word' id='word_1_672' title='bbox 2347 4370 2615 4427; x_wconf 83' lang='lat' dir='ltr'><strong>Gisclinus</strong></span> <span class='ocrx_word' id='word_1_673' title='bbox 2645 4375 2791 4424; x_wconf 90' lang='lat' dir='ltr'><strong>recte</strong></span> <span class='ocrx_word' id='word_1_674' title='bbox 2833 4368 3072 4421; x_wconf 84' lang='lat' dir='ltr'><strong>auditum</strong></span> <span class='ocrx_word' id='word_1_675' title='bbox 3110 4378 3402 4424; x_wconf 82' lang='lat' dir='ltr'><strong>caneretum</strong></span> <span class='ocrx_word' id='word_1_676' title='bbox 3444 4387 3512 4426; x_wconf 77' lang='lat' dir='ltr'><strong>ex</strong></span> <span class='ocrx_word' id='word_1_677' title='bbox 3547 4375 3691 4430; x_wconf 93' lang='lat' dir='ltr'><strong>mole</strong></span> 
     </span>
    </p>
   </div>
   <div class='ocr_carea' id='block_1_107' title="bbox 2103 4439 3693 4513">
    <p class='ocr_par' dir='ltr' id='par_1_107' title="bbox 2103 4439 3693 4513">
     <span class='ocr_line' id='line_1_108' title="bbox 2103 4439 3693 4513; baseline 0 -15"><span class='ocrx_word' id='word_1_678' title='bbox 2103 4452 2280 4498; x_wconf 89' lang='lat' dir='ltr'><strong>terrea</strong></span> <span class='ocrx_word' id='word_1_679' title='bbox 2310 4454 2646 4508; x_wconf 89' lang='lat' dir='ltr'><strong>compactum</strong></span> <span class='ocrx_word' id='word_1_680' title='bbox 2674 4439 2914 4513; x_wconf 65' lang='lat' dir='ltr'><strong>exponit,</strong></span> <span class='ocrx_word' id='word_1_681' title='bbox 2939 4439 3119 4493; x_wconf 89' lang='lat' dir='ltr'><strong>addito</strong></span> <span class='ocrx_word' id='word_1_682' title='bbox 3141 4442 3408 4513; x_wconf 80' lang='lat' dir='ltr'><strong>axiomate</strong></span> <span class='ocrx_word' id='word_1_683' title='bbox 3433 4442 3693 4513; x_wconf 85' lang='lat' dir='ltr'><strong>physico:</strong></span> 
     </span>
    </p>
   </div>
   <div class='ocr_carea' id='block_1_108' title="bbox 2102 4511 3693 4582">
    <p class='ocr_par' dir='ltr' id='par_1_108' title="bbox 2102 4511 3693 4582">
     <span class='ocr_line' id='line_1_109' title="bbox 2102 4511 3693 4582; baseline 0.001 -14"><span class='ocrx_word' id='word_1_684' title='bbox 2102 4530 2280 4568; x_wconf 86' lang='lat' dir='ltr'><strong>sensus</strong></span> <span class='ocrx_word' id='word_1_685' title='bbox 2296 4514 2567 4569; x_wconf 72' lang='lat' dir='ltr'><strong>exteriores</strong></span> <span class='ocrx_word' id='word_1_686' title='bbox 2589 4515 2654 4564; x_wconf 73' lang='lat' dir='ltr'><strong>ad</strong></span> <span class='ocrx_word' id='word_1_687' title='bbox 2676 4512 2926 4582; x_wconf 88' lang='lat' dir='ltr'><strong>objectum</strong></span> <span class='ocrx_word' id='word_1_688' title='bbox 2947 4525 3254 4579; x_wconf 86' lang='lat' dir='ltr'><strong>magnopere</strong></span> <span class='ocrx_word' id='word_1_689' title='bbox 3274 4511 3472 4581; x_wconf 87' lang='lat' dir='ltr'><strong>insigne</strong></span> <span class='ocrx_word' id='word_1_690' title='bbox 3492 4511 3571 4568; x_wconf 67' lang='lat' dir='ltr'><strong>lie:</strong></span> <span class='ocrx_word' id='word_1_691' title='bbox 3586 4532 3693 4578; x_wconf 89' lang='lat' dir='ltr'><strong>ere,</strong></span> 
     </span>
    </p>
   </div>
   <div class='ocr_carea' id='block_1_109' title="bbox 2103 4582 2891 4654">
    <p class='ocr_par' dir='ltr' id='par_1_109' title="bbox 2103 4582 2891 4654">
     <span class='ocr_line' id='line_1_110' title="bbox 2103 4582 2891 4654; baseline -0.008 -15"><span class='ocrx_word' id='word_1_692' title='bbox 2103 4600 2378 4654; x_wconf 87' lang='lat' dir='ltr'><strong>eorumque</strong></span> <span class='ocrx_word' id='word_1_693' title='bbox 2396 4582 2656 4654; x_wconf 86' lang='lat' dir='ltr'><strong>judicium</strong></span> <span class='ocrx_word' id='word_1_694' title='bbox 2684 4582 2891 4654; x_wconf 79' lang='lat' dir='ltr'><strong>uiolari.</strong></span> 
     </span>
    </p>
   </div>
   <div class='ocr_carea' id='block_1_110' title="bbox 2176 4650 3693 4719">
    <p class='ocr_par' dir='ltr' id='par_1_110' title="bbox 2176 4650 3693 4719">
     <span class='ocr_line' id='line_1_111' title="bbox 2176 4650 3693 4719; baseline 0.001 -10"><span class='ocrx_word' id='word_1_695' title='bbox 2176 4650 2303 4709; x_wconf 71' lang='lat'><strong>587.</strong></span> <span class='ocrx_word' id='word_1_696' title='bbox 2335 4650 2433 4709; x_wconf 81' lang='lat' dir='ltr'><strong>Adi</strong></span> <span class='ocrx_word' id='word_1_697' title='bbox 2464 4656 2619 4707; x_wconf 66' lang='lat' dir='ltr'><strong>Lucae</strong></span> <span class='ocrx_word' id='word_1_698' title='bbox 2648 4667 2689 4715; x_wconf 82' lang='grc' dir='ltr'><strong>ι,</strong></span> <span class='ocrx_word' id='word_1_699' title='bbox 2720 4653 2789 4706; x_wconf 70' lang='grc'><strong>42</strong></span> <span class='ocrx_word' id='word_1_700' title='bbox 2819 4661 2871 4705; x_wconf 92' lang='lat' dir='ltr'><strong>et</strong></span> <span class='ocrx_word' id='word_1_701' title='bbox 2897 4664 3074 4719; x_wconf 84' lang='lat' dir='ltr'><strong>seqq.,</strong></span> <span class='ocrx_word' id='word_1_702' title='bbox 3126 4650 3194 4706; x_wconf 91' lang='lat' dir='ltr'><strong>de</strong></span> <span class='ocrx_word' id='word_1_703' title='bbox 3219 4650 3275 4707; x_wconf 92' lang='lat' dir='ltr'><strong>S.</strong></span> <span class='ocrx_word' id='word_1_704' title='bbox 3313 4652 3583 4709; x_wconf 82' lang='lat' dir='ltr'><strong>Elisaheth</strong></span> <span class='ocrx_word' id='word_1_705' title='bbox 3616 4658 3693 4711; x_wconf 89' lang='lat' dir='ltr'><strong>vi-</strong></span> 
     </span>
    </p>
   </div>
   <div class='ocr_carea' id='block_1_111' title="bbox 422 4702 2846 4794">
    <p class='ocr_par' dir='ltr' id='par_1_111' title="bbox 422 4702 2846 4794">
     <span class='ocr_line' id='line_1_112' title="bbox 422 4702 2846 4794; baseline -0.002 -13"><span class='ocrx_word' id='word_1_706' title='bbox 422 4702 1999 4794; x_wconf 48' lang='lat' dir='ltr'><strong>essitaﬁsszamisista...eam;stersisse};</strong></span> <span class='ocrx_word' id='word_1_707' title='bbox 2029 4702 2079 4761; x_wconf 80' lang='grc' dir='ltr'><strong>ι)</strong></span> <span class='ocrx_word' id='word_1_708' title='bbox 2108 4702 2270 4780; x_wconf 62' lang='grc' dir='ltr'><strong>εῑιῖιῐεὲ</strong></span> <span class='ocrx_word' id='word_1_709' title='bbox 2288 4702 2846 4794; x_wconf 54' lang='grc' dir='ltr'><strong>Ξιᾟὲἰῷἱᾷξνῖἓεῖὗθζ</strong></span> 
     </span>
    </p>
   </div>
   <div class='ocr_carea' id='block_1_112' title="bbox 420 4792 2000 4864">
    <p class='ocr_par' dir='ltr' id='par_1_112' title="bbox 420 4792 2000 4864">
     <span class='ocr_line' id='line_1_113' title="bbox 420 4792 2000 4864; baseline -0.001 -14"><span class='ocrx_word' id='word_1_710' title='bbox 420 4795 563 4864; x_wconf 87' lang='lat' dir='ltr'><strong>apud</strong></span> <span class='ocrx_word' id='word_1_711' title='bbox 592 4794 860 4857; x_wconf 89' lang='lat' dir='ltr'><strong>ethnicos,</strong></span> <span class='ocrx_word' id='word_1_712' title='bbox 908 4792 1046 4864; x_wconf 82' lang='lat' dir='ltr'><strong>apud</strong></span> <span class='ocrx_word' id='word_1_713' title='bbox 1078 4795 1373 4864; x_wconf 74' lang='lat' dir='ltr'><strong>quosirte,</strong></span> <span class='ocrx_word' id='word_1_714' title='bbox 1420 4800 1476 4845; x_wconf 89' lang='lat' dir='ltr'><strong>et</strong></span> <span class='ocrx_word' id='word_1_715' title='bbox 1520 4794 1707 4864; x_wconf 24' lang='lat' dir='ltr'><strong>luctus,</strong></span> <span class='ocrx_word' id='word_1_716' title='bbox 1741 4795 1900 4847; x_wconf 92' lang='lat' dir='ltr'><strong>etiam</strong></span> <span class='ocrx_word' id='word_1_717' title='bbox 1946 4794 2000 4848; x_wconf 90' lang='lat' dir='ltr'><strong>id</strong></span> 
     </span>
    </p>
   </div>
   <div class='ocr_carea' id='block_1_113' title="bbox 423 4862 1997 4934">
    <p class='ocr_par' dir='ltr' id='par_1_113' title="bbox 423 4862 1997 4934">
     <span class='ocr_line' id='line_1_114' title="bbox 423 4862 1997 4934; baseline -0.003 -12"><span class='ocrx_word' id='word_1_718' title='bbox 423 4862 634 4934; x_wconf 85' lang='lat' dir='ltr'><strong>signum</strong></span> <span class='ocrx_word' id='word_1_719' title='bbox 661 4864 973 4918; x_wconf 89' lang='lat' dir='ltr'><strong>habebatur.</strong></span> <span class='ocrx_word' id='word_1_720' title='bbox 997 4862 1125 4934; x_wconf 86' lang='lat' dir='ltr'><strong>Vide</strong></span> <span class='ocrx_word' id='word_1_721' title='bbox 1152 4862 1384 4934; x_wconf 68' lang='lat' dir='ltr'><strong>Delrutu</strong></span> <span class='ocrx_word' id='word_1_722' title='bbox 1412 4864 1461 4934; x_wconf 83' lang='lat' dir='ltr'><strong>in</strong></span> <span class='ocrx_word' id='word_1_723' title='bbox 1486 4863 1736 4934; x_wconf 75' lang='lat' dir='ltr'><strong>Trugmd.</strong></span> <span class='ocrx_word' id='word_1_724' title='bbox 1756 4865 1997 4934; x_wconf 62' lang='lat' dir='ltr'><strong>Seneca).</strong></span> 
     </span>
    </p>
   </div>
   <div class='ocr_carea' id='block_1_114' title="bbox 496 4930 2002 4999">
    <p class='ocr_par' dir='ltr' id='par_1_114' title="bbox 496 4930 2002 4999">
     <span class='ocr_line' id='line_1_115' title="bbox 496 4930 2002 4999; baseline -0.003 -10"><span class='ocrx_word' id='word_1_725' title='bbox 496 4930 623 4990; x_wconf 76' lang='lat'><strong>577.</strong></span> <span class='ocrx_word' id='word_1_726' title='bbox 657 4935 841 4988; x_wconf 84' lang='lat' dir='ltr'><strong>Ileins.</strong></span> <span class='ocrx_word' id='word_1_727' title='bbox 870 4949 989 4987; x_wconf 90' lang='lat' dir='ltr'><strong>cum</strong></span> <span class='ocrx_word' id='word_1_728' title='bbox 1018 4930 1413 4997; x_wconf 85' lang='lat' dir='ltr'><strong>Put.,Thuan.,</strong></span> <span class='ocrx_word' id='word_1_729' title='bbox 1434 4930 1805 4998; x_wconf 78' lang='lat' dir='ltr'><strong>Rot.,duobus</strong></span> <span class='ocrx_word' id='word_1_730' title='bbox 1821 4933 2002 4999; x_wconf 66' lang='lat' dir='ltr'><strong>Turn,</strong></span> 
     </span>
    </p>
   </div>
   <div class='ocr_carea' id='block_1_115' title="bbox 423 5003 2002 5073">
    <p class='ocr_par' dir='ltr' id='par_1_115' title="bbox 423 5003 2002 5073">
     <span class='ocr_line' id='line_1_116' title="bbox 423 5003 2002 5073; baseline -0.001 -13"><span class='ocrx_word' id='word_1_731' title='bbox 423 5006 753 5068; x_wconf 83' lang='lat' dir='ltr'><strong>Cattcltiano,</strong></span> <span class='ocrx_word' id='word_1_732' title='bbox 801 5008 912 5073; x_wconf 83' lang='lat' dir='ltr'><strong>fore</strong></span> <span class='ocrx_word' id='word_1_733' title='bbox 959 5006 1178 5055; x_wconf 87' lang='lat' dir='ltr'><strong>nuntiat.</strong></span> <span class='ocrx_word' id='word_1_734' title='bbox 1228 5003 1401 5056; x_wconf 82' lang='lat' dir='ltr'><strong>Nostri</strong></span> <span class='ocrx_word' id='word_1_735' title='bbox 1444 5014 1498 5058; x_wconf 87' lang='lat' dir='ltr'><strong>et</strong></span> <span class='ocrx_word' id='word_1_736' title='bbox 1525 5004 1637 5067; x_wconf 86' lang='lat' dir='ltr'><strong>alii,</strong></span> <span class='ocrx_word' id='word_1_737' title='bbox 1688 5007 2002 5071; x_wconf 82' lang='lat' dir='ltr'><strong>pronuntiat.</strong></span> 
     </span>
    </p>
   </div>
   <div class='ocr_carea' id='block_1_116' title="bbox 425 5073 2004 5143">
    <p class='ocr_par' dir='ltr' id='par_1_116' title="bbox 425 5073 2004 5143">
     <span class='ocr_line' id='line_1_117' title="bbox 425 5073 2004 5143; baseline 0 -14"><span class='ocrx_word' id='word_1_738' title='bbox 425 5078 820 5130; x_wconf 83' lang='lat' dir='ltr'><strong>Cliamillardus</strong></span> <span class='ocrx_word' id='word_1_739' title='bbox 844 5074 910 5127; x_wconf 82' lang='lat' dir='ltr'><strong>ah</strong></span> <span class='ocrx_word' id='word_1_740' title='bbox 932 5073 1150 5128; x_wconf 77' lang='lat' dir='ltr'><strong>Heinsio</strong></span> <span class='ocrx_word' id='word_1_741' title='bbox 1174 5076 1417 5138; x_wconf 88' lang='lat' dir='ltr'><strong>recessit,</strong></span> <span class='ocrx_word' id='word_1_742' title='bbox 1450 5084 1665 5129; x_wconf 90' lang='lat' dir='ltr'><strong>secutus</strong></span> <span class='ocrx_word' id='word_1_743' title='bbox 1687 5085 2004 5143; x_wconf 73' lang='lat' dir='ltr'><strong>pronuntiat.</strong></span> 
     </span>
    </p>
   </div>
   <div class='ocr_carea' id='block_1_117' title="bbox 424 5143 2003 5214">
    <p class='ocr_par' dir='ltr' id='par_1_117' title="bbox 424 5143 2003 5214">
     <span class='ocr_line' id='line_1_118' title="bbox 424 5143 2003 5214; baseline 0 -14"><span class='ocrx_word' id='word_1_744' title='bbox 424 5148 645 5200; x_wconf 87' lang='lat' dir='ltr'><strong>Teolius</strong></span> <span class='ocrx_word' id='word_1_745' title='bbox 667 5144 832 5198; x_wconf 83' lang='lat' dir='ltr'><strong>edidit</strong></span> <span class='ocrx_word' id='word_1_746' title='bbox 854 5145 964 5211; x_wconf 78' lang='lat' dir='ltr'><strong>fore</strong></span> <span class='ocrx_word' id='word_1_747' title='bbox 981 5144 1201 5211; x_wconf 84' lang='lat' dir='ltr'><strong>nuntiat,</strong></span> <span class='ocrx_word' id='word_1_748' title='bbox 1217 5144 1311 5199; x_wconf 89' lang='lat' dir='ltr'><strong>sed</strong></span> <span class='ocrx_word' id='word_1_749' title='bbox 1336 5143 1509 5199; x_wconf 86' lang='lat' dir='ltr'><strong>lassus</strong></span> <span class='ocrx_word' id='word_1_750' title='bbox 1530 5156 1611 5199; x_wconf 90' lang='lat' dir='ltr'><strong>est</strong></span> <span class='ocrx_word' id='word_1_751' title='bbox 1630 5159 1783 5214; x_wconf 63' lang='lat' dir='ltr'><strong>atque</strong></span> <span class='ocrx_word' id='word_1_752' title='bbox 1811 5146 2003 5200; x_wconf 81' lang='lat' dir='ltr'><strong>hunatn</strong></span> 
     </span>
    </p>
   </div>
   <div class='ocr_carea' id='block_1_118' title="bbox 427 5216 2003 5282">
    <p class='ocr_par' dir='ltr' id='par_1_118' title="bbox 427 5216 2003 5282">
     <span class='ocr_line' id='line_1_119' title="bbox 427 5216 2003 5282; baseline -0.001 -11"><span class='ocrx_word' id='word_1_753' title='bbox 427 5217 713 5271; x_wconf 78' lang='lat' dir='ltr'><strong>lectionem</strong></span> <span class='ocrx_word' id='word_1_754' title='bbox 744 5229 865 5269; x_wconf 90' lang='lat' dir='ltr'><strong>esse</strong></span> <span class='ocrx_word' id='word_1_755' title='bbox 906 5216 1225 5282; x_wconf 84' lang='lat' dir='ltr'><strong>pronuntiat,</strong></span> <span class='ocrx_word' id='word_1_756' title='bbox 1276 5226 1328 5269; x_wconf 91' lang='lat' dir='ltr'><strong>et</strong></span> <span class='ocrx_word' id='word_1_757' title='bbox 1358 5231 1412 5268; x_wconf 86' lang='grc' dir='ltr'><strong>ιη</strong></span> <span class='ocrx_word' id='word_1_758' title='bbox 1451 5216 1700 5270; x_wconf 88' lang='lat' dir='ltr'><strong>omnibus</strong></span> <span class='ocrx_word' id='word_1_759' title='bbox 1726 5216 1839 5269; x_wconf 82' lang='lat' dir='ltr'><strong>fere</strong></span> <span class='ocrx_word' id='word_1_760' title='bbox 1864 5216 2003 5270; x_wconf 88' lang='lat' dir='ltr'><strong>Vatt.</strong></span> 
     </span>
    </p>
   </div>
   <div class='ocr_carea' id='block_1_119' title="bbox 428 5284 2004 5356">
    <p class='ocr_par' dir='ltr' id='par_1_119' title="bbox 428 5284 2004 5356">
     <span class='ocr_line' id='line_1_120' title="bbox 428 5284 2004 5356; baseline -0.001 -16"><span class='ocrx_word' id='word_1_761' title='bbox 428 5288 676 5355; x_wconf 87' lang='lat' dir='ltr'><strong>reperiri.</strong></span> <span class='ocrx_word' id='word_1_762' title='bbox 699 5284 911 5356; x_wconf 26' lang='lat' dir='ltr'><strong>HAngeIi</strong></span> <span class='ocrx_word' id='word_1_763' title='bbox 950 5286 1109 5356; x_wconf 84' lang='lat' dir='ltr'><strong>verba</strong></span> <span class='ocrx_word' id='word_1_764' title='bbox 1134 5284 1257 5356; x_wconf 88' lang='lat' dir='ltr'><strong>lege</strong></span> <span class='ocrx_word' id='word_1_765' title='bbox 1277 5299 1394 5351; x_wconf 88' lang='lat' dir='ltr'><strong>cap.</strong></span> <span class='ocrx_word' id='word_1_766' title='bbox 1423 5301 1440 5339; x_wconf 88' lang='grc' dir='ltr'><strong><em>ι</em></strong></span> <span class='ocrx_word' id='word_1_767' title='bbox 1470 5286 1649 5351; x_wconf 83' lang='lat' dir='ltr'><strong>Lucae,</strong></span> <span class='ocrx_word' id='word_1_768' title='bbox 1670 5285 1740 5340; x_wconf 71' lang='lat'><strong>28</strong></span> <span class='ocrx_word' id='word_1_769' title='bbox 1771 5295 1826 5340; x_wconf 94' lang='lat' dir='ltr'><strong>et</strong></span> <span class='ocrx_word' id='word_1_770' title='bbox 1853 5302 2004 5356; x_wconf 89' lang='lat' dir='ltr'><strong>seqq.</strong></span> 
     </span>
    </p>
   </div>
   <div class='ocr_carea' id='block_1_120' title="bbox 501 5355 2005 5425">
    <p class='ocr_par' dir='ltr' id='par_1_120' title="bbox 501 5355 2005 5425">
     <span class='ocr_line' id='line_1_121' title="bbox 501 5355 2005 5425; baseline 0.001 -16"><span class='ocrx_word' id='word_1_771' title='bbox 501 5360 627 5410; x_wconf 75' lang='lat'><strong>579.</strong></span> <span class='ocrx_word' id='word_1_772' title='bbox 669 5355 888 5423; x_wconf 87' lang='lat' dir='ltr'><strong>Weitz.,</strong></span> <span class='ocrx_word' id='word_1_773' title='bbox 936 5355 1073 5423; x_wconf 84' lang='lat' dir='ltr'><strong>Gis.,</strong></span> <span class='ocrx_word' id='word_1_774' title='bbox 1122 5355 1264 5418; x_wconf 73' lang='lat' dir='ltr'><strong>82L,</strong></span> <span class='ocrx_word' id='word_1_775' title='bbox 1319 5356 1500 5425; x_wconf 79' lang='lat' dir='ltr'><strong>Prag.,</strong></span> <span class='ocrx_word' id='word_1_776' title='bbox 1548 5358 1775 5410; x_wconf 86' lang='lat' dir='ltr'><strong>monitis.</strong></span> <span class='ocrx_word' id='word_1_777' title='bbox 1821 5355 2005 5425; x_wconf 85' lang='lat' dir='ltr'><strong>Fabr.,</strong></span> 
     </span>
    </p>
   </div>
   <div class='ocr_carea' id='block_1_121' title="bbox 433 5426 2008 5495">
    <p class='ocr_par' dir='ltr' id='par_1_121' title="bbox 433 5426 2008 5495">
     <span class='ocr_line' id='line_1_122' title="bbox 433 5426 2008 5495; baseline 0.001 -16"><span class='ocrx_word' id='word_1_778' title='bbox 433 5428 680 5479; x_wconf 86' lang='lat' dir='ltr'><strong>monitus.</strong></span> <span class='ocrx_word' id='word_1_779' title='bbox 715 5427 891 5495; x_wconf 85' lang='lat' dir='ltr'><strong>Egm.,</strong></span> <span class='ocrx_word' id='word_1_780' title='bbox 919 5427 1105 5494; x_wconf 89' lang='lat' dir='ltr'><strong>Bong.,</strong></span> <span class='ocrx_word' id='word_1_781' title='bbox 1153 5426 1427 5480; x_wconf 84' lang='lat' dir='ltr'><strong>lleinsiani</strong></span> <span class='ocrx_word' id='word_1_782' title='bbox 1468 5428 1707 5495; x_wconf 88' lang='lat' dir='ltr'><strong>plerique</strong></span> <span class='ocrx_word' id='word_1_783' title='bbox 1733 5434 1787 5482; x_wconf 87' lang='lat' dir='ltr'><strong>et</strong></span> <span class='ocrx_word' id='word_1_784' title='bbox 1816 5428 2008 5491; x_wconf 82' lang='lat' dir='ltr'><strong>IIOSlI‘l,</strong></span> 
     </span>
    </p>
   </div>
   <div class='ocr_carea' id='block_1_122' title="bbox 435 5496 2010 5565">
    <p class='ocr_par' dir='ltr' id='par_1_122' title="bbox 435 5496 2010 5565">
     <span class='ocr_line' id='line_1_123' title="bbox 435 5496 2010 5565; baseline 0.002 -17"><span class='ocrx_word' id='word_1_785' title='bbox 435 5499 704 5550; x_wconf 83' lang='lat' dir='ltr'><strong>monitum.</strong></span> <span class='ocrx_word' id='word_1_786' title='bbox 757 5496 1001 5551; x_wconf 88' lang='lat' dir='ltr'><strong>Galtand.</strong></span> <span class='ocrx_word' id='word_1_787' title='bbox 1052 5511 1172 5550; x_wconf 87' lang='lat' dir='ltr'><strong>cum</strong></span> <span class='ocrx_word' id='word_1_788' title='bbox 1220 5498 1340 5551; x_wconf 86' lang='lat' dir='ltr'><strong>Ald.</strong></span> <span class='ocrx_word' id='word_1_789' title='bbox 1386 5506 1440 5551; x_wconf 91' lang='lat' dir='ltr'><strong>et</strong></span> <span class='ocrx_word' id='word_1_790' title='bbox 1479 5498 1719 5552; x_wconf 72' lang='lat' dir='ltr'><strong>&#39;I‘ornass.</strong></span> <span class='ocrx_word' id='word_1_791' title='bbox 1767 5501 2010 5565; x_wconf 89' lang='lat' dir='ltr'><strong>sequitur</strong></span> 
     </span>
    </p>
   </div>
   <div class='ocr_carea' id='block_1_123' title="bbox 432 5567 2009 5631">
    <p class='ocr_par' dir='ltr' id='par_1_123' title="bbox 432 5567 2009 5631">
     <span class='ocr_line' id='line_1_124' title="bbox 432 5567 2009 5631; baseline 0.004 -16"><span class='ocrx_word' id='word_1_792' title='bbox 432 5570 679 5619; x_wconf 86' lang='lat' dir='ltr'><strong>monitum</strong></span> <span class='ocrx_word' id='word_1_793' title='bbox 705 5567 939 5630; x_wconf 85' lang='lat' dir='ltr'><strong>credidit,</strong></span> <span class='ocrx_word' id='word_1_794' title='bbox 968 5576 1022 5620; x_wconf 93' lang='lat' dir='ltr'><strong>ut</strong></span> <span class='ocrx_word' id='word_1_795' title='bbox 1048 5581 1190 5621; x_wconf 91' lang='lat' dir='ltr'><strong>vers.</strong></span> <span class='ocrx_word' id='word_1_796' title='bbox 1216 5567 1341 5631; x_wconf 77' lang='lat'><strong>568,</strong></span> <span class='ocrx_word' id='word_1_797' title='bbox 1370 5569 1529 5621; x_wconf 86' lang='lat' dir='ltr'><strong>visum</strong></span> <span class='ocrx_word' id='word_1_798' title='bbox 1552 5582 1673 5621; x_wconf 74' lang='lat' dir='ltr'><strong>mox</strong></span> <span class='ocrx_word' id='word_1_799' title='bbox 1698 5567 1930 5631; x_wconf 85' lang='lat' dir='ltr'><strong>credidit,</strong></span> <span class='ocrx_word' id='word_1_800' title='bbox 1953 5576 2009 5622; x_wconf 89' lang='lat' dir='ltr'><strong>et</strong></span> 
     </span>
    </p>
   </div>
   <div class='ocr_carea' id='block_1_124' title="bbox 432 5638 2003 5708">
    <p class='ocr_par' dir='ltr' id='par_1_124' title="bbox 432 5638 2003 5708">
     <span class='ocr_line' id='line_1_125' title="bbox 432 5638 2003 5708; baseline -0.001 -17"><span class='ocrx_word' id='word_1_801' title='bbox 432 5653 578 5691; x_wconf 83' lang='lat' dir='ltr'><strong>vers.</strong></span> <span class='ocrx_word' id='word_1_802' title='bbox 612 5638 737 5700; x_wconf 81' lang='grc'><strong>715.</strong></span> <span class='ocrx_word' id='word_1_803' title='bbox 779 5641 894 5708; x_wconf 80' lang='lat' dir='ltr'><strong>jam</strong></span> <span class='ocrx_word' id='word_1_804' title='bbox 918 5638 1065 5708; x_wconf 84' lang='lat' dir='ltr'><strong>crede</strong></span> <span class='ocrx_word' id='word_1_805' title='bbox 1104 5638 1289 5691; x_wconf 89' lang='lat' dir='ltr'><strong>Deum.</strong></span> <span class='ocrx_word' id='word_1_806' title='bbox 1337 5638 1393 5690; x_wconf 92' lang='lat' dir='ltr'><strong>In</strong></span> <span class='ocrx_word' id='word_1_807' title='bbox 1421 5639 1550 5694; x_wconf 82' lang='lat' dir='ltr'><strong>Mar.</strong></span> <span class='ocrx_word' id='word_1_808' title='bbox 1577 5639 1777 5693; x_wconf 90' lang='lat' dir='ltr'><strong>recenti</strong></span> <span class='ocrx_word' id='word_1_809' title='bbox 1819 5652 2003 5702; x_wconf 83' lang='lat' dir='ltr'><strong>manu,</strong></span> 
     </span>
    </p>
   </div>
   <div class='ocr_carea' id='block_1_125' title="bbox 435 5707 2005 5775">
    <p class='ocr_par' dir='ltr' id='par_1_125' title="bbox 435 5707 2005 5775">
     <span class='ocr_line' id='line_1_126' title="bbox 435 5707 2005 5775; baseline -0.001 -14"><span class='ocrx_word' id='word_1_810' title='bbox 435 5710 660 5761; x_wconf 85' lang='lat' dir='ltr'><strong>monitis.</strong></span> <span class='ocrx_word' id='word_1_811' title='bbox 684 5707 1073 5763; x_wconf 70' lang='lat' dir='ltr'><strong>Chamillatdus</strong></span> <span class='ocrx_word' id='word_1_812' title='bbox 1101 5708 1226 5775; x_wconf 79' lang='lat' dir='ltr'><strong>legit</strong></span> <span class='ocrx_word' id='word_1_813' title='bbox 1255 5710 1477 5773; x_wconf 89' lang='lat' dir='ltr'><strong>monitis,</strong></span> <span class='ocrx_word' id='word_1_814' title='bbox 1523 5718 1577 5763; x_wconf 87' lang='lat' dir='ltr'><strong>et</strong></span> <span class='ocrx_word' id='word_1_815' title='bbox 1605 5710 1654 5762; x_wconf 92' lang='lat' dir='ltr'><strong>in</strong></span> <span class='ocrx_word' id='word_1_816' title='bbox 1685 5717 1808 5763; x_wconf 90' lang='lat' dir='ltr'><strong>nota</strong></span> <span class='ocrx_word' id='word_1_817' title='bbox 1839 5709 2005 5759; x_wconf 90' lang='lat' dir='ltr'><strong>inter-</strong></span> 
     </span>
    </p>
   </div>
   <div class='ocr_carea' id='block_1_126' title="bbox 435 5778 2004 5849">
    <p class='ocr_par' dir='ltr' id='par_1_126' title="bbox 435 5778 2004 5849">
     <span class='ocr_line' id='line_1_127' title="bbox 435 5778 2004 5849; baseline -0.001 -14"><span class='ocrx_word' id='word_1_818' title='bbox 435 5789 612 5849; x_wconf 76' lang='lat' dir='ltr'><strong>rogat,</strong></span> <span class='ocrx_word' id='word_1_819' title='bbox 642 5794 805 5833; x_wconf 81' lang='lat' dir='ltr'><strong>nonne</strong></span> <span class='ocrx_word' id='word_1_820' title='bbox 842 5780 1127 5831; x_wconf 68' lang='lat' dir='ltr'><strong>monitum?</strong></span> <span class='ocrx_word' id='word_1_821' title='bbox 1155 5794 1273 5831; x_wconf 79' lang='lat' dir='ltr'><strong>nam</strong></span> <span class='ocrx_word' id='word_1_822' title='bbox 1300 5795 1475 5847; x_wconf 86' lang='lat' dir='ltr'><strong>supra,</strong></span> <span class='ocrx_word' id='word_1_823' title='bbox 1514 5778 1612 5834; x_wconf 89' lang='lat' dir='ltr'><strong>Ille</strong></span> <span class='ocrx_word' id='word_1_824' title='bbox 1639 5778 1802 5833; x_wconf 88' lang='lat' dir='ltr'><strong>Deum</strong></span> <span class='ocrx_word' id='word_1_825' title='bbox 1838 5778 1960 5831; x_wconf 87' lang='lat' dir='ltr'><strong>vidit</strong></span> <span class='ocrx_word' id='word_1_826' title='bbox 1985 5793 2004 5833; x_wconf 83' lang='lat'><strong>.&#39;</strong></span> 
     </span>
    </p>
   </div>
   <div class='ocr_carea' id='block_1_127' title="bbox 803 5871 1281 5934">
    <p class='ocr_par' dir='ltr' id='par_1_127' title="bbox 803 5871 1281 5934">
     <span class='ocr_line' id='line_1_128' title="bbox 803 5871 1281 5934; baseline -0.002 0"><span class='ocrx_word' id='word_1_827' title='bbox 803 5873 1076 5934; x_wconf 70' lang='grc' dir='ltr'><strong>Ρηιιοι..</strong></span> <span class='ocrx_word' id='word_1_828' title='bbox 1116 5871 1281 5933; x_wconf 76' lang='lat' dir='ltr'><strong>LIX.</strong></span> 
     </span>
    </p>
   </div>
   <div class='ocr_carea' id='block_1_128' title="bbox 2178 4791 3362 4862">
    <p class='ocr_par' dir='ltr' id='par_1_128' title="bbox 2178 4791 3362 4862">
     <span class='ocr_line' id='line_1_129' title="bbox 2178 4791 3362 4862; baseline -0.003 -13"><span class='ocrx_word' id='word_1_829' title='bbox 2178 4796 2301 4849; x_wconf 78' lang='lat'><strong>595.</strong></span> <span class='ocrx_word' id='word_1_830' title='bbox 2339 4791 2462 4846; x_wconf 59' lang='lat' dir='ltr'><strong>Vat.‘</strong></span> <span class='ocrx_word' id='word_1_831' title='bbox 2487 4794 2555 4858; x_wconf 83' lang='lat' dir='ltr'><strong>A,</strong></span> <span class='ocrx_word' id='word_1_832' title='bbox 2586 4791 2769 4857; x_wconf 83' lang='lat' dir='ltr'><strong>Deum,</strong></span> <span class='ocrx_word' id='word_1_833' title='bbox 2803 4791 3079 4857; x_wconf 90' lang='lat' dir='ltr'><strong>mendose,</strong></span> <span class='ocrx_word' id='word_1_834' title='bbox 3108 4803 3209 4862; x_wconf 92' lang='lat' dir='ltr'><strong>pro</strong></span> <span class='ocrx_word' id='word_1_835' title='bbox 3232 4791 3362 4847; x_wconf 90' lang='lat' dir='ltr'><strong>Deo.</strong></span> 
     </span>
    </p>
   </div>
   <div class='ocr_carea' id='block_1_129' title="bbox 2179 4862 3691 4935">
    <p class='ocr_par' dir='ltr' id='par_1_129' title="bbox 2179 4862 3691 4935">
     <span class='ocr_line' id='line_1_130' title="bbox 2179 4862 3691 4935; baseline -0.003 -13"><span class='ocrx_word' id='word_1_836' title='bbox 2179 4865 2304 4922; x_wconf 72' lang='grc'><strong>594.</strong></span> <span class='ocrx_word' id='word_1_837' title='bbox 2337 4863 2523 4917; x_wconf 87' lang='lat' dir='ltr'><strong>Fastos</strong></span> <span class='ocrx_word' id='word_1_838' title='bbox 2566 4864 2683 4932; x_wconf 87' lang='lat' dir='ltr'><strong>lego</strong></span> <span class='ocrx_word' id='word_1_839' title='bbox 2712 4878 2831 4935; x_wconf 84' lang='lat' dir='ltr'><strong>cum</strong></span> <span class='ocrx_word' id='word_1_840' title='bbox 2863 4862 3000 4917; x_wconf 87' lang='lat' dir='ltr'><strong>Vatt.</strong></span> <span class='ocrx_word' id='word_1_841' title='bbox 3038 4864 3077 4916; x_wconf 82' lang='grc' dir='ltr'>Β</span> <span class='ocrx_word' id='word_1_842' title='bbox 3100 4863 3213 4933; x_wconf 90' lang='lat' dir='ltr'><strong>(ubi</strong></span> <span class='ocrx_word' id='word_1_843' title='bbox 3256 4876 3337 4918; x_wconf 92' lang='lat' dir='ltr'><strong>est</strong></span> <span class='ocrx_word' id='word_1_844' title='bbox 3368 4866 3573 4935; x_wconf 73' lang='lat' dir='ltr'><strong>fastus).</strong></span> <span class='ocrx_word' id='word_1_845' title='bbox 3626 4868 3691 4934; x_wconf 81' lang='grc' dir='ltr'><strong>ρ,</strong></span> 
     </span>
    </p>
   </div>
   <div class='ocr_carea' id='block_1_130' title="bbox 2113 4933 3694 5003">
    <p class='ocr_par' dir='ltr' id='par_1_130' title="bbox 2113 4933 3694 5003">
     <span class='ocr_line' id='line_1_131' title="bbox 2113 4933 3694 5003; baseline 0 -12"><span class='ocrx_word' id='word_1_846' title='bbox 2113 4936 2265 4999; x_wconf 81' lang='lat' dir='ltr'><strong>Urli.,</strong></span> <span class='ocrx_word' id='word_1_847' title='bbox 2300 4936 2451 4991; x_wconf 80' lang='lat' dir='ltr'><strong>Alex.</strong></span> <span class='ocrx_word' id='word_1_848' title='bbox 2499 4950 2528 4987; x_wconf 93' lang='lat' dir='ltr'><strong>a</strong></span> <span class='ocrx_word' id='word_1_849' title='bbox 2556 4933 2789 4989; x_wconf 88' lang='lat' dir='ltr'><strong>secunda</strong></span> <span class='ocrx_word' id='word_1_850' title='bbox 2836 4948 3020 4997; x_wconf 89' lang='lat' dir='ltr'><strong>manu,</strong></span> <span class='ocrx_word' id='word_1_851' title='bbox 3070 4935 3258 4988; x_wconf 88' lang='lat' dir='ltr'><strong>&#39;I&#39;huan</strong></span> <span class='ocrx_word' id='word_1_852' title='bbox 3290 4973 3304 4998; x_wconf 95' lang='lat'><strong>,</strong></span> <span class='ocrx_word' id='word_1_853' title='bbox 3358 4933 3578 5003; x_wconf 79' lang='lat' dir='ltr'><strong>Egm.a</strong></span> <span class='ocrx_word' id='word_1_854' title='bbox 3607 4933 3694 4991; x_wconf 84' lang='lat' dir='ltr'><strong>se-</strong></span> 
     </span>
    </p>
   </div>
   <div class='ocr_carea' id='block_1_131' title="bbox 2109 5004 3696 5075">
    <p class='ocr_par' dir='ltr' id='par_1_131' title="bbox 2109 5004 3696 5075">
     <span class='ocr_line' id='line_1_132' title="bbox 2109 5004 3696 5075; baseline 0 -14"><span class='ocrx_word' id='word_1_855' title='bbox 2109 5008 2281 5061; x_wconf 81' lang='lat' dir='ltr'><strong>Cttnda</strong></span> <span class='ocrx_word' id='word_1_856' title='bbox 2312 5021 2495 5071; x_wconf 87' lang='lat' dir='ltr'><strong>mauu,</strong></span> <span class='ocrx_word' id='word_1_857' title='bbox 2525 5014 2580 5059; x_wconf 89' lang='lat' dir='ltr'><strong>et</strong></span> <span class='ocrx_word' id='word_1_858' title='bbox 2606 5004 2819 5059; x_wconf 69' lang='lat' dir='ltr'><strong>caeteris</strong></span> <span class='ocrx_word' id='word_1_859' title='bbox 2850 5004 3153 5058; x_wconf 65' lang='lat' dir='ltr'><strong>lIeiusianis</strong></span> <span class='ocrx_word' id='word_1_860' title='bbox 3186 5014 3381 5072; x_wconf 76' lang='lat' dir='ltr'><strong>preter</strong></span> <span class='ocrx_word' id='word_1_861' title='bbox 3428 5008 3571 5075; x_wconf 85' lang='lat' dir='ltr'><strong>Put.,</strong></span> <span class='ocrx_word' id='word_1_862' title='bbox 3603 5010 3696 5062; x_wconf 89' lang='lat' dir='ltr'><strong>ubi</strong></span> 
     </span>
    </p>
   </div>
   <div class='ocr_carea' id='block_1_132' title="bbox 2113 5075 3697 5146">
    <p class='ocr_par' dir='ltr' id='par_1_132' title="bbox 2113 5075 3697 5146">
     <span class='ocr_line' id='line_1_133' title="bbox 2113 5075 3697 5146; baseline 0.002 -18"><span class='ocrx_word' id='word_1_863' title='bbox 2113 5083 2267 5146; x_wconf 76' lang='lat' dir='ltr'><strong>fatos,</strong></span> <span class='ocrx_word' id='word_1_864' title='bbox 2311 5086 2366 5131; x_wconf 91' lang='lat' dir='ltr'><strong>et</strong></span> <span class='ocrx_word' id='word_1_865' title='bbox 2391 5077 2600 5130; x_wconf 72' lang='lat' dir='ltr'><strong>&#39;l‘ltuan.</strong></span> <span class='ocrx_word' id='word_1_866' title='bbox 2629 5089 2661 5128; x_wconf 89' lang='lat' dir='ltr'><strong>a</strong></span> <span class='ocrx_word' id='word_1_867' title='bbox 2690 5075 2923 5129; x_wconf 86' lang='lat' dir='ltr'><strong>secunda</strong></span> <span class='ocrx_word' id='word_1_868' title='bbox 2959 5089 3118 5127; x_wconf 90' lang='lat' dir='ltr'><strong>manu</strong></span> <span class='ocrx_word' id='word_1_869' title='bbox 3150 5076 3322 5145; x_wconf 78' lang='lat' dir='ltr'><strong>festos.</strong></span> <span class='ocrx_word' id='word_1_870' title='bbox 3367 5077 3533 5130; x_wconf 85' lang='lat' dir='ltr'><strong>Aldus</strong></span> <span class='ocrx_word' id='word_1_871' title='bbox 3559 5093 3697 5145; x_wconf 83' lang='lat' dir='ltr'><strong>quo-</strong></span> 
     </span>
    </p>
   </div>
   <div class='ocr_carea' id='block_1_133' title="bbox 2112 5145 3692 5216">
    <p class='ocr_par' dir='ltr' id='par_1_133' title="bbox 2112 5145 3692 5216">
     <span class='ocr_line' id='line_1_134' title="bbox 2112 5145 3692 5216; baseline -0.001 -15"><span class='ocrx_word' id='word_1_872' title='bbox 2112 5145 2237 5216; x_wconf 85' lang='lat' dir='ltr'><strong>que,</strong></span> <span class='ocrx_word' id='word_1_873' title='bbox 2261 5148 2527 5216; x_wconf 58' lang='lat' dir='ltr'><strong>Termes,</strong></span> <span class='ocrx_word' id='word_1_874' title='bbox 2563 5145 2836 5209; x_wconf 88' lang='lat' dir='ltr'><strong>Galland.,</strong></span> <span class='ocrx_word' id='word_1_875' title='bbox 2859 5146 3047 5213; x_wconf 87' lang='lat' dir='ltr'><strong>Bong.,</strong></span> <span class='ocrx_word' id='word_1_876' title='bbox 3069 5149 3248 5216; x_wconf 74' lang='lat' dir='ltr'><strong>fastos.</strong></span> <span class='ocrx_word' id='word_1_877' title='bbox 3271 5146 3470 5198; x_wconf 85' lang='lat' dir='ltr'><strong>Widm.</strong></span> <span class='ocrx_word' id='word_1_878' title='bbox 3506 5162 3692 5214; x_wconf 89' lang='lat' dir='ltr'><strong>supra,</strong></span> 
     </span>
    </p>
   </div>
   <div class='ocr_carea' id='block_1_134' title="bbox 2108 5215 3696 5285">
    <p class='ocr_par' dir='ltr' id='par_1_134' title="bbox 2108 5215 3696 5285">
     <span class='ocr_line' id='line_1_135' title="bbox 2108 5215 3696 5285; baseline -0.001 -14"><span class='ocrx_word' id='word_1_879' title='bbox 2108 5215 2297 5285; x_wconf 78' lang='lat' dir='ltr'><strong>(astus.</strong></span> <span class='ocrx_word' id='word_1_880' title='bbox 2352 5215 2501 5271; x_wconf 85' lang='lat' dir='ltr'><strong>Fasti</strong></span> <span class='ocrx_word' id='word_1_881' title='bbox 2554 5218 2880 5271; x_wconf 86' lang='lat' dir='ltr'><strong>vocabantur</strong></span> <span class='ocrx_word' id='word_1_882' title='bbox 2929 5215 3140 5285; x_wconf 76' lang='lat' dir='ltr'><strong>tabellae</strong></span> <span class='ocrx_word' id='word_1_883' title='bbox 3185 5218 3377 5282; x_wconf 82' lang='lat' dir='ltr'><strong>quibus</strong></span> <span class='ocrx_word' id='word_1_884' title='bbox 3418 5217 3535 5285; x_wconf 79' lang='lat' dir='ltr'><strong>dies</strong></span> <span class='ocrx_word' id='word_1_885' title='bbox 3576 5217 3696 5270; x_wconf 81' lang='lat' dir='ltr'><strong>festi</strong></span> 
     </span>
    </p>
   </div>
   <div class='ocr_carea' id='block_1_135' title="bbox 2113 5284 3691 5357">
    <p class='ocr_par' dir='ltr' id='par_1_135' title="bbox 2113 5284 3691 5357">
     <span class='ocr_line' id='line_1_136' title="bbox 2113 5284 3691 5357; baseline -0.003 -16"><span class='ocrx_word' id='word_1_886' title='bbox 2113 5289 2439 5357; x_wconf 85' lang='lat' dir='ltr'><strong>prol&#39;estique</strong></span> <span class='ocrx_word' id='word_1_887' title='bbox 2465 5288 2637 5341; x_wconf 90' lang='lat' dir='ltr'><strong>notari</strong></span> <span class='ocrx_word' id='word_1_888' title='bbox 2674 5286 2945 5357; x_wconf 65' lang='lat' dir='ltr'><strong>Solebant.</strong></span> <span class='ocrx_word' id='word_1_889' title='bbox 2993 5284 3111 5337; x_wconf 89' lang='lat' dir='ltr'><strong>Vat.</strong></span> <span class='ocrx_word' id='word_1_890' title='bbox 3143 5285 3227 5357; x_wconf 87' lang='lat' dir='ltr'><strong>A,_</strong></span> <span class='ocrx_word' id='word_1_891' title='bbox 3262 5285 3415 5357; x_wconf 55' lang='lat' dir='ltr'><strong>sign,</strong></span> <span class='ocrx_word' id='word_1_892' title='bbox 3471 5284 3691 5353; x_wconf 88' lang='lat' dir='ltr'><strong>Weitz.,</strong></span> 
     </span>
    </p>
   </div>
   <div class='ocr_carea' id='block_1_136' title="bbox 2112 5352 3699 5425">
    <p class='ocr_par' dir='ltr' id='par_1_136' title="bbox 2112 5352 3699 5425">
     <span class='ocr_line' id='line_1_137' title="bbox 2112 5352 3699 5425; baseline -0.003 -12"><span class='ocrx_word' id='word_1_893' title='bbox 2112 5352 2223 5413; x_wconf 73' lang='lat' dir='ltr'><strong>Cis.</strong></span> <span class='ocrx_word' id='word_1_894' title='bbox 2255 5368 2311 5412; x_wconf 84' lang='lat' dir='ltr'><strong>et</strong></span> <span class='ocrx_word' id='word_1_895' title='bbox 2341 5352 2686 5420; x_wconf 79' lang='lat' dir='ltr'><strong>recentiores,</strong></span> <span class='ocrx_word' id='word_1_896' title='bbox 2718 5357 2874 5424; x_wconf 83' lang='lat' dir='ltr'><strong>fatus.</strong></span> <span class='ocrx_word' id='word_1_897' title='bbox 2912 5353 3228 5425; x_wconf 41' lang='lat' dir='ltr'><strong>Egmitpttil</strong></span> <span class='ocrx_word' id='word_1_898' title='bbox 3263 5352 3477 5425; x_wconf 83' lang='lat' dir='ltr'><strong>weitz.,</strong></span> <span class='ocrx_word' id='word_1_899' title='bbox 3531 5357 3699 5425; x_wconf 83' lang='lat' dir='ltr'><strong>fatos;</strong></span> 
     </span>
    </p>
   </div>
   <div class='ocr_carea' id='block_1_137' title="bbox 2110 5422 3698 5496">
    <p class='ocr_par' dir='ltr' id='par_1_137' title="bbox 2110 5422 3698 5496">
     <span class='ocr_line' id='line_1_138' title="bbox 2110 5422 3698 5496; baseline 0.001 -16"><span class='ocrx_word' id='word_1_900' title='bbox 2110 5429 2248 5496; x_wconf 89' lang='lat' dir='ltr'><strong>apud</strong></span> <span class='ocrx_word' id='word_1_901' title='bbox 2273 5428 2567 5491; x_wconf 89' lang='lat' dir='ltr'><strong>Heinsium,</strong></span> <span class='ocrx_word' id='word_1_902' title='bbox 2600 5422 2779 5494; x_wconf 75' lang='lat' dir='ltr'><strong>fastos.</strong></span> <span class='ocrx_word' id='word_1_903' title='bbox 2808 5424 3048 5496; x_wconf 74' lang='lat' dir='ltr'><strong>Andreas</strong></span> <span class='ocrx_word' id='word_1_904' title='bbox 3064 5422 3293 5496; x_wconf 81' lang='lat' dir='ltr'><strong>W_.lkius</strong></span> <span class='ocrx_word' id='word_1_905' title='bbox 3319 5424 3385 5478; x_wconf 82' lang='lat' dir='ltr'><strong>ab</strong></span> <span class='ocrx_word' id='word_1_906' title='bbox 3414 5425 3512 5478; x_wconf 88' lang='lat' dir='ltr'><strong>hoc</strong></span> <span class='ocrx_word' id='word_1_907' title='bbox 3531 5422 3698 5481; x_wconf 64' lang='lat' dir='ltr'><strong>versu</strong></span> 
     </span>
    </p>
   </div>
   <div class='ocr_carea' id='block_1_138' title="bbox 2113 5494 3693 5564">
    <p class='ocr_par' dir='ltr' id='par_1_138' title="bbox 2113 5494 3693 5564">
     <span class='ocr_line' id='line_1_139' title="bbox 2113 5494 3693 5564; baseline -0.003 -13"><span class='ocrx_word' id='word_1_908' title='bbox 2113 5494 2387 5552; x_wconf 86' lang='lat' dir='ltr'><strong>inchoavit</strong></span> <span class='ocrx_word' id='word_1_909' title='bbox 2415 5513 2565 5550; x_wconf 86' lang='lat' dir='ltr'><strong>suam</strong></span> <span class='ocrx_word' id='word_1_910' title='bbox 2599 5496 2997 5561; x_wconf 71' lang='lat' dir='ltr'><strong>Expositio.zetn</strong></span> <span class='ocrx_word' id='word_1_911' title='bbox 3031 5494 3082 5546; x_wconf 90' lang='lat' dir='ltr'><strong>in</strong></span> <span class='ocrx_word' id='word_1_912' title='bbox 3117 5494 3252 5548; x_wconf 79' lang='lat' dir='ltr'><strong>festo</strong></span> <span class='ocrx_word' id='word_1_913' title='bbox 3293 5497 3449 5547; x_wconf 91' lang='lat' dir='ltr'><strong>trium</strong></span> <span class='ocrx_word' id='word_1_914' title='bbox 3484 5510 3693 5564; x_wconf 89' lang='lat' dir='ltr'><strong>regum,</strong></span> 
     </span>
    </p>
   </div>
   <div class='ocr_carea' id='block_1_139' title="bbox 2113 5564 3700 5634">
    <p class='ocr_par' dir='ltr' id='par_1_139' title="bbox 2113 5564 3700 5634">
     <span class='ocr_line' id='line_1_140' title="bbox 2113 5564 3700 5634; baseline -0.001 -13"><span class='ocrx_word' id='word_1_915' title='bbox 2113 5568 2305 5621; x_wconf 76' lang='lat' dir='ltr'><strong>factam</strong></span> <span class='ocrx_word' id='word_1_916' title='bbox 2335 5582 2400 5621; x_wconf 77' lang='lat' dir='ltr'><strong>ex</strong></span> <span class='ocrx_word' id='word_1_917' title='bbox 2428 5566 2795 5633; x_wconf 80' lang='lat' dir='ltr'><strong>Apotheo-eos</strong></span> <span class='ocrx_word' id='word_1_918' title='bbox 2820 5566 3137 5632; x_wconf 86' lang='lat' dir='ltr'><strong>quibusdam</strong></span> <span class='ocrx_word' id='word_1_919' title='bbox 3169 5564 3410 5618; x_wconf 75' lang='lat' dir='ltr'><strong>versibus</strong></span> <span class='ocrx_word' id='word_1_920' title='bbox 3435 5582 3447 5616; x_wconf 89' lang='lat'><strong>:</strong></span> <span class='ocrx_word' id='word_1_921' title='bbox 3468 5566 3558 5633; x_wconf 90' lang='lat' dir='ltr'><strong>qui</strong></span> <span class='ocrx_word' id='word_1_922' title='bbox 3584 5566 3700 5634; x_wconf 83' lang='lat' dir='ltr'><strong>ipse</strong></span> 
     </span>
    </p>
   </div>
   <div class='ocr_carea' id='block_1_140' title="bbox 2115 5635 3700 5706">
    <p class='ocr_par' dir='ltr' id='par_1_140' title="bbox 2115 5635 3700 5706">
     <span class='ocr_line' id='line_1_141' title="bbox 2115 5635 3700 5706; baseline -0.001 -15"><span class='ocrx_word' id='word_1_923' title='bbox 2115 5638 2276 5691; x_wconf 89' lang='lat' dir='ltr'><strong>etiam</strong></span> <span class='ocrx_word' id='word_1_924' title='bbox 2306 5636 2433 5706; x_wconf 90' lang='lat' dir='ltr'><strong>legit</strong></span> <span class='ocrx_word' id='word_1_925' title='bbox 2463 5642 2642 5703; x_wconf 78' lang='lat' dir='ltr'><strong>fastos.</strong></span> <span class='ocrx_word' id='word_1_926' title='bbox 2686 5636 3029 5706; x_wconf 79' lang='lat' dir='ltr'><strong>Bulengerus,</strong></span> <span class='ocrx_word' id='word_1_927' title='bbox 3053 5704 3061 5706; x_wconf 78' lang='lat'><strong><em>_</em></strong></span> <span class='ocrx_word' id='word_1_928' title='bbox 3083 5636 3150 5689; x_wconf 91' lang='lat' dir='ltr'><strong>de</strong></span> <span class='ocrx_word' id='word_1_929' title='bbox 3184 5635 3339 5688; x_wconf 76' lang='lat' dir='ltr'><strong>Ilom.</strong></span> <span class='ocrx_word' id='word_1_930' title='bbox 3371 5642 3502 5706; x_wconf 83' lang='lat' dir='ltr'><strong>Imp.</strong></span> <span class='ocrx_word' id='word_1_931' title='bbox 3536 5637 3625 5690; x_wconf 86' lang='lat' dir='ltr'><strong>lib.</strong></span> <span class='ocrx_word' id='word_1_932' title='bbox 3663 5652 3700 5702; x_wconf 85' lang='grc' dir='ltr'><strong>ι,</strong></span> 
     </span>
    </p>
   </div>
   <div class='ocr_carea' id='block_1_141' title="bbox 2115 5704 3702 5776">
    <p class='ocr_par' dir='ltr' id='par_1_141' title="bbox 2115 5704 3702 5776">
     <span class='ocr_line' id='line_1_142' title="bbox 2115 5704 3702 5776; baseline -0.001 -14"><span class='ocrx_word' id='word_1_933' title='bbox 2115 5721 2235 5775; x_wconf 91' lang='lat' dir='ltr'><strong>cap.</strong></span> <span class='ocrx_word' id='word_1_934' title='bbox 2263 5704 2542 5776; x_wconf 51' lang='lat' dir='ltr'><strong>20,&#39;plura</strong></span> <span class='ocrx_word' id='word_1_935' title='bbox 2570 5708 2728 5761; x_wconf 77' lang='lat' dir='ltr'><strong>habet</strong></span> <span class='ocrx_word' id='word_1_936' title='bbox 2753 5706 2819 5761; x_wconf 87' lang='lat' dir='ltr'><strong>de</strong></span> <span class='ocrx_word' id='word_1_937' title='bbox 2848 5704 3019 5761; x_wconf 82' lang='lat' dir='ltr'><strong>fastis.</strong></span> <span class='ocrx_word' id='word_1_938' title='bbox 3049 5704 3283 5760; x_wconf 85' lang='lat' dir='ltr'><strong>Isidorus</strong></span> <span class='ocrx_word' id='word_1_939' title='bbox 3322 5708 3371 5758; x_wconf 93' lang='lat' dir='ltr'><strong>in</strong></span> <span class='ocrx_word' id='word_1_940' title='bbox 3407 5704 3501 5760; x_wconf 90' lang='lat' dir='ltr'><strong>lib.</strong></span> <span class='ocrx_word' id='word_1_941' title='bbox 3536 5706 3702 5760; x_wconf 80' lang='lat' dir='ltr'><strong>Dill‘e-</strong></span> 
     </span>
    </p>
   </div>
   <div class='ocr_carea' id='block_1_142' title="bbox 2114 5776 3703 5848">
    <p class='ocr_par' dir='ltr' id='par_1_142' title="bbox 2114 5776 3703 5848">
     <span class='ocr_line' id='line_1_143' title="bbox 2114 5776 3703 5848; baseline 0 -15"><span class='ocrx_word' id='word_1_942' title='bbox 2114 5778 2337 5835; x_wconf 81' lang='lat' dir='ltr'><strong>rentiar.</strong></span> <span class='ocrx_word' id='word_1_943' title='bbox 2362 5780 2519 5836; x_wconf 85' lang='lat' dir='ltr'><strong>ducet</strong></span> <span class='ocrx_word' id='word_1_944' title='bbox 2550 5778 2705 5847; x_wconf 58' lang='lat' dir='ltr'><strong>istos</strong></span> <span class='ocrx_word' id='word_1_945' title='bbox 2730 5776 2830 5834; x_wconf 77' lang='lat' dir='ltr'><strong>dict</strong></span> <span class='ocrx_word' id='word_1_946' title='bbox 2850 5778 2916 5834; x_wconf 90' lang='lat' dir='ltr'><strong>de</strong></span> <span class='ocrx_word' id='word_1_947' title='bbox 2944 5777 3113 5845; x_wconf 87' lang='lat' dir='ltr'><strong>libris,</strong></span> <span class='ocrx_word' id='word_1_948' title='bbox 3135 5780 3297 5846; x_wconf 80' lang='lat' dir='ltr'><strong>fastus</strong></span> <span class='ocrx_word' id='word_1_949' title='bbox 3327 5777 3395 5833; x_wconf 86' lang='lat' dir='ltr'><strong>de</strong></span> <span class='ocrx_word' id='word_1_950' title='bbox 3422 5779 3703 5848; x_wconf 89' lang='lat' dir='ltr'><strong>superbia.</strong></span> 
     </span>
    </p>
   </div>
   <div class='ocr_carea' id='block_1_143' title="bbox 3190 5867 3263 5929">
    <p class='ocr_par' dir='ltr' id='par_1_143' title="bbox 3190 5867 3263 5929">
     <span class='ocr_line' id='line_1_144' title="bbox 3190 5867 3263 5929; baseline 0 0"><span class='ocrx_word' id='word_1_951' title='bbox 3190 5867 3263 5929; x_wconf 82' lang='lat'><strong>31</strong></span> 
     </span>
    </p>
   </div>
  </div>
