4090 6192
562 308 654 362 971

563 423 663 480 595
740 423 985 477 Evomuit
1012 422 1246 493 spirante
1278 423 1385 478 Deo
1415 436 1570 492 quem
1603 432 1816 477 sanctus
1846 422 2033 477 Isaias.-

741 514 1059 567 l'ercensere
1090 512 1239 577 libet,
1280 512 1577 581 calamique
1622 512 1900 566 revolvere
1929 513 2132 581 sulcos,

736 608 972 662 Sidereis
999 620 1133 675 quos
1162 604 1248 659 illa
1283 605 1422 659 notis
1455 620 1645 659 manus
1672 619 1830 658 aurea
1856 604 2029 659 duxit.

739 701 814 755 Ite
840 700 980 763 hinc,
1011 697 1134 750 dum
1163 695 1355 750 rutilos
1375 697 1552 764 apices
1580 695 1878 750 submissus
1917 696 2107 761 adoro,

740 793 873 847 Dum
906 792 1204 859 lacrymans
1244 801 1494 852 veneror,
1550 787 1785 855 dumque
1814 788 1995 842 oscula
2025 787 2141 842 dul-

1812 877 1913 947 [cia
1947 878 2069 947 ligo.

565 974 666 1032 690
693 976 856 1048 456
884 971 1090 1028 Gaudia
1124 970 1435 1040 concipiunt
1462 971 1748 1041 Iacrymas,
1782 970 1911 1025 dant
1948 970 2138 1039 gaudia

1865 1061 2067 1131 [ﬂetum

740 1155 968 1211 Advenit
997 1153 1258 1223 promissa
1290 1151 1427 1216 dies,
1453 1165 1610 1221 quam
1642 1150 1848 1205 dixerat
1875 1151 1976 1204 iste

743 1248 941 1301 Adfore
967 1243 1285 1309 versiculus,
1312 1258 1431 1298 eum
1461 1243 1607 1312 virgo
1638 1256 1917 1310 puerpera,
1949 1249 2084 1297 teste

743 1332 893 1391 Ilaud
920 1335 1080 1391 dubie
1110 1347 1329 1403 sponso,
1365 1333 1503 1402 pacti
1530 1332 1614 1386 cui
1642 1346 1766 1387 cura
1800 1330 2035 1400 pudoris,

1657 306 1931 363 AURELII
1972 304 2334 363 PRUDENTII
2374 305 2695 361 CARMINA.‘

2153 427 2195 481 Α

3645 320 3723 373 9ῖὶ

2417 417 2617 481 Edidit,
2648 418 3070 489 Emmanuelque
3102 434 3268 475 meum
3300 437 3378 477 me
3399 438 3589 484 cernere
3614 430 3720 488 fecit.

2420 512 2584 566 Estne
2608 512 2745 566 Deus
2767 511 2873 580 jam
2897 520 3079 565 noster
3102 514 3285 568 homo?
3312 526 3543 583 versatur,
3562 529 3605 574 et
3622 532 3727 577 astat

2418 602 2733 668 Nobiscum,
2784 616 3084 670 nomenque
3113 603 3314 672 probat,
3361 619 3631 676 versumque
3654 627 3723 666 ve-

3535 699 3677 768 [iustis

2425 784 2721 839 Obscurum
2754 784 2928 839 saeclis
2958 785 3207 853 praesenti
3233 785 3475 841 illuminat
3498 805 3591 844 ore.

2426 877 2588 931 Estne
2614 877 2775 944 Deus,
2808 877 2960 945 cujus
2987 891 3152 930 cunas
3184 887 3451 933 veneratus
3478 880 3610 939 Eous.

2424 967 2689 1023 Laneibus
2718 968 2920 1022 auratis
2948 968 3145 1038 regalia
3176 967 3365 1022 fercula
3393 971 3585 1039 supplex

2248 1058 2355 1113 610
2430 1058 2659 1126 Virginis
2683 1060 2749 1113 ad
2780 1060 3043 1129 gremium
3069 1058 3251 1127 pannis
3276 1060 3537 1127 puerilibus
3561 1061 3705 1117 oll‘ert?

2412 1149 2543 1215 Quis
2576 1158 2681 1203 tam
2703 1158 2987 1218 pennatus,
3008 1148 3296 1218 rapidoque
3312 1149 3580 1204 simillimus
3597 1163 3734 1208 austro

2422 1242 2649 1297 Nuntius
2673 1258 2882 1297 aurora:
2913 1242 3162 1311 populos,
3197 1251 3348 1311 atque
3377 1242 3539 1298 ultima
3564 1245 3708 1299 Bactra

2422 1333 2582 1405 557
2606 1333 2811 1402 Attigit,
2837 1333 3075 1388 illuxisse
3099 1332 3242 1387 diem
3270 1333 3556 1390 lactantibus
3577 1335 3707 1404 horis,

2241 510 2345 568 605

1873 1447 2160 1504 GLOSSAZ
2202 1429 2541 1505 versatas.

635 1549 760 1604 596.
796 1548 1138 1607 Percensere,
1169 1542 1496 1610 investigare.
1530 1541 1569 1594 1.

635 1618 762 1674 598.
793 1618 888 1683 Ite,
921 1632 951 1668 ο
977 1614 1178 1682 perﬁdi,
1212 1613 1252 1666 I.

637 1688 758 1745 605.
786 1680 953 1751 Pacti,
972 1680 1146 1754 pactas
1164 1683 1377 1754 dicimus
1395 1696 1606 1751 sponsas
1621 1680 1808 1749 {cedere
1822 1683 2075 1749 ﬁrmatas,
2096 1681 2136 1735 Ι.

640 1759 760 1813 608.
790 1756 952 1819 Eous,
972 1752 1257 1816 orientalis,
1290 1752 1332 1805 I.

639 1828 761 1882 609.
786 1825 1069 1890 Lancibus,
1112 1822 1281 1875 lances
1315 1822 1540 1876 scutella:
1574 1830 1721 1885 sunt;
1771 1822 1888 1874 inde
1916 1820 2139 1875 bilances

570 1903 807 1955 dicuntur
832 1896 1055 1959 trutinw,
1088 1909 1143 1947 eo
1164 1892 1297 1961 quod
1327 1893 1377 1946 in
1406 1893 1610 1947 modum
1639 1892 1862 1947 scutalia:
1900 1902 2016 1945 sunt
2060 1893 2139 1959 [a-

2250 1550 2361 1595 ctte.
2392 1570 2459 1581 —-
2483 1541 2731 1606 Fercula,
2763 1542 2918 1608 dona,
2948 1541 3050 1595 lso.

2319 1613 2441 1667 611.
2484 1612 2777 1677 Pennatiis,
2808 1613 2974 1675 velox,
3003 1611 3044 1664 I.

2315 1683 2438 1737 612.
2468 1682 2688 1755 Aurorse
2719 1682 2980 1755 orientalis
3010 1682 3192 1755 partis,
3228 1682 3397 1752 populi
3416 1682 3672 1755 Orientales,
3693 1717 3742 1729 —

2248 1753 2458 1818 Bactra,
2482 1753 2617 1823 regio
2630 1754 2787 1823 juxta
2815 1751 3041 1823 Indiam,
3078 1751 3117 1804 1.

2316 1823 2439 1946 ϐἷῦ.
2483 1821 2848 1887 Lactaiitibus,
2883 1822 3001 1891 quia
3028 1824 3079 1875 in
3110 1821 3207 1876 illa
3245 1823 3366 1878 hora
3402 1841 3587 1894 puerum
3620 1826 3743 1881 lacta-

2245 1894 2333 1958 vit,
2362 1894 2401 1947 l.

1906 2004 2459 2064 COMMENTARIUS.

641 2110 765 2165 595.
809 2106 868 2160 In
908 2102 1123 2160 Cellarii
1170 2100 1344 2155 indice
1373 2099 1513 2164 dure,
1564 2108 1621 2153 tit
1658 2108 1781 2155 ante
1811 2098 1944 2163 dixi,
1978 2108 2142 2153 meta-
2175 2101 2222 2159 B
2319 2097 2549 2170 6I2._F.x
2580 2097 2798 2170 Virgilio
2828 2096 2920 2170 lib.
2950 2113 3061 2163 viii,
3108 2112 3252 2170 vers.
3285 2097 3405 2166 687,
3451 2108 3582 2170 atque
3613 2103 3749 2156 ultima

569 2183 749 2251 phorse
778 2177 1046 2251 indecora:
1074 2171 1446 2251 Prudentiana‘.
1476 2171 1838 2251 designantur.
1874 2170 2143 2251 Del-prima

569 2240 688 2307 vide
717 2262 856 2301 vers.
884 2247 953 2300 9'5
979 2251 1010 2296 Α
1023 2244 1171 2311 poth.
1221 2242 1343 2295 lliec
1368 2250 1451 2296 est
1478 2243 1645 2294 altera
1675 2256 1904 2295 evomere
1934 2240 2140 2311 librum,

569 2336 688 2392 qua:
718 2317 914 2392 W‘ilkio
941 2316 1097 2370 etiam
1128 2311 1430 2392 duriu-scula
1474 2312 1733 2392 videtur,‘
1759 2311 1878 2379 quia
1922 2326 2046 2392 qua;
2069 2310 2144 2363 la-

571 2382 694 2446 cere
724 2388 951 2457 aliquem
983 2398 1179 2457 aegrum
1212 2382 1409 2445 solent,
1445 2382 1487 2434 si
1521 2388 1762 2457 p0_SSt111_t,
1801 2390 2139 2457 evomuntur.

570 2449 828 2516 Fortasse
846 2458 948 2509 huc
968 2449 1200 2521 respexit
1217 2461 1367 2520 poeta
1394 2469 1406 2505 :
1436 2449 1555 2504 nam
1580 2454 1692 2518 ipse
1716 2449 1876 2504 Isaias
1894 2450 2145 2521 condem-

570 2531 716 2586 navit
756 2543 835 2592 se,
884 2524 1032 2594 quod
1060 2520 1198 2594 ante
1238 2530 1476 2594 tacuerat
1513 2535 1640 2594 cap.
1664 2535 1739 2585 vr,
1769 2536 1915 2594 vers.
1938 2521 1970 2574 5
2009 2538 2020 2570 :
2054 2520 2143 2573 Vat

571 2601 721 2662 mihi,
754 2588 872 2665 quia
902 2588 1071 2665 tacui.
1090 2592 1233 2645 Idem
1262 2590 1483 2644 verbum
1512 2590 1578 2643 de
1610 2588 1717 2643 Deo
1744 2590 1809 2643 ad
1836 2591 2141 2665 episcopum

572 2660 872 2725 Laodieicc:
905 2663 1156 2723 Incipiam
1185 2673 1230 2714 te
1276 2675 1495 2715 evomere
1534 2674 1596 2713 ea:
1641 2674 1726 2713 orc
1765 2675 1895 2725 meo,
1939 2660 2146 2729 Apoca-

572 2741 708 2810 lyps.
741 2734 920 2810 111,16.

640 2809 763 2863 596.
793 2805 907 2860 Gis.
942 2803 967 2857 1
1001 2802 1113 2865 ed.,
1144 2800 1391 2855 resolvere
1411 2799 1602 2865 sulcos,
1627 2801 1784 2856 male.

642 2879 763 2936 599.
796 2876 926 2929 Mar.
955 2888 984 2927 a
1011 2872 1184 2942 prisca
1213 2886 1392 2942 manu,
1426 2871 1700 2939 lacrymis;
1742 2886 1768 2924 a
1797 2872 2018 2935 recenti,
2068 2874 2145 2926 la-

572 2963 828 3017 crymans.
848 2940 1193 3017 Describitur
1233 2941 1336 2994 hoc
1366 2940 1481 3017 loco
1505 2942 1775 3017 veneratio
1802 2958 1903 3010 qua
1935 2952 2143 3017 veteres

572 3009 859 3074 Christiani
903 3027 1086 3068 sacros
1135 3012 1301 3067 libros
1347 3009 1702 3081 excipiebant,
1732 3009 1865 3081 ques
1893 3013 2143 3067 submissi

571 3089 863 3143 adorabant
900 3094 956 3139 et
995 3082 1395 3138 osculabantur.
1445 3080 1534 3134 Pia
1581 3080 1769 3136 isthmc
1812 3082 2144 3136 consuetudo

571 3159 711 3228 apud
738 3154 1159 3228 catholicosjam
1210 3151 1415 3228 pridem
1443 3151 1675 3228 refrixit,
1722 3153 1961 3228 quamvis
2006 3152 2145 3206 inter

573 3221 917 3283 cieremonias
939 3224 1323 3279 ecclesiasticas
1345 3221 1641 3275 clarissima
1667 3222 1887 3290 vestigia
1909 3232 2139 3277 exstent.

574 3298 820 3353 ":PI'BIICI
867 3309 983 3350 eam
1025 3294 1165 3348 inter
1212 3306 1341 3346 suos
1379 3291 1677 3345 instaurare
1731 3292 2138 3347 allaboraruiit:

575 3384 680 3422 non
710 3368 869 3431 male,
921 3366 1021 3418 nisi
1066 3363 1212 3417 malo
1256 3363 1435 3415 animo
1482 3363 1530 3415 id
1573 3370 1808 3432 agerent.
1860 3362 1992 3417 Nam
2021 3363 2143 3432 quia

575 3438 714 3505 apud
762 3435 1057 3489 catholicos
1120 3433 1453 3505 intermissus
1501 3440 1601 3505 est_
1627 3431 2006 3505 aliquantulum
2052 3433 2142 3505 hic

575 3500 705 3561 usus
727 3505 1037 3564 venerandi,
1082 3501 1339 3556 adorandi
1367 3510 1419 3553 et
1455 3500 1729 3555 osculandi
1776 3516 1926 3556 sacra
1952 3502 2139 3570 Bihlia,

575 3577 775 3631 idcirco
802 3574 877 3627 illi
908 3573 1022 3626 biec
1037 3571 1395 3640 venerationis
1426 3571 1574 3638 signa
1597 3579 1813 3640 externa
1845 3573 2040 3640 passim
2066 3573 2146 3625 in-

576 3649 803 3710 culcant,
852 3650 905 3697 et
948 3641 1105 3695 simul
1152 3639 1444 3695 catholicos
1493 3639 1738 3710 irrident,
1791 3639 1932 3710 quod
1963 3656 2146 3696 sacras

576 3702 827 3785 reliquias
854 3711 1185 3785 similicultu
1215 3716 1624 3785 prosequantur.
1659 3702 1766 3764 Nec
1798 3702 1983 3785 dubito
2011 3712 2145 3785 quin

576 3779 953 3855 pari'ratione,
996 3782 1041 3835 si
1068 3791 1302 3855 veterem
1346 3779 1486 3833 illam
1534 3780 1973 3855 consuetudinem
2009 3779 2148 3835 inter

575 3852 864 3910 catholicos
908 3852 1087 3921 vigere
1130 3852 1545 3915 observassetit,
1584 3852 2043 3921 superstitionem
2092 3861 2147 3906 et

575 3924 928 3980 idololatriam
968 3919 1092 3976 esse
1128 3921 1408 3991 dixissent,
1454 3919 1595 3989 quod
1646 3936 1787 3991 nunc
1834 3922 1934 3991 ipsi
1961 3931 2142 3990 agunt,

575 3997 697 4066 quia
727 4010 756 4049 a
778 3993 1049 4066 catholicis
1079 3990 1498 4066 praetermissum
1525 3998 1727 4066 putant.
1752 3989 2149 4066 Colere,_vene-

577 4060 704 4126 rari,
732 4065 957 4118 adorare
983 4076 1134 4116 sacra
1165 4060 1330 4114 Biblia
1358 4074 1479 4113 cum
1510 4061 1649 4125 dico,
1682 4076 1803 4115 cum
1848 4063 1943 4116 SS.
1977 4062 2148 4116 Patri-

576 4137 677 4190 bus
705 4136 924 4203 loquor;
972 4147 1084 4186 rem
1117 4130 1353 4203 intelligo
1396 4131 1563 4203 ipsam
1591 4146 1747 4197 quam
1788 4131 2022 4187 haeretici
2054 4133 2148 4185 ob-

576 4198 813 4270 servaut,
839 4204 1042 4258 scilicet
1065 4198 1297 4255 osculari
1322 4210 1373 4253 et
1395 4198 1587 4253 similia
1611 4203 1967 4256 venerationis
1997 4205 2147 4268 signa

576 4275 849 4329 exhibere.
882 4273 957 4327 De
990 4275 1090 4325 hoc
1115 4272 1281 4325 veteri
1329 4272 1432 4323 ritu
1474 4270 1594 4323 vide
1622 4271 1944 4326 cardiiialem
1980 4274 2144 4337 Bona,

576 4344 670 4399 lib.
696 4360 711 4397 1
746 4343 871 4397 Rer.
903 4344 1105 4410 liturg.,
1127 4355 1245 4408 cap.
1272 4340 1361 4392 25.
1386 4354 1533 4393 num.
1561 4340 1644 4394 10.

649 4415 773 4471 600.
802 4413 1089 4482 Lacrymas
1116 4427 1225 4482 prae
1245 4425 1278 4480 g
1297 4410 1438 4463 tudio
1473 4415 1667 4477 smptus
1697 4411 1916 4467 effluere
1963 4420 2145 4467 notum

577 4494 680 4547 est,
722 4493 777 4539 et
808 4480 985 4537 multis
1015 4480 1273 4550 exemplis
1300 4494 1365 4533 ex
1409 4494 1558 4533 sacra
1587 4492 1637 4534 et
1668 4482 1886 4550 profana
1926 4482 2146 4537 historia

576 4554 888 4624 comprobat
915 4551 1167 4624 Wilkius.

648 4619 772 4679 60‘2.
806 4623 1111 4677 Versiculus
1135 4621 1295 4693 Isaia:
1325 4631 1419 4693 est
1446 4619 1513 4673 14
1542 4634 1660 4687 cap.
1680 4637 1758 4693 vii
1810 4639 1821 4671 :
1852 4621 1980 4675 Ecce
2006 4623 2146 4693 rirgo

578 4695 846 4758 concipiet,
876 4692 942 4745 de
964 4704 1070 4760 quo
1097 4691 1245 4759 plura
1274 4690 1337 4742 ad
1366 4691 1549 4759 hymn.
1580 4692 1730 4743 tiath.
1764 4693 1815 4753 7,
1854 4707 1993 4747 vers.
2021 4690 2141 4747 19⁷1.

577 4763 800 4817 Veteres
822 4759 1027 4829 quoque
1068 4759 1231 4813 libros
1258 4774 1439 4812 sacros
1469 4760 1521 4812 in
1550 4762 1725 4828 plures
1764 4762 1943 4816 titulos
1972 4771 2025 4816 et
2060 4780 2148 4815 ea-

2169 3462 2215 3525 C

2247 2183 2416 2220 secum
2439 2166 2627 2221 Bactra
2654 2169 2804 2221 vehit.
2831 2167 3016 2221 Bactra
3051 2167 3203 2235 urbs,
3246 2170 3387 2237 regio
3413 2166 3516 2223 aut'
3537 2173 3749 2237 provincia

2247 2238 2325 2318 sic
2376 2240 2745 2320 cognominata
2802 2238 2892 2320 in“
2914 2239 3751 2320 regioue_"Scx_tliiie._Interpretrs

2246 2308 2394 2379 aiunt
2422 2310 2597 2363 vocari
2630 2308 2815 2361 ultima
2854 2308 3043 2362 Bactra
3070 2324 3099 2361 a
3132 2308 3371 2379 Virgilio,
3389 2311 3499 2379 quia
3528 2308 3750 2377 imperium

2247 2377 2317 2431 M.
2353 2380 2566 2432 Antonii
2600 2380 2733 2432 ultra
2767 2394 2871 2431 non
2900 2377 3311 2433 extendebatur.
3347 2377 3630 2434 Prudentius
3659 2382 3751 2434 Vir-

2245 2446 2356 2521 gilii
2387 2449 2661 2521 epitheton
2692 2449 2937 2521 arripui_t._
2965 2455 3019 2502 et
3047 2449 3234 2521 ultima
3267 2452 3447 2521 Bactra
3482 2449 3614 2517 dixit,
3659 2453 3752 2521 quia

2246 2518 2530 2585 imperium
2557 2519 2857 2573 Romanum
2890 2518 2971 2572 bis
3001 2520 3195 2573 linibus
3224 2520 3591 2575 continebatur.

2317 2587 2440 2642 6I3.
2474 2588 2643 2643 Valde
2683 2589 2783 2643 hoc
2814 2589 2934 2642 loco
2965 2599 3172 2644 veteres
3208 2592 3325 2644 lihri
3352 2590 3484 2644 inter
3507 2604 3559 2643 se
3594 2590 3753 2645 discre-

2246 2668 2392 2724 pant.
2428 2657 2696 2713 Giseliuus
2725 2674 2756 2711 e
2792 2660 2903 2713 suis
2952 2674 3110 2725 mss.,
3157 2676 3293 2715 unus
3332 2660 3692 2721 Torreiuiauus,
3717 2671 3756 2715 et

2248 2742 2344 2795 pro
2370 2729 2581 2782 diversa
2612 2729 2894 2797 scriptura.
2929 2730 3082 2794 Rot.,
3120 2740 3172 2784 et
3206 2732 3330 2793 OL,
3367 2731 3661 2792 lactantibus,
3683 2730 3754 2783 ad-

2246 2797 2357 2851 dito
2404 2798 2600 2868 duplici
2654 2803 3128 2868 interpretainento
3164 2801 3219 2854 in
3251 2803 3383 2855 0x.:
3420 2801 3757 2864 Leontinum,

2245 2868 2365 2935 quia
2409 2886 2439 2921 a
2474 2870 2732 2922 nativitate
2771 2868 2958 2922 Christi
3010 2871 3149 2923 horta
3194 2872 3298 2924 diei
3334 2889 3444 2923 cum
3487 2872 3608 2924 horis
3639 2872 3759 2922 noctis

2281 2939 2617 2991 uodammodo
2672 2939 2970 3003 luctantur,
3024 2941 3307 2995 volentibus
3356 2957 3564 2993 crescere
3604 2941 3755 2992 delius.

2291 3016 2638 3070 ACTANTIBUS,
2670 3008 2789 3078 quia
2816 3008 3044 3064 Christus
3067 3011 3371 3066 luctabatur.
3396 3011 3635 3064 Giseliuus
3659 3024 3760 3076 prm-

2247 3078 2349 3149 fert
2374 3078 2685 3149 lactantibus
2705 3078 2865 3149 lteris,
2893 3080 3042 3147 quasi
3075 3080 3223 3134 hora!
3248 3096 3355 3149 prae
3382 3080 3651 3135 incredibili
3677 3088 3763 3132 stu—

2246 3146 2338 3201 dio
2359 3148 2571 3203 videndi
2602 3148 2846 3203 Messiam
2874 3146 2992 3204 sese
3019 3158 3203 3204 mutuo
3228 3146 3534 3219 praevertere
3552 3163 3760 3203 conaren-

2248 3225 2353 3281 tur,
2387 3222 2514 3273 utin
2550 3222 2763 3289 hymmu
2792 3219 3098 3289 Epiphania:
3127 3222 3288 3275 simili
3325 3223 3502 3275 auxesi
3532 3238 3543 3273 :
3576 3220 3690 3286 Quid
3706 3228 3762 3271 est

2246 3289 2382 3361 quod
2436 3300 2634 3343 arctam
2678 3290 2923 3342 circulum
2977 3290 3079 3361 Sol
3124 3293 3242 3361 jam
3289 3308 3542 3344 recurrens
3588 3290 3764 3361 deserui

2248 3356 2545 3430 Qhristusne
2586 3361 2734 3413 terris
2766 3362 3017 3430 nascitur,
3044 3356 3143 3425 Qui
3168 3362 3301 3415 lucis
3341 3372 3489 3430 auget
3528 3359 3763 3430 trmnitent.’

2250 3427 2497 3484 Heinsius
2528 3429 2625 3483 hos
2650 3428 2865 3483 eosdem
2909 3444 3091 3484 tersus
3131 3427 3500 3497 considerans,
3530 3429 3762 3498 aliquando

2249 3499 2620 3567 suspicabatur
2667 3498 2957 3552 laxantibus
3004 3500 3164 3565 horis,
3210 3503 3351 3555 diem
3393 3500 3762 3567 videlicetzquia

2248 3579 2457 3622 arctum
2503 3570 2758 3623 circulum
2811 3578 3060 3624 nascente
3099 3570 3311 3624 ChriSto
3348 3572 3425 3625 sol
3455 3571 3650 3625 deserit.
3684 3568 3783 3623 Seil'

2249 3648 2432 3704 postea
2459 3638 2674 3708 agnovit
2716 3654 2896 3692 verum
2925 3655 3045 3694 esse
3073 3640 3379 3695 lactantibus
3421 3642 3569 3706 horis,
3599 3640 3681 3692 hoc
3702 3648 3764 3691 est

2251 3708 2572 3781 foventibus,
2602 3719 2656 3763 et
2684 3710 2835 3781 quasi
2856 3709 3229 3765 nutrientibus.
3266 3712 3357 3767 Sic
3387 3714 3569 3781 hymno
3588 3710 3637 3781 Si.
3664 3710 3765 3762 Lau-

2250 3778 2585 3851 r_e_ntii,vers.
2608 3781 2732 3851 572,
2767 3778 2990 3833 lactante
3020 3783 3313 3851 complexus
3341 3778 3453 3834 sinu
3475 3797 3493 3835 :
3516 3782 3592 3834 vel
3614 3780 3765 3832 lacten-

2250 3848 2382 3901 tibus
2410 3850 2566 3913 horis,
2606 3850 2817 3920 hocest
2864 3865 3049 3903 recens
3093 3848 3257 3917 natis,
3306 3860 3362 3905 ut
3391 3851 3525 3920 apud
3552 3852 3765 3920 Alcimuin

2252 3920 2467 3972 Avitum
2499 3919 2591 3972 lib.
2618 3935 2692 3982 tv,
2718 3918 2907 3991 lactens
2928 3921 3064 3974 orbis
3086 3936 3180 3991 pro
3204 3937 3394 3976 recens
3427 3916 3590 3975 natus.
3619 3920 3713 3991 Vat.
3735 3916 3768 3982 Ο

2251 4000 2301 4043 et
2327 3990 2529 4042 Bonon.
2562 4004 2680 4043 cum
2716 3989 2851 4059 Aldq
2890 3989 3067 4059 legunt
3089 3989 3418 4045 lactantibus
3439 3992 3567 4052 oris;
3595 3991 3637 4043 in
3666 3990 3769 4059 hanc

2251 4060 2535 4114 lectionem
2569 4061 2788 4113 inclinat
2818 4057 2980 4125 GaIII,
3027 4071 3083 4115 et
3107 4062 3342 4130 explicat
3371 4062 3561 4115 extimis
3591 4058 3770 4112 Orientis

2251 4131 2438 4200 plagis,
2470 4144 2642 4197 neque
2681 4130 2955 4200 Mariettus
3000 4131 3287 4185 lectionem
3321 4133 3481 4187 ullam
3512 4131 3770 4200 discrepan-

2253 4199 2359 4253 tem
2387 4200 2696 4254 adnotavit:
2725 4199 2864 4269 quod
2889 4200 3047 4253 etiam
3074 4201 3273 4255 habent
3300 4203 3504 4265 Noms.,
3527 4210 3577 4255 et
3596 4215 3620 4253 a
3641 4199 3770 4267 prima

2252 4285 2411 4323 tnanu
2445 4269 2567 4323 Rot.
2611 4280 2664 4324 et
2705 4271 2961 4324 Oxoiiius.
2996 4270 3254 4326 Weitzius
3283 4288 3404 4325 cum
3437 4274 3603 4335 Egm.,
3630 4271 3769 4321 lietan-

2252 4340 2386 4392 tibus
2408 4342 2577 4404 horis;
2602 4341 2739 4394 idem
2755 4339 3011 4394 Weitzius
3033 4342 3387 4410 allegatAld.,
3408 4338 3580 4405 Fabr.,
3596 4338 3771 4398 Widm.,

2253 4410 2418 4479 Bong.
2447 4426 2563 4479 pro,
2598 4412 2921 4473 lactantibus,
2956 4411 3047 4464 sed
3089 4428 3193 4464 non
3224 4412 3500 4480 distinguit
3526 4425 3586 4463 an
3618 4427 3643 4462 ο
3670 4412 3702 4480 is
3722 4420 3769 4457 an

2254 4477 2411 4552 horii.
2445 4477 2722 4552 Fabricius
2746 4480 2959 4549 quidem
2987 4480 3144 4535 habet
3178 4481 3340 4535 horis.
3376 4477 3768 4552 Apuilglleiiisium

2253 4550 2396 4607 Pttt..
2427 4562 2481 4605 et
2503 4551 2736 4616 Thuan.,
2766 4547 3076 4604 lactantibus
3117 4552 3279 4615 horis,
3326 4547 3463 4606 unus
3489 4550 3693 4609 Weitzii,
3717 4547 3772 4597 ιι-

2252 4622 2507 4675 ctantibus
2551 4622 2710 4674 horis.
2746 4621 2937 4674 Verum
2982 4622 3030 4673 in
3072 4621 3305 4675 Weilzio
3354 4624 3549 4674 nullum
3581 4620 3770 4674 codicem

2253 4690 2409 4759 Ittljus
2440 4691 2683 4745 lectionis
2710 4692 2941 4759 reperio,
2966 4692 3059 4747 sed
3079 4693 3246 4745 solam
3270 4692 3557 4746 editionem
3577 4686 3771 4759 Gisctiiii.

2257 4757 2445 4815 Eistat
2489 4776 2615 4815 vero
2658 4757 2969 4813 lactantibus
3019 4764 3071 4813 in
3125 4763 3276 4815 Alex.
3332 4772 3387 4815 et
3439 4764 3561 4815 Urb.
3606 4757 3772 4811 Teolius

577 4832 745 4902 pitula
797 4820 1203 4899 distiuguebant.
1257 4830 1486 4902 Evangel
1513 4820 1598 4882 uin
1634 4831 1864 4885 Matthsei
1915 4832 2141 4886 divisum
2177 4831 2226 4891 D
2255 4834 2469 4900 prmfert
2509 4832 2814 4902 lactantibus
2860 4832 3000 4885 h-Jris
3031 4847 3152 4885 eum
3200 4844 3464 4899 quatuor,
3509 4842 3560 4884 ut
3590 4832 3678 4889 ait,
3714 4820 3774 4902 vel

578 4900 692 4958 erat
722 4903 773 4954 in
804 4902 981 4955 titulos
1010 4915 1193 4965 vatii,
1224 4902 1273 4951 in
1296 4900 1523 4966 capitula
1548 4914 1730 4953 ccccv.
1765 4902 1893 4955 Vide
1925 4903 2142 4957 Suidant

577 4973 678 5027 sub
723 4969 1025 5024 nominibus
1056 4969 1284 5021 Matthmi
1309 4979 1359 5022 et
1389 4969 1563 5021 Marci.

648 5042 771 5096 605.
800 5042 855 5094 lti
891 5039 1009 5109 Vat.
1049 5041 1088 5091 A
1134 5040 1214 5091 hic
1253 5039 1371 5092 duae
1398 5054 1571 5105 voces,
1604 5036 1738 5093 Deus
1766 5041 1897 5109 iam,
1941 5043 2143 5097 recenti

579 5128 736 5167 manu
766 5118 888 5165 sunt
913 5108 1128 5175 additae,
1154 5110 1417 5176 prioribus
1447 5110 1670 5162 abrasis.

649 5182 770 5237 606.
797 5179 1107 5235 Emmanuel
1133 5180 1267 5233 idem
1290 5192 1369 5233 εει
1391 5196 1449 5231 ac
1477 5180 1734 5231 nobiscum
1764 5178 1916 5233 Deus.
1947 5181 2143 5234 Versus

575 5253 782 5306 vetustis
824 5251 1060 5303 obscurus
1089 5250 1252 5304 sceclis
1298 5260 1380 5303 est
1416 5250 1707 5303 versiculus
1760 5251 1844 5302 ille
1892 5250 2037 5303 Isaia:
2075 5252 2143 5304 dc

577 5338 684 5392 quo
715 5336 853 5392 vers.
880 5320 1004 5392 602.

649 5392 772 5444 607.
809 5389 1005 5452 Veia...
1034 5391 1161 5443 ore?
1190 5388 1544 5458 interrogans.

648 5462 771 5523 603,
804 5459 923 5513 Vat.
957 5462 1020 5525 A,
1070 5468 1355 5524 veneratur,
1401 5460 1491 5512 sed
1525 5459 1722 5513 recenti
1756 5474 1911 5513 manu
1946 5462 2138 5515 laetum

576 5539 860 5593 veneratus,
892 5528 1031 5597 quod
1062 5541 1248 5581 sensus
1276 5529 1525 5596 postulat.

647 5602 768 5653 610.
801 5599 955 5661 Man,
986 5598 1302 5667 virgineum;
1349 5600 1414 5650 ad
1446 5614 1588 5651 eram
1633 5599 1919 5653 recen'iori
1952 5616 2133 5667 manu,

575 5671 803 5739 uirginis.
850 5669 923 5721 De
972 5669 1069 5720 hac
1117 5680 1388 5733 magorum
1440 5668 1656 5739 historia
1704 5679 1755 5722 et
1790 5670 1937 5723 stella
1978 5686 2136 5738 quain

576 5737 699 5793 mox
719 5748 868 5792 vocat
898 5746 1171 5804 pennatam
1193 5740 1474 5803 nuntium,
1489 5737 1667 5794 confer
1690 5738 1871 5806 hymu.
1895 5741 1958 5795 I2
1980 5737 2133 5797 Galli.

2252 4895 2486 4970 quinque
2535 4900 2820 4961 Vat.canis,
2873 4903 2923 4954 in
2974 4895 3359 4969 quoruin'uno
3406 4895 3473 4955 ab
3524 4895 3774 4964 interpretis

2253 4988 2411 5024 manu
2436 4983 2545 5024 est:
2568 4973 2786 5034 Quando
2805 4970 3036 5025 Christus
3053 4971 3368 5035 luctabatur,
3394 4982 3447 5025 et
3465 4972 3636 5024 eadem
3655 4978 3772 5018 manu

2252 5043 2316 5094 ad
2371 5046 2659 5107 marginem
2703 5060 2714 5094 :
2763 5041 2985 5107 Quidam
3033 5043 3184 5094 codd.
3236 5043 3425 5094 habent
3474 5044 3775 5111 Lucusrises

2252 5127 2423 5175 tionis,
2454 5115 2571 5177 quia
2598 5115 2859 5165 nativitate
2878 5111 3065 5164 Christi
3086 5111 3226 5164 hora'
3240 5112 3344 5163 diei
3374 5130 3487 5165 cum
3514 5112 3640 5163 horis
3657 5112 3778 5182 noctu

2250 5182 2621 5249 quodammodo
2662 5182 2939 5233 luctantur.
2979 5182 3227 5247 Intelligit
3256 5182 3474 5236 Teolius
3510 5182 3775 5249 horasqlllf

2250 5247 2347 5321 bus
2372 5254 2612 5304 Christus
2650 5253 2718 5305 ab
2748 5253 2910 5303 ubere
2955 5254 3141 5305 matris
3168 5251 3459 5321 prndebat.
3496 5253 3611 5321 Mihi
3640 5247 3776 5321 placet

2248 5320 2571 5388 lactantibus,
2600 5326 2691 5376 sed
2727 5335 2791 5374 eo
2831 5334 2989 5374 sensu
3022 5311 3183 5388 queui
3207 5323 3439 5387 explicui
3475 5324 3537 5374 ad
3575 5311 3778 5389 hynin._8

2246 5392 2446 5464 (Satn,
2465 5405 2608 5444 vers.
2635 5394 2721 5459 19,
2756 5391 2966 5464 scilicet
3007 5392 3384 5464 efﬁcientibus,
3402 5392 3776 5464 sivealleclatttt-

2252 5462 2362 5514 bus.
2389 5462 2559 5515 Aliter
2588 5457 2716 5515 satis
2742 5462 2969 5514 obscura
2998 5462 3203 5515 videtur
3227 5463 3344 5515 haec
3374 5462 3569 5517 locutio
3593 5457 3779 5531 illusis“

2249 5534 2381 5584 diem
2429 5533 2731 5585 lactantibus
2755 5531 2915 5597 horis,
2948 5541 3038 5584 aut
3080 5532 3310 5587 iiluteisse
3351 5534 3489 5585 dem
3520 5526 3777 5583 tractantibus

2247 5602 2404 5654 horis.
2436 5601 2642 5656 Clarior
2663 5610 2744 5657 est
2773 5601 3090 5667 Weitziana,
3121 5602 3357 5656 illuxisse
3383 5603 3518 5655 diem
3542 5597 3777 5652 latentibus

2247 5673 2419 5735 horis;
2448 5679 2540 5723 aut
2577 5673 2621 5725 si
2659 5687 2722 5725 ex
2755 5672 2934 5725 multis
2973 5686 3103 5724 mss.
3148 5685 3426 5728 sumamus
3458 5675 3576 5736 oris,
3608 5669 3693 5722 hoc
3717 5669 3777 5716 cst

2248 5744 2417 5813 terris,
2445 5742 2676 5797 illuxisse
2704 5742 2837 5796 diem
2857 5742 3147 5797 lwtantibus
3178 5744 3301 5802 oris.
