4120 6196
383 351 486 408 973

379 548 485 603 615
561 546 798 601 Vidimus
824 548 993 617 hunc,
1022 549 1201 617 aiuntf,
1228 564 1451 619 puerum
1482 565 1577 621 per
1601 550 1774 607 sidera
1801 553 1947 620 ferri,

561 638 625 692 Et
660 652 821 706 super
846 638 1092 707 antiquos
1118 641 1389 709 signorum
1418 641 1701 698 ardescere
1730 652 1946 698 tractus.

558 728 781 798 Diriguit
807 729 1076 798 trepidans
1101 728 1350 786 Chaldaeo
1377 732 1427 785 in
1457 734 1656 788 vertice
1681 749 1878 801 pernox

557 817 891 887 Astrologus,
916 816 1146 873 cessisse
1172 834 1419 888 anguem,
1444 819 1639 891 fugisse
1666 823 1894 888 leonem,

555 908 719 980 458
756 908 1097 964 Contraxisse
1137 911 1303 979 pedes
1333 911 1514 967 lateris
1546 926 1736 967 maneo
1766 913 1949 969 ordine

1565 1003 1872 1075 [Cancrum,

557 1088 820 1146 Cornibus
848 1090 1089 1146 infractis
1115 1091 1373 1146 domitum
1404 1092 1609 1161 mugire
1636 1093 1945 1163 iuvencum,

557 1180 713 1234 Sidus
739 1189 791 1234 et
816 1180 1090 1233 Hircinum
1121 1180 1312 1235 laceris
1340 1196 1671 1236 marcescere
1698 1183 1854 1237 villis.

558 1271 777 1326 Labitur
795 1271 915 1324 hinc
935 1270 1119 1339 pulsus
1136 1285 1266 1338 puer
1286 1270 1541 1341 llydrius:
1563 1271 1685 1326 inde
1702 1271 1948 1340 Sagittae:

558 1365 804 1419 Palantes
830 1364 1072 1433 geminos
1098 1362 1216 1432 fuga
1243 1372 1489 1431 separat:
1530 1363 1771 1431 improba
1791 1364 1952 1434 Virgo

560 1453 741 1508 Prodit
766 1461 1031 1506 amatores
1059 1452 1249 1507 tacitos
1276 1452 1328 1506 in
1357 1449 1560 1507 fornice
1590 1452 1793 1507 mundi.

562 1546 768 1615 Quique
790 1545 878 1598 alii
905 1544 1170 1599 horrificis
1194 1544 1428 1613 pendent
1455 1545 1505 1598 in
1531 1545 1761 1601 nubibus
1782 1546 1949 1616 ignes,

556 1636 718 1708 459
747 1636 1046 1690 Luciferum
1087 1635 1310 1691 timuere
1347 1650 1582 1691 novum:
1628 1644 1746 1691 rota
1786 1637 1956 1691 lurida

1738 1725 1887 1798 [solis

381 1092 488 1148 620

384 1548 489 1603 625

1757 346 2187 409 Ανοτιιεοειδ.

555 457 666 524 Qua
695 465 840 512 tener
862 457 1085 528 innupto
1108 459 1362 529 penderet
1392 459 1458 515 ab
1486 460 1647 515 ubere
1666 461 1946 517 Christus?
1972 472 2023 526 Α

3513 357 3616 411 974

2226 467 2420 531 Haeret,
2446 473 2499 520 et
2519 466 2782 522 excidium
2805 469 2967 523 sentit
2987 468 3095 540 jam
3120 470 3334 541 jamque
3357 472 3612 540 futurum,

2232 558 2408 626 Seque
2433 558 2518 611 die
2541 558 2719 612 medio
2747 561 3028 614 velandum
3058 564 3287 632 tegmine
3314 563 3523 633 glauco,

2232 649 2690 718 Splendoremque
2719 649 2822 717 poli
2853 650 3145 718 periturum
3174 663 3331 708 nocte
3354 653 3565 719 diurna,

2058 738 2165 793 650
2235 737 2376 792 Orbe
2402 738 2694 806 rt'pcn.inis
2719 748 2878 807 caput
2903 740 3203 797 obnubente
3228 745 3482 799 tenebris.

2237 827 2387 882 Hune
2412 842 2510 897 ego
2537 844 2640 883 non
2668 829 2933 884 cumulem
2963 834 3317 904 myrrhaeque,
3349 846 3401 889 et
3427 836 3624 904 thuris,

3342 921 3416 993 [et
3440 925 3555 979 auri

2236 1007 2576 1063 Muneribus?
2616 1008 2737 1065 Scio
2766 1023 2921 1077 quem
2950 1009 3188 1077 videam,
3216 1028 3334 1083 qua:
3368 1014 3506 1069 dona
3536 1030 3623 1070 re—

3283 1101 3552 1171 [pendam
3676 1094 3679 1095 ⁷

2236 1187 2384 1242 Hunc
2406 1203 2503 1258 ego
2524 1204 2629 1242 non
2652 1204 2895 1256 venerer,
2918 1191 3008 1261 qui
3030 1192 3167 1247 caelo
3188 1192 3351 1258 visus,
3375 1193 3627 1265 humique

2234 1279 2487 1333 inventus
2514 1294 2604 1334 rex
2624 1320 2638 1343 ,
2668 1290 2825 1349 atque
2851 1282 2988 1335 Deus
3017 1282 3324 1339 moderatur
3348 1293 3627 1355 utrumque

2058 1368 2161 1425 635
2232 1367 2443 1422 Naturm
2465 1370 2756 1437 specimen,
2773 1371 3083 1439 tumuloque
3104 1372 3309 1428 inferna
3331 1374 3629 1446 refringens

2238 1458 2441 1528 Regna,
2471 1467 2812 1527 resurgentes
2838 1473 3017 1514 secum
3040 1461 3191 1529 jubet
3215 1462 3292 1517 ire
3320 1464 3594 1532 sepultos?

2237 1548 2445 1603 Caelum
2470 1548 2693 1613 habitat,
2719 1550 2875 1604 terris
2897 1549 3201 1617 intervenit,
3231 1552 3409 1608 abdita
3433 1558 3629 1625 rumpit

2236 1637 2490 1690 Tartara:
2523 1651 2646 1691 vera
2675 1636 2827 1702 ﬁdes,
2857 1638 2998 1693 Deus
3024 1648 3124 1705 est,
3152 1638 3242 1709 qui
3270 1649 3410 1697 totus
3437 1645 3525 1700 ubi
3546 1662 3631 1714 tuo

3434 1732 3558 1802 [est.

1691 1813 1979 1871 GLOSSAE
2018 1813 2353 1869 VETERES.

457 1912 579 1967 617.
624 1909 853 1975 Pernox,
880 1915 1037 1962 totam
1064 1917 1260 1962 noctem
1289 1906 1526 1978 vigilans,
1553 1905 1651 1960 lso.

457 1981 582 2036 6l9.
620 1980 823 2040 Maneo,
856 1994 1028 2042 curvo,
1054 1979 1185 2032 Mar.
1210 2006 1278 2017 —
1310 1975 1513 2039 Maneo,
1543 1984 1825 2040 contracto,
1860 1975 1950 2027 de-

388 2054 603 2114 bilitato,
649 2047 903 2112 mutilata,
950 2047 1027 2099 vel
1067 2048 1350 2101 imminuto.
1387 2075 1457 2087 —
1494 2044 1788 2111 Cancrum,
1834 2045 1956 2114 quia

387 2136 571 2175 cancro
602 2121 651 2170 in
680 2118 834 2170 latere
860 2116 1200 2185 depinguntur
1223 2116 1392 2185 pedes,
1418 2117 1458 2185 1.

461 2191 581 2244 621.
625 2182 932 2249 llircinum,
973 2182 1358 2256 Capricornum.
1400 2184 1744 2256 Capricornus
1780 2182 1956 2237 erce

388 2262 572 2313 dicitur
598 2271 866 2328 wgoceros.
886 2282 954 2293 —
975 2254 1208 2321 Laceris,
1230 2254 1484 2308 laceratis.
1508 2283 1578 2294 —
1598 2254 1947 2317 Marcescere,

389 2326 697 2389 decrescere,
722 2326 760 2379 l.

458 2398 582 2452 622.
625 2396 759 2467 Puer
790 2392 1445 2467 llydrius,_Ganirrtedes,_
1470 2394 1735 2467 aquarius.
1777 2389 1953 2445 Gra’ce

389 2469 576 2521 dicitur
601 2462 938 2531 hydrochoos.
961 2492 1030 2505 ——
1054 2462 1293 2531 Sagittae,
1321 2462 1648 2531 Sagittarius,
1675 2462 1711 2514 Ι.

460 2537 584 2592 6'25.
625 2531 892 2598 Palantes,
919 2533 1183 2602 fugientes,
1208 2532 1552 2602 di/fugientes,
1576 2531 1615 2585 Ι.

461 2605 584 2660 6‘24.
626 2597 1145 2664 Amatorestacitos,
1176 2604 1226 2653 id
1249 2611 1329 2670 est
1344 2597 1546 2654 'Elicem
1572 2612 1618 2654 et
1640 2597 1957 2670 Cynosuram

390 2678 514 2729 dicit
552 2674 871 2727 meretrices:
909 2683 954 2725 et
988 2671 1187 2742 pollices
1222 2668 1447 2742 Junonis
1487 2679 1606 2723 sunt
1635 2668 1697 2742 in'
1720 2670 1835 2737 polo
1852 2710 1879 2742 ,_
1913 2677 1959 2720 et

391 2759 647 2812 nunquam
676 2752 956 2807 vertuntur,
989 2738 1125 2812 sicut
1162 2741 1265 2792 alia
1289 2741 1498 2812 sidera;
1540 2750 1590 2812 et
1611 2741 1740 2812 ideo
1762 2738 1959 2812 ‘tacitos

392 2808 536 2867 dicit.
571 2812 769 2865 Fornia:
796 2812 971 2863 mundi
999 2810 1186 2863 dicitur
1213 2810 1377 2878 polus,
1410 2811 1534 2878 quia
1554 2809 1622 2861 ibi
1644 2808 1858 2878 uertitur
1878 2823 1960 2878 or-

392 2884 489 2949 bis,
510 2892 557 2937 et
582 2892 848 2935 curvatura
870 2881 980 2933 cazli
1002 2880 1172 2946 fornix
1195 2876 1429 2932 dicituré
1446 2908 1471 2917 -
1497 2877 1722 2933 Fornice
1749 2876 1956 2943 mundi,

392 2955 445 3006 in
477 2948 785 3006 convexitate
810 2950 942 3014 caeli,
969 2950 1045 3003 vel
1074 2950 1399 3013 rotunditate,
1427 2948 1471 3005 1.

462 3023 586 3077 625.
632 3021 802 3089 Ignes,
828 3019 1084 3089 sidera,rl.

463 3092 588 3146 626.
629 3087 841 3154 IQurida,
876 3088 1090 3160 pallida,
1120 3087 1376 3160 obscura:
1416 3089 1637 3160 pallidus
1665 3088 1801 3142 color
1834 3088 1959 3140 luri-

392 3166 489 3217 dus
519 3161 726 3228 dicitur,
757 3170 801 3212 et
826 3158 1113 3227 plumbeus,
1139 3156 1241 3211 Iso.

1986 1911 2031 1969 B
2076 1906 2254 1979 @627.
2307 1905 2768 1979 llmretpdubitat.
2809 1933 2880 1979 _-
2920 1905 3232 1979 Excidium,
3285 1912 3338 1963 in
3389 1915 3626 1979 passione

2063 1976 2251 2030 Christi
2299 1977 2380 2028 die
2416 1974 2601 2041 medio,
2650 1975 2855 2042 quando
2902 1985 3100 2030 mortuo
3152 1974 3630 2037 Ilomino'tenebra:

2060 2047 2212 2114 facite
2236 2055 2414 2115 suntia
2447 2045 2529 2115 die
2553 2046 2720 2098 medio
2745 2060 2903 2114 usque
2930 2048 2997 2115 ad
3025 2047 3201 2100 horam
3229 2066 3435 2115 nonam,
3467 2053 3506 2105 l.

2062 2115 2255 2237 “623'.
2288 2114 2601 2179 Velandum,
2652 2113 2825 2167 sentit.
2860 2144 2928 2154 --
2969 2113 3188 2181 Glauco,
3240 2113 3470 2185 obscuro,
3517 2125 3630 2191 pal-

2082 2204 2097 2237 ι
2139 2201 2187 2237 ο.
2251 2225 2264 2237 .

2082 2187 2187 2248 ido,
2226 2187 2264 2239 Ι.

2131 2255 2255 2309 650.
2289 2253 2450 2319 Orbe,
2484 2253 2606 2307 solis
2626 2252 2839 2320 circulo,
2872 2254 2988 2308 Vat.
3021 2256 3085 2308 Α.

2132 2325 2257 2396 651.
2286 2323 2583 2384 Cnmnlem,
2618 2322 2881 2396 honorem.
2905 2352 2974 2363 —-
3004 2325 3335 2396 Myrrhmque
3370 2337 3424 2383 et
3463 2329 3631 2387 thuris

2063 2404 2116 2449 et
2146 2395 2281 2456 auri,
2312 2410 2498 2446 aurum
2528 2393 2821 2463 regemtvel
2854 2393 3101 2463 fulgorem
3134 2393 3397 2460 sapientia:
3437 2400 3632 2453 intelli-

2062 2466 2258 2538 gimus;
2291 2462 2426 2530 thus,
2472 2461 2982 2538 quaiquDomiuuin
3026 2465 3309 2528 credimus;
3348 2470 3632 2538 myrrham,

2062 2531 2395 2603 sepulturam,
2414 2533 2507 2603 Διιιξι
2528 2531 2731 2603 quando
2760 2547 2959 2585 carnem
2994 2543 3221 2587 nostram
3255 2531 3631 2593 vitiis'mortili-

2063 2600 2254 2667 camus,
2286 2609 2335 2655 et
2364 2601 2647 2667 o/ferimus,
2680 2600 2717 2653 l.

2131 2672 2254 2727 65:2.
2286 2671 2616 2739 Rependam,
2649 2669 2946 2739 retribuam,
2980 2672 3015 2723 l.
3125 2720 3127 2723 .

2096 2742 2252 2819 __
2284 2738 2452 2819 Caelo,
2485 2756 2572 2810 per
2593 2738 2813 2793 stellam.
2847 2769 2915 2779 —-
2939 2740 3218 2812 llumique,
3252 2761 3340 2813 per
3369 2762 3631 2819 magorum

2065 2810 2392 2873 oblationem,
2427 2811 2463 2862 l.

2132 2881 2256 2935 654.
2289 2880 2558 2942 Inventus,
2590 2879 2780 2946 aditus,
2807 2880 2886 2932 vel
2914 2880 3161 2945 visitatus,
3192 2882 3229 2935 1.

2133 2951 2259 3026 655.
2294 2949 2599 3026 Sp_eei_n_1en,
2636 2948 3181 3026 pulchritudinem.:-
3206 2951 3438 3019 Inferna,
3471 2956 3630 3026 infer-

2062 3021 2221 3073 nalia.
2255 3046 2323 3059 —-
2352 3018 2689 3089 Relringens,
2729 3019 3077 3089 conp-ingens,
3106 3019 3145 3073 1.

2132 3091 2258 3144 657.
2289 3088 2594 3155 intervenit,
2618 3086 2918 3155 impleh—
2938 3086 3157 3156 ‘Abdita,
3191 3094 3407 3163 occulta,
3440 3094 3475 3146 l.

1740 3245 2297 3307 COMMENTARIUS.

462 3369 588 3425 6M.
620 3368 801 3437 Prag.,
834 3364 1075 3437 pendebat
1102 3378 1194 3437 pro
1224 3366 1480 3437 penderet.

465 3440 590 3494 615.
620 3433 749 3493 Non'
766 3433 895 3505 puer
924 3436 1099 3489 sidere
1139 3433 1424 3505 ferebatur,
1474 3442 1525 3487 ut
1559 3447 1825 3489 nonnemo
1841 3433 1955 3505 hoc

394 3525 555 3563 versu
595 3502 814 3562 indicari
861 3504 1211 3568 existimavit,
1244 3505 1339 3559 sed
1365 3509 1481 3573 ejus
1508 3511 1656 3558 ortus
1686 3518 1780 3571 per
1810 3502 1956 3559 sidus

394 3579 755 3633 nuntiabatur.
778 3575 974 3630 Confer
1002 3580 1254 3643 hymnum
1278 3574 1341 3628 l2
1366 3572 1546 3639 Cath.,
1570 3587 1713 3628 vers.
1744 3572 1836 3630 28.

464 3650 591 3703 616.
622 3645 867 3701 Mendum
899 3645 948 3695 in
983 3643 1196 3697 Heinsio
1223 3645 1468 3711 sigorum.

467 3719 590 3772 6l7.
616 3718 793 3785 Magos
812 3712 1079 3785 Chaldwos
1101 3723 1273 3766 vocat.
1296 3713 1429 3768 Vide
1451 3715 1554 3775 loc.
1577 3719 1669 3775 cit.
1698 3732 1839 3776 vers.
1862 3718 1953 3773 25.

462 3786 591 3842 6l8.
625 3781 769 3841 Miris
798 3781 1040 3853 laudibus
1068 3781 1375 3853 ho_s_versus
1403 3790 1665 3844 extollunt
1694 3791 1956 3853 interpre-

393 3867 515 3912 tes:
548 3871 710 3911 unum
759 3852 1050 3926 Giselinum
1090 3851 1384 3926 adducam:
1417 3853 1565 3926 Nihil
1608 3859 1706 3911 hac
1758 3851 1958 3926 ﬁctione

392 3926 674 3998 liberalius,
721 3924 848 3998 nihil
877 3920 1262 3998 v_ivid_ius,nihil
1284 3924 1612 3998 ingeniosius,
1657 3920 1956 3998 praesertim.

391 3999 437 4049 si
462 3996 687 4067 ejusdem
716 3994 872 4049 stella:
894 3990 1071 4043 laudes
1097 4006 1251 4059 supra
1272 3990 1641 4060 ele'gantissime
1657 3990 1959 4050 decantatas

392 4066 492 4117 huc
534 4065 781 4118 adducas.
830 4070 876 4115 et
935 4075 1048 4112 cum
1093 4059 1229 4113 hisce
1276 4076 1539 4118 compares
1578 4081 1597 4118 :
1642 4066 1956 4118 incredibile.

432 4081 492 4117 uc
534 4078 781 4128 adducas,
830 4078 876 4115 el
935 4078 1048 4112 cum
1093 4078 1229 4113 ηιδεε
1276 4078 1539 4129 compares
1578 4081 1597 4119 .'
1642 4078 1956 4126 Incredibile,

391 4143 584 4203 quanta
625 4133 812 4203 ingenii
850 4129 943 4203 vis,
977 4136 1023 4182 et
1046 4129 1296 4203 elegantia
1312 4134 1585 4203 utrobique
1608 4135 1840 4190 elucebit.
1882 4135 1959 4187 De

390 4200 567 4257 stellis
595 4200 727 4274 quas
761 4200 1020 4267 nominat,
1062 4200 1281 4255 consule
1311 4200 1469 4257 Manil
1500 4200 1607 4260 lib.
1639 4221 1677 4274 ι,
1703 4215 1759 4261 et
1780 4214 1952 4259 astro-

391 4274 562 4327 loizos.

449 4292 672 4398 8579.11.
698 4343 815 4397 Vat.
846 4346 913 4411 Α,
967 4362 1027 4400 ex
1070 4344 1273 4407 laceris,
1327 4352 1470 4399 recte
1516 4344 1715 4399 factum
1758 4343 1958 4399 recenti

391 4426 553 4487 manu
585 4415 780 4487 lateris.
816 4416 958 4483 Virg.
993 4416 1083 4487 lib.
1116 4430 1132 4468 ι
1161 4414 1573 4487 Ceorgic.,_ipse
1592 4415 1691 4487 tibi
1703 4419 1819 4487 jam
1845 4414 1961 4465 bra-

390 4481 781 4606 fhiaeontrahit
807 4481 992 4540 ardens
1018 4484 1282 4554 Scorpius.
1308 4481 1635 4540 “Prudentius
1662 4481 1729 4540 de
1756 4484 1962 4537 Cancro

413 4563 647 4606 oouuur.

413 4563 647 4618 oquuur.

623 4624 724 4693 Alii
760 4624 1065 4693 Hirquinum
1096 4623 1352 4678 scribunt.

463 4692 596 4785 932.:
624 4692 1349 4785 Ἦῗίδ’ἔέῖῗξτίὲῐΪίὶίέξςῖίῗὲῗῖξ
1385 4692 1809 4785 ξέξῖξὲἕωιηῖθὲἕῗν
1837 4708 1955 4785 ’³91τῖ
1990 4725 2040 4785 D

391 4760 599 4833 signum
629 4771 710 4817 est
739 4760 1071 4833 Sagittarius.
1106 4763 1557 4833 Heinsiusiedidit
1597 4762 1820 4832 Sagitta,
1864 4764 1956 4817 sed

391 4831 447 4883 in
474 4834 613 4903 notis
644 4831 847 4888 monuit
883 4833 1114 4903 scriptos
1131 4832 1331 4903 habere
1348 4832 1583 4898 Sagittaz,
1607 4831 1712 4887 non
1736 4833 1958 4903 Sagitta,

391 4902 493 4970 etsi
543 4901 643 4955 hoc
691 4903 919 4956 malebat
958 4900 1243 4955 Cauchius.
1290 4902 1466 4956 Nostri
1515 4918 1728 4970 quoque
1776 4900 1958 4963 codd,

393 4968 629 5037 Sagitlw.
661 4972 875 5029 Cham..
907 4970 1064 5035 Cel|.,
1104 4970 1252 5024 Teol.
1283 4986 1401 5024 cum
1444 4968 1654 5025 lleinsii
1682 4980 1827 5026 textu
1864 4972 1961 5025 Sa—

389 5040 659 5109 gitta,qni
690 5042 914 5095 fortasse
946 5040 1142 5093 lleinsii
1176 5054 1351 5094 notam
1383 5057 1485 5094 non
1515 5041 1887 5095 observarunt.

465 5108 597 5179 6:25.
628 5108 742 5165 Vat.
772 5113 836 5173 A,
866 5111 1110 5178 palentes.
1141 5108 1361 5179 fortasse
1392 5111 1635 5178 pallentes
1660 5125 1781 5165 cum
1806 5112 1959 5179 Egm.

390 5188 446 5232 et
477 5178 587 5231 Pal.
625 5180 727 5232 Alii
761 5182 949 5234 melius
975 5180 1223 5247 palantes.
1252 5178 1306 5231 lu
1339 5180 1526 5234 eodem
1553 5180 1670 5233 Vat.
1704 5184 1770 5242 A,
1801 5178 1959 5241 male,

390 5256 596 5311 reparat
643 5265 736 5317 pro
781 5245 1002 5317 separat.
1048 5245 1253 5302 Gemini
1296 5247 1486 5303 fratres
1528 5260 1652 5303 sunt
1681 5252 1870 5303 Castor
1908 5258 1962 5301 et

397 5317 608 5369 Pollux.
644 5319 697 5371 In
727 5321 960 5373 editione
988 5317 1262 5372 Parmensi
1301 5320 1552 5375 mendum
1596 5328 1722 5383 puto
1760 5327 1963 5384 reparat

390 5401 579 5507 gon'ra
610 5403 823 5443 sensum
855 5400 907 5445 et
938 5395 1192 5454 metrum,
1238 5390 1337 5447 nisi
1368 5390 1544 5458 aliqua
1576 5388 1789 5442 licentia
1819 5387 1966 5441 adhi-

432 5468 603 5507 eatur.

432 5468 603 5509 eatur.

462 5526 599 5602 62i._
621 5527 728 5582 Cur
755 5528 937 5602 Virgo,
973 5533 1181 5602 signum
1206 5531 1446 5602 caeleste,
1477 5528 1711 5602 improba
1739 5525 1965 5602 dicatur,

390 5604 447 5648 ct
474 5596 601 5664 quid
648 5602 716 5653 sit
758 5600 971 5667 prodere
997 5595 1249 5656 amatores
1277 5600 1454 5655 tacitos
1470 5599 1523 5649 in
1553 5598 1745 5665 fornice
1769 5595 1968 5667 mundi,

393 5679 503 5718 non
535 5666 690 5722 video
723 5664 767 5720 a'
783 5671 1088 5726 recentibus
1110 5667 1619 5726 eommentatoribus
1640 5667 1770 5719 satis
1791 5664 1971 5732 expla-

391 5744 601 5791 natum.
626 5739 1017 5797 Chamillardus
1047 5743 1186 5798 nude
1210 5741 1584 5806 interpretatur
1612 5753 1625 5788 :
1652 5736 1783 5802 falsa
1812 5732 1972 5802 Virgo

1982 3362 2029 3425 C
2060 3360 2246 3413 deserit
2285 3359 2339 3430 in
2386 3356 2509 3409 caelo
2550 3371 2671 3430 suos
2709 3372 2898 3430 procos
2927 3358 3126 3430 tacitos.
3160 3359 3236 3413 Ac
3273 3359 3479 3416 videtur
3506 3368 3629 3430 qni-

2060 3431 2181 3484 detn
2210 3428 2421 3500 prodere
2450 3425 2817 3500 accipiendum
2846 3442 2906 3500 ea
2938 3429 3323 3500 signiﬁcatione
3358 3446 3462 3499 qua
3492 3425 3631 3500 apud

2060 3494 2465 3570 Virgiliumulib.
2498 3511 2533 3548 ιι
2563 3495 2688 3570 [Ειι.
2711 3511 2725 3546 :
2748 3494 2860 3549 Nec
2877 3494 3318 3569 jam'conjugium
3344 3494 3630 3570 antiquum,

2059 3569 2194 3638 quod
2218 3566 2604 3638 prodidit,_oro.
2640 3566 2922 3638 Amatores
2951 3581 3079 3638 ergo
3104 3566 3258 3623 erunt
3288 3570 3405 3623 aliae
3435 3566 3630 3632 stellae.

2060 3634 2178 3707 qum
2210 3634 2382 3707 tacita}
2412 3635 2587 3690 solent
2615 3634 2901 3707 appellari;
2942 3634 3113 3690 fornix
3157 3639 3336 3692 mundi
3366 3654 3463 3707 pro
3493 3643 3633 3695 ctelo

2059 3704 2206 3762 recte
2232 3708 2332 3761 hoc
2365 3706 2505 3770 loco,
2538 3718 2662 3758 nam
2695 3704 2868 3759 fornix
2904 3713 2986 3759 est
3009 3719 3144 3775 Opus
3172 3704 3627 3775 concameratum,

2059 3787 2114 3832 et
2143 3777 2317 3831 fornix
2365 3778 2526 3829 etiam
2551 3774 2846 3847 dicebatur,
2883 3775 2972 3847 ubi
3022 3774 3318 3847 prostitutae
3367 3774 3634 3847 pudicitiae

2062 3848 2317 3901 mulieres
2345 3853 2520 3908 erant,
2570 3858 2636 3914 ex
2680 3857 2786 3912 quo
2814 3844 3083 3911 fornicari,
3115 3856 3166 3898 et
3196 3844 3488 3914 [amicat-ia:
3515 3867 3630 3902 mu-

2061 3917 2209 3970 lieres
2237 3918 2288 3969 in
2313 3912 2794 3986 ecclesiasticarum
2817 3920 3096 3986 auctorum
3125 3912 3482 3986 voluminibus
3511 3933 3635 3986 pas-

2061 3987 2171 4056 sim
2192 3984 2445 4056 occurrit.
2473 3982 2735 4037 Meursius
2765 3983 2818 4056 in
2845 3981 3044 4037 Critico
3073 3985 3292 4056 Arnobii
3325 4000 3443 4056 pag.
3479 3981 3534 4053 ἔ,
3579 4000 3638 4042 υι

2064 4055 2254 4123 probet
2292 4053 2535 4123 mundum
2565 4051 2848 4123 procacia
2888 4066 3031 4123 stupe
3080 4054 3272 4122 accipi,
3309 4051 3417 4109 hos
3447 4051 3637 4111 versus

2062 4121 2299 4187 adducit,
2332 4123 2424 4177 sed
2467 4121 2597 4192 nihil
2639 4121 2781 4174 aliud
2818 4121 3213 4192 animadvertit.
3248 4124 3427 4192 itaque
3456 4130 3635 4181 scien-

2062 4196 2187 4250 dum
2218 4210 2283 4249 ex
2313 4191 2509 4247 Manilii
2540 4190 2633 4244 lib.
2657 4205 2713 4260 ιι
2764 4198 2819 4245 et
2858 4189 3080 4245 aliorum
3111 4189 3497 4260 astrologorum
3535 4200 3635 4250 do-

2062 4264 2255 4323 ctrina.
2296 4265 2444 4332 signa
2472 4275 2592 4315 sese
2620 4259 2721 4313 alia
2747 4273 2960 4332 amare,
2982 4261 3084 4315 alia
3114 4276 3219 4316 non
3249 4259 3450 4318 amare.
3482 4266 3635 4320 Tau-

2062 4350 2153 4389 rus
2172 4343 2229 4388 et
2250 4330 2559 4388 Arcitenens
2586 4338 2765 4384 amant
2788 4330 3078 4395 Virginem,
3100 4346 3217 4400 qum
3240 4332 3441 4387 nullum
3463 4343 3633 4389 amat.

2065 4403 2146 4458 illi
2184 4417 2313 4472 ergo
2344 4410 2476 4472 sunt
2504 4410 2790 4472 amatores,
2809 4414 2951 4472 quos
2970 4400 3187 4468 fugiens
3220 4400 3379 4469 Virgo
3405 4403 3629 4466 deserit,

2063 4469 2309 4543 improba
2335 4470 2566 4543 fortasse
2602 4469 2742 4543 dicta
2772 4469 2840 4523 ob
2871 4469 3057 4524 elTecta
3087 4484 3189 4525 nou
3221 4476 3387 4538 proba
3413 4487 3532 4542 quae
3563 4476 3630 4528 ab

2064 4538 2347 4612 astrologis
2378 4540 2450 4612 illi
2482 4538 2873 4612 adiudicantur.

2135 4609 2407 4668 625.'Aldi
2439 4610 2627 4665 menda
2658 4609 2878 4678 quinque
2906 4622 3002 4674 pro
3027 4610 3227 4678 quique.

2140 4683 2263 4735 627.
2295 4682 2352 4735 ln
2384 4679 2499 4733 Vat.
2529 4678 2574 4731 A
2602 4677 2933 4733 desideratur
2960 4685 3025 4732 et.
3068 4678 3214 4745 Ald.,
3243 4680 3417 4734 sensit.
3449 4678 3635 4736 Melius

2064 4755 2235 4807 sentit.

2134 4822 2256 4875 6:28.
2292 4818 2476 4881 Aldus,
2509 4817 2630 4871 Put.
2663 4832 2690 4870 a
2724 4831 2883 4870 manu
2929 4819 3121 4885 prima,
3169 4820 3459 4885 uelandam,
3523 4836 3629 4877 non

2065 4892 2202 4944 male
2230 4889 2297 4943 de
2326 4901 2441 4944 rota
2469 4888 2617 4941 solis.
2649 4888 2775 4951 Alii,
2806 4887 3106 4952 velandum,
3137 4888 3342 4943 scilicet
3370 4891 3561 4944 solem.

2136 4959 2258 5012 6129.
2293 4959 2427 5023 PaL,
2481 4966 2726 5025 perituro,
2765 4957 3016 5012 videlicet
3045 4960 3185 5012 orbe.
3216 4957 3424 5028 Reliqui
3462 4961 3634 5029 aptius

2102 5032 2171 5083 eri
2177 5040 2366 5083 turum.

2064 5050 2414 5154 “fligiuV‘at.
2449 5097 2509 5161 Β,
2533 5105 2802 5151 conventus
2832 5112 2927 5165 pro
2956 5098 3203 5151 inventus.
3231 5096 3407 5166 Prag.,
3442 5106 3639 5151 utram-

2068 5185 2181 5239 que,
2214 5179 2267 5222 et
2290 5182 2448 5239 versu
2478 5180 2615 5234 seq.,
2646 5167 3042 5239 speciem._Alii,
3072 5177 3335 5233 utrumque
3360 5167 3639 5234 specimen,

2071 5237 2260 5299 Aldus,
2292 5238 2448 5299 male,
2478 5245 2746 5303 utrumque
2772 5237 3007 5304 speciem.

2142 5307 2267 5363 655.
2301 5307 2461 5361 Fabr.
2490 5301 2733 5374 regimen.
2783 5301 2865 5358 Iso
2913 5303 3120 5357 videtur
3163 5301 3355 5371 legisse
3398 5304 3636 5370 speciem.

2080 5378 2208 5433 Vide
2236 5391 2378 5429 vers.
2411 5388 2528 5440 sup.
2565 5376 2615 5424 in
2644 5382 2926 5439 utrumque.

2145 5446 2268 5502 656.
2302 5435 2494 5500 Confer
2523 5452 2635 5495 not.
2658 5442 2723 5495 ad
2754 5435 2935 5509 hyinn.
2968 5439 3000 5493 9
3025 5435 3355 5505 Cathemer.,
3403 5453 3543 5495 vers.
3572 5441 3642 5498 95

2071 5532 2223 5573 εεαιι.

2132 5533 2266 5640 (b'bii.
2299 5581 2358 5636 S.
2385 5578 2711 5648 Augustinus
2739 5579 2832 5631 lib.
2866 5592 2978 5631 xm
3009 5577 3075 5633 de
3097 5576 3210 5633 Civ.
3242 5576 3357 5642 Dei,
3384 5591 3502 5646 cap.
3530 5578 3637 5635 29:

2076 5654 2197 5709 Non
2223 5654 2356 5707 enim
2376 5647 2495 5720 quia
2515 5650 2727 5701 dicimus
2755 5648 2915 5720 Deum
2937 5663 3042 5702 esse
3059 5659 3122 5720 ‘et
3138 5651 3202 5720 Ain
3223 5647 3346 5701 ctelo
3368 5657 3413 5701 et
3435 5648 3488 5700 in
3510 5657 3646 5702 terra

2078 5726 2209 5793 (ipse
2232 5716 2416 5792 quippe
2443 5722 2514 5775 ait
2556 5734 2643 5789 per
2682 5718 2980 5786 prophetam
3004 5732 3021 5771 :
3043 5716 3235 5772 Cretum
3270 5726 3315 5772 et
3343 5728 3527 5773 terram
3553 5735 3647 5792 ego
