  <div class='ocr_page' id='page_1' title='image "/cluster/home/n/w/nwhite01/storage/ocr_20150623/59/hvd.32044073505117/495.png"; bbox 0 0 4120 6196; ppageno 0'>
   <div class='ocr_carea' id='block_1_1' title="bbox 534 315 3784 377">
    <p class='ocr_par' dir='ltr' id='par_1_1' title="bbox 534 315 3784 377">
     <span class='ocr_line' id='line_1_1' title="bbox 534 315 3784 377; baseline -0.004 0"><span class='ocrx_word' id='word_1_1' title='bbox 534 323 635 377; x_wconf 68' lang='lat'><strong>975</strong></span> <span class='ocrx_word' id='word_1_2' title='bbox 1619 317 1886 375; x_wconf 81' lang='lat' dir='ltr'><strong>AUItELll</strong></span> <span class='ocrx_word' id='word_1_3' title='bbox 1926 317 2287 374; x_wconf 77' lang='lat' dir='ltr'><strong>PRUDENTII</strong></span> <span class='ocrx_word' id='word_1_4' title='bbox 2324 315 2643 374; x_wconf 77' lang='lat' dir='ltr'><strong>CARMINA.</strong></span> <span class='ocrx_word' id='word_1_5' title='bbox 3679 316 3784 365; x_wconf 73' lang='lat'><strong>976</strong></span> 
     </span>
    </p>
   </div>
   <div class='ocr_carea' id='block_1_2' title="bbox 708 425 3787 509">
    <p class='ocr_par' dir='ltr' id='par_1_2' title="bbox 708 425 3787 509">
     <span class='ocr_line' id='line_1_2' title="bbox 708 425 3787 509; baseline -0.004 -15"><span class='ocrx_word' id='word_1_6' title='bbox 708 439 947 509; x_wconf 85' lang='lat' dir='ltr'><strong>Nunquid</strong></span> <span class='ocrx_word' id='word_1_7' title='bbox 984 453 1117 494; x_wconf 86' lang='lat' dir='ltr'><strong>vana</strong></span> <span class='ocrx_word' id='word_1_8' title='bbox 1157 436 1301 494; x_wconf 86' lang='lat' dir='ltr'><strong>viros</strong></span> <span class='ocrx_word' id='word_1_9' title='bbox 1339 443 1430 491; x_wconf 89' lang='lat' dir='ltr'><strong>aut</strong></span> <span class='ocrx_word' id='word_1_10' title='bbox 1467 448 1651 501; x_wconf 89' lang='lat' dir='ltr'><strong>mens,</strong></span> <span class='ocrx_word' id='word_1_11' title='bbox 1688 444 1779 490; x_wconf 92' lang='lat' dir='ltr'><strong>aut</strong></span> <span class='ocrx_word' id='word_1_12' title='bbox 1814 435 1991 503; x_wconf 82' lang='lat' dir='ltr'><strong>lingua</strong></span> <span class='ocrx_word' id='word_1_13' title='bbox 2018 435 2099 489; x_wconf 76' lang='lat' dir='ltr'><strong>fe-</strong></span> <span class='ocrx_word' id='word_1_14' title='bbox 2129 439 2182 499; x_wconf 80' lang='grc' dir='ltr'>Α</span> <span class='ocrx_word' id='word_1_15' title='bbox 2210 431 2313 490; x_wconf 88' lang='grc'><strong>660</strong></span> <span class='ocrx_word' id='word_1_16' title='bbox 2386 433 2470 488; x_wconf 90' lang='lat' dir='ltr'><strong>Sit</strong></span> <span class='ocrx_word' id='word_1_17' title='bbox 2501 432 2598 487; x_wconf 86' lang='lat' dir='ltr'><strong>nisi</strong></span> <span class='ocrx_word' id='word_1_18' title='bbox 2626 430 2962 500; x_wconf 76' lang='lat' dir='ltr'><strong>caelipotens,</strong></span> <span class='ocrx_word' id='word_1_19' title='bbox 2992 428 3299 497; x_wconf 82' lang='lat' dir='ltr'><strong>aquilonum</strong></span> <span class='ocrx_word' id='word_1_20' title='bbox 3328 425 3576 481; x_wconf 89' lang='lat' dir='ltr'><strong>conditor</strong></span> <span class='ocrx_word' id='word_1_21' title='bbox 3602 426 3787 482; x_wconf 81' lang='lat' dir='ltr'><strong>idem?</strong></span> 
     </span>
    </p>
   </div>
   <div class='ocr_carea' id='block_1_3' title="bbox 1834 516 3783 597">
    <p class='ocr_par' dir='ltr' id='par_1_3' title="bbox 1834 516 3783 597">
     <span class='ocr_line' id='line_1_3' title="bbox 1834 516 3783 597; baseline -0.002 -20"><span class='ocrx_word' id='word_1_22' title='bbox 1834 524 2029 597; x_wconf 85' lang='lat' dir='ltr'><strong>[fellit?</strong></span> <span class='ocrx_word' id='word_1_23' title='bbox 2379 525 2539 596; x_wconf 61' lang='lat'><strong>431</strong></span> <span class='ocrx_word' id='word_1_24' title='bbox 2563 522 2855 593; x_wconf 85' lang='lat' dir='ltr'><strong>Ninguidus</strong></span> <span class='ocrx_word' id='word_1_25' title='bbox 2876 521 3113 591; x_wconf 86' lang='lat' dir='ltr'><strong>agnoscit</strong></span> <span class='ocrx_word' id='word_1_26' title='bbox 3134 520 3346 584; x_wconf 84' lang='lat' dir='ltr'><strong>boreas,</strong></span> <span class='ocrx_word' id='word_1_27' title='bbox 3370 524 3528 587; x_wconf 90' lang='lat' dir='ltr'><strong>atque</strong></span> <span class='ocrx_word' id='word_1_28' title='bbox 3545 516 3783 574; x_wconf 85' lang='lat' dir='ltr'><strong>imbrifer</strong></span> 
     </span>
    </p>
   </div>
   <div class='ocr_carea' id='block_1_4' title="bbox 530 607 3716 693">
    <p class='ocr_par' dir='ltr' id='par_1_4' title="bbox 530 607 3716 693">
     <span class='ocr_line' id='line_1_4' title="bbox 530 607 3716 693; baseline -0.005 -15"><span class='ocrx_word' id='word_1_29' title='bbox 530 622 635 678; x_wconf 68' lang='lat' dir='ltr'><strong>bit)</strong></span> <span class='ocrx_word' id='word_1_30' title='bbox 707 620 868 693; x_wconf 58' lang='lat'><strong>[.60</strong></span> <span class='ocrx_word' id='word_1_31' title='bbox 904 619 1149 690; x_wconf 87' lang='lat' dir='ltr'><strong>Nunquid</strong></span> <span class='ocrx_word' id='word_1_32' title='bbox 1179 617 1411 674; x_wconf 78' lang='lat' dir='ltr'><strong>fortuitis</strong></span> <span class='ocrx_word' id='word_1_33' title='bbox 1437 616 1745 671; x_wconf 80' lang='lat' dir='ltr'><strong>frustrantia</strong></span> <span class='ocrx_word' id='word_1_34' title='bbox 1772 617 1910 671; x_wconf 88' lang='lat' dir='ltr'><strong>dona</strong></span> <span class='ocrx_word' id='word_1_35' title='bbox 1935 615 2098 671; x_wconf 89' lang='lat' dir='ltr'><strong>dede-</strong></span> <span class='ocrx_word' id='word_1_36' title='bbox 3509 607 3527 679; x_wconf 95' lang='lat'>[</span> <span class='ocrx_word' id='word_1_37' title='bbox 3554 623 3716 663; x_wconf 86' lang='lat' dir='ltr'><strong>eurus</strong></span> 
     </span>
    </p>
   </div>
   <div class='ocr_carea' id='block_1_5' title="bbox 1886 701 3785 778">
    <p class='ocr_par' dir='ltr' id='par_1_5' title="bbox 1886 701 3785 778">
     <span class='ocr_line' id='line_1_5' title="bbox 1886 701 3785 778; baseline -0.004 -17"><span class='ocrx_word' id='word_1_38' title='bbox 1886 704 2030 778; x_wconf 90' lang='lat' dir='ltr'><strong>[runt</strong></span> <span class='ocrx_word' id='word_1_39' title='bbox 2376 704 2685 760; x_wconf 88' lang='lat' dir='ltr'><strong>Nimborum</strong></span> <span class='ocrx_word' id='word_1_40' title='bbox 2728 701 3033 769; x_wconf 88' lang='lat' dir='ltr'><strong>Dominum,</strong></span> <span class='ocrx_word' id='word_1_41' title='bbox 3074 707 3562 770; x_wconf 80' lang='lat' dir='ltr'><strong>tempestatumque</strong></span> <span class='ocrx_word' id='word_1_42' title='bbox 3602 709 3785 769; x_wconf 88' lang='lat' dir='ltr'><strong>poten-</strong></span> 
     </span>
    </p>
   </div>
   <div class='ocr_carea' id='block_1_6' title="bbox 702 791 3715 866">
    <p class='ocr_par' dir='ltr' id='par_1_6' title="bbox 702 791 3715 866">
     <span class='ocr_line' id='line_1_6' title="bbox 702 791 3715 866; baseline -0.005 -9"><span class='ocrx_word' id='word_1_43' title='bbox 702 802 947 866; x_wconf 88' lang='lat' dir='ltr'><strong>Casibus,</strong></span> <span class='ocrx_word' id='word_1_44' title='bbox 973 810 1063 856; x_wconf 92' lang='lat' dir='ltr'><strong>aut</strong></span> <span class='ocrx_word' id='word_1_45' title='bbox 1087 815 1229 856; x_wconf 72' lang='lat' dir='ltr'><strong>caeco</strong></span> <span class='ocrx_word' id='word_1_46' title='bbox 1255 809 1433 854; x_wconf 87' lang='lat' dir='ltr'><strong>votum</strong></span> <span class='ocrx_word' id='word_1_47' title='bbox 1461 798 1563 854; x_wconf 89' lang='lat' dir='ltr'><strong>sub</strong></span> <span class='ocrx_word' id='word_1_48' title='bbox 1587 798 1792 852; x_wconf 84' lang='lat' dir='ltr'><strong>honore</strong></span> <span class='ocrx_word' id='word_1_49' title='bbox 1818 796 2099 852; x_wconf 88' lang='lat' dir='ltr'><strong>dicarunt?</strong></span> <span class='ocrx_word' id='word_1_50' title='bbox 3541 791 3715 863; x_wconf 84' lang='lat' dir='ltr'><strong>[tem,</strong></span> 
     </span>
    </p>
   </div>
   <div class='ocr_carea' id='block_1_7' title="bbox 704 880 3743 962">
    <p class='ocr_par' dir='ltr' id='par_1_7' title="bbox 704 880 3743 962">
     <span class='ocr_line' id='line_1_7' title="bbox 704 880 3743 962; baseline -0.003 -14"><span class='ocrx_word' id='word_1_51' title='bbox 704 896 834 960; x_wconf 62' lang='lat' dir='ltr'><strong>Quae</strong></span> <span class='ocrx_word' id='word_1_52' title='bbox 862 908 1020 962; x_wconf 87' lang='lat' dir='ltr'><strong>porro</strong></span> <span class='ocrx_word' id='word_1_53' title='bbox 1045 907 1228 958; x_wconf 90' lang='lat' dir='ltr'><strong>causa,</strong></span> <span class='ocrx_word' id='word_1_54' title='bbox 1254 900 1345 946; x_wconf 90' lang='lat' dir='ltr'><strong>aut</strong></span> <span class='ocrx_word' id='word_1_55' title='bbox 1371 891 1509 946; x_wconf 84' lang='lat' dir='ltr'><strong>ratio</strong></span> <span class='ocrx_word' id='word_1_56' title='bbox 1535 890 1852 946; x_wconf 85' lang='lat' dir='ltr'><strong>submittere</strong></span> <span class='ocrx_word' id='word_1_57' title='bbox 1878 890 2013 945; x_wconf 92' lang='lat' dir='ltr'><strong>colla</strong></span> <span class='ocrx_word' id='word_1_58' title='bbox 2376 885 2731 955; x_wconf 79' lang='lat' dir='ltr'><strong>Excitamque</strong></span> <span class='ocrx_word' id='word_1_59' title='bbox 2771 884 3003 941; x_wconf 90' lang='lat' dir='ltr'><strong>hiemem</strong></span> <span class='ocrx_word' id='word_1_60' title='bbox 3033 890 3255 939; x_wconf 88' lang='lat' dir='ltr'><strong>verrunt</strong></span> <span class='ocrx_word' id='word_1_61' title='bbox 3291 880 3501 937; x_wconf 88' lang='lat' dir='ltr'><strong>ridente</strong></span> <span class='ocrx_word' id='word_1_62' title='bbox 3529 897 3743 938; x_wconf 86' lang='lat' dir='ltr'><strong>sereno.</strong></span> 
     </span>
    </p>
   </div>
   <div class='ocr_carea' id='block_1_8' title="bbox 704 974 3778 1053">
    <p class='ocr_par' dir='ltr' id='par_1_8' title="bbox 704 974 3778 1053">
     <span class='ocr_line' id='line_1_8' title="bbox 704 974 3778 1053; baseline -0.002 -15"><span class='ocrx_word' id='word_1_63' title='bbox 704 986 844 1039; x_wconf 85' lang='lat' dir='ltr'><strong>Ante</strong></span> <span class='ocrx_word' id='word_1_64' title='bbox 871 982 1033 1053; x_wconf 88' lang='lat' dir='ltr'><strong>pedes</strong></span> <span class='ocrx_word' id='word_1_65' title='bbox 1058 983 1260 1047; x_wconf 64' lang='lat' dir='ltr'><strong>Mat-im,</strong></span> <span class='ocrx_word' id='word_1_66' title='bbox 1288 982 1543 1051; x_wconf 88' lang='lat' dir='ltr'><strong>puerique</strong></span> <span class='ocrx_word' id='word_1_67' title='bbox 1569 980 1861 1048; x_wconf 80' lang='lat' dir='ltr'><strong>crepundia</strong></span> <span class='ocrx_word' id='word_1_68' title='bbox 1890 980 2060 1048; x_wconf 89' lang='lat' dir='ltr'><strong>parvi,</strong></span> <span class='ocrx_word' id='word_1_69' title='bbox 2378 975 2507 1041; x_wconf 86' lang='lat' dir='ltr'><strong>Quis</strong></span> <span class='ocrx_word' id='word_1_70' title='bbox 2528 977 2699 1046; x_wconf 77' lang='lat' dir='ltr'><strong>pelagi</strong></span> <span class='ocrx_word' id='word_1_71' title='bbox 2723 974 3154 1043; x_wconf 86' lang='lat' dir='ltr'><strong>ealcaritaquas?</strong></span> <span class='ocrx_word' id='word_1_72' title='bbox 3182 974 3301 1044; x_wconf 89' lang='lat' dir='ltr'><strong>quis</strong></span> <span class='ocrx_word' id='word_1_73' title='bbox 3328 990 3424 1043; x_wconf 88' lang='lat' dir='ltr'><strong>per</strong></span> <span class='ocrx_word' id='word_1_74' title='bbox 3444 974 3573 1028; x_wconf 85' lang='lat' dir='ltr'><strong>vada</strong></span> <span class='ocrx_word' id='word_1_75' title='bbox 3597 976 3778 1045; x_wconf 84' lang='lat' dir='ltr'><strong>glauca</strong></span> 
     </span>
    </p>
   </div>
   <div class='ocr_carea' id='block_1_9' title="bbox 704 1064 3709 1141">
    <p class='ocr_par' dir='ltr' id='par_1_9' title="bbox 704 1064 3709 1141">
     <span class='ocr_line' id='line_1_9' title="bbox 704 1064 3709 1141; baseline 0 -19"><span class='ocrx_word' id='word_1_76' title='bbox 704 1076 760 1132; x_wconf 86' lang='lat' dir='ltr'><strong>Si</strong></span> <span class='ocrx_word' id='word_1_77' title='bbox 789 1084 989 1129; x_wconf 77' lang='lat' dir='ltr'><strong>tantum</strong></span> <span class='ocrx_word' id='word_1_78' title='bbox 1016 1073 1258 1128; x_wconf 73' lang='lat' dir='ltr'><strong>mortalis</strong></span> <span class='ocrx_word' id='word_1_79' title='bbox 1283 1081 1417 1139; x_wconf 73' lang='lat' dir='ltr'><strong>erat,</strong></span> <span class='ocrx_word' id='word_1_80' title='bbox 1446 1087 1547 1127; x_wconf 86' lang='lat' dir='ltr'><strong>nec</strong></span> <span class='ocrx_word' id='word_1_81' title='bbox 1573 1086 1779 1126; x_wconf 86' lang='lat' dir='ltr'><strong>summa</strong></span> <span class='ocrx_word' id='word_1_82' title='bbox 1807 1080 2045 1141; x_wconf 74' lang='lat' dir='ltr'><strong>potestas</strong></span> <span class='ocrx_word' id='word_1_83' title='bbox 2202 1064 2305 1119; x_wconf 74' lang='grc'>665</span> <span class='ocrx_word' id='word_1_84' title='bbox 2379 1065 2664 1122; x_wconf 87' lang='lat' dir='ltr'><strong>Gressibus</strong></span> <span class='ocrx_word' id='word_1_85' title='bbox 2691 1067 2966 1136; x_wconf 90' lang='lat' dir='ltr'><strong>impressis</strong></span> <span class='ocrx_word' id='word_1_86' title='bbox 2995 1067 3274 1136; x_wconf 84' lang='lat' dir='ltr'><strong>spatiatus,</strong></span> <span class='ocrx_word' id='word_1_87' title='bbox 3310 1066 3519 1121; x_wconf 84' lang='lat' dir='ltr'><strong>triverit</strong></span> <span class='ocrx_word' id='word_1_88' title='bbox 3545 1068 3709 1122; x_wconf 89' lang='lat' dir='ltr'><strong>udum</strong></span> 
     </span>
    </p>
   </div>
   <div class='ocr_carea' id='block_1_10' title="bbox 527 1155 3781 1239">
    <p class='ocr_par' dir='ltr' id='par_1_10' title="bbox 527 1155 3781 1239">
     <span class='ocr_line' id='line_1_10' title="bbox 527 1155 3781 1239; baseline -0.004 -12"><span class='ocrx_word' id='word_1_89' title='bbox 527 1171 631 1228; x_wconf 68' lang='grc'>645</span> <span class='ocrx_word' id='word_1_90' title='bbox 706 1168 961 1239; x_wconf 87' lang='lat' dir='ltr'><strong>lmplebat</strong></span> <span class='ocrx_word' id='word_1_91' title='bbox 989 1175 1203 1223; x_wconf 77' lang='lat' dir='ltr'><strong>teneros</strong></span> <span class='ocrx_word' id='word_1_92' title='bbox 1230 1165 1424 1220; x_wconf 84' lang='lat' dir='ltr'><strong>divinis</strong></span> <span class='ocrx_word' id='word_1_93' title='bbox 1450 1164 1661 1218; x_wconf 89' lang='lat' dir='ltr'><strong>ﬂatibus</strong></span> <span class='ocrx_word' id='word_1_94' title='bbox 1688 1163 1874 1217; x_wconf 87' lang='lat' dir='ltr'><strong>artus?</strong></span> <span class='ocrx_word' id='word_1_95' title='bbox 2376 1155 2491 1210; x_wconf 91' lang='lat' dir='ltr'><strong>Non</strong></span> <span class='ocrx_word' id='word_1_96' title='bbox 2525 1157 2838 1212; x_wconf 88' lang='lat' dir='ltr'><strong>submersus</strong></span> <span class='ocrx_word' id='word_1_97' title='bbox 2885 1158 3023 1222; x_wconf 91' lang='lat' dir='ltr'><strong>iter,</strong></span> <span class='ocrx_word' id='word_1_98' title='bbox 3070 1156 3184 1211; x_wconf 88' lang='lat' dir='ltr'><strong>sola</strong></span> <span class='ocrx_word' id='word_1_99' title='bbox 3224 1155 3506 1226; x_wconf 85' lang='lat' dir='ltr'><strong>pendulus,</strong></span> <span class='ocrx_word' id='word_1_100' title='bbox 3550 1167 3605 1213; x_wconf 91' lang='lat' dir='ltr'><strong>et</strong></span> <span class='ocrx_word' id='word_1_101' title='bbox 3646 1159 3781 1229; x_wconf 89' lang='lat' dir='ltr'><strong>pede</strong></span> 
     </span>
    </p>
   </div>
   <div class='ocr_carea' id='block_1_11' title="bbox 701 1249 3708 1329">
    <p class='ocr_par' dir='ltr' id='par_1_11' title="bbox 701 1249 3708 1329">
     <span class='ocr_line' id='line_1_11' title="bbox 701 1249 3708 1329; baseline -0.003 -13"><span class='ocrx_word' id='word_1_102' title='bbox 701 1258 807 1316; x_wconf 75' lang='lat' dir='ltr'><strong>Sed</strong></span> <span class='ocrx_word' id='word_1_103' title='bbox 839 1259 949 1329; x_wconf 90' lang='lat' dir='ltr'><strong>jam</strong></span> <span class='ocrx_word' id='word_1_104' title='bbox 978 1257 1106 1313; x_wconf 91' lang='lat' dir='ltr'><strong>tolle</strong></span> <span class='ocrx_word' id='word_1_105' title='bbox 1133 1270 1346 1327; x_wconf 77' lang='lat' dir='ltr'><strong>magos,</strong></span> <span class='ocrx_word' id='word_1_106' title='bbox 1389 1255 1542 1320; x_wconf 91' lang='lat' dir='ltr'><strong>thus,</strong></span> <span class='ocrx_word' id='word_1_107' title='bbox 1584 1267 1804 1319; x_wconf 89' lang='lat' dir='ltr'><strong>aurum,</strong></span> <span class='ocrx_word' id='word_1_108' title='bbox 1849 1251 2095 1323; x_wconf 82' lang='lat' dir='ltr'><strong>myrrhea</strong></span> <span class='ocrx_word' id='word_1_109' title='bbox 3506 1249 3708 1321; x_wconf 86' lang='lat' dir='ltr'><strong>[sicco,</strong></span> 
     </span>
    </p>
   </div>
   <div class='ocr_carea' id='block_1_12' title="bbox 1841 1338 3743 1419">
    <p class='ocr_par' dir='ltr' id='par_1_12' title="bbox 1841 1338 3743 1419">
     <span class='ocr_line' id='line_1_12' title="bbox 1841 1338 3743 1419; baseline -0.001 -21"><span class='ocrx_word' id='word_1_110' title='bbox 1841 1345 2025 1419; x_wconf 89' lang='lat' dir='ltr'><strong>[dona,</strong></span> <span class='ocrx_word' id='word_1_111' title='bbox 2374 1338 2660 1409; x_wconf 64' lang='lat' dir='ltr'><strong>Equoreaa</strong></span> <span class='ocrx_word' id='word_1_112' title='bbox 2685 1340 2787 1395; x_wconf 89' lang='lat' dir='ltr'><strong>nisi</strong></span> <span class='ocrx_word' id='word_1_113' title='bbox 2815 1339 2984 1395; x_wconf 81' lang='lat' dir='ltr'><strong>factor</strong></span> <span class='ocrx_word' id='word_1_114' title='bbox 3012 1342 3195 1411; x_wconf 66' lang='lat' dir='ltr'><strong>aquai?</strong></span> <span class='ocrx_word' id='word_1_115' title='bbox 3222 1341 3312 1412; x_wconf 91' lang='lat' dir='ltr'><strong>qui</strong></span> <span class='ocrx_word' id='word_1_116' title='bbox 3343 1341 3563 1410; x_wconf 78' lang='lat' dir='ltr'><strong>spiritus</strong></span> <span class='ocrx_word' id='word_1_117' title='bbox 3591 1343 3743 1408; x_wconf 87' lang='lat' dir='ltr'><strong>olim,</strong></span> 
     </span>
    </p>
   </div>
   <div class='ocr_carea' id='block_1_13' title="bbox 702 1429 3603 1505">
    <p class='ocr_par' dir='ltr' id='par_1_13' title="bbox 702 1429 3603 1505">
     <span class='ocr_line' id='line_1_13' title="bbox 702 1429 3603 1505; baseline -0.001 -16"><span class='ocrx_word' id='word_1_118' title='bbox 702 1438 831 1505; x_wconf 76' lang='lat' dir='ltr'><strong>Qua:</strong></span> <span class='ocrx_word' id='word_1_119' title='bbox 856 1451 1039 1491; x_wconf 89' lang='lat' dir='ltr'><strong>verum</strong></span> <span class='ocrx_word' id='word_1_120' title='bbox 1067 1435 1298 1490; x_wconf 88' lang='lat' dir='ltr'><strong>docuere</strong></span> <span class='ocrx_word' id='word_1_121' title='bbox 1324 1432 1527 1488; x_wconf 88' lang='lat' dir='ltr'><strong>Deum:</strong></span> <span class='ocrx_word' id='word_1_122' title='bbox 1564 1434 1841 1502; x_wconf 60' lang='lat' dir='ltr'><strong>prmsepﬁa,</strong></span> <span class='ocrx_word' id='word_1_123' title='bbox 1869 1448 2094 1502; x_wconf 88' lang='lat' dir='ltr'><strong>pannos,</strong></span> <span class='ocrx_word' id='word_1_124' title='bbox 2371 1430 2478 1484; x_wconf 89' lang='lat' dir='ltr'><strong>Ore</strong></span> <span class='ocrx_word' id='word_1_125' title='bbox 2506 1429 2819 1500; x_wconf 79' lang='lat' dir='ltr'><strong>superfusus</strong></span> <span class='ocrx_word' id='word_1_126' title='bbox 2847 1431 3042 1499; x_wconf 88' lang='lat' dir='ltr'><strong>patrio,</strong></span> <span class='ocrx_word' id='word_1_127' title='bbox 3074 1430 3331 1486; x_wconf 79' lang='lat' dir='ltr'><strong>volitabat</strong></span> <span class='ocrx_word' id='word_1_128' title='bbox 3359 1431 3411 1485; x_wconf 90' lang='lat' dir='ltr'><strong>in</strong></span> <span class='ocrx_word' id='word_1_129' title='bbox 3442 1431 3603 1486; x_wconf 91' lang='lat' dir='ltr'><strong>undis</strong></span> 
     </span>
    </p>
   </div>
   <div class='ocr_carea' id='block_1_14' title="bbox 699 1519 3710 1592">
    <p class='ocr_par' dir='ltr' id='par_1_14' title="bbox 699 1519 3710 1592">
     <span class='ocr_line' id='line_1_14' title="bbox 699 1519 3710 1592; baseline -0.001 -11"><span class='ocrx_word' id='word_1_130' title='bbox 699 1526 878 1581; x_wconf 84' lang='lat' dir='ltr'><strong>Matris</strong></span> <span class='ocrx_word' id='word_1_131' title='bbox 905 1526 1183 1579; x_wconf 87' lang='lat' dir='ltr'><strong>adoratum</strong></span> <span class='ocrx_word' id='word_1_132' title='bbox 1209 1522 1491 1592; x_wconf 77' lang='lat' dir='ltr'><strong>gremium,</strong></span> <span class='ocrx_word' id='word_1_133' title='bbox 1522 1521 1636 1576; x_wconf 85' lang='lat' dir='ltr'><strong>lace</strong></span> <span class='ocrx_word' id='word_1_134' title='bbox 1660 1522 1853 1576; x_wconf 90' lang='lat' dir='ltr'><strong>sideris</strong></span> <span class='ocrx_word' id='word_1_135' title='bbox 1879 1523 2091 1578; x_wconf 87' lang='lat' dir='ltr'><strong>ardens.</strong></span> <span class='ocrx_word' id='word_1_136' title='bbox 2372 1519 2615 1574; x_wconf 85' lang='lat' dir='ltr'><strong>Nondum</strong></span> <span class='ocrx_word' id='word_1_137' title='bbox 2644 1519 2888 1576; x_wconf 90' lang='lat' dir='ltr'><strong>discretis</strong></span> <span class='ocrx_word' id='word_1_138' title='bbox 2909 1560 2924 1586; x_wconf 95' lang='lat'><strong>,</strong></span> <span class='ocrx_word' id='word_1_139' title='bbox 2958 1535 3058 1575; x_wconf 89' lang='lat' dir='ltr'><strong>nec</strong></span> <span class='ocrx_word' id='word_1_140' title='bbox 3085 1529 3233 1576; x_wconf 88' lang='lat' dir='ltr'><strong>certo</strong></span> <span class='ocrx_word' id='word_1_141' title='bbox 3265 1521 3447 1577; x_wconf 84' lang='lat' dir='ltr'><strong>littore</strong></span> <span class='ocrx_word' id='word_1_142' title='bbox 3474 1522 3710 1578; x_wconf 84' lang='lat' dir='ltr'><strong>clausis?</strong></span> 
     </span>
    </p>
   </div>
   <div class='ocr_carea' id='block_1_15' title="bbox 701 1609 3772 1688">
    <p class='ocr_par' dir='ltr' id='par_1_15' title="bbox 701 1609 3772 1688">
     <span class='ocr_line' id='line_1_15' title="bbox 701 1609 3772 1688; baseline -0.001 -17"><span class='ocrx_word' id='word_1_143' title='bbox 701 1618 817 1688; x_wconf 86' lang='lat' dir='ltr'><strong>Ipsa</strong></span> <span class='ocrx_word' id='word_1_144' title='bbox 846 1618 1013 1672; x_wconf 90' lang='lat' dir='ltr'><strong>Deum</strong></span> <span class='ocrx_word' id='word_1_145' title='bbox 1040 1615 1205 1670; x_wconf 89' lang='lat' dir='ltr'><strong>virtus</strong></span> <span class='ocrx_word' id='word_1_146' title='bbox 1234 1614 1488 1669; x_wconf 81' lang='lat' dir='ltr'><strong>factorum</strong></span> <span class='ocrx_word' id='word_1_147' title='bbox 1506 1653 1522 1679; x_wconf 96' lang='lat'><strong>,</strong></span> <span class='ocrx_word' id='word_1_148' title='bbox 1551 1622 1601 1668; x_wconf 91' lang='lat' dir='ltr'><strong>et</strong></span> <span class='ocrx_word' id='word_1_149' title='bbox 1628 1614 1761 1669; x_wconf 91' lang='lat' dir='ltr'><strong>mira</strong></span> <span class='ocrx_word' id='word_1_150' title='bbox 1789 1614 2087 1684; x_wconf 91' lang='lat' dir='ltr'><strong>loquantur.</strong></span> <span class='ocrx_word' id='word_1_151' title='bbox 2195 1609 2299 1667; x_wconf 91' lang='lat'><strong>670</strong></span> <span class='ocrx_word' id='word_1_152' title='bbox 2373 1611 2894 1682; x_wconf 85' lang='lat' dir='ltr'><strong>Sustinuitgressum</strong></span> <span class='ocrx_word' id='word_1_153' title='bbox 2918 1612 3128 1667; x_wconf 91' lang='lat' dir='ltr'><strong>Domini</strong></span> <span class='ocrx_word' id='word_1_154' title='bbox 3146 1612 3375 1668; x_wconf 80' lang='lat' dir='ltr'><strong>famulus</strong></span> <span class='ocrx_word' id='word_1_155' title='bbox 3396 1612 3585 1683; x_wconf 89' lang='lat' dir='ltr'><strong>liquor,</strong></span> <span class='ocrx_word' id='word_1_156' title='bbox 3608 1628 3673 1669; x_wconf 88' lang='lat' dir='ltr'><strong>ac</strong></span> <span class='ocrx_word' id='word_1_157' title='bbox 3695 1628 3772 1682; x_wconf 85' lang='lat' dir='ltr'><strong>se,</strong></span> 
     </span>
    </p>
   </div>
   <div class='ocr_carea' id='block_1_16' title="bbox 522 1703 3773 1771">
    <p class='ocr_par' dir='ltr' id='par_1_16' title="bbox 522 1703 3773 1771">
     <span class='ocr_line' id='line_1_16' title="bbox 522 1703 3773 1771; baseline 0.001 -13"><span class='ocrx_word' id='word_1_158' title='bbox 522 1703 629 1759; x_wconf 79' lang='grc' dir='ltr'><strong>6ζο</strong></span> <span class='ocrx_word' id='word_1_159' title='bbox 705 1709 923 1763; x_wconf 89' lang='lat' dir='ltr'><strong>Insanos</strong></span> <span class='ocrx_word' id='word_1_160' title='bbox 946 1706 1102 1760; x_wconf 86' lang='lat' dir='ltr'><strong>video</strong></span> <span class='ocrx_word' id='word_1_161' title='bbox 1127 1704 1304 1759; x_wconf 92' lang='lat' dir='ltr'><strong>subito</strong></span> <span class='ocrx_word' id='word_1_162' title='bbox 1332 1704 1611 1758; x_wconf 89' lang='lat' dir='ltr'><strong>mitescere</strong></span> <span class='ocrx_word' id='word_1_163' title='bbox 1638 1712 1848 1771; x_wconf 89' lang='lat' dir='ltr'><strong>ventos,</strong></span> <span class='ocrx_word' id='word_1_164' title='bbox 2371 1703 2660 1759; x_wconf 87' lang='lat' dir='ltr'><strong>Mobilitate</strong></span> <span class='ocrx_word' id='word_1_165' title='bbox 2688 1718 2878 1759; x_wconf 89' lang='lat' dir='ltr'><strong>carens</strong></span> <span class='ocrx_word' id='word_1_166' title='bbox 2897 1743 2912 1770; x_wconf 96' lang='lat'><strong>,</strong></span> <span class='ocrx_word' id='word_1_167' title='bbox 2949 1703 3152 1760; x_wconf 87' lang='lat' dir='ltr'><strong>solidos</strong></span> <span class='ocrx_word' id='word_1_168' title='bbox 3181 1704 3497 1761; x_wconf 81' lang='lat' dir='ltr'><strong>substrinxit</strong></span> <span class='ocrx_word' id='word_1_169' title='bbox 3526 1707 3593 1760; x_wconf 89' lang='lat' dir='ltr'><strong>ad</strong></span> <span class='ocrx_word' id='word_1_170' title='bbox 3625 1723 3773 1763; x_wconf 88' lang='lat' dir='ltr'><strong>usus.</strong></span> 
     </span>
    </p>
   </div>
   <div class='ocr_carea' id='block_1_17' title="bbox 698 1794 3773 1868">
    <p class='ocr_par' dir='ltr' id='par_1_17' title="bbox 698 1794 3773 1868">
     <span class='ocr_line' id='line_1_17' title="bbox 698 1794 3773 1868; baseline -0.001 -14"><span class='ocrx_word' id='word_1_171' title='bbox 698 1800 828 1855; x_wconf 87' lang='lat' dir='ltr'><strong>Cum</strong></span> <span class='ocrx_word' id='word_1_172' title='bbox 854 1798 1035 1867; x_wconf 84' lang='lat' dir='ltr'><strong>jubeat</strong></span> <span class='ocrx_word' id='word_1_173' title='bbox 1059 1795 1337 1851; x_wconf 88' lang='lat' dir='ltr'><strong>Christus:</strong></span> <span class='ocrx_word' id='word_1_174' title='bbox 1369 1794 1525 1849; x_wconf 89' lang='lat' dir='ltr'><strong>video</strong></span> <span class='ocrx_word' id='word_1_175' title='bbox 1552 1794 1805 1850; x_wconf 89' lang='lat' dir='ltr'><strong>luctantia</strong></span> <span class='ocrx_word' id='word_1_176' title='bbox 1832 1798 2038 1866; x_wconf 88' lang='lat' dir='ltr'><strong>magnis</strong></span> <span class='ocrx_word' id='word_1_177' title='bbox 2120 1803 2167 1864; x_wconf 76' lang='grc' dir='ltr'><strong>Β</strong></span> <span class='ocrx_word' id='word_1_178' title='bbox 2373 1795 2507 1863; x_wconf 85' lang='lat' dir='ltr'><strong>Quid</strong></span> <span class='ocrx_word' id='word_1_179' title='bbox 2530 1795 2741 1851; x_wconf 91' lang='lat' dir='ltr'><strong>diversa</strong></span> <span class='ocrx_word' id='word_1_180' title='bbox 2767 1796 2857 1851; x_wconf 90' lang='lat' dir='ltr'><strong>Dei</strong></span> <span class='ocrx_word' id='word_1_181' title='bbox 2885 1810 3175 1852; x_wconf 90' lang='lat' dir='ltr'><strong>memorem</strong></span> <span class='ocrx_word' id='word_1_182' title='bbox 3197 1797 3330 1852; x_wconf 90' lang='lat' dir='ltr'><strong>facta</strong></span> <span class='ocrx_word' id='word_1_183' title='bbox 3348 1799 3541 1868; x_wconf 83' lang='lat' dir='ltr'><strong>inclyta</strong></span> <span class='ocrx_word' id='word_1_184' title='bbox 3557 1800 3773 1865; x_wconf 84' lang='lat' dir='ltr'><strong>Christi,</strong></span> 
     </span>
    </p>
   </div>
   <div class='ocr_carea' id='block_1_18' title="bbox 695 1886 3565 1960">
    <p class='ocr_par' dir='ltr' id='par_1_18' title="bbox 695 1886 3565 1960">
     <span class='ocr_line' id='line_1_18' title="bbox 695 1886 3565 1960; baseline 0.001 -17"><span class='ocrx_word' id='word_1_185' title='bbox 695 1889 934 1959; x_wconf 73' lang='lat' dir='ltr'><strong>JEquora</strong></span> <span class='ocrx_word' id='word_1_186' title='bbox 964 1886 1262 1942; x_wconf 89' lang='lat' dir='ltr'><strong>turbinibus</strong></span> <span class='ocrx_word' id='word_1_187' title='bbox 1288 1887 1574 1955; x_wconf 90' lang='lat' dir='ltr'><strong>tranquillo</strong></span> <span class='ocrx_word' id='word_1_188' title='bbox 1599 1901 1867 1941; x_wconf 87' lang='lat' dir='ltr'><strong>marmore</strong></span> <span class='ocrx_word' id='word_1_189' title='bbox 1893 1886 2037 1942; x_wconf 89' lang='lat' dir='ltr'><strong>tendi</strong></span> <span class='ocrx_word' id='word_1_190' title='bbox 2373 1886 2544 1942; x_wconf 81' lang='lat' dir='ltr'><strong>Altius</strong></span> <span class='ocrx_word' id='word_1_191' title='bbox 2575 1887 2815 1957; x_wconf 89' lang='lat' dir='ltr'><strong>inspecta</strong></span> <span class='ocrx_word' id='word_1_192' title='bbox 2836 1904 2993 1956; x_wconf 90' lang='lat' dir='ltr'><strong>quem</strong></span> <span class='ocrx_word' id='word_1_193' title='bbox 3021 1890 3298 1959; x_wconf 85' lang='lat' dir='ltr'><strong>majestate</strong></span> <span class='ocrx_word' id='word_1_194' title='bbox 3321 1898 3565 1960; x_wconf 87' lang='lat' dir='ltr'><strong>negator,</strong></span> 
     </span>
    </p>
   </div>
   <div class='ocr_carea' id='block_1_19' title="bbox 700 1974 3774 2050">
    <p class='ocr_par' dir='ltr' id='par_1_19' title="bbox 700 1974 3774 2050">
     <span class='ocr_line' id='line_1_19' title="bbox 700 1974 3774 2050; baseline 0.002 -18"><span class='ocrx_word' id='word_1_195' title='bbox 700 1977 926 2048; x_wconf 88' lang='lat' dir='ltr'><strong>Imperio</strong></span> <span class='ocrx_word' id='word_1_196' title='bbox 949 1974 1176 2040; x_wconf 87' lang='lat' dir='ltr'><strong>Christi;</strong></span> <span class='ocrx_word' id='word_1_197' title='bbox 1207 1975 1381 2043; x_wconf 84' lang='lat' dir='ltr'><strong>video,</strong></span> <span class='ocrx_word' id='word_1_198' title='bbox 1414 1975 1651 2029; x_wconf 87' lang='lat' dir='ltr'><strong>calcatus</strong></span> <span class='ocrx_word' id='word_1_199' title='bbox 1679 1977 1925 2029; x_wconf 80' lang='lat' dir='ltr'><strong>eum.!etn</strong></span> <span class='ocrx_word' id='word_1_200' title='bbox 2370 1976 2531 2049; x_wconf 66' lang='lat'><strong>432</strong></span> <span class='ocrx_word' id='word_1_201' title='bbox 2565 1977 2713 2033; x_wconf 86' lang='lat' dir='ltr'><strong>Ilaud</strong></span> <span class='ocrx_word' id='word_1_202' title='bbox 2742 1978 2990 2034; x_wconf 88' lang='lat' dir='ltr'><strong>dubitans</strong></span> <span class='ocrx_word' id='word_1_203' title='bbox 3021 1978 3289 2036; x_wconf 87' lang='lat' dir='ltr'><strong>hominem</strong></span> <span class='ocrx_word' id='word_1_204' title='bbox 3315 2023 3330 2047; x_wconf 93' lang='lat'><strong>,</strong></span> <span class='ocrx_word' id='word_1_205' title='bbox 3356 1989 3469 2036; x_wconf 91' lang='lat' dir='ltr'><strong>tute</strong></span> <span class='ocrx_word' id='word_1_206' title='bbox 3499 1982 3610 2050; x_wconf 87' lang='lat' dir='ltr'><strong>ipse</strong></span> <span class='ocrx_word' id='word_1_207' title='bbox 3636 1980 3774 2037; x_wconf 74' lang='lat' dir='ltr'><strong>fate~</strong></span> 
     </span>
    </p>
   </div>
   <div class='ocr_carea' id='block_1_20' title="bbox 696 2065 3717 2143">
    <p class='ocr_par' dir='ltr' id='par_1_20' title="bbox 696 2065 3717 2143">
     <span class='ocr_line' id='line_1_20' title="bbox 696 2065 3717 2143; baseline 0.001 -20"><span class='ocrx_word' id='word_1_208' title='bbox 696 2069 826 2123; x_wconf 90' lang='lat' dir='ltr'><strong>Cum</strong></span> <span class='ocrx_word' id='word_1_209' title='bbox 855 2068 1051 2138; x_wconf 89' lang='lat' dir='ltr'><strong>patitur</strong></span> <span class='ocrx_word' id='word_1_210' title='bbox 1074 2079 1284 2137; x_wconf 84' lang='lat' dir='ltr'><strong>gurges,</strong></span> <span class='ocrx_word' id='word_1_211' title='bbox 1314 2074 1515 2137; x_wconf 83' lang='lat' dir='ltr'><strong>tergum</strong></span> <span class='ocrx_word' id='word_1_212' title='bbox 1539 2065 1801 2121; x_wconf 84' lang='lat' dir='ltr'><strong>solidante</strong></span> <span class='ocrx_word' id='word_1_213' title='bbox 1828 2066 2051 2136; x_wconf 88' lang='lat' dir='ltr'><strong>liquore.</strong></span> <span class='ocrx_word' id='word_1_214' title='bbox 3278 2070 3447 2143; x_wconf 84' lang='lat' dir='ltr'><strong>[bere</strong></span> <span class='ocrx_word' id='word_1_215' title='bbox 3473 2086 3668 2126; x_wconf 91' lang='lat' dir='ltr'><strong>numen</strong></span> <span class='ocrx_word' id='word_1_216' title='bbox 3688 2075 3717 2133; x_wconf 73' lang='grc' dir='ltr'><strong><em>τ</em></strong></span> 
     </span>
    </p>
   </div>
   <div class='ocr_carea' id='block_1_21' title="bbox 522 2158 3438 2232">
    <p class='ocr_par' dir='ltr' id='par_1_21' title="bbox 522 2158 3438 2232">
     <span class='ocr_line' id='line_1_21' title="bbox 522 2158 3438 2232; baseline -0.001 -13"><span class='ocrx_word' id='word_1_217' title='bbox 522 2164 627 2220; x_wconf 78' lang='grc'><strong>655</strong></span> <span class='ocrx_word' id='word_1_218' title='bbox 700 2163 817 2232; x_wconf 89' lang='lat' dir='ltr'><strong>Ipse</strong></span> <span class='ocrx_word' id='word_1_219' title='bbox 843 2175 1001 2231; x_wconf 91' lang='lat' dir='ltr'><strong>super</strong></span> <span class='ocrx_word' id='word_1_220' title='bbox 1025 2158 1214 2213; x_wconf 89' lang='lat' dir='ltr'><strong>ﬂuidas</strong></span> <span class='ocrx_word' id='word_1_221' title='bbox 1243 2159 1439 2227; x_wconf 88' lang='lat' dir='ltr'><strong>plantis</strong></span> <span class='ocrx_word' id='word_1_222' title='bbox 1465 2158 1755 2213; x_wconf 87' lang='lat' dir='ltr'><strong>nitentibus</strong></span> <span class='ocrx_word' id='word_1_223' title='bbox 1781 2160 1950 2214; x_wconf 89' lang='lat' dir='ltr'><strong>undas</strong></span> <span class='ocrx_word' id='word_1_224' title='bbox 2205 2160 2310 2217; x_wconf 73' lang='lat'><strong>675</strong></span> <span class='ocrx_word' id='word_1_225' title='bbox 2384 2161 2555 2217; x_wconf 89' lang='lat' dir='ltr'><strong>lllcvit</strong></span> <span class='ocrx_word' id='word_1_226' title='bbox 2585 2175 2756 2217; x_wconf 62' lang='lat' dir='ltr'><strong>caecos</strong></span> <span class='ocrx_word' id='word_1_227' title='bbox 2784 2160 2991 2228; x_wconf 92' lang='lat' dir='ltr'><strong>oculos,</strong></span> <span class='ocrx_word' id='word_1_228' title='bbox 3014 2170 3068 2218; x_wconf 87' lang='lat' dir='ltr'><strong>et</strong></span> <span class='ocrx_word' id='word_1_229' title='bbox 3089 2161 3286 2217; x_wconf 89' lang='lat' dir='ltr'><strong>lumina</strong></span> <span class='ocrx_word' id='word_1_230' title='bbox 3311 2162 3438 2217; x_wconf 91' lang='lat' dir='ltr'><strong>limo</strong></span> 
     </span>
    </p>
   </div>
   <div class='ocr_carea' id='block_1_22' title="bbox 694 2250 1936 2321">
    <p class='ocr_par' dir='ltr' id='par_1_22' title="bbox 694 2250 1936 2321">
     <span class='ocr_line' id='line_1_22' title="bbox 694 2250 1936 2321; baseline -0.005 -12"><span class='ocrx_word' id='word_1_231' title='bbox 694 2253 969 2317; x_wconf 84' lang='lat' dir='ltr'><strong>Ambulat,</strong></span> <span class='ocrx_word' id='word_1_232' title='bbox 998 2265 1060 2306; x_wconf 89' lang='lat' dir='ltr'><strong>ac</strong></span> <span class='ocrx_word' id='word_1_233' title='bbox 1087 2264 1271 2321; x_wconf 90' lang='lat' dir='ltr'><strong>presso</strong></span> <span class='ocrx_word' id='word_1_234' title='bbox 1301 2250 1478 2306; x_wconf 82' lang='lat' dir='ltr'><strong>firmat</strong></span> <span class='ocrx_word' id='word_1_235' title='bbox 1503 2251 1725 2320; x_wconf 84' lang='lat' dir='ltr'><strong>vestigia</strong></span> <span class='ocrx_word' id='word_1_236' title='bbox 1752 2252 1936 2305; x_wconf 90' lang='lat' dir='ltr'><strong>ﬂuctu.</strong></span> 
     </span>
    </p>
   </div>
   <div class='ocr_carea' id='block_1_23' title="bbox 696 2342 2005 2415">
    <p class='ocr_par' dir='ltr' id='par_1_23' title="bbox 696 2342 2005 2415">
     <span class='ocr_line' id='line_1_23' title="bbox 696 2342 2005 2415; baseline -0.002 -15"><span class='ocrx_word' id='word_1_237' title='bbox 696 2346 942 2415; x_wconf 88' lang='lat' dir='ltr'><strong>Increpat</strong></span> <span class='ocrx_word' id='word_1_238' title='bbox 966 2345 1081 2414; x_wconf 90' lang='lat' dir='ltr'><strong>ipse</strong></span> <span class='ocrx_word' id='word_1_239' title='bbox 1108 2352 1283 2409; x_wconf 91' lang='lat' dir='ltr'><strong>notos,</strong></span> <span class='ocrx_word' id='word_1_240' title='bbox 1313 2351 1367 2398; x_wconf 89' lang='lat' dir='ltr'><strong>et</strong></span> <span class='ocrx_word' id='word_1_241' title='bbox 1392 2342 1605 2397; x_wconf 60' lang='lat' dir='ltr'><strong>ﬂatibus</strong></span> <span class='ocrx_word' id='word_1_242' title='bbox 1631 2346 1737 2397; x_wconf 88' lang='lat' dir='ltr'><strong>otia</strong></span> <span class='ocrx_word' id='word_1_243' title='bbox 1769 2342 2005 2397; x_wconf 88' lang='lat' dir='ltr'><strong>mandat.</strong></span> 
     </span>
    </p>
   </div>
   <div class='ocr_carea' id='block_1_24' title="bbox 695 2434 1922 2507">
    <p class='ocr_par' dir='ltr' id='par_1_24' title="bbox 695 2434 1922 2507">
     <span class='ocr_line' id='line_1_24' title="bbox 695 2434 1922 2507; baseline -0.002 -15"><span class='ocrx_word' id='word_1_244' title='bbox 695 2438 824 2504; x_wconf 86' lang='lat' dir='ltr'><strong>Quis</strong></span> <span class='ocrx_word' id='word_1_245' title='bbox 847 2437 1030 2507; x_wconf 87' lang='lat' dir='ltr'><strong>jubeat</strong></span> <span class='ocrx_word' id='word_1_246' title='bbox 1054 2435 1209 2491; x_wconf 65' lang='lat' dir='ltr'><strong>saevis</strong></span> <span class='ocrx_word' id='word_1_247' title='bbox 1236 2434 1573 2505; x_wconf 82' lang='lat' dir='ltr'><strong>aquilonibus</strong></span> <span class='ocrx_word' id='word_1_248' title='bbox 1598 2451 1611 2486; x_wconf 89' lang='lat'><strong>:</strong></span> <span class='ocrx_word' id='word_1_249' title='bbox 1640 2434 1738 2499; x_wconf 88' lang='lat' dir='ltr'><strong>Ite,</strong></span> <span class='ocrx_word' id='word_1_250' title='bbox 1766 2434 1922 2490; x_wconf 88' lang='lat' dir='ltr'><strong>silete</strong></span> 
     </span>
    </p>
   </div>
   <div class='ocr_carea' id='block_1_25' title="bbox 693 2526 2047 2596">
    <p class='ocr_par' dir='ltr' id='par_1_25' title="bbox 693 2526 2047 2596">
     <span class='ocr_line' id='line_1_25' title="bbox 693 2526 2047 2596; baseline -0.004 -11"><span class='ocrx_word' id='word_1_251' title='bbox 693 2529 1012 2585; x_wconf 85' lang='lat' dir='ltr'><strong>Carceribus</strong></span> <span class='ocrx_word' id='word_1_252' title='bbox 1036 2527 1249 2594; x_wconf 85' lang='lat' dir='ltr'><strong>vestris,</strong></span> <span class='ocrx_word' id='word_1_253' title='bbox 1279 2526 1561 2596; x_wconf 90' lang='lat' dir='ltr'><strong>amploque</strong></span> <span class='ocrx_word' id='word_1_254' title='bbox 1588 2527 1833 2582; x_wconf 79' lang='lat' dir='ltr'><strong>facessite</strong></span> <span class='ocrx_word' id='word_1_255' title='bbox 1862 2535 2047 2596; x_wconf 87' lang='lat' dir='ltr'><strong>ponto,</strong></span> 
     </span>
    </p>
   </div>
   <div class='ocr_carea' id='block_1_26' title="bbox 2375 2254 3710 2323">
    <p class='ocr_par' dir='ltr' id='par_1_26' title="bbox 2375 2254 3710 2323">
     <span class='ocr_line' id='line_1_26' title="bbox 2375 2254 3710 2323; baseline -0.001 -14"><span class='ocrx_word' id='word_1_256' title='bbox 2375 2254 2644 2322; x_wconf 83' lang='lat' dir='ltr'><strong>Reddidit,</strong></span> <span class='ocrx_word' id='word_1_257' title='bbox 2676 2255 2975 2310; x_wconf 78' lang='lat' dir='ltr'><strong>humectato</strong></span> <span class='ocrx_word' id='word_1_258' title='bbox 3001 2269 3155 2310; x_wconf 84' lang='lat' dir='ltr'><strong>sacro</strong></span> <span class='ocrx_word' id='word_1_259' title='bbox 3178 2254 3482 2323; x_wconf 87' lang='lat' dir='ltr'><strong>sputamine</strong></span> <span class='ocrx_word' id='word_1_260' title='bbox 3512 2263 3710 2309; x_wconf 88' lang='lat' dir='ltr'><strong>terram</strong></span> 
     </span>
    </p>
   </div>
   <div class='ocr_carea' id='block_1_27' title="bbox 2371 2342 3777 2414">
    <p class='ocr_par' dir='ltr' id='par_1_27' title="bbox 2371 2342 3777 2414">
     <span class='ocr_line' id='line_1_27' title="bbox 2371 2342 3777 2414; baseline 0.001 -17"><span class='ocrx_word' id='word_1_261' title='bbox 2371 2344 2722 2400; x_wconf 87' lang='lat' dir='ltr'><strong>Contrectans</strong></span> <span class='ocrx_word' id='word_1_262' title='bbox 2750 2344 2949 2414; x_wconf 87' lang='lat' dir='ltr'><strong>digitis.</strong></span> <span class='ocrx_word' id='word_1_263' title='bbox 2983 2344 3204 2399; x_wconf 88' lang='lat' dir='ltr'><strong>Luteum</strong></span> <span class='ocrx_word' id='word_1_264' title='bbox 3229 2342 3563 2398; x_wconf 85' lang='lat' dir='ltr'><strong>medicamen</strong></span> <span class='ocrx_word' id='word_1_265' title='bbox 3593 2354 3777 2413; x_wconf 79' lang='lat' dir='ltr'><strong>Operts</strong></span> 
     </span>
    </p>
   </div>
   <div class='ocr_carea' id='block_1_28' title="bbox 2374 2433 3743 2504">
    <p class='ocr_par' dir='ltr' id='par_1_28' title="bbox 2374 2433 3743 2504">
     <span class='ocr_line' id='line_1_28' title="bbox 2374 2433 3743 2504; baseline 0.001 -16"><span class='ocrx_word' id='word_1_266' title='bbox 2374 2433 2485 2488; x_wconf 79' lang='lat' dir='ltr'><strong>Nos</strong></span> <span class='ocrx_word' id='word_1_267' title='bbox 2513 2434 2731 2489; x_wconf 90' lang='lat' dir='ltr'><strong>habuit:</strong></span> <span class='ocrx_word' id='word_1_268' title='bbox 2767 2434 3014 2489; x_wconf 86' lang='lat' dir='ltr'><strong>tenebras</strong></span> <span class='ocrx_word' id='word_1_269' title='bbox 3042 2434 3271 2489; x_wconf 84' lang='lat' dir='ltr'><strong>obducta</strong></span> <span class='ocrx_word' id='word_1_270' title='bbox 3309 2433 3450 2504; x_wconf 83' lang='lat' dir='ltr'><strong>uligo</strong></span> <span class='ocrx_word' id='word_1_271' title='bbox 3478 2435 3704 2490; x_wconf 83' lang='lat' dir='ltr'><strong>removit</strong></span> <span class='ocrx_word' id='word_1_272' title='bbox 3730 2454 3743 2488; x_wconf 85' lang='lat'>:</span> 
     </span>
    </p>
   </div>
   <div class='ocr_carea' id='block_1_29' title="bbox 2380 2525 3606 2597">
    <p class='ocr_par' dir='ltr' id='par_1_29' title="bbox 2380 2525 3606 2597">
     <span class='ocr_line' id='line_1_29' title="bbox 2380 2525 3606 2597; baseline 0.002 -19"><span class='ocrx_word' id='word_1_273' title='bbox 2380 2526 2603 2596; x_wconf 89' lang='lat' dir='ltr'><strong>Insuper</strong></span> <span class='ocrx_word' id='word_1_274' title='bbox 2631 2526 2885 2594; x_wconf 84' lang='lat' dir='ltr'><strong>ostendit,</strong></span> <span class='ocrx_word' id='word_1_275' title='bbox 2921 2540 3155 2597; x_wconf 91' lang='lat' dir='ltr'><strong>quonam</strong></span> <span class='ocrx_word' id='word_1_276' title='bbox 3184 2525 3356 2596; x_wconf 86' lang='lat' dir='ltr'><strong>caligo</strong></span> <span class='ocrx_word' id='word_1_277' title='bbox 3390 2527 3606 2582; x_wconf 86' lang='lat' dir='ltr'><strong>lavacro</strong></span> 
     </span>
    </p>
   </div>
   <div class='ocr_carea' id='block_1_30' title="bbox 1809 2614 2471 2672">
    <p class='ocr_par' dir='ltr' id='par_1_30' title="bbox 1809 2614 2471 2672">
     <span class='ocr_line' id='line_1_30' title="bbox 1809 2614 2471 2672; baseline -0.003 -1"><span class='ocrx_word' id='word_1_278' title='bbox 1809 2614 2096 2672; x_wconf 67' lang='lat' dir='ltr'><strong>GLOSSAS</strong></span> <span class='ocrx_word' id='word_1_279' title='bbox 2136 2614 2471 2671; x_wconf 78' lang='lat' dir='ltr'><strong>VETERES.</strong></span> 
     </span>
    </p>
   </div>
   <div class='ocr_carea' id='block_1_31' title="bbox 586 2704 1973 2779">
    <p class='ocr_par' dir='ltr' id='par_1_31' title="bbox 586 2704 1973 2779">
     <span class='ocr_line' id='line_1_31' title="bbox 586 2704 1973 2779; baseline -0.005 -10"><span class='ocrx_word' id='word_1_280' title='bbox 586 2713 709 2770; x_wconf 84' lang='lat'><strong>6&#39;59.</strong></span> <span class='ocrx_word' id='word_1_281' title='bbox 736 2712 955 2779; x_wconf 83' lang='lat' dir='ltr'><strong>Lingua,</strong></span> <span class='ocrx_word' id='word_1_282' title='bbox 983 2709 1173 2763; x_wconf 88' lang='lat' dir='ltr'><strong>orietur</strong></span> <span class='ocrx_word' id='word_1_283' title='bbox 1200 2706 1347 2779; x_wconf 87' lang='lat' dir='ltr'><strong>stella</strong></span> <span class='ocrx_word' id='word_1_284' title='bbox 1367 2722 1435 2779; x_wconf 13' lang='lat' dir='ltr'><strong>ex,</strong></span> <span class='ocrx_word' id='word_1_285' title='bbox 1453 2704 1629 2779; x_wconf 60' lang='lat' dir='ltr'><strong>Iacob.</strong></span> <span class='ocrx_word' id='word_1_286' title='bbox 1662 2706 1727 2779; x_wconf 83' lang='lat'><strong>1.,</strong></span> <span class='ocrx_word' id='word_1_287' title='bbox 1755 2706 1873 2761; x_wconf 88' lang='lat' dir='ltr'><strong>Vat.</strong></span> <span class='ocrx_word' id='word_1_288' title='bbox 1909 2710 1973 2762; x_wconf 85' lang='lat' dir='ltr'><strong>A.</strong></span> 
     </span>
    </p>
   </div>
   <div class='ocr_carea' id='block_1_32' title="bbox 587 2778 2037 2848">
    <p class='ocr_par' dir='ltr' id='par_1_32' title="bbox 587 2778 2037 2848">
     <span class='ocr_line' id='line_1_32' title="bbox 587 2778 2037 2848; baseline -0.004 -10"><span class='ocrx_word' id='word_1_289' title='bbox 587 2785 691 2839; x_wconf 77' lang='grc'>640</span> <span class='ocrx_word' id='word_1_290' title='bbox 736 2778 1086 2845; x_wconf 80' lang='lat' dir='ltr'><strong>Frustrantia,</strong></span> <span class='ocrx_word' id='word_1_291' title='bbox 1115 2779 1287 2847; x_wconf 88' lang='lat' dir='ltr'><strong>aliqua</strong></span> <span class='ocrx_word' id='word_1_292' title='bbox 1306 2778 1674 2848; x_wconf 76' lang='lat' dir='ltr'><strong>signiﬁcatione</strong></span> <span class='ocrx_word' id='word_1_293' title='bbox 1694 2778 1961 2847; x_wconf 81' lang='lat' dir='ltr'><strong>frustrata,</strong></span> <span class='ocrx_word' id='word_1_294' title='bbox 1995 2778 2037 2832; x_wconf 86' lang='lat' dir='ltr'><strong>l.</strong></span> 
     </span>
    </p>
   </div>
   <div class='ocr_carea' id='block_1_33' title="bbox 588 2847 2088 2921">
    <p class='ocr_par' dir='ltr' id='par_1_33' title="bbox 588 2847 2088 2921">
     <span class='ocr_line' id='line_1_33' title="bbox 588 2847 2088 2921; baseline -0.003 -12"><span class='ocrx_word' id='word_1_295' title='bbox 588 2857 713 2909; x_wconf 69' lang='grc'>645.</span> <span class='ocrx_word' id='word_1_296' title='bbox 742 2850 1065 2918; x_wconf 83' lang='lat' dir='ltr'><strong>Crepundia,</strong></span> <span class='ocrx_word' id='word_1_297' title='bbox 1096 2848 1313 2921; x_wconf 81' lang='lat' dir='ltr'><strong>puerilia</strong></span> <span class='ocrx_word' id='word_1_298' title='bbox 1339 2847 1496 2921; x_wconf 77' lang='lat' dir='ltr'><strong>dona,</strong></span> <span class='ocrx_word' id='word_1_299' title='bbox 1526 2847 1603 2921; x_wconf 76' lang='lat' dir='ltr'><strong>uel</strong></span> <span class='ocrx_word' id='word_1_300' title='bbox 1641 2847 1951 2921; x_wconf 72' lang='lat' dir='ltr'><strong>crepitacula</strong></span> <span class='ocrx_word' id='word_1_301' title='bbox 1972 2849 2088 2921; x_wconf 83' lang='lat' dir='ltr'><strong>ideo</strong></span> 
     </span>
    </p>
   </div>
   <div class='ocr_carea' id='block_1_34' title="bbox 518 2916 2087 2992">
    <p class='ocr_par' dir='ltr' id='par_1_34' title="bbox 518 2916 2087 2992">
     <span class='ocr_line' id='line_1_34' title="bbox 518 2916 2087 2992; baseline -0.005 -13"><span class='ocrx_word' id='word_1_302' title='bbox 518 2926 672 2990; x_wconf 86' lang='lat' dir='ltr'><strong>dicta,</strong></span> <span class='ocrx_word' id='word_1_303' title='bbox 715 2923 835 2992; x_wconf 87' lang='lat' dir='ltr'><strong>quia</strong></span> <span class='ocrx_word' id='word_1_304' title='bbox 852 2916 1144 2990; x_wconf 79' lang='lat' dir='ltr'><strong>infantibus</strong></span> <span class='ocrx_word' id='word_1_305' title='bbox 1173 2916 1498 2992; x_wconf 70' lang='lat' dir='ltr'><strong>uagientibus</strong></span> <span class='ocrx_word' id='word_1_306' title='bbox 1529 2918 1741 2971; x_wconf 85' lang='lat' dir='ltr'><strong>tinnitus</strong></span> <span class='ocrx_word' id='word_1_307' title='bbox 1784 2919 1904 2973; x_wconf 72' lang='lat' dir='ltr'><strong>teris</strong></span> <span class='ocrx_word' id='word_1_308' title='bbox 1943 2919 2087 2992; x_wconf 76' lang='lat' dir='ltr'><strong>adie-</strong></span> 
     </span>
    </p>
   </div>
   <div class='ocr_carea' id='block_1_35' title="bbox 518 2987 2085 3063">
    <p class='ocr_par' dir='ltr' id='par_1_35' title="bbox 518 2987 2085 3063">
     <span class='ocr_line' id='line_1_35' title="bbox 518 2987 2085 3063; baseline -0.002 -15"><span class='ocrx_word' id='word_1_309' title='bbox 518 2987 666 3048; x_wconf 84' lang='lat' dir='ltr'><strong>batur</strong></span> <span class='ocrx_word' id='word_1_310' title='bbox 686 2987 826 3063; x_wconf 82' lang='lat' dir='ltr'><strong>(sic),</strong></span> <span class='ocrx_word' id='word_1_311' title='bbox 856 2987 945 3045; x_wconf 83' lang='lat' dir='ltr'><strong>aut</strong></span> <span class='ocrx_word' id='word_1_312' title='bbox 969 2992 1139 3063; x_wconf 76' lang='lat' dir='ltr'><strong>sonitu</strong></span> <span class='ocrx_word' id='word_1_313' title='bbox 1164 2987 1263 3043; x_wconf 84' lang='lat' dir='ltr'><strong>illo</strong></span> <span class='ocrx_word' id='word_1_314' title='bbox 1285 2987 1670 3063; x_wconf 85' lang='lat' dir='ltr'><strong>oblecta_rentur,</strong></span> <span class='ocrx_word' id='word_1_315' title='bbox 1700 3000 2018 3055; x_wconf 85' lang='lat' dir='ltr'><strong>ornamenta,</strong></span> <span class='ocrx_word' id='word_1_316' title='bbox 2042 2989 2085 3045; x_wconf 88' lang='lat' dir='ltr'><strong>l.</strong></span> 
     </span>
    </p>
   </div>
   <div class='ocr_carea' id='block_1_36' title="bbox 589 3057 1506 3132">
    <p class='ocr_par' dir='ltr' id='par_1_36' title="bbox 589 3057 1506 3132">
     <span class='ocr_line' id='line_1_36' title="bbox 589 3057 1506 3132; baseline -0.012 -11"><span class='ocrx_word' id='word_1_317' title='bbox 589 3057 712 3121; x_wconf 41' lang='lat'><strong>625‘.</strong></span> <span class='ocrx_word' id='word_1_318' title='bbox 748 3057 971 3129; x_wconf 82' lang='lat' dir='ltr'><strong>Divinis,</strong></span> <span class='ocrx_word' id='word_1_319' title='bbox 1001 3060 1433 3132; x_wconf 62' lang='lat' dir='ltr'><strong>Spir‘iutsancto,</strong></span> <span class='ocrx_word' id='word_1_320' title='bbox 1467 3057 1506 3132; x_wconf 87' lang='lat'><strong>|_.</strong></span> 
     </span>
    </p>
   </div>
   <div class='ocr_carea' id='block_1_37' title="bbox 588 3127 2089 3200">
    <p class='ocr_par' dir='ltr' id='par_1_37' title="bbox 588 3127 2089 3200">
     <span class='ocr_line' id='line_1_37' title="bbox 588 3127 2089 3200; baseline -0.006 -9"><span class='ocrx_word' id='word_1_321' title='bbox 588 3136 715 3190; x_wconf 68' lang='grc'>648.</span> <span class='ocrx_word' id='word_1_322' title='bbox 739 3127 1175 3200; x_wconf 56' lang='lat' dir='ltr'><strong>Gremium,&#39;quia</strong></span> <span class='ocrx_word' id='word_1_323' title='bbox 1195 3128 1341 3200; x_wconf 88' lang='lat' dir='ltr'><strong>illum</strong></span> <span class='ocrx_word' id='word_1_324' title='bbox 1368 3128 1650 3200; x_wconf 74' lang='lat' dir='ltr'><strong>continebat</strong></span> <span class='ocrx_word' id='word_1_325' title='bbox 1676 3127 1726 3200; x_wconf 85' lang='lat' dir='ltr'><strong>in</strong></span> <span class='ocrx_word' id='word_1_326' title='bbox 1758 3128 1970 3200; x_wconf 67' lang='lat' dir='ltr'><strong>grfmio,</strong></span> <span class='ocrx_word' id='word_1_327' title='bbox 2001 3145 2089 3200; x_wconf 86' lang='lat' dir='ltr'><strong>per</strong></span> 
     </span>
    </p>
   </div>
   <div class='ocr_carea' id='block_1_38' title="bbox 516 3198 2084 3277">
    <p class='ocr_par' dir='ltr' id='par_1_38' title="bbox 516 3198 2084 3277">
     <span class='ocr_line' id='line_1_38' title="bbox 516 3198 2084 3277; baseline -0.003 -18"><span class='ocrx_word' id='word_1_328' title='bbox 516 3205 822 3277; x_wconf 79' lang='lat' dir='ltr'><strong>quemsidus</strong></span> <span class='ocrx_word' id='word_1_329' title='bbox 840 3198 1084 3273; x_wconf 74' lang='lat' dir='ltr'><strong>fulgebat,</strong></span> <span class='ocrx_word' id='word_1_330' title='bbox 1106 3199 1156 3277; x_wconf 80' lang='lat' dir='ltr'><strong>_l_,</strong></span> <span class='ocrx_word' id='word_1_331' title='bbox 1174 3199 1390 3277; x_wconf 82' lang='lat' dir='ltr'><strong>_Mar_.—</strong></span> <span class='ocrx_word' id='word_1_332' title='bbox 1405 3198 1561 3256; x_wconf 76' lang='lat' dir='ltr'><strong>Fate.</strong></span> <span class='ocrx_word' id='word_1_333' title='bbox 1582 3198 1772 3251; x_wconf 79' lang='lat' dir='ltr'><strong>lumine</strong></span> <span class='ocrx_word' id='word_1_334' title='bbox 1799 3198 2010 3262; x_wconf 81' lang='lat' dir='ltr'><strong>Christi.</strong></span> <span class='ocrx_word' id='word_1_335' title='bbox 2043 3199 2084 3254; x_wconf 78' lang='grc' dir='ltr'>Ι.</span> 
     </span>
    </p>
   </div>
   <div class='ocr_carea' id='block_1_39' title="bbox 589 3268 1398 3336">
    <p class='ocr_par' dir='ltr' id='par_1_39' title="bbox 589 3268 1398 3336">
     <span class='ocr_line' id='line_1_39' title="bbox 589 3268 1398 3336; baseline -0.011 -6"><span class='ocrx_word' id='word_1_336' title='bbox 589 3276 711 3331; x_wconf 88' lang='grc'>650.</span> <span class='ocrx_word' id='word_1_337' title='bbox 743 3268 980 3336; x_wconf 72' lang='lat' dir='ltr'><strong>Insanus,</strong></span> <span class='ocrx_word' id='word_1_338' title='bbox 1014 3269 1265 3331; x_wconf 88' lang='lat' dir='ltr'><strong>turbidos,</strong></span> <span class='ocrx_word' id='word_1_339' title='bbox 1295 3268 1398 3322; x_wconf 94' lang='lat' dir='ltr'><strong>lso.</strong></span> 
     </span>
    </p>
   </div>
   <div class='ocr_carea' id='block_1_40' title="bbox 588 3338 1497 3403">
    <p class='ocr_par' dir='ltr' id='par_1_40' title="bbox 588 3338 1497 3403">
     <span class='ocr_line' id='line_1_40' title="bbox 588 3338 1497 3403; baseline -0.01 -4"><span class='ocrx_word' id='word_1_340' title='bbox 588 3345 713 3399; x_wconf 91' lang='grc'>651.</span> <span class='ocrx_word' id='word_1_341' title='bbox 742 3343 1038 3403; x_wconf 88' lang='lat' dir='ltr'><strong>Luctantia,</strong></span> <span class='ocrx_word' id='word_1_342' title='bbox 1072 3338 1435 3402; x_wconf 76' lang='lat' dir='ltr'><strong>concertantia,</strong></span> <span class='ocrx_word' id='word_1_343' title='bbox 1460 3338 1497 3391; x_wconf 94' lang='lat' dir='ltr'><strong>I.</strong></span> 
     </span>
    </p>
   </div>
   <div class='ocr_carea' id='block_1_41' title="bbox 589 3407 1703 3477">
    <p class='ocr_par' dir='ltr' id='par_1_41' title="bbox 589 3407 1703 3477">
     <span class='ocr_line' id='line_1_41' title="bbox 589 3407 1703 3477; baseline -0.007 -9"><span class='ocrx_word' id='word_1_344' title='bbox 589 3414 713 3469; x_wconf 75' lang='grc'>652.</span> <span class='ocrx_word' id='word_1_345' title='bbox 747 3414 1031 3472; x_wconf 85' lang='lat' dir='ltr'><strong>Marmore,</strong></span> <span class='ocrx_word' id='word_1_346' title='bbox 1062 3409 1297 3477; x_wconf 81' lang='lat' dir='ltr'><strong>planitie,</strong></span> <span class='ocrx_word' id='word_1_347' title='bbox 1320 3407 1630 3473; x_wconf 65' lang='lat' dir='ltr'><strong>aequalitate,</strong></span> <span class='ocrx_word' id='word_1_348' title='bbox 1664 3408 1703 3460; x_wconf 92' lang='lat' dir='ltr'><strong>I.</strong></span> 
     </span>
    </p>
   </div>
   <div class='ocr_carea' id='block_1_42' title="bbox 584 3478 1417 3546">
    <p class='ocr_par' dir='ltr' id='par_1_42' title="bbox 584 3478 1417 3546">
     <span class='ocr_line' id='line_1_42' title="bbox 584 3478 1417 3546; baseline -0.008 -8"><span class='ocrx_word' id='word_1_349' title='bbox 584 3484 710 3538; x_wconf 79' lang='grc'>657.</span> <span class='ocrx_word' id='word_1_350' title='bbox 738 3482 876 3544; x_wconf 89' lang='lat' dir='ltr'><strong>Otia,</strong></span> <span class='ocrx_word' id='word_1_351' title='bbox 906 3479 1341 3546; x_wconf 81' lang='lat' dir='ltr'><strong>tranquillttatem,</strong></span> <span class='ocrx_word' id='word_1_352' title='bbox 1375 3478 1417 3531; x_wconf 92' lang='grc'><strong>1.</strong></span> 
     </span>
    </p>
   </div>
   <div class='ocr_carea' id='block_1_43' title="bbox 589 3546 2089 3617">
    <p class='ocr_par' dir='ltr' id='par_1_43' title="bbox 589 3546 2089 3617">
     <span class='ocr_line' id='line_1_43' title="bbox 589 3546 2089 3617; baseline -0.003 -11"><span class='ocrx_word' id='word_1_353' title='bbox 589 3552 714 3606; x_wconf 87' lang='grc'>659.</span> <span class='ocrx_word' id='word_1_354' title='bbox 747 3548 1038 3608; x_wconf 83' lang='lat' dir='ltr'><strong>Facessile,</strong></span> <span class='ocrx_word' id='word_1_355' title='bbox 1074 3548 1336 3617; x_wconf 84' lang='lat' dir='ltr'><strong>quiescite,</strong></span> <span class='ocrx_word' id='word_1_356' title='bbox 1364 3547 1439 3601; x_wconf 80' lang='lat' dir='ltr'><strong>rel</strong></span> <span class='ocrx_word' id='word_1_357' title='bbox 1468 3546 1697 3616; x_wconf 80' lang='lat' dir='ltr'><strong>deﬁcite;</strong></span> <span class='ocrx_word' id='word_1_358' title='bbox 1729 3546 1991 3613; x_wconf 73' lang='lat' dir='ltr'><strong>discedite,</strong></span> <span class='ocrx_word' id='word_1_359' title='bbox 2014 3548 2089 3602; x_wconf 73' lang='lat' dir='ltr'><strong>vel</strong></span> 
     </span>
    </p>
   </div>
   <div class='ocr_carea' id='block_1_44' title="bbox 515 3616 1057 3684">
    <p class='ocr_par' dir='ltr' id='par_1_44' title="bbox 515 3616 1057 3684">
     <span class='ocr_line' id='line_1_44' title="bbox 515 3616 1057 3684; baseline -0.011 -9"><span class='ocrx_word' id='word_1_360' title='bbox 515 3622 752 3684; x_wconf 84' lang='lat' dir='ltr'><strong>recedite,</strong></span> <span class='ocrx_word' id='word_1_361' title='bbox 778 3620 986 3683; x_wconf 86' lang='lat' dir='ltr'><strong>lassate,</strong></span> <span class='ocrx_word' id='word_1_362' title='bbox 1015 3616 1057 3671; x_wconf 91' lang='lat' dir='ltr'><strong>l.</strong></span> 
     </span>
    </p>
   </div>
   <div class='ocr_carea' id='block_1_45' title="bbox 2263 2705 3776 2773">
    <p class='ocr_par' dir='ltr' id='par_1_45' title="bbox 2263 2705 3776 2773">
     <span class='ocr_line' id='line_1_45' title="bbox 2263 2705 3776 2773; baseline 0 -10"><span class='ocrx_word' id='word_1_363' title='bbox 2263 2706 2387 2764; x_wconf 80' lang='grc'>665.</span> <span class='ocrx_word' id='word_1_364' title='bbox 2433 2706 2703 2772; x_wconf 76' lang='lat' dir='ltr'><strong>Excitam,</strong></span> <span class='ocrx_word' id='word_1_365' title='bbox 2734 2717 3054 2762; x_wconf 87' lang='lat' dir='ltr'><strong>commo&#39;am.</strong></span> <span class='ocrx_word' id='word_1_366' title='bbox 3076 2705 3411 2773; x_wconf 89' lang='lat' dir='ltr'><strong>—Verrunt,</strong></span> <span class='ocrx_word' id='word_1_367' title='bbox 3445 2709 3677 2763; x_wconf 82' lang='lat' dir='ltr'><strong>trahunt.</strong></span> <span class='ocrx_word' id='word_1_368' title='bbox 3708 2736 3776 2756; x_wconf 69' lang='grc' dir='ltr'><strong><em>-η</em></strong></span> 
     </span>
    </p>
   </div>
   <div class='ocr_carea' id='block_1_46' title="bbox 2192 2777 3328 2848">
    <p class='ocr_par' dir='ltr' id='par_1_46' title="bbox 2192 2777 3328 2848">
     <span class='ocr_line' id='line_1_46' title="bbox 2192 2777 3328 2848; baseline -0.004 -16"><span class='ocrx_word' id='word_1_369' title='bbox 2192 2777 2419 2833; x_wconf 81' lang='lat' dir='ltr'><strong>Ridente</strong></span> <span class='ocrx_word' id='word_1_370' title='bbox 2448 2793 2660 2842; x_wconf 72' lang='lat' dir='ltr'><strong>sereno,</strong></span> <span class='ocrx_word' id='word_1_371' title='bbox 2691 2779 2941 2848; x_wconf 84' lang='lat' dir='ltr'><strong>gaudente</strong></span> <span class='ocrx_word' id='word_1_372' title='bbox 2969 2779 3259 2841; x_wconf 78' lang='lat' dir='ltr'><strong>serenitate,</strong></span> <span class='ocrx_word' id='word_1_373' title='bbox 3290 2777 3328 2848; x_wconf 85' lang='lat' dir='ltr'><strong>l_.</strong></span> 
     </span>
    </p>
   </div>
   <div class='ocr_carea' id='block_1_47' title="bbox 2262 2846 3776 2919">
    <p class='ocr_par' dir='ltr' id='par_1_47' title="bbox 2262 2846 3776 2919">
     <span class='ocr_line' id='line_1_47' title="bbox 2262 2846 3776 2919; baseline 0.001 -16"><span class='ocrx_word' id='word_1_374' title='bbox 2262 2848 2390 2904; x_wconf 87' lang='grc'>665.</span> <span class='ocrx_word' id='word_1_375' title='bbox 2429 2846 2722 2919; x_wconf 73' lang='lat' dir='ltr'><strong>Spatiattts,</strong></span> <span class='ocrx_word' id='word_1_376' title='bbox 2770 2849 3064 2919; x_wconf 72' lang='lat' dir='ltr'><strong>immoraris,</strong></span> <span class='ocrx_word' id='word_1_377' title='bbox 3094 2848 3168 2919; x_wconf 60' lang='lat' dir='ltr'><strong>uel</strong></span> <span class='ocrx_word' id='word_1_378' title='bbox 3209 2846 3512 2913; x_wconf 88' lang='lat' dir='ltr'><strong>ambulans;</strong></span> <span class='ocrx_word' id='word_1_379' title='bbox 3551 2851 3776 2919; x_wconf 72' lang='lat' dir='ltr'><strong>spatium</strong></span> 
     </span>
    </p>
   </div>
   <div class='ocr_carea' id='block_1_48' title="bbox 2190 2916 3135 2983">
    <p class='ocr_par' dir='ltr' id='par_1_48' title="bbox 2190 2916 3135 2983">
     <span class='ocr_line' id='line_1_48' title="bbox 2190 2916 3135 2983; baseline -0.003 -9"><span class='ocrx_word' id='word_1_380' title='bbox 2190 2934 2438 2974; x_wconf 85' lang='lat' dir='ltr'><strong>emensus.</strong></span> <span class='ocrx_word' id='word_1_381' title='bbox 2462 2916 2531 2959; x_wconf 64' lang='grc' dir='ltr'><strong>ἑ-</strong></span> <span class='ocrx_word' id='word_1_382' title='bbox 2554 2918 2751 2983; x_wconf 86' lang='lat' dir='ltr'><strong>Udum,</strong></span> <span class='ocrx_word' id='word_1_383' title='bbox 2779 2917 3067 2979; x_wconf 83' lang='lat' dir='ltr'><strong>humidum,</strong></span> <span class='ocrx_word' id='word_1_384' title='bbox 3095 2916 3135 2971; x_wconf 94' lang='grc'><strong>1.</strong></span> 
     </span>
    </p>
   </div>
   <div class='ocr_carea' id='block_1_49' title="bbox 2262 2987 3179 3057">
    <p class='ocr_par' dir='ltr' id='par_1_49' title="bbox 2262 2987 3179 3057">
     <span class='ocr_line' id='line_1_49' title="bbox 2262 2987 3179 3057; baseline 0.002 -14"><span class='ocrx_word' id='word_1_385' title='bbox 2262 2988 2389 3043; x_wconf 88' lang='grc'>666.</span> <span class='ocrx_word' id='word_1_386' title='bbox 2424 2987 2713 3053; x_wconf 82' lang='lat' dir='ltr'><strong>Pendulus,</strong></span> <span class='ocrx_word' id='word_1_387' title='bbox 2744 3004 3042 3057; x_wconf 82' lang='lat' dir='ltr'><strong>suspensus,</strong></span> <span class='ocrx_word' id='word_1_388' title='bbox 3075 2988 3179 3045; x_wconf 89' lang='lat' dir='ltr'><strong>lso.</strong></span> 
     </span>
    </p>
   </div>
   <div class='ocr_carea' id='block_1_50' title="bbox 2115 3031 3782 3130">
    <p class='ocr_par' dir='ltr' id='par_1_50' title="bbox 2115 3031 3782 3130">
     <span class='ocr_line' id='line_1_50' title="bbox 2115 3031 3782 3130; baseline -0.001 -17"><span class='ocrx_word' id='word_1_389' title='bbox 2115 3031 2163 3096; x_wconf 82' lang='lat' dir='ltr'><strong>C</strong></span> <span class='ocrx_word' id='word_1_390' title='bbox 2263 3031 2713 3130; x_wconf 53' lang='lat' dir='ltr'><strong>éé§1_‘vtiiiiiii&#39;ii</strong></span> <span class='ocrx_word' id='word_1_391' title='bbox 2736 3031 3042 3127; x_wconf 63' lang='grc' dir='ltr'><strong>ξῖἱῖἐὲἷιῖῗ</strong></span> <span class='ocrx_word' id='word_1_392' title='bbox 3064 3031 3273 3114; x_wconf 56' lang='lat' dir='ltr'><strong>Bitian;</strong></span> <span class='ocrx_word' id='word_1_393' title='bbox 3334 3060 3589 3130; x_wconf 80' lang='lat' dir='ltr'><strong>ferebatur</strong></span> <span class='ocrx_word' id='word_1_394' title='bbox 3631 3075 3782 3129; x_wconf 80' lang='lat' dir='ltr'><strong>super</strong></span> 
     </span>
    </p>
   </div>
   <div class='ocr_carea' id='block_1_51' title="bbox 2189 3128 2434 3199">
    <p class='ocr_par' dir='ltr' id='par_1_51' title="bbox 2189 3128 2434 3199">
     <span class='ocr_line' id='line_1_51' title="bbox 2189 3128 2434 3199; baseline 0 0"><span class='ocrx_word' id='word_1_395' title='bbox 2189 3143 2369 3199; x_wconf 68' lang='grc' dir='ltr'><strong>αηυαεο</strong></span> <span class='ocrx_word' id='word_1_396' title='bbox 2395 3128 2434 3199; x_wconf 74' lang='lat' dir='ltr'><strong>lt</strong></span> 
     </span>
    </p>
   </div>
   <div class='ocr_carea' id='block_1_52' title="bbox 2263 3196 3073 3268">
    <p class='ocr_par' dir='ltr' id='par_1_52' title="bbox 2263 3196 3073 3268">
     <span class='ocr_line' id='line_1_52' title="bbox 2263 3196 3073 3268; baseline 0.001 -17"><span class='ocrx_word' id='word_1_397' title='bbox 2263 3198 2388 3268; x_wconf 90' lang='grc'>669.</span> <span class='ocrx_word' id='word_1_398' title='bbox 2422 3196 2700 3268; x_wconf 79' lang='lat' dir='ltr'><strong>Discrelis,</strong></span> <span class='ocrx_word' id='word_1_399' title='bbox 2730 3197 3000 3268; x_wconf 76' lang='lat' dir='ltr'><strong>separatis,</strong></span> <span class='ocrx_word' id='word_1_400' title='bbox 3034 3197 3073 3252; x_wconf 87' lang='grc'><strong>1.</strong></span> 
     </span>
    </p>
   </div>
   <div class='ocr_carea' id='block_1_53' title="bbox 2264 3266 3063 3337">
    <p class='ocr_par' dir='ltr' id='par_1_53' title="bbox 2264 3266 3063 3337">
     <span class='ocr_line' id='line_1_53' title="bbox 2264 3266 3063 3337; baseline 0 -16"><span class='ocrx_word' id='word_1_401' title='bbox 2264 3267 2389 3337; x_wconf 82' lang='grc'>675.</span> <span class='ocrx_word' id='word_1_402' title='bbox 2422 3266 2684 3336; x_wconf 83' lang='lat' dir='ltr'><strong>lnspecta,</strong></span> <span class='ocrx_word' id='word_1_403' title='bbox 2715 3266 2998 3337; x_wconf 77' lang='lat' dir='ltr'><strong>perspecta,</strong></span> <span class='ocrx_word' id='word_1_404' title='bbox 3025 3268 3063 3321; x_wconf 92' lang='lat' dir='ltr'><strong>I.</strong></span> 
     </span>
    </p>
   </div>
   <div class='ocr_carea' id='block_1_54' title="bbox 2259 3329 2882 3402">
    <p class='ocr_par' dir='ltr' id='par_1_54' title="bbox 2259 3329 2882 3402">
     <span class='ocr_line' id='line_1_54' title="bbox 2259 3329 2882 3402; baseline 0 -9"><span class='ocrx_word' id='word_1_405' title='bbox 2259 3336 2388 3394; x_wconf 86' lang='grc'>675.</span> <span class='ocrx_word' id='word_1_406' title='bbox 2419 3329 2610 3399; x_wconf 55' lang='lat' dir='ltr'><strong>llieVit,</strong></span> <span class='ocrx_word' id='word_1_407' title='bbox 2642 3329 2810 3402; x_wconf 43' lang='lat' dir='ltr'><strong>u&#39;tta‘il,</strong></span> <span class='ocrx_word' id='word_1_408' title='bbox 2832 3329 2882 3393; x_wconf 63' lang='grc'>’1.</span> 
     </span>
    </p>
   </div>
   <div class='ocr_carea' id='block_1_55' title="bbox 2262 3406 3214 3473">
    <p class='ocr_par' dir='ltr' id='par_1_55' title="bbox 2262 3406 3214 3473">
     <span class='ocr_line' id='line_1_55' title="bbox 2262 3406 3214 3473; baseline -0.001 -11"><span class='ocrx_word' id='word_1_409' title='bbox 2262 3407 2389 3463; x_wconf 87' lang='grc'>676.</span> <span class='ocrx_word' id='word_1_410' title='bbox 2420 3406 2750 3473; x_wconf 82' lang='lat' dir='ltr'><strong>ﬂumectam,</strong></span> <span class='ocrx_word' id='word_1_411' title='bbox 2782 3407 3140 3467; x_wconf 84' lang='lat' dir='ltr'><strong>humectatam.</strong></span> <span class='ocrx_word' id='word_1_412' title='bbox 3173 3406 3214 3461; x_wconf 85' lang='lat' dir='ltr'><strong>I.</strong></span> 
     </span>
    </p>
   </div>
   <div class='ocr_carea' id='block_1_56' title="bbox 2265 3476 3718 3547">
    <p class='ocr_par' dir='ltr' id='par_1_56' title="bbox 2265 3476 3718 3547">
     <span class='ocr_line' id='line_1_56' title="bbox 2265 3476 3718 3547; baseline 0.002 -15"><span class='ocrx_word' id='word_1_413' title='bbox 2265 3478 2391 3532; x_wconf 86' lang='grc'>677.</span> <span class='ocrx_word' id='word_1_414' title='bbox 2421 3476 2790 3542; x_wconf 89' lang='lat' dir='ltr'><strong>Conlrectans,</strong></span> <span class='ocrx_word' id='word_1_415' title='bbox 2819 3478 3056 3546; x_wconf 79' lang='lat' dir='ltr'><strong>pulpam.</strong></span> <span class='ocrx_word' id='word_1_416' title='bbox 3087 3506 3157 3518; x_wconf 91' lang='lat'><strong><em>—</em></strong></span> <span class='ocrx_word' id='word_1_417' title='bbox 3176 3479 3396 3546; x_wconf 86' lang='lat' dir='ltr'><strong>Operta,</strong></span> <span class='ocrx_word' id='word_1_418' title='bbox 3426 3478 3644 3547; x_wconf 86' lang='lat' dir='ltr'><strong>occulta,</strong></span> <span class='ocrx_word' id='word_1_419' title='bbox 3677 3479 3718 3535; x_wconf 87' lang='grc' dir='ltr'>Ι.</span> 
     </span>
    </p>
   </div>
   <div class='ocr_carea' id='block_1_57' title="bbox 2268 3546 3596 3617">
    <p class='ocr_par' dir='ltr' id='par_1_57' title="bbox 2268 3546 3596 3617">
     <span class='ocr_line' id='line_1_57' title="bbox 2268 3546 3596 3617; baseline -0.001 -16"><span class='ocrx_word' id='word_1_420' title='bbox 2268 3548 2391 3602; x_wconf 88' lang='grc'>678.</span> <span class='ocrx_word' id='word_1_421' title='bbox 2435 3546 2696 3617; x_wconf 73' lang='lat' dir='ltr'><strong>Obducta,</strong></span> <span class='ocrx_word' id='word_1_422' title='bbox 2729 3560 2986 3617; x_wconf 87' lang='lat' dir='ltr'><strong>cooperta.</strong></span> <span class='ocrx_word' id='word_1_423' title='bbox 3020 3578 3091 3589; x_wconf 96' lang='lat'><em>—</em></span> <span class='ocrx_word' id='word_1_424' title='bbox 3119 3547 3293 3615; x_wconf 81' lang='lat' dir='ltr'><strong>Ulign,</strong></span> <span class='ocrx_word' id='word_1_425' title='bbox 3325 3548 3526 3615; x_wconf 80' lang='lat' dir='ltr'><strong>humor,</strong></span> <span class='ocrx_word' id='word_1_426' title='bbox 3557 3549 3596 3601; x_wconf 88' lang='lat' dir='ltr'><strong>I.</strong></span> 
     </span>
    </p>
   </div>
   <div class='ocr_carea' id='block_1_58' title="bbox 2267 3616 3596 3687">
    <p class='ocr_par' dir='ltr' id='par_1_58' title="bbox 2267 3616 3596 3687">
     <span class='ocr_line' id='line_1_58' title="bbox 2267 3616 3596 3687; baseline 0.002 -17"><span class='ocrx_word' id='word_1_427' title='bbox 2267 3618 2392 3672; x_wconf 89' lang='lat'><strong>679.</strong></span> <span class='ocrx_word' id='word_1_428' title='bbox 2430 3616 2633 3687; x_wconf 82' lang='lat' dir='ltr'><strong>Caligo,</strong></span> <span class='ocrx_word' id='word_1_429' title='bbox 2667 3617 2854 3683; x_wconf 89' lang='lat' dir='ltr'><strong>lutum,</strong></span> <span class='ocrx_word' id='word_1_430' title='bbox 2883 3619 2936 3671; x_wconf 88' lang='lat' dir='ltr'><strong>in</strong></span> <span class='ocrx_word' id='word_1_431' title='bbox 2962 3618 3318 3673; x_wconf 85' lang='lat' dir='ltr'><strong>entundatione</strong></span> <span class='ocrx_word' id='word_1_432' title='bbox 3346 3618 3524 3687; x_wconf 71' lang='lat' dir='ltr'><strong>Siloaz,</strong></span> <span class='ocrx_word' id='word_1_433' title='bbox 3554 3620 3596 3673; x_wconf 94' lang='grc' dir='ltr'>Ι.</span> 
     </span>
    </p>
   </div>
   <div class='ocr_carea' id='block_1_59' title="bbox 1864 3708 2421 3769">
    <p class='ocr_par' dir='ltr' id='par_1_59' title="bbox 1864 3708 2421 3769">
     <span class='ocr_line' id='line_1_59' title="bbox 1864 3708 2421 3769; baseline 0.002 -6"><span class='ocrx_word' id='word_1_434' title='bbox 1864 3708 2421 3769; x_wconf 79' lang='lat' dir='ltr'><strong>COMMENTARIUS.</strong></span> 
     </span>
    </p>
   </div>
   <div class='ocr_carea' id='block_1_60' title="bbox 513 3777 2081 3853">
    <p class='ocr_par' dir='ltr' id='par_1_60' title="bbox 513 3777 2081 3853">
     <span class='ocr_line' id='line_1_60' title="bbox 513 3777 2081 3853; baseline -0.006 -15"><span class='ocrx_word' id='word_1_435' title='bbox 513 3780 751 3853; x_wconf 85' lang='lat' dir='ltr'><strong>impleo),</strong></span> <span class='ocrx_word' id='word_1_436' title='bbox 772 3780 934 3853; x_wconf 86' lang='lat' dir='ltr'><strong>aliam</strong></span> <span class='ocrx_word' id='word_1_437' title='bbox 962 3787 1157 3853; x_wconf 78' lang='lat' dir='ltr'><strong>partem</strong></span> <span class='ocrx_word' id='word_1_438' title='bbox 1185 3777 1374 3853; x_wconf 83' lang='lat' dir='ltr'><strong>dicturi</strong></span> <span class='ocrx_word' id='word_1_439' title='bbox 1398 3794 1568 3853; x_wconf 84' lang='lat' dir='ltr'><strong>sumus</strong></span> <span class='ocrx_word' id='word_1_440' title='bbox 1588 3794 1706 3853; x_wconf 80' lang='lat' dir='ltr'><strong>eum</strong></span> <span class='ocrx_word' id='word_1_441' title='bbox 1743 3779 1795 3832; x_wconf 88' lang='lat' dir='ltr'><strong>in</strong></span> <span class='ocrx_word' id='word_1_442' title='bbox 1835 3778 1959 3833; x_wconf 69' lang='lat' dir='ltr'><strong>caelo</strong></span> <span class='ocrx_word' id='word_1_443' title='bbox 1989 3781 2081 3853; x_wconf 75' lang='lat' dir='ltr'><strong>lia-</strong></span> 
     </span>
    </p>
   </div>
   <div class='ocr_carea' id='block_1_61' title="bbox 513 3847 2083 3920">
    <p class='ocr_par' dir='ltr' id='par_1_61' title="bbox 513 3847 2083 3920">
     <span class='ocr_line' id='line_1_61' title="bbox 513 3847 2083 3920; baseline -0.003 -12"><span class='ocrx_word' id='word_1_444' title='bbox 513 3847 644 3920; x_wconf 71' lang='lat' dir='ltr'><strong>bere,</strong></span> <span class='ocrx_word' id='word_1_445' title='bbox 678 3847 742 3906; x_wconf 75' lang='lat' dir='ltr'><strong>et</strong></span> <span class='ocrx_word' id='word_1_446' title='bbox 762 3852 817 3904; x_wconf 88' lang='lat' dir='ltr'><strong>in</strong></span> <span class='ocrx_word' id='word_1_447' title='bbox 844 3847 978 3903; x_wconf 80' lang='lat' dir='ltr'><strong>terra</strong></span> <span class='ocrx_word' id='word_1_448' title='bbox 1002 3850 1188 3913; x_wconf 87' lang='lat' dir='ltr'><strong>aliam;</strong></span> <span class='ocrx_word' id='word_1_449' title='bbox 1216 3847 1306 3920; x_wconf 81' lang='lat' dir='ltr'><strong>sed</strong></span> <span class='ocrx_word' id='word_1_450' title='bbox 1319 3858 1462 3920; x_wconf 86' lang='lat' dir='ltr'><strong>_totus</strong></span> <span class='ocrx_word' id='word_1_451' title='bbox 1496 3850 1555 3920; x_wconf 8' lang='lat' dir='ltr'><strong>in,</strong></span> <span class='ocrx_word' id='word_1_452' title='bbox 1578 3848 1703 3902; x_wconf 71' lang='lat' dir='ltr'><strong>caelo</strong></span> <span class='ocrx_word' id='word_1_453' title='bbox 1730 3859 1821 3915; x_wconf 83' lang='lat' dir='ltr'><strong>est,</strong></span> <span class='ocrx_word' id='word_1_454' title='bbox 1867 3858 1999 3903; x_wconf 88' lang='lat' dir='ltr'><strong>totus</strong></span> <span class='ocrx_word' id='word_1_455' title='bbox 2027 3851 2083 3903; x_wconf 87' lang='lat' dir='ltr'><strong>in</strong></span> 
     </span>
    </p>
   </div>
   <div class='ocr_carea' id='block_1_62' title="bbox 514 3917 2079 3989">
    <p class='ocr_par' dir='ltr' id='par_1_62' title="bbox 514 3917 2079 3989">
     <span class='ocr_line' id='line_1_62' title="bbox 514 3917 2079 3989; baseline -0.003 -12"><span class='ocrx_word' id='word_1_456' title='bbox 514 3917 670 3986; x_wconf 69' lang='lat' dir='ltr'><strong>tm,</strong></span> <span class='ocrx_word' id='word_1_457' title='bbox 714 3938 816 3975; x_wconf 86' lang='lat' dir='ltr'><strong>non</strong></span> <span class='ocrx_word' id='word_1_458' title='bbox 856 3921 1065 3975; x_wconf 81' lang='lat' dir='ltr'><strong>alternis</strong></span> <span class='ocrx_word' id='word_1_459' title='bbox 1095 3918 1424 3989; x_wconf 83' lang='lat' dir='ltr'><strong>temporibus,</strong></span> <span class='ocrx_word' id='word_1_460' title='bbox 1468 3917 1555 3971; x_wconf 86' lang='lat' dir='ltr'><strong>sed</strong></span> <span class='ocrx_word' id='word_1_461' title='bbox 1596 3929 1865 3989; x_wconf 84' lang='lat' dir='ltr'><strong>utrumque</strong></span> <span class='ocrx_word' id='word_1_462' title='bbox 1901 3920 2079 3983; x_wconf 87' lang='lat' dir='ltr'><strong>simul,</strong></span> 
     </span>
    </p>
   </div>
   <div class='ocr_carea' id='block_1_63' title="bbox 514 3987 2081 4059">
    <p class='ocr_par' dir='ltr' id='par_1_63' title="bbox 514 3987 2081 4059">
     <span class='ocr_line' id='line_1_63' title="bbox 514 3987 2081 4059; baseline -0.001 -13"><span class='ocrx_word' id='word_1_463' title='bbox 514 3997 648 4055; x_wconf 82' lang='lat' dir='ltr'><strong>quod</strong></span> <span class='ocrx_word' id='word_1_464' title='bbox 680 3992 823 4045; x_wconf 87' lang='lat' dir='ltr'><strong>nulla</strong></span> <span class='ocrx_word' id='word_1_465' title='bbox 848 4003 1033 4043; x_wconf 86' lang='lat' dir='ltr'><strong>natura</strong></span> <span class='ocrx_word' id='word_1_466' title='bbox 1064 3987 1345 4059; x_wconf 84' lang='lat' dir='ltr'><strong>corporalis</strong></span> <span class='ocrx_word' id='word_1_467' title='bbox 1374 3996 1556 4059; x_wconf 83' lang='lat' dir='ltr'><strong>potest.</strong></span> <span class='ocrx_word' id='word_1_468' title='bbox 1592 3987 1868 4059; x_wconf 81' lang='lat' dir='ltr'><strong>Expositio</strong></span> <span class='ocrx_word' id='word_1_469' title='bbox 1899 3989 2081 4045; x_wconf 83' lang='lat' dir='ltr'><strong>Wilkii</strong></span> 
     </span>
    </p>
   </div>
   <div class='ocr_carea' id='block_1_64' title="bbox 514 4058 1572 4140">
    <p class='ocr_par' dir='ltr' id='par_1_64' title="bbox 514 4058 1572 4140">
     <span class='ocr_line' id='line_1_64' title="bbox 514 4058 1572 4140; baseline -0.007 -22"><span class='ocrx_word' id='word_1_470' title='bbox 514 4062 814 4140; x_wconf 65' lang='lat' dir='ltr'><strong>ultraltunc</strong></span> <span class='ocrx_word' id='word_1_471' title='bbox 843 4058 1189 4140; x_wconf 60' lang='lat' dir='ltr'><strong>versummon</strong></span> <span class='ocrx_word' id='word_1_472' title='bbox 1219 4058 1572 4140; x_wconf 74' lang='lat' dir='ltr'><strong>progreditur.</strong></span> 
     </span>
    </p>
   </div>
   <div class='ocr_carea' id='block_1_65' title="bbox 582 4127 1906 4196">
    <p class='ocr_par' dir='ltr' id='par_1_65' title="bbox 582 4127 1906 4196">
     <span class='ocr_line' id='line_1_65' title="bbox 582 4127 1906 4196; baseline -0.006 -8"><span class='ocrx_word' id='word_1_473' title='bbox 582 4133 707 4188; x_wconf 72' lang='grc'>640.</span> <span class='ocrx_word' id='word_1_474' title='bbox 739 4130 856 4185; x_wconf 88' lang='lat' dir='ltr'><strong>Vat.</strong></span> <span class='ocrx_word' id='word_1_475' title='bbox 886 4131 925 4183; x_wconf 85' lang='lat' dir='ltr'>B</span> <span class='ocrx_word' id='word_1_476' title='bbox 954 4138 1008 4184; x_wconf 87' lang='lat' dir='ltr'><strong>et</strong></span> <span class='ocrx_word' id='word_1_477' title='bbox 1037 4127 1165 4181; x_wconf 88' lang='lat' dir='ltr'><strong>Mar.</strong></span> <span class='ocrx_word' id='word_1_478' title='bbox 1194 4142 1222 4180; x_wconf 89' lang='lat' dir='ltr'><strong>a</strong></span> <span class='ocrx_word' id='word_1_479' title='bbox 1256 4127 1427 4196; x_wconf 83' lang='lat' dir='ltr'><strong>prisca</strong></span> <span class='ocrx_word' id='word_1_480' title='bbox 1459 4144 1638 4192; x_wconf 87' lang='lat' dir='ltr'><strong>manu,</strong></span> <span class='ocrx_word' id='word_1_481' title='bbox 1672 4129 1906 4196; x_wconf 70' lang='lat' dir='ltr'><strong>fortuitu.</strong></span> 
     </span>
    </p>
   </div>
   <div class='ocr_carea' id='block_1_66' title="bbox 585 4197 2082 4270">
    <p class='ocr_par' dir='ltr' id='par_1_66' title="bbox 585 4197 2082 4270">
     <span class='ocr_line' id='line_1_66' title="bbox 585 4197 2082 4270; baseline -0.003 -13"><span class='ocrx_word' id='word_1_482' title='bbox 585 4203 710 4258; x_wconf 76' lang='grc'>649.</span> <span class='ocrx_word' id='word_1_483' title='bbox 746 4201 923 4270; x_wconf 84' lang='lat' dir='ltr'><strong>Egm.,</strong></span> <span class='ocrx_word' id='word_1_484' title='bbox 952 4208 1008 4270; x_wconf 83' lang='lat' dir='ltr'><strong>et</strong></span> <span class='ocrx_word' id='word_1_485' title='bbox 1026 4198 1170 4270; x_wconf 80' lang='lat' dir='ltr'><strong>_Pal.,</strong></span> <span class='ocrx_word' id='word_1_486' title='bbox 1194 4197 1466 4264; x_wconf 79' lang='lat' dir='ltr'><strong>facturum.</strong></span> <span class='ocrx_word' id='word_1_487' title='bbox 1493 4198 1568 4252; x_wconf 92' lang='lat' dir='ltr'><strong>De</strong></span> <span class='ocrx_word' id='word_1_488' title='bbox 1590 4199 1860 4253; x_wconf 86' lang='lat' dir='ltr'><strong>miraculis</strong></span> <span class='ocrx_word' id='word_1_489' title='bbox 1882 4198 2082 4253; x_wconf 86' lang='lat' dir='ltr'><strong>Christi</strong></span> 
     </span>
    </p>
   </div>
   <div class='ocr_carea' id='block_1_67' title="bbox 515 4266 1169 4341">
    <p class='ocr_par' dir='ltr' id='par_1_67' title="bbox 515 4266 1169 4341">
     <span class='ocr_line' id='line_1_67' title="bbox 515 4266 1169 4341; baseline -0.011 -16"><span class='ocrx_word' id='word_1_490' title='bbox 515 4273 637 4326; x_wconf 82' lang='lat' dir='ltr'><strong>vide</strong></span> <span class='ocrx_word' id='word_1_491' title='bbox 666 4266 925 4341; x_wconf 11' lang='lat' dir='ltr'><strong>hymnum,</strong></span> <span class='ocrx_word' id='word_1_492' title='bbox 952 4268 984 4323; x_wconf 92' lang='lat'><strong>9</strong></span> <span class='ocrx_word' id='word_1_493' title='bbox 1014 4266 1169 4341; x_wconf 75' lang='lat' dir='ltr'><strong>Call).</strong></span> 
     </span>
    </p>
   </div>
   <div class='ocr_carea' id='block_1_68' title="bbox 581 4336 2081 4409">
    <p class='ocr_par' dir='ltr' id='par_1_68' title="bbox 581 4336 2081 4409">
     <span class='ocr_line' id='line_1_68' title="bbox 581 4336 2081 4409; baseline -0.003 -12"><span class='ocrx_word' id='word_1_494' title='bbox 581 4336 719 4397; x_wconf 77' lang='grc' dir='ltr'>65οζ</span> <span class='ocrx_word' id='word_1_495' title='bbox 740 4342 794 4394; x_wconf 91' lang='lat' dir='ltr'><strong>In</strong></span> <span class='ocrx_word' id='word_1_496' title='bbox 823 4337 1140 4409; x_wconf 86' lang='lat' dir='ltr'><strong>quibusdam</strong></span> <span class='ocrx_word' id='word_1_497' title='bbox 1162 4336 1353 4409; x_wconf 84' lang='lat' dir='ltr'><strong>__vulg.,</strong></span> <span class='ocrx_word' id='word_1_498' title='bbox 1384 4346 1678 4404; x_wconf 86' lang='lat' dir='ltr'><strong>mutescere,</strong></span> <span class='ocrx_word' id='word_1_499' title='bbox 1709 4336 1850 4392; x_wconf 87' lang='lat' dir='ltr'><strong>haud</strong></span> <span class='ocrx_word' id='word_1_500' title='bbox 1878 4336 2081 4406; x_wconf 88' lang='lat' dir='ltr'><strong>inepte.</strong></span> 
     </span>
    </p>
   </div>
   <div class='ocr_carea' id='block_1_69' title="bbox 512 4405 1600 4472">
    <p class='ocr_par' dir='ltr' id='par_1_69' title="bbox 512 4405 1600 4472">
     <span class='ocr_line' id='line_1_69' title="bbox 512 4405 1600 4472; baseline -0.006 -6"><span class='ocrx_word' id='word_1_501' title='bbox 512 4413 648 4467; x_wconf 89' lang='lat' dir='ltr'><strong>qura</strong></span> <span class='ocrx_word' id='word_1_502' title='bbox 679 4424 819 4466; x_wconf 89' lang='lat' dir='ltr'><strong>vers.</strong></span> <span class='ocrx_word' id='word_1_503' title='bbox 841 4405 977 4472; x_wconf 77' lang='lat'><strong>658,</strong></span> <span class='ocrx_word' id='word_1_504' title='bbox 1010 4409 1097 4472; x_wconf 86' lang='lat' dir='ltr'><strong>ite,</strong></span> <span class='ocrx_word' id='word_1_505' title='bbox 1129 4405 1273 4460; x_wconf 83' lang='lat' dir='ltr'><strong>silete</strong></span> <span class='ocrx_word' id='word_1_506' title='bbox 1293 4405 1600 4461; x_wconf 77' lang='lat' dir='ltr'><strong>carceribus.</strong></span> 
     </span>
    </p>
   </div>
   <div class='ocr_carea' id='block_1_70' title="bbox 2187 3778 3774 3849">
    <p class='ocr_par' dir='ltr' id='par_1_70' title="bbox 2187 3778 3774 3849">
     <span class='ocr_line' id='line_1_70' title="bbox 2187 3778 3774 3849; baseline -0.001 -15"><span class='ocrx_word' id='word_1_507' title='bbox 2187 3780 2465 3849; x_wconf 71' lang='lat' dir='ltr'><strong>Ilepugnat</strong></span> <span class='ocrx_word' id='word_1_508' title='bbox 2490 3792 2640 3834; x_wconf 89' lang='lat' dir='ltr'><strong>mens</strong></span> <span class='ocrx_word' id='word_1_509' title='bbox 2664 3787 2856 3849; x_wconf 71' lang='lat' dir='ltr'><strong>poetae,</strong></span> <span class='ocrx_word' id='word_1_510' title='bbox 2886 3787 2943 3835; x_wconf 87' lang='lat' dir='ltr'><strong>et</strong></span> <span class='ocrx_word' id='word_1_511' title='bbox 2967 3780 3107 3849; x_wconf 93' lang='lat' dir='ltr'><strong>quod</strong></span> <span class='ocrx_word' id='word_1_512' title='bbox 3137 3779 3304 3843; x_wconf 83' lang='lat' dir='ltr'><strong>addit,</strong></span> <span class='ocrx_word' id='word_1_513' title='bbox 3335 3778 3436 3833; x_wconf 87' lang='lat' dir='ltr'><strong>Ore</strong></span> <span class='ocrx_word' id='word_1_514' title='bbox 3472 3784 3774 3849; x_wconf 77' lang='lat' dir='ltr'><strong>superfusus</strong></span> 
     </span>
    </p>
   </div>
   <div class='ocr_carea' id='block_1_71' title="bbox 2186 3848 3772 3921">
    <p class='ocr_par' dir='ltr' id='par_1_71' title="bbox 2186 3848 3772 3921">
     <span class='ocr_line' id='line_1_71' title="bbox 2186 3848 3772 3921; baseline 0.003 -19"><span class='ocrx_word' id='word_1_515' title='bbox 2186 3848 2374 3919; x_wconf 81' lang='lat' dir='ltr'><strong>patrio.</strong></span> <span class='ocrx_word' id='word_1_516' title='bbox 2419 3848 2475 3903; x_wconf 92' lang='lat' dir='ltr'><strong>Id</strong></span> <span class='ocrx_word' id='word_1_517' title='bbox 2506 3848 2673 3904; x_wconf 86' lang='lat' dir='ltr'><strong>enim</strong></span> <span class='ocrx_word' id='word_1_518' title='bbox 2697 3849 2833 3903; x_wconf 56' lang='lat' dir='ltr'><strong>Fizio</strong></span> <span class='ocrx_word' id='word_1_519' title='bbox 2860 3848 3129 3904; x_wconf 78' lang='lat' dir='ltr'><strong>convenit.</strong></span> <span class='ocrx_word' id='word_1_520' title='bbox 3176 3849 3232 3904; x_wconf 90' lang='lat' dir='ltr'><strong>In</strong></span> <span class='ocrx_word' id='word_1_521' title='bbox 3272 3851 3427 3921; x_wconf 84' lang='lat' dir='ltr'><strong>Egm.</strong></span> <span class='ocrx_word' id='word_1_522' title='bbox 3477 3864 3508 3903; x_wconf 90' lang='lat' dir='ltr'><strong>a</strong></span> <span class='ocrx_word' id='word_1_523' title='bbox 3540 3848 3772 3907; x_wconf 77' lang='lat' dir='ltr'><strong>secmtda</strong></span> 
     </span>
    </p>
   </div>
   <div class='ocr_carea' id='block_1_72' title="bbox 2186 3921 3080 3989">
    <p class='ocr_par' dir='ltr' id='par_1_72' title="bbox 2186 3921 3080 3989">
     <span class='ocr_line' id='line_1_72' title="bbox 2186 3921 3080 3989; baseline -0.001 -14"><span class='ocrx_word' id='word_1_524' title='bbox 2186 3935 2368 3983; x_wconf 87' lang='lat' dir='ltr'><strong>manu,</strong></span> <span class='ocrx_word' id='word_1_525' title='bbox 2397 3921 2478 3973; x_wconf 84' lang='lat' dir='ltr'><strong>cui</strong></span> <span class='ocrx_word' id='word_1_526' title='bbox 2512 3921 2743 3989; x_wconf 83' lang='lat' dir='ltr'><strong>spiritus,</strong></span> <span class='ocrx_word' id='word_1_527' title='bbox 2779 3934 2883 3973; x_wconf 89' lang='lat' dir='ltr'><strong>non</strong></span> <span class='ocrx_word' id='word_1_528' title='bbox 2914 3929 3080 3975; x_wconf 91' lang='lat' dir='ltr'><strong>recte.</strong></span> 
     </span>
    </p>
   </div>
   <div class='ocr_carea' id='block_1_73' title="bbox 2254 3989 3472 4058">
    <p class='ocr_par' dir='ltr' id='par_1_73' title="bbox 2254 3989 3472 4058">
     <span class='ocr_line' id='line_1_73' title="bbox 2254 3989 3472 4058; baseline 0.002 -15"><span class='ocrx_word' id='word_1_529' title='bbox 2254 3990 2375 4044; x_wconf 75' lang='grc'>668.</span> <span class='ocrx_word' id='word_1_530' title='bbox 2410 3989 2595 4054; x_wconf 84' lang='lat' dir='ltr'><strong>Fabr.,</strong></span> <span class='ocrx_word' id='word_1_531' title='bbox 2630 4004 2932 4058; x_wconf 90' lang='lat' dir='ltr'><strong>perperam,</strong></span> <span class='ocrx_word' id='word_1_532' title='bbox 2961 3990 3189 4043; x_wconf 82' lang='lat' dir='ltr'><strong>uolitabit</strong></span> <span class='ocrx_word' id='word_1_533' title='bbox 3216 3990 3270 4045; x_wconf 89' lang='lat' dir='ltr'><strong>in</strong></span> <span class='ocrx_word' id='word_1_534' title='bbox 3300 3991 3472 4045; x_wconf 87' lang='lat' dir='ltr'><strong>undis.</strong></span> 
     </span>
    </p>
   </div>
   <div class='ocr_carea' id='block_1_74' title="bbox 2256 4059 3771 4125">
    <p class='ocr_par' dir='ltr' id='par_1_74' title="bbox 2256 4059 3771 4125">
     <span class='ocr_line' id='line_1_74' title="bbox 2256 4059 3771 4125; baseline 0.003 -11"><span class='ocrx_word' id='word_1_535' title='bbox 2256 4060 2381 4115; x_wconf 88' lang='lat'><strong>669.</strong></span> <span class='ocrx_word' id='word_1_536' title='bbox 2415 4059 2470 4114; x_wconf 86' lang='lat' dir='ltr'><strong>lu</strong></span> <span class='ocrx_word' id='word_1_537' title='bbox 2502 4060 2616 4114; x_wconf 86' lang='lat' dir='ltr'><strong>Vat.</strong></span> <span class='ocrx_word' id='word_1_538' title='bbox 2649 4060 2690 4113; x_wconf 82' lang='grc' dir='ltr'><strong>Β</strong></span> <span class='ocrx_word' id='word_1_539' title='bbox 2716 4069 2833 4113; x_wconf 85' lang='lat' dir='ltr'><strong>erat</strong></span> <span class='ocrx_word' id='word_1_540' title='bbox 2867 4060 3032 4125; x_wconf 64' lang='lat' dir='ltr'><strong>aliud,</strong></span> <span class='ocrx_word' id='word_1_541' title='bbox 3065 4060 3157 4115; x_wconf 89' lang='lat' dir='ltr'><strong>sed</strong></span> <span class='ocrx_word' id='word_1_542' title='bbox 3190 4061 3387 4115; x_wconf 89' lang='lat' dir='ltr'><strong>factum</strong></span> <span class='ocrx_word' id='word_1_543' title='bbox 3414 4070 3550 4116; x_wconf 86' lang='lat' dir='ltr'><strong>certo</strong></span> <span class='ocrx_word' id='word_1_544' title='bbox 3572 4063 3771 4119; x_wconf 86' lang='lat' dir='ltr'><strong>recenti</strong></span> 
     </span>
    </p>
   </div>
   <div class='ocr_carea' id='block_1_75' title="bbox 2186 4129 3413 4196">
    <p class='ocr_par' dir='ltr' id='par_1_75' title="bbox 2186 4129 3413 4196">
     <span class='ocr_line' id='line_1_75' title="bbox 2186 4129 3413 4196; baseline 0.002 -13"><span class='ocrx_word' id='word_1_545' title='bbox 2186 4144 2370 4183; x_wconf 86' lang='lat' dir='ltr'><strong>manu.</strong></span> <span class='ocrx_word' id='word_1_546' title='bbox 2403 4130 2458 4184; x_wconf 92' lang='lat' dir='ltr'><strong>In</strong></span> <span class='ocrx_word' id='word_1_547' title='bbox 2488 4129 2631 4196; x_wconf 82' lang='lat' dir='ltr'><strong>Rot.,</strong></span> <span class='ocrx_word' id='word_1_548' title='bbox 2665 4136 2720 4183; x_wconf 87' lang='lat' dir='ltr'><strong>et</strong></span> <span class='ocrx_word' id='word_1_549' title='bbox 2740 4143 2846 4183; x_wconf 92' lang='lat' dir='ltr'><strong>uno</strong></span> <span class='ocrx_word' id='word_1_550' title='bbox 2868 4131 3048 4196; x_wconf 89' lang='lat' dir='ltr'><strong>Torr.,</strong></span> <span class='ocrx_word' id='word_1_551' title='bbox 3071 4141 3205 4183; x_wconf 88' lang='lat' dir='ltr'><strong>certo</strong></span> <span class='ocrx_word' id='word_1_552' title='bbox 3233 4129 3413 4186; x_wconf 87' lang='lat' dir='ltr'><strong>limite.</strong></span> 
     </span>
    </p>
   </div>
   <div class='ocr_carea' id='block_1_76' title="bbox 2258 4198 3223 4267">
    <p class='ocr_par' dir='ltr' id='par_1_76' title="bbox 2258 4198 3223 4267">
     <span class='ocr_line' id='line_1_76' title="bbox 2258 4198 3223 4267; baseline 0.001 -14"><span class='ocrx_word' id='word_1_553' title='bbox 2258 4201 2384 4255; x_wconf 91' lang='grc'>670.</span> <span class='ocrx_word' id='word_1_554' title='bbox 2418 4198 2594 4265; x_wconf 90' lang='lat' dir='ltr'><strong>Sich.,</strong></span> <span class='ocrx_word' id='word_1_555' title='bbox 2626 4199 2784 4263; x_wconf 89' lang='lat' dir='ltr'><strong>male,</strong></span> <span class='ocrx_word' id='word_1_556' title='bbox 2815 4216 2914 4253; x_wconf 71' lang='lat' dir='ltr'><strong>axe</strong></span> <span class='ocrx_word' id='word_1_557' title='bbox 2940 4215 3035 4267; x_wconf 88' lang='lat' dir='ltr'><strong>pro</strong></span> <span class='ocrx_word' id='word_1_558' title='bbox 3063 4217 3121 4253; x_wconf 83' lang='lat' dir='ltr'><strong>ac</strong></span> <span class='ocrx_word' id='word_1_559' title='bbox 3150 4216 3223 4254; x_wconf 89' lang='lat' dir='ltr'><strong>se.</strong></span> 
     </span>
    </p>
   </div>
   <div class='ocr_carea' id='block_1_77' title="bbox 2257 4269 3200 4331">
    <p class='ocr_par' dir='ltr' id='par_1_77' title="bbox 2257 4269 3200 4331">
     <span class='ocr_line' id='line_1_77' title="bbox 2257 4269 3200 4331; baseline -0.002 -7"><span class='ocrx_word' id='word_1_560' title='bbox 2257 4271 2383 4325; x_wconf 88' lang='grc'>671.</span> <span class='ocrx_word' id='word_1_561' title='bbox 2420 4271 2536 4323; x_wconf 85' lang='lat' dir='ltr'><strong>Vat.</strong></span> <span class='ocrx_word' id='word_1_562' title='bbox 2571 4274 2637 4331; x_wconf 77' lang='grc' dir='ltr'><strong>Α,</strong></span> <span class='ocrx_word' id='word_1_563' title='bbox 2665 4269 2935 4324; x_wconf 73' lang='lat' dir='ltr'><strong>obstrinxit</strong></span> <span class='ocrx_word' id='word_1_564' title='bbox 2961 4271 3030 4322; x_wconf 88' lang='lat' dir='ltr'><strong>ad</strong></span> <span class='ocrx_word' id='word_1_565' title='bbox 3062 4286 3200 4324; x_wconf 84' lang='lat' dir='ltr'><strong>usus.</strong></span> 
     </span>
    </p>
   </div>
   <div class='ocr_carea' id='block_1_78' title="bbox 2259 4338 3767 4409">
    <p class='ocr_par' dir='ltr' id='par_1_78' title="bbox 2259 4338 3767 4409">
     <span class='ocr_line' id='line_1_78' title="bbox 2259 4338 3767 4409; baseline -0.001 -16"><span class='ocrx_word' id='word_1_566' title='bbox 2259 4340 2384 4395; x_wconf 80' lang='grc'>675.</span> <span class='ocrx_word' id='word_1_567' title='bbox 2425 4340 2715 4403; x_wconf 86' lang='lat' dir='ltr'><strong>Giselinus,</strong></span> <span class='ocrx_word' id='word_1_568' title='bbox 2743 4340 2985 4409; x_wconf 80' lang='lat' dir='ltr'><strong>quamvis</strong></span> <span class='ocrx_word' id='word_1_569' title='bbox 3019 4340 3069 4392; x_wconf 91' lang='lat' dir='ltr'><strong>in</strong></span> <span class='ocrx_word' id='word_1_570' title='bbox 3098 4353 3226 4393; x_wconf 65' lang='lat' dir='ltr'><strong>mss.</strong></span> <span class='ocrx_word' id='word_1_571' title='bbox 3252 4349 3305 4395; x_wconf 90' lang='lat' dir='ltr'><strong>et</strong></span> <span class='ocrx_word' id='word_1_572' title='bbox 3330 4338 3449 4394; x_wconf 87' lang='lat' dir='ltr'><strong>edd.</strong></span> <span class='ocrx_word' id='word_1_573' title='bbox 3483 4341 3642 4394; x_wconf 88' lang='lat' dir='ltr'><strong>aliter</strong></span> <span class='ocrx_word' id='word_1_574' title='bbox 3672 4341 3767 4394; x_wconf 79' lang='lat' dir='ltr'><strong>hos</strong></span> 
     </span>
    </p>
   </div>
   <div class='ocr_carea' id='block_1_79' title="bbox 2185 4409 3768 4477">
    <p class='ocr_par' dir='ltr' id='par_1_79' title="bbox 2185 4409 3768 4477">
     <span class='ocr_line' id='line_1_79' title="bbox 2185 4409 3768 4477; baseline 0.004 -17"><span class='ocrx_word' id='word_1_575' title='bbox 2185 4422 2373 4463; x_wconf 81' lang='lat' dir='ltr'><strong>versus</strong></span> <span class='ocrx_word' id='word_1_576' title='bbox 2423 4421 2473 4464; x_wconf 93' lang='lat' dir='ltr'><strong>et</strong></span> <span class='ocrx_word' id='word_1_577' title='bbox 2519 4410 2747 4475; x_wconf 86' lang='lat' dir='ltr'><strong>scriptos</strong></span> <span class='ocrx_word' id='word_1_578' title='bbox 2797 4419 2852 4463; x_wconf 87' lang='lat' dir='ltr'><strong>et</strong></span> <span class='ocrx_word' id='word_1_579' title='bbox 2893 4409 3259 4477; x_wconf 81' lang='lat' dir='ltr'><strong>interpunctas</strong></span> <span class='ocrx_word' id='word_1_580' title='bbox 3290 4411 3540 4474; x_wconf 84' lang='lat' dir='ltr'><strong>vidisset,</strong></span> <span class='ocrx_word' id='word_1_581' title='bbox 3583 4426 3675 4466; x_wconf 89' lang='lat' dir='ltr'><strong>eos</strong></span> <span class='ocrx_word' id='word_1_582' title='bbox 3705 4411 3768 4466; x_wconf 88' lang='lat' dir='ltr'><strong>ad</strong></span> 
     </span>
    </p>
   </div>
   <div class='ocr_carea' id='block_1_80' title="bbox 581 4456 3765 4548">
    <p class='ocr_par' dir='ltr' id='par_1_80' title="bbox 581 4456 3765 4548">
     <span class='ocr_line' id='line_1_80' title="bbox 581 4456 3765 4548; baseline -0.002 -11"><span class='ocrx_word' id='word_1_583' title='bbox 581 4456 1097 4548; x_wconf 57' lang='grc' dir='ltr'><strong>ὃέθζᾞᾙηᾷἷξὶίρἷῖ</strong></span> <span class='ocrx_word' id='word_1_584' title='bbox 1118 4456 1401 4539; x_wconf 49' lang='lat' dir='ltr'><strong>esse.</strong></span> <span class='ocrx_word' id='word_1_585' title='bbox 1418 4456 1599 4548; x_wconf 47' lang='lat' dir='ltr'><strong>prim;</strong></span> <span class='ocrx_word' id='word_1_586' title='bbox 1621 4489 1801 4548; x_wconf 79' lang='lat' dir='ltr'><strong>manu,</strong></span> <span class='ocrx_word' id='word_1_587' title='bbox 1822 4476 2081 4548; x_wconf 86' lang='lat' dir='ltr'><strong>et._Aldus</strong></span> <span class='ocrx_word' id='word_1_588' title='bbox 2108 4456 2164 4518; x_wconf 81' lang='lat' dir='ltr'><strong>D</strong></span> <span class='ocrx_word' id='word_1_589' title='bbox 2188 4456 2852 4543; x_wconf 62' lang='lat' dir='ltr'><strong>ti...‘.“;n.‘.i..;.;&#39;.&#39;5;;é.a&#39;.;</strong></span> <span class='ocrx_word' id='word_1_590' title='bbox 2871 4456 3765 4543; x_wconf 40' lang='lat' dir='ltr'><strong>.i.&quot;nauseantis}?tristi;</strong></span> 
     </span>
    </p>
   </div>
   <div class='ocr_carea' id='block_1_81' title="bbox 513 4545 2086 4633">
    <p class='ocr_par' dir='ltr' id='par_1_81' title="bbox 513 4545 2086 4633">
     <span class='ocr_line' id='line_1_81' title="bbox 513 4545 2086 4633; baseline -0.003 -28"><span class='ocrx_word' id='word_1_591' title='bbox 513 4561 566 4633; x_wconf 76' lang='lat' dir='ltr'><strong>et</strong></span> <span class='ocrx_word' id='word_1_592' title='bbox 607 4550 766 4605; x_wconf 89' lang='lat' dir='ltr'><strong>Fabr.</strong></span> <span class='ocrx_word' id='word_1_593' title='bbox 795 4545 934 4633; x_wconf 59' lang='lat' dir='ltr'><strong>apud</strong></span> <span class='ocrx_word' id='word_1_594' title='bbox 964 4546 1273 4613; x_wconf 85' lang='lat' dir='ltr'><strong>Weitzium,</strong></span> <span class='ocrx_word' id='word_1_595' title='bbox 1307 4552 1393 4611; x_wconf 86' lang='lat' dir='ltr'><strong>et;</strong></span> <span class='ocrx_word' id='word_1_596' title='bbox 1437 4546 1567 4600; x_wconf 91' lang='lat' dir='ltr'><strong>mihi</strong></span> <span class='ocrx_word' id='word_1_597' title='bbox 1596 4545 1785 4616; x_wconf 86' lang='lat' dir='ltr'><strong>Aldus,</strong></span> <span class='ocrx_word' id='word_1_598' title='bbox 1817 4556 1872 4602; x_wconf 90' lang='lat' dir='ltr'><strong>et</strong></span> <span class='ocrx_word' id='word_1_599' title='bbox 1898 4546 2086 4602; x_wconf 85' lang='lat' dir='ltr'><strong>Fabri-</strong></span> 
     </span>
    </p>
   </div>
   <div class='ocr_carea' id='block_1_82' title="bbox 512 4619 2081 4766">
    <p class='ocr_par' dir='ltr' id='par_1_82' title="bbox 512 4619 2081 4766">
     <span class='ocr_line' id='line_1_82' title="bbox 512 4619 1057 4677; baseline -0.007 -2"><span class='ocrx_word' id='word_1_600' title='bbox 512 4623 626 4676; x_wconf 88' lang='lat' dir='ltr'><strong>cius</strong></span> <span class='ocrx_word' id='word_1_601' title='bbox 657 4634 776 4674; x_wconf 92' lang='lat' dir='ltr'><strong>cum</strong></span> <span class='ocrx_word' id='word_1_602' title='bbox 808 4619 945 4677; x_wconf 85' lang='lat' dir='ltr'><strong>aliis.</strong></span> <span class='ocrx_word' id='word_1_603' title='bbox 977 4632 1057 4671; x_wconf 86' lang='lat' dir='ltr'><strong>ac.</strong></span> 
     </span>
     <span class='ocr_line' id='line_1_83' title="bbox 580 4683 2081 4766; baseline 0 0"><span class='ocrx_word' id='word_1_604' title='bbox 580 4690 706 4766; x_wconf 65' lang='grc' dir='ltr'><strong>(ἓξὲο</strong></span> <span class='ocrx_word' id='word_1_605' title='bbox 738 4687 866 4766; x_wconf 53' lang='lat' dir='ltr'><strong>alii.</strong></span> <span class='ocrx_word' id='word_1_606' title='bbox 895 4687 1057 4766; x_wconf 48' lang='lat' dir='ltr'><strong>silete.</strong></span> <span class='ocrx_word' id='word_1_607' title='bbox 1088 4683 1389 4766; x_wconf 66' lang='grc' dir='ltr'><strong>ειέῖεετίριιεν</strong></span> <span class='ocrx_word' id='word_1_608' title='bbox 1420 4694 1525 4739; x_wconf 76' lang='grc' dir='ltr'><strong>ειοο</strong></span> <span class='ocrx_word' id='word_1_609' title='bbox 1545 4754 1602 4766; x_wconf 81' lang='lat'><strong>-.</strong></span> <span class='ocrx_word' id='word_1_610' title='bbox 1820 4756 1831 4766; x_wconf 96' lang='lat'><strong>.</strong></span> <span class='ocrx_word' id='word_1_611' title='bbox 2078 4758 2081 4759; x_wconf 31' lang='grc' dir='ltr'><em>κ</em></span> 
     </span>
    </p>
   </div>
   <div class='ocr_carea' id='block_1_83' title="bbox 582 4754 2087 4827">
    <p class='ocr_par' dir='ltr' id='par_1_83' title="bbox 582 4754 2087 4827">
     <span class='ocr_line' id='line_1_84' title="bbox 582 4754 2087 4827; baseline 0 -14"><span class='ocrx_word' id='word_1_612' title='bbox 582 4759 707 4814; x_wconf 75' lang='lat'><strong>662.</strong></span> <span class='ocrx_word' id='word_1_613' title='bbox 754 4758 899 4826; x_wconf 87' lang='lat' dir='ltr'><strong>Virg.</strong></span> <span class='ocrx_word' id='word_1_614' title='bbox 930 4755 1024 4809; x_wconf 81' lang='lat' dir='ltr'><strong>ltb.</strong></span> <span class='ocrx_word' id='word_1_615' title='bbox 1056 4754 1338 4816; x_wconf 65' lang='lat' dir='ltr'><strong>tEneid.,</strong></span> <span class='ocrx_word' id='word_1_616' title='bbox 1368 4769 1512 4810; x_wconf 88' lang='lat' dir='ltr'><strong>vers.</strong></span> <span class='ocrx_word' id='word_1_617' title='bbox 1542 4754 1609 4812; x_wconf 71' lang='grc'>84</span> <span class='ocrx_word' id='word_1_618' title='bbox 1643 4773 1655 4810; x_wconf 91' lang='lat'><strong>:</strong></span> <span class='ocrx_word' id='word_1_619' title='bbox 1686 4754 2087 4827; x_wconf 81' lang='lat' dir='ltr'><strong>Nimboruntque</strong></span> 
     </span>
    </p>
   </div>
   <div class='ocr_carea' id='block_1_84' title="bbox 512 4830 1426 4900">
    <p class='ocr_par' dir='ltr' id='par_1_84' title="bbox 512 4830 1426 4900">
     <span class='ocr_line' id='line_1_85' title="bbox 512 4830 1426 4900; baseline -0.004 -19"><span class='ocrx_word' id='word_1_620' title='bbox 512 4830 678 4900; x_wconf 49' lang='grc' dir='ltr'><strong>[αι-ἕξζ</strong></span> <span class='ocrx_word' id='word_1_621' title='bbox 686 4836 1131 4900; x_wconf 63' lang='lat' dir='ltr'><strong>tempestatumque</strong></span> <span class='ocrx_word' id='word_1_622' title='bbox 1160 4833 1426 4895; x_wconf 89' lang='lat' dir='ltr'><strong>potentem.</strong></span> 
     </span>
    </p>
   </div>
   <div class='ocr_carea' id='block_1_85' title="bbox 580 4894 2088 4961">
    <p class='ocr_par' dir='ltr' id='par_1_85' title="bbox 580 4894 2088 4961">
     <span class='ocr_line' id='line_1_86' title="bbox 580 4894 2088 4961; baseline -0.002 -8"><span class='ocrx_word' id='word_1_623' title='bbox 580 4897 705 4953; x_wconf 73' lang='lat'><strong>665.</strong></span> <span class='ocrx_word' id='word_1_624' title='bbox 744 4894 891 4958; x_wconf 57' lang='lat' dir='ltr'><strong>Rau,</strong></span> <span class='ocrx_word' id='word_1_625' title='bbox 915 4895 1104 4947; x_wconf 86' lang='lat' dir='ltr'><strong>ridenti</strong></span> <span class='ocrx_word' id='word_1_626' title='bbox 1131 4910 1150 4947; x_wconf 91' lang='lat'><strong><em>:</em></strong></span> <span class='ocrx_word' id='word_1_627' title='bbox 1181 4903 1407 4948; x_wconf 91' lang='lat' dir='ltr'><strong>metrum</strong></span> <span class='ocrx_word' id='word_1_628' title='bbox 1436 4894 1597 4961; x_wconf 73' lang='lat' dir='ltr'><strong>exigit</strong></span> <span class='ocrx_word' id='word_1_629' title='bbox 1627 4896 1840 4949; x_wconf 85' lang='lat' dir='ltr'><strong>ridente.</strong></span> <span class='ocrx_word' id='word_1_630' title='bbox 1879 4894 2088 4950; x_wconf 85' lang='lat' dir='ltr'><strong>Verrere</strong></span> 
     </span>
    </p>
   </div>
   <div class='ocr_carea' id='block_1_86' title="bbox 510 4963 2086 5046">
    <p class='ocr_par' dir='ltr' id='par_1_86' title="bbox 510 4963 2086 5046">
     <span class='ocr_line' id='line_1_87' title="bbox 510 4963 2086 5046; baseline -0.003 -24"><span class='ocrx_word' id='word_1_631' title='bbox 510 4982 678 5033; x_wconf 88' lang='lat' dir='ltr'><strong>mare,</strong></span> <span class='ocrx_word' id='word_1_632' title='bbox 707 4965 925 5030; x_wconf 69' lang='lat' dir='ltr'><strong>malum,</strong></span> <span class='ocrx_word' id='word_1_633' title='bbox 948 4963 1127 5045; x_wconf 80' lang='lat' dir='ltr'><strong>nubila</strong></span> <span class='ocrx_word' id='word_1_634' title='bbox 1152 4965 1287 5030; x_wconf 88' lang='lat' dir='ltr'><strong>apud</strong></span> <span class='ocrx_word' id='word_1_635' title='bbox 1317 4963 1643 5046; x_wconf 64' lang='lat' dir='ltr'><strong>Lucretium,</strong></span> <span class='ocrx_word' id='word_1_636' title='bbox 1668 4965 1970 5034; x_wconf 87' lang='lat' dir='ltr'><strong>Virgilium,</strong></span> <span class='ocrx_word' id='word_1_637' title='bbox 2000 4965 2086 5021; x_wconf 76' lang='grc' dir='ltr'><strong>ϐι-</strong></span> 
     </span>
    </p>
   </div>
   <div class='ocr_carea' id='block_1_87' title="bbox 510 5042 1728 5131">
    <p class='ocr_par' dir='ltr' id='par_1_87' title="bbox 510 5042 1728 5131">
     <span class='ocr_line' id='line_1_88' title="bbox 510 5042 1728 5131; baseline -0.005 -38"><span class='ocrx_word' id='word_1_638' title='bbox 510 5050 791 5131; x_wconf 46' lang='lat' dir='ltr'><strong>ceggnem&#39;,‘</strong></span> <span class='ocrx_word' id='word_1_639' title='bbox 811 5043 865 5131; x_wconf 63' lang='grc' dir='ltr'><strong>(ξι</strong></span> <span class='ocrx_word' id='word_1_640' title='bbox 894 5042 1390 5131; x_wconf 45' lang='lat' dir='ltr'><strong>Opt&#39;imos&#39;quosqu&#39;e</strong></span> <span class='ocrx_word' id='word_1_641' title='bbox 1420 5042 1728 5114; x_wconf 76' lang='lat' dir='ltr'><strong>scriptores.</strong></span> 
     </span>
    </p>
   </div>
   <div class='ocr_carea' id='block_1_88' title="bbox 578 5104 2089 5243">
    <p class='ocr_par' dir='ltr' id='par_1_88' title="bbox 578 5104 2089 5243">
     <span class='ocr_line' id='line_1_89' title="bbox 580 5104 1518 5184; baseline -0.006 -22"><span class='ocrx_word' id='word_1_642' title='bbox 580 5106 709 5162; x_wconf 70' lang='grc'>664.</span> <span class='ocrx_word' id='word_1_643' title='bbox 752 5105 889 5168; x_wconf 83' lang='lat' dir='ltr'><strong>PaL,</strong></span> <span class='ocrx_word' id='word_1_644' title='bbox 918 5104 1137 5158; x_wconf 85' lang='lat' dir='ltr'><strong>calcaret</strong></span> <span class='ocrx_word' id='word_1_645' title='bbox 1164 5118 1262 5184; x_wconf 82' lang='lat' dir='ltr'><strong>pro</strong></span> <span class='ocrx_word' id='word_1_646' title='bbox 1288 5104 1518 5156; x_wconf 87' lang='lat' dir='ltr'><strong>calcarit.</strong></span> 
     </span>
     <span class='ocr_line' id='line_1_90' title="bbox 578 5172 2089 5243; baseline -0.003 -11"><span class='ocrx_word' id='word_1_647' title='bbox 578 5176 706 5232; x_wconf 88' lang='lat'><strong>666.</strong></span> <span class='ocrx_word' id='word_1_648' title='bbox 749 5175 877 5231; x_wconf 88' lang='lat' dir='ltr'><strong>Sola</strong></span> <span class='ocrx_word' id='word_1_649' title='bbox 898 5188 995 5243; x_wconf 89' lang='lat' dir='ltr'><strong>pro</strong></span> <span class='ocrx_word' id='word_1_650' title='bbox 1016 5174 1213 5227; x_wconf 79' lang='lat' dir='ltr'><strong>inlimis</strong></span> <span class='ocrx_word' id='word_1_651' title='bbox 1236 5173 1428 5243; x_wconf 84' lang='lat' dir='ltr'><strong>pedum</strong></span> <span class='ocrx_word' id='word_1_652' title='bbox 1457 5172 1649 5243; x_wconf 89' lang='lat' dir='ltr'><strong>plantis</strong></span> <span class='ocrx_word' id='word_1_653' title='bbox 1675 5190 1686 5226; x_wconf 89' lang='lat'><strong>:</strong></span> <span class='ocrx_word' id='word_1_654' title='bbox 1714 5173 1853 5242; x_wconf 89' lang='lat' dir='ltr'><strong>quod</strong></span> <span class='ocrx_word' id='word_1_655' title='bbox 1882 5187 1984 5227; x_wconf 92' lang='lat' dir='ltr'><strong>non</strong></span> <span class='ocrx_word' id='word_1_656' title='bbox 2008 5173 2089 5228; x_wconf 86' lang='lat' dir='ltr'><strong>in-</strong></span> 
     </span>
    </p>
   </div>
   <div class='ocr_carea' id='block_1_89' title="bbox 508 5241 2083 5326">
    <p class='ocr_par' dir='ltr' id='par_1_89' title="bbox 508 5241 2083 5326">
     <span class='ocr_line' id='line_1_91' title="bbox 508 5241 2083 5326; baseline -0.001 -26"><span class='ocrx_word' id='word_1_657' title='bbox 508 5241 1125 5326; x_wconf 66' lang='lat' dir='ltr'><strong>tellexisse_F_abricium</strong></span> <span class='ocrx_word' id='word_1_658' title='bbox 1153 5243 1226 5295; x_wconf 87' lang='lat' dir='ltr'><strong>ait</strong></span> <span class='ocrx_word' id='word_1_659' title='bbox 1267 5241 1520 5326; x_wconf 68' lang='lat' dir='ltr'><strong>Darthius</strong></span> <span class='ocrx_word' id='word_1_660' title='bbox 1544 5241 1798 5326; x_wconf 25' lang='lat' dir='ltr'><strong>libus“:</strong></span> <span class='ocrx_word' id='word_1_661' title='bbox 1827 5244 2083 5326; x_wconf 73' lang='lat' dir='ltr'><strong>Advers.,</strong></span> 
     </span>
    </p>
   </div>
   <div class='ocr_carea' id='block_1_90' title="bbox 508 5311 2087 5454">
    <p class='ocr_par' dir='ltr' id='par_1_90' title="bbox 508 5311 2087 5454">
     <span class='ocr_line' id='line_1_92' title="bbox 508 5311 2087 5385; baseline -0.001 -16"><span class='ocrx_word' id='word_1_662' title='bbox 508 5330 628 5385; x_wconf 87' lang='lat' dir='ltr'><strong>cap.</strong></span> <span class='ocrx_word' id='word_1_663' title='bbox 660 5315 745 5370; x_wconf 73' lang='grc'>12.</span> <span class='ocrx_word' id='word_1_664' title='bbox 779 5313 1009 5370; x_wconf 79' lang='lat' dir='ltr'><strong>Fabricii</strong></span> <span class='ocrx_word' id='word_1_665' title='bbox 1043 5312 1410 5380; x_wconf 90' lang='lat' dir='ltr'><strong>interpretatio</strong></span> <span class='ocrx_word' id='word_1_666' title='bbox 1440 5319 1544 5375; x_wconf 88' lang='lat' dir='ltr'><strong>est,</strong></span> <span class='ocrx_word' id='word_1_667' title='bbox 1575 5311 1763 5367; x_wconf 83' lang='lat' dir='ltr'><strong>habens</strong></span> <span class='ocrx_word' id='word_1_668' title='bbox 1803 5315 1894 5365; x_wconf 87' lang='lat' dir='ltr'><strong>sub</strong></span> <span class='ocrx_word' id='word_1_669' title='bbox 1920 5329 1974 5366; x_wconf 88' lang='lat' dir='ltr'><strong>se</strong></span> <span class='ocrx_word' id='word_1_670' title='bbox 2000 5330 2087 5367; x_wconf 83' lang='grc' dir='ltr'><strong>δο-</strong></span> 
     </span>
     <span class='ocr_line' id='line_1_93' title="bbox 508 5381 2085 5454; baseline 0 -16"><span class='ocrx_word' id='word_1_671' title='bbox 508 5388 614 5438; x_wconf 87' lang='lat' dir='ltr'><strong>lum</strong></span> <span class='ocrx_word' id='word_1_672' title='bbox 635 5384 932 5454; x_wconf 79' lang='lat' dir='ltr'><strong>pendulum.</strong></span> <span class='ocrx_word' id='word_1_673' title='bbox 960 5382 1125 5454; x_wconf 82' lang='lat' dir='ltr'><strong>Recte</strong></span> <span class='ocrx_word' id='word_1_674' title='bbox 1143 5381 1446 5454; x_wconf 61' lang='lat' dir='ltr'><strong>egploditur</strong></span> <span class='ocrx_word' id='word_1_675' title='bbox 1464 5397 1493 5435; x_wconf 92' lang='lat' dir='ltr'><strong>a</strong></span> <span class='ocrx_word' id='word_1_676' title='bbox 1518 5381 1756 5454; x_wconf 77' lang='lat' dir='ltr'><strong>Barthio.</strong></span> <span class='ocrx_word' id='word_1_677' title='bbox 1778 5382 1910 5437; x_wconf 91' lang='lat' dir='ltr'><strong>Vide</strong></span> <span class='ocrx_word' id='word_1_678' title='bbox 1930 5382 2085 5454; x_wconf 82' lang='lat' dir='ltr'><strong>hym-</strong></span> 
     </span>
    </p>
   </div>
   <div class='ocr_carea' id='block_1_91' title="bbox 508 5403 2082 5523">
    <p class='ocr_par' dir='ltr' id='par_1_91' title="bbox 508 5403 2082 5523">
     <span class='ocr_line' id='line_1_94' title="bbox 508 5403 2082 5454; baseline 0 -16"><span class='ocrx_word' id='word_1_679' title='bbox 508 5403 614 5438; x_wconf 85' lang='lat' dir='ltr'><strong>tum</strong></span> <span class='ocrx_word' id='word_1_680' title='bbox 635 5403 932 5454; x_wconf 82' lang='lat' dir='ltr'><strong>penautum.</strong></span> <span class='ocrx_word' id='word_1_681' title='bbox 960 5403 1124 5438; x_wconf 71' lang='lat' dir='ltr'><strong>noete</strong></span> <span class='ocrx_word' id='word_1_682' title='bbox 1143 5403 1446 5449; x_wconf 69' lang='grc' dir='ltr'><strong>οιριυαιιυι·</strong></span> <span class='ocrx_word' id='word_1_683' title='bbox 1464 5403 1493 5435; x_wconf 64' lang='grc' dir='ltr'><em>ἃ</em></span> <span class='ocrx_word' id='word_1_684' title='bbox 1519 5403 1756 5437; x_wconf 78' lang='lat' dir='ltr'><strong>Daruuo.</strong></span> <span class='ocrx_word' id='word_1_685' title='bbox 1785 5403 1910 5437; x_wconf 73' lang='lat' dir='ltr'><strong>VIUC</strong></span> <span class='ocrx_word' id='word_1_686' title='bbox 1930 5403 2082 5454; x_wconf 79' lang='lat' dir='ltr'><strong>nym-</strong></span> 
     </span>
     <span class='ocr_line' id='line_1_95' title="bbox 508 5450 2082 5523; baseline 0.001 -16"><span class='ocrx_word' id='word_1_687' title='bbox 508 5470 634 5509; x_wconf 89' lang='lat' dir='ltr'><strong>nnm</strong></span> <span class='ocrx_word' id='word_1_688' title='bbox 664 5456 698 5512; x_wconf 81' lang='lat'><strong>3</strong></span> <span class='ocrx_word' id='word_1_689' title='bbox 727 5453 908 5517; x_wconf 84' lang='lat' dir='ltr'><strong>Cath.,</strong></span> <span class='ocrx_word' id='word_1_690' title='bbox 934 5466 1078 5509; x_wconf 82' lang='lat' dir='ltr'><strong>vers.</strong></span> <span class='ocrx_word' id='word_1_691' title='bbox 1110 5450 1234 5520; x_wconf 70' lang='lat'><strong>129,</strong></span> <span class='ocrx_word' id='word_1_692' title='bbox 1264 5459 1319 5507; x_wconf 91' lang='lat' dir='ltr'><strong>et</strong></span> <span class='ocrx_word' id='word_1_693' title='bbox 1337 5451 1593 5523; x_wconf 82' lang='lat' dir='ltr'><strong>hymnum</strong></span> <span class='ocrx_word' id='word_1_694' title='bbox 1614 5452 1673 5508; x_wconf 92' lang='lat' dir='ltr'><strong>S.</strong></span> <span class='ocrx_word' id='word_1_695' title='bbox 1706 5454 1904 5523; x_wconf 82' lang='lat' dir='ltr'><strong>Agnes,</strong></span> <span class='ocrx_word' id='word_1_696' title='bbox 1940 5467 2082 5509; x_wconf 89' lang='lat' dir='ltr'><strong>vers.</strong></span> 
     </span>
    </p>
   </div>
   <div class='ocr_carea' id='block_1_92' title="bbox 511 5524 2080 5659">
    <p class='ocr_par' dir='ltr' id='par_1_92' title="bbox 511 5524 2080 5659">
     <span class='ocr_line' id='line_1_96' title="bbox 511 5524 2080 5659; baseline 0.048 -85"><span class='ocrx_word' id='word_1_697' title='bbox 511 5524 706 5647; x_wconf 47' lang='lat'><strong>“€67.</strong></span> <span class='ocrx_word' id='word_1_698' title='bbox 753 5590 990 5647; x_wconf 59' lang='lat' dir='ltr'><strong>Verbum</strong></span> <span class='ocrx_word' id='word_1_699' title='bbox 1037 5590 1247 5659; x_wconf 57' lang='grc' dir='ltr'><strong>,μετίωε</strong></span> <span class='ocrx_word' id='word_1_700' title='bbox 1290 5589 1505 5655; x_wconf 85' lang='lat' dir='ltr'><strong>dicitur.</strong></span> <span class='ocrx_word' id='word_1_701' title='bbox 1548 5598 1607 5646; x_wconf 93' lang='lat' dir='ltr'><strong>ut</strong></span> <span class='ocrx_word' id='word_1_702' title='bbox 1651 5600 1804 5647; x_wconf 88' lang='lat' dir='ltr'><strong>antea</strong></span> <span class='ocrx_word' id='word_1_703' title='bbox 1850 5593 2080 5648; x_wconf 88' lang='lat' dir='ltr'><strong>adverti.</strong></span> 
     </span>
    </p>
   </div>
   <div class='ocr_carea' id='block_1_93' title="bbox 511 5659 2083 5728">
    <p class='ocr_par' dir='ltr' id='par_1_93' title="bbox 511 5659 2083 5728">
     <span class='ocr_line' id='line_1_97' title="bbox 511 5659 2083 5728; baseline 0.003 -15"><span class='ocrx_word' id='word_1_704' title='bbox 511 5660 626 5713; x_wconf 75' lang='lat' dir='ltr'><strong>Non</strong></span> <span class='ocrx_word' id='word_1_705' title='bbox 655 5661 914 5716; x_wconf 83' lang='lat' dir='ltr'><strong>assentior</strong></span> <span class='ocrx_word' id='word_1_706' title='bbox 939 5661 1177 5725; x_wconf 76' lang='lat' dir='ltr'><strong>Patavio,</strong></span> <span class='ocrx_word' id='word_1_707' title='bbox 1218 5661 1306 5728; x_wconf 90' lang='lat' dir='ltr'><strong>qui</strong></span> <span class='ocrx_word' id='word_1_708' title='bbox 1339 5661 1432 5715; x_wconf 91' lang='lat' dir='ltr'><strong>lib.</strong></span> <span class='ocrx_word' id='word_1_709' title='bbox 1460 5676 1477 5715; x_wconf 90' lang='grc' dir='ltr'><strong>ι</strong></span> <span class='ocrx_word' id='word_1_710' title='bbox 1504 5659 1571 5715; x_wconf 88' lang='lat' dir='ltr'><strong>de</strong></span> <span class='ocrx_word' id='word_1_711' title='bbox 1607 5660 1831 5727; x_wconf 84' lang='lat' dir='ltr'><strong>Opificio</strong></span> <span class='ocrx_word' id='word_1_712' title='bbox 1854 5677 1948 5717; x_wconf 84' lang='lat' dir='ltr'><strong>sex</strong></span> <span class='ocrx_word' id='word_1_713' title='bbox 1971 5663 2083 5717; x_wconf 92' lang='lat' dir='ltr'><strong>die-</strong></span> 
     </span>
    </p>
   </div>
   <div class='ocr_carea' id='block_1_94' title="bbox 521 5728 2079 5800">
    <p class='ocr_par' dir='ltr' id='par_1_94' title="bbox 521 5728 2079 5800">
     <span class='ocr_line' id='line_1_98' title="bbox 521 5728 2079 5800; baseline 0.004 -18"><span class='ocrx_word' id='word_1_714' title='bbox 521 5743 663 5794; x_wconf 88' lang='lat' dir='ltr'><strong>rum,</strong></span> <span class='ocrx_word' id='word_1_715' title='bbox 691 5742 809 5795; x_wconf 85' lang='lat' dir='ltr'><strong>cap.</strong></span> <span class='ocrx_word' id='word_1_716' title='bbox 839 5731 893 5798; x_wconf 77' lang='lat'><strong>3,</strong></span> <span class='ocrx_word' id='word_1_717' title='bbox 923 5729 1268 5791; x_wconf 78' lang='lat' dir='ltr'><strong>Prudentium</strong></span> <span class='ocrx_word' id='word_1_718' title='bbox 1297 5730 1518 5799; x_wconf 77' lang='lat' dir='ltr'><strong>exponit</strong></span> <span class='ocrx_word' id='word_1_719' title='bbox 1543 5728 1610 5787; x_wconf 88' lang='lat' dir='ltr'><strong>de</strong></span> <span class='ocrx_word' id='word_1_720' title='bbox 1643 5730 1843 5800; x_wconf 91' lang='lat' dir='ltr'><strong>Spiritu</strong></span> <span class='ocrx_word' id='word_1_721' title='bbox 1872 5740 2079 5789; x_wconf 88' lang='lat' dir='ltr'><strong>sancto.</strong></span> 
     </span>
    </p>
   </div>
   <div class='ocr_carea' id='block_1_95' title="bbox 2188 4549 3767 4617">
    <p class='ocr_par' dir='ltr' id='par_1_95' title="bbox 2188 4549 3767 4617">
     <span class='ocr_line' id='line_1_99' title="bbox 2188 4549 3767 4617; baseline 0.001 -14"><span class='ocrx_word' id='word_1_722' title='bbox 2188 4550 2471 4617; x_wconf 88' lang='lat' dir='ltr'><strong>plaudente</strong></span> <span class='ocrx_word' id='word_1_723' title='bbox 2501 4549 2734 4604; x_wconf 83' lang='lat' dir='ltr'><strong>Heinsio.</strong></span> <span class='ocrx_word' id='word_1_724' title='bbox 2761 4550 2927 4603; x_wconf 84' lang='lat' dir='ltr'><strong>Aldus</strong></span> <span class='ocrx_word' id='word_1_725' title='bbox 2957 4551 3028 4603; x_wconf 89' lang='lat' dir='ltr'><strong>ita</strong></span> <span class='ocrx_word' id='word_1_726' title='bbox 3059 4550 3216 4604; x_wconf 88' lang='lat' dir='ltr'><strong>habet</strong></span> <span class='ocrx_word' id='word_1_727' title='bbox 3242 4568 3253 4602; x_wconf 92' lang='lat'><strong>:</strong></span> <span class='ocrx_word' id='word_1_728' title='bbox 3283 4552 3418 4615; x_wconf 82' lang='lat' dir='ltr'><strong>Quid</strong></span> <span class='ocrx_word' id='word_1_729' title='bbox 3444 4552 3645 4605; x_wconf 75' lang='lat' dir='ltr'><strong>diversa</strong></span> <span class='ocrx_word' id='word_1_730' title='bbox 3682 4550 3767 4604; x_wconf 79' lang='lat' dir='ltr'><strong>Dei</strong></span> 
     </span>
    </p>
   </div>
   <div class='ocr_carea' id='block_1_96' title="bbox 2185 4618 3765 4691">
    <p class='ocr_par' dir='ltr' id='par_1_96' title="bbox 2185 4618 3765 4691">
     <span class='ocr_line' id='line_1_100' title="bbox 2185 4618 3765 4691; baseline 0.002 -21"><span class='ocrx_word' id='word_1_731' title='bbox 2185 4635 2457 4673; x_wconf 89' lang='lat' dir='ltr'><strong>memorem</strong></span> <span class='ocrx_word' id='word_1_732' title='bbox 2491 4620 2627 4690; x_wconf 80' lang='lat' dir='ltr'><strong>facta</strong></span> <span class='ocrx_word' id='word_1_733' title='bbox 2668 4620 2861 4691; x_wconf 69' lang='lat' dir='ltr'><strong>inclgta</strong></span> <span class='ocrx_word' id='word_1_734' title='bbox 2902 4618 3138 4691; x_wconf 72' lang='lat' dir='ltr'><strong>Christi?</strong></span> <span class='ocrx_word' id='word_1_735' title='bbox 3180 4622 3347 4674; x_wconf 82' lang='lat' dir='ltr'><strong>Altius</strong></span> <span class='ocrx_word' id='word_1_736' title='bbox 3388 4622 3619 4691; x_wconf 86' lang='lat' dir='ltr'><strong>inspecta</strong></span> <span class='ocrx_word' id='word_1_737' title='bbox 3661 4636 3765 4691; x_wconf 70' lang='lat' dir='ltr'><strong>qua</strong></span> 
     </span>
    </p>
   </div>
   <div class='ocr_carea' id='block_1_97' title="bbox 2184 4688 3764 4760">
    <p class='ocr_par' dir='ltr' id='par_1_97' title="bbox 2184 4688 3764 4760">
     <span class='ocr_line' id='line_1_101' title="bbox 2184 4688 3764 4760; baseline 0.002 -19"><span class='ocrx_word' id='word_1_738' title='bbox 2184 4692 2453 4760; x_wconf 88' lang='lat' dir='ltr'><strong>majestate</strong></span> <span class='ocrx_word' id='word_1_739' title='bbox 2476 4688 2742 4760; x_wconf 68' lang='lat' dir='ltr'><strong>negantur.</strong></span> <span class='ocrx_word' id='word_1_740' title='bbox 2777 4688 2937 4743; x_wconf 81' lang='lat' dir='ltr'><strong>Haud</strong></span> <span class='ocrx_word' id='word_1_741' title='bbox 2965 4690 3202 4760; x_wconf 87' lang='lat' dir='ltr'><strong>dubitans</strong></span> <span class='ocrx_word' id='word_1_742' title='bbox 3231 4688 3484 4745; x_wconf 78' lang='lat' dir='ltr'><strong>hominem</strong></span> <span class='ocrx_word' id='word_1_743' title='bbox 3524 4701 3632 4744; x_wconf 86' lang='lat' dir='ltr'><strong>tute</strong></span> <span class='ocrx_word' id='word_1_744' title='bbox 3668 4688 3764 4759; x_wconf 82' lang='lat' dir='ltr'><strong>ipse</strong></span> 
     </span>
    </p>
   </div>
   <div class='ocr_carea' id='block_1_98' title="bbox 2186 4759 3764 4829">
    <p class='ocr_par' dir='ltr' id='par_1_98' title="bbox 2186 4759 3764 4829">
     <span class='ocr_line' id='line_1_102' title="bbox 2186 4759 3764 4829; baseline 0.003 -18"><span class='ocrx_word' id='word_1_745' title='bbox 2186 4759 2406 4829; x_wconf 78' lang='lat' dir='ltr'><strong>fatebere</strong></span> <span class='ocrx_word' id='word_1_746' title='bbox 2443 4759 2650 4813; x_wconf 84' lang='lat' dir='ltr'><strong>numen.</strong></span> <span class='ocrx_word' id='word_1_747' title='bbox 2704 4759 2956 4829; x_wconf 79' lang='lat' dir='ltr'><strong>Veterum</strong></span> <span class='ocrx_word' id='word_1_748' title='bbox 3006 4759 3260 4814; x_wconf 87' lang='lat' dir='ltr'><strong>librorum</strong></span> <span class='ocrx_word' id='word_1_749' title='bbox 3309 4760 3637 4816; x_wconf 82' lang='lat' dir='ltr'><strong>incredibilis</strong></span> <span class='ocrx_word' id='word_1_750' title='bbox 3690 4769 3764 4816; x_wconf 87' lang='lat' dir='ltr'><strong>est</strong></span> 
     </span>
    </p>
   </div>
   <div class='ocr_carea' id='block_1_99' title="bbox 2186 4828 3763 4898">
    <p class='ocr_par' dir='ltr' id='par_1_99' title="bbox 2186 4828 3763 4898">
     <span class='ocr_line' id='line_1_103' title="bbox 2186 4828 3763 4898; baseline 0.001 -16"><span class='ocrx_word' id='word_1_751' title='bbox 2186 4830 2565 4898; x_wconf 82' lang='lat' dir='ltr'><strong>discrepantia.</strong></span> <span class='ocrx_word' id='word_1_752' title='bbox 2615 4830 2759 4895; x_wconf 87' lang='lat' dir='ltr'><strong>Put.,</strong></span> <span class='ocrx_word' id='word_1_753' title='bbox 2807 4828 3024 4893; x_wconf 86' lang='lat' dir='ltr'><strong>Noms.,</strong></span> <span class='ocrx_word' id='word_1_754' title='bbox 3076 4829 3191 4883; x_wconf 87' lang='lat' dir='ltr'><strong>Vat.</strong></span> <span class='ocrx_word' id='word_1_755' title='bbox 3227 4831 3287 4894; x_wconf 85' lang='grc' dir='ltr'><strong>Β,</strong></span> <span class='ocrx_word' id='word_1_756' title='bbox 3321 4832 3465 4897; x_wconf 82' lang='lat' dir='ltr'><strong>Rat.,</strong></span> <span class='ocrx_word' id='word_1_757' title='bbox 3493 4830 3697 4885; x_wconf 83' lang='lat' dir='ltr'><strong>Widm.</strong></span> <span class='ocrx_word' id='word_1_758' title='bbox 3733 4845 3763 4883; x_wconf 85' lang='lat' dir='ltr'><strong>a</strong></span> 
     </span>
    </p>
   </div>
   <div class='ocr_carea' id='block_1_100' title="bbox 2189 4901 3766 4970">
    <p class='ocr_par' dir='ltr' id='par_1_100' title="bbox 2189 4901 3766 4970">
     <span class='ocr_line' id='line_1_104' title="bbox 2189 4901 3766 4970; baseline 0.001 -17"><span class='ocrx_word' id='word_1_759' title='bbox 2189 4901 2356 4966; x_wconf 90' lang='lat' dir='ltr'><strong>prima</strong></span> <span class='ocrx_word' id='word_1_760' title='bbox 2388 4914 2568 4965; x_wconf 90' lang='lat' dir='ltr'><strong>manu,</strong></span> <span class='ocrx_word' id='word_1_761' title='bbox 2584 4914 2695 4967; x_wconf 66' lang='lat' dir='ltr'><strong>qua</strong></span> <span class='ocrx_word' id='word_1_762' title='bbox 2711 4901 2970 4970; x_wconf 78' lang='lat' dir='ltr'><strong>majestate</strong></span> <span class='ocrx_word' id='word_1_763' title='bbox 2983 4910 3210 4968; x_wconf 88' lang='lat' dir='ltr'><strong>negator.</strong></span> <span class='ocrx_word' id='word_1_764' title='bbox 3230 4901 3362 4954; x_wconf 81' lang='lat' dir='ltr'><strong>Aldo</strong></span> <span class='ocrx_word' id='word_1_765' title='bbox 3387 4901 3628 4956; x_wconf 78' lang='lat' dir='ltr'><strong>Osonius</strong></span> <span class='ocrx_word' id='word_1_766' title='bbox 3643 4917 3766 4955; x_wconf 90' lang='lat' dir='ltr'><strong>con-</strong></span> 
     </span>
    </p>
   </div>
   <div class='ocr_carea' id='block_1_101' title="bbox 2186 4971 3764 5041">
    <p class='ocr_par' dir='ltr' id='par_1_101' title="bbox 2186 4971 3764 5041">
     <span class='ocr_line' id='line_1_105' title="bbox 2186 4971 3764 5041; baseline -0.001 -17"><span class='ocrx_word' id='word_1_767' title='bbox 2186 4980 2362 5024; x_wconf 83' lang='lat' dir='ltr'><strong>sonat.</strong></span> <span class='ocrx_word' id='word_1_768' title='bbox 2414 4971 2569 5034; x_wconf 90' lang='lat' dir='ltr'><strong>Mar.,</strong></span> <span class='ocrx_word' id='word_1_769' title='bbox 2597 4984 2710 5036; x_wconf 69' lang='lat' dir='ltr'><strong>qua!</strong></span> <span class='ocrx_word' id='word_1_770' title='bbox 2738 4986 2768 5021; x_wconf 90' lang='lat' dir='ltr'><strong>a</strong></span> <span class='ocrx_word' id='word_1_771' title='bbox 2793 4971 3061 5041; x_wconf 74' lang='lat' dir='ltr'><strong>majestate</strong></span> <span class='ocrx_word' id='word_1_772' title='bbox 3087 4979 3331 5041; x_wconf 64' lang='lat' dir='ltr'><strong>negator.</strong></span> <span class='ocrx_word' id='word_1_773' title='bbox 3361 4971 3543 5041; x_wconf 85' lang='lat' dir='ltr'><strong>Prag.,</strong></span> <span class='ocrx_word' id='word_1_774' title='bbox 3577 4973 3764 5040; x_wconf 85' lang='lat' dir='ltr'><strong>Bong.,</strong></span> 
     </span>
    </p>
   </div>
   <div class='ocr_carea' id='block_1_102' title="bbox 2188 5039 3764 5109">
    <p class='ocr_par' dir='ltr' id='par_1_102' title="bbox 2188 5039 3764 5109">
     <span class='ocr_line' id='line_1_106' title="bbox 2188 5039 3764 5109; baseline 0.001 -18"><span class='ocrx_word' id='word_1_775' title='bbox 2188 5054 2288 5107; x_wconf 82' lang='lat' dir='ltr'><strong>qua</strong></span> <span class='ocrx_word' id='word_1_776' title='bbox 2337 5042 2597 5109; x_wconf 84' lang='lat' dir='ltr'><strong>majestate</strong></span> <span class='ocrx_word' id='word_1_777' title='bbox 2624 5048 2849 5107; x_wconf 66' lang='lat' dir='ltr'><strong>negator.</strong></span> <span class='ocrx_word' id='word_1_778' title='bbox 2906 5039 2979 5109; x_wconf 8' lang='lat' dir='ltr'><strong>In,</strong></span> <span class='ocrx_word' id='word_1_779' title='bbox 3013 5040 3280 5094; x_wconf 85' lang='lat' dir='ltr'><strong>nonnullis</strong></span> <span class='ocrx_word' id='word_1_780' title='bbox 3320 5039 3655 5107; x_wconf 77' lang='lat' dir='ltr'><strong>Heinsianis,</strong></span> <span class='ocrx_word' id='word_1_781' title='bbox 3684 5039 3764 5109; x_wconf 62' lang='lat' dir='ltr'><strong>eui</strong></span> 
     </span>
    </p>
   </div>
   <div class='ocr_carea' id='block_1_103' title="bbox 2186 5108 3761 5182">
    <p class='ocr_par' dir='ltr' id='par_1_103' title="bbox 2186 5108 3761 5182">
     <span class='ocr_line' id='line_1_107' title="bbox 2186 5108 3761 5182; baseline 0 -18"><span class='ocrx_word' id='word_1_782' title='bbox 2186 5108 2449 5182; x_wconf 73' lang='lat' dir='ltr'><strong>majestate</strong></span> <span class='ocrx_word' id='word_1_783' title='bbox 2462 5117 2694 5180; x_wconf 86' lang='lat' dir='ltr'><strong>negatur.</strong></span> <span class='ocrx_word' id='word_1_784' title='bbox 2716 5109 2769 5162; x_wconf 91' lang='lat' dir='ltr'><strong>In</strong></span> <span class='ocrx_word' id='word_1_785' title='bbox 2787 5108 3117 5171; x_wconf 84' lang='lat' dir='ltr'><strong>Cauchiano,</strong></span> <span class='ocrx_word' id='word_1_786' title='bbox 3138 5111 3223 5177; x_wconf 88' lang='lat' dir='ltr'><strong>qui</strong></span> <span class='ocrx_word' id='word_1_787' title='bbox 3250 5114 3514 5181; x_wconf 86' lang='lat' dir='ltr'><strong>majestate</strong></span> <span class='ocrx_word' id='word_1_788' title='bbox 3538 5108 3761 5182; x_wconf 80' lang='lat' dir='ltr'><strong>negator.</strong></span> 
     </span>
    </p>
   </div>
   <div class='ocr_carea' id='block_1_104' title="bbox 2187 5178 3763 5250">
    <p class='ocr_par' dir='ltr' id='par_1_104' title="bbox 2187 5178 3763 5250">
     <span class='ocr_line' id='line_1_108' title="bbox 2187 5178 3763 5250; baseline 0 -19"><span class='ocrx_word' id='word_1_789' title='bbox 2187 5178 2365 5245; x_wconf 81' lang='lat' dir='ltr'><strong>Alex.,</strong></span> <span class='ocrx_word' id='word_1_790' title='bbox 2394 5178 2544 5249; x_wconf 80' lang='lat' dir='ltr'><strong>quem</strong></span> <span class='ocrx_word' id='word_1_791' title='bbox 2572 5183 2835 5249; x_wconf 83' lang='lat' dir='ltr'><strong>majestate</strong></span> <span class='ocrx_word' id='word_1_792' title='bbox 2879 5189 3110 5250; x_wconf 76' lang='lat' dir='ltr'><strong>negator,</strong></span> <span class='ocrx_word' id='word_1_793' title='bbox 3142 5195 3304 5247; x_wconf 88' lang='lat' dir='ltr'><strong>supra</strong></span> <span class='ocrx_word' id='word_1_794' title='bbox 3324 5178 3582 5250; x_wconf 55' lang='lat' dir='ltr'><strong>&#39;negatur.</strong></span> <span class='ocrx_word' id='word_1_795' title='bbox 3604 5178 3763 5245; x_wconf 37' lang='lat' dir='ltr'><strong>Urb”</strong></span> 
     </span>
    </p>
   </div>
   <div class='ocr_carea' id='block_1_105' title="bbox 2222 5248 3763 5322">
    <p class='ocr_par' dir='ltr' id='par_1_105' title="bbox 2222 5248 3763 5322">
     <span class='ocr_line' id='line_1_109' title="bbox 2222 5248 3763 5322; baseline 0.001 -21"><span class='ocrx_word' id='word_1_796' title='bbox 2222 5264 2301 5302; x_wconf 78' lang='lat' dir='ltr'><strong>ua:</strong></span> <span class='ocrx_word' id='word_1_797' title='bbox 2323 5248 2582 5319; x_wconf 83' lang='lat' dir='ltr'><strong>majestate</strong></span> <span class='ocrx_word' id='word_1_798' title='bbox 2613 5248 2837 5322; x_wconf 84' lang='lat' dir='ltr'><strong>negator.</strong></span> <span class='ocrx_word' id='word_1_799' title='bbox 2877 5248 2992 5302; x_wconf 87' lang='lat' dir='ltr'><strong>Vat.</strong></span> <span class='ocrx_word' id='word_1_800' title='bbox 3019 5250 3085 5314; x_wconf 82' lang='grc' dir='ltr'><strong>Ο,</strong></span> <span class='ocrx_word' id='word_1_801' title='bbox 3115 5265 3229 5318; x_wconf 71' lang='lat' dir='ltr'><strong>qua:</strong></span> <span class='ocrx_word' id='word_1_802' title='bbox 3248 5248 3515 5321; x_wconf 72' lang='lat' dir='ltr'><strong>majestate</strong></span> <span class='ocrx_word' id='word_1_803' title='bbox 3536 5263 3763 5322; x_wconf 76' lang='lat' dir='ltr'><strong>negatur.</strong></span> 
     </span>
    </p>
   </div>
   <div class='ocr_carea' id='block_1_106' title="bbox 2230 5321 3174 5390">
    <p class='ocr_par' dir='ltr' id='par_1_106' title="bbox 2230 5321 3174 5390">
     <span class='ocr_line' id='line_1_110' title="bbox 2230 5321 3174 5390; baseline 0 -18"><span class='ocrx_word' id='word_1_804' title='bbox 2230 5332 2426 5390; x_wconf 44' lang='lat' dir='ltr'><strong>anon,</strong></span> <span class='ocrx_word' id='word_1_805' title='bbox 2446 5334 2595 5390; x_wconf 68' lang='lat' dir='ltr'><strong>quem</strong></span> <span class='ocrx_word' id='word_1_806' title='bbox 2625 5321 2890 5390; x_wconf 75' lang='lat' dir='ltr'><strong>majestate</strong></span> <span class='ocrx_word' id='word_1_807' title='bbox 2916 5329 3174 5388; x_wconf 86' lang='lat' dir='ltr'><strong>negatum.</strong></span> 
     </span>
    </p>
   </div>
   <div class='ocr_carea' id='block_1_107' title="bbox 2255 5387 3761 5460">
    <p class='ocr_par' dir='ltr' id='par_1_107' title="bbox 2255 5387 3761 5460">
     <span class='ocr_line' id='line_1_111' title="bbox 2255 5387 3761 5460; baseline 0.001 -20"><span class='ocrx_word' id='word_1_808' title='bbox 2255 5388 2381 5460; x_wconf 82' lang='grc'>675.</span> <span class='ocrx_word' id='word_1_809' title='bbox 2416 5387 2470 5443; x_wconf 87' lang='lat' dir='ltr'><strong>In</strong></span> <span class='ocrx_word' id='word_1_810' title='bbox 2501 5387 2614 5442; x_wconf 89' lang='lat' dir='ltr'><strong>Gis.</strong></span> <span class='ocrx_word' id='word_1_811' title='bbox 2658 5387 2831 5460; x_wconf 15' lang='lat' dir='ltr'><strong>lg&#39;ed.,</strong></span> <span class='ocrx_word' id='word_1_812' title='bbox 2863 5387 3032 5460; x_wconf 67' lang='lat' dir='ltr'><strong>arcis,</strong></span> <span class='ocrx_word' id='word_1_813' title='bbox 3058 5389 3201 5457; x_wconf 92' lang='lat' dir='ltr'><strong>quod</strong></span> <span class='ocrx_word' id='word_1_814' title='bbox 3252 5389 3470 5445; x_wconf 86' lang='lat' dir='ltr'><strong>Ileiusio</strong></span> <span class='ocrx_word' id='word_1_815' title='bbox 3497 5390 3761 5460; x_wconf 80' lang='lat' dir='ltr'><strong>placebat.</strong></span> 
     </span>
    </p>
   </div>
   <div class='ocr_carea' id='block_1_108' title="bbox 2185 5456 3760 5528">
    <p class='ocr_par' dir='ltr' id='par_1_108' title="bbox 2185 5456 3760 5528">
     <span class='ocr_line' id='line_1_112' title="bbox 2185 5456 3760 5528; baseline 0.001 -16"><span class='ocrx_word' id='word_1_816' title='bbox 2185 5456 2292 5512; x_wconf 89' lang='lat' dir='ltr'><strong>Sed</strong></span> <span class='ocrx_word' id='word_1_817' title='bbox 2308 5461 2525 5513; x_wconf 90' lang='lat' dir='ltr'><strong>obstant</strong></span> <span class='ocrx_word' id='word_1_818' title='bbox 2545 5457 2892 5528; x_wconf 73' lang='lat' dir='ltr'><strong>membranae,</strong></span> <span class='ocrx_word' id='word_1_819' title='bbox 2913 5459 2965 5512; x_wconf 92' lang='lat' dir='ltr'><strong>in</strong></span> <span class='ocrx_word' id='word_1_820' title='bbox 2978 5456 3760 5528; x_wconf 76' lang='lat' dir='ltr'><strong>quibusconstanterestscrip-</strong></span> 
     </span>
    </p>
   </div>
   <div class='ocr_carea' id='block_1_109' title="bbox 2185 5527 2703 5584">
    <p class='ocr_par' dir='ltr' id='par_1_109' title="bbox 2185 5527 2703 5584">
     <span class='ocr_line' id='line_1_113' title="bbox 2185 5527 2703 5584; baseline 0 -3"><span class='ocrx_word' id='word_1_821' title='bbox 2185 5537 2293 5582; x_wconf 88' lang='lat' dir='ltr'><strong>tum</strong></span> <span class='ocrx_word' id='word_1_822' title='bbox 2324 5546 2483 5584; x_wconf 76' lang='lat' dir='ltr'><strong>ca&#39;cos</strong></span> <span class='ocrx_word' id='word_1_823' title='bbox 2511 5527 2703 5581; x_wconf 88' lang='lat' dir='ltr'><strong>oculos.</strong></span> 
     </span>
    </p>
   </div>
   <div class='ocr_carea' id='block_1_110' title="bbox 2254 5598 3753 5671">
    <p class='ocr_par' dir='ltr' id='par_1_110' title="bbox 2254 5598 3753 5671">
     <span class='ocr_line' id='line_1_114' title="bbox 2254 5598 3753 5671; baseline -0.001 -19"><span class='ocrx_word' id='word_1_824' title='bbox 2254 5600 2538 5671; x_wconf 10' lang='lat' dir='ltr'><strong>679.7Vat.</strong></span> <span class='ocrx_word' id='word_1_825' title='bbox 2588 5600 2652 5661; x_wconf 83' lang='lat' dir='ltr'><strong>A,</strong></span> <span class='ocrx_word' id='word_1_826' title='bbox 2681 5598 2958 5671; x_wconf 31' lang='lat' dir='ltr'><strong>quoniam:</strong></span> <span class='ocrx_word' id='word_1_827' title='bbox 2990 5612 3121 5671; x_wconf 84' lang='lat' dir='ltr'><strong>_non</strong></span> <span class='ocrx_word' id='word_1_828' title='bbox 3164 5598 3321 5671; x_wconf 81' lang='lat' dir='ltr'><strong>bene,</strong></span> <span class='ocrx_word' id='word_1_829' title='bbox 3374 5614 3470 5669; x_wconf 93' lang='lat' dir='ltr'><strong>pro</strong></span> <span class='ocrx_word' id='word_1_830' title='bbox 3521 5615 3753 5671; x_wconf 82' lang='lat' dir='ltr'><strong>quonam.</strong></span> 
     </span>
    </p>
   </div>
   <div class='ocr_carea' id='block_1_111' title="bbox 2184 5665 3379 5727">
    <p class='ocr_par' dir='ltr' id='par_1_111' title="bbox 2184 5665 3379 5727">
     <span class='ocr_line' id='line_1_115' title="bbox 2184 5665 3379 5727; baseline 0.002 -4"><span class='ocrx_word' id='word_1_831' title='bbox 2184 5668 2318 5726; x_wconf 87' lang='lat' dir='ltr'><strong>Vide</strong></span> <span class='ocrx_word' id='word_1_832' title='bbox 2349 5665 2700 5727; x_wconf 72' lang='lat' dir='ltr'><strong>Dittochzeum</strong></span> <span class='ocrx_word' id='word_1_833' title='bbox 2730 5676 2852 5724; x_wconf 92' lang='lat' dir='ltr'><strong>tetr.</strong></span> <span class='ocrx_word' id='word_1_834' title='bbox 2886 5668 2955 5724; x_wconf 75' lang='lat'><strong>33</strong></span> <span class='ocrx_word' id='word_1_835' title='bbox 2982 5665 3188 5723; x_wconf 80' lang='lat' dir='ltr'><strong>Piscina</strong></span> <span class='ocrx_word' id='word_1_836' title='bbox 3218 5665 3379 5725; x_wconf 77' lang='lat' dir='ltr'><strong>Sitbe.</strong></span> 
     </span>
    </p>
   </div>
  </div>
