  <div class='ocr_page' id='page_1' title='image "/cluster/home/n/w/nwhite01/storage/ocr_20150623/59/hvd.32044073505117/496.png"; bbox 0 0 4120 6196; ppageno 0'>
   <div class='ocr_carea' id='block_1_1' title="bbox 404 317 504 374">
    <p class='ocr_par' dir='ltr' id='par_1_1' title="bbox 404 317 504 374">
     <span class='ocr_line' id='line_1_1' title="bbox 404 317 504 374; baseline -0.03 0"><span class='ocrx_word' id='word_1_1' title='bbox 404 317 504 374; x_wconf 76' lang='grc' dir='ltr'><strong>9η</strong></span> 
     </span>
    </p>
   </div>
   <div class='ocr_carea' id='block_1_2' title="bbox 399 429 1759 499">
    <p class='ocr_par' dir='ltr' id='par_1_2' title="bbox 399 429 1759 499">
     <span class='ocr_line' id='line_1_2' title="bbox 399 429 1759 499; baseline 0 -12"><span class='ocrx_word' id='word_1_2' title='bbox 399 431 504 487; x_wconf 83' lang='grc'><strong>680</strong></span> <span class='ocrx_word' id='word_1_3' title='bbox 577 429 926 499; x_wconf 76' lang='lat' dir='ltr'><strong>Espurganda</strong></span> <span class='ocrx_word' id='word_1_4' title='bbox 960 431 1114 485; x_wconf 78' lang='lat' dir='ltr'><strong>foret.</strong></span> <span class='ocrx_word' id='word_1_5' title='bbox 1149 430 1318 485; x_wconf 84' lang='lat' dir='ltr'><strong>Variis</strong></span> <span class='ocrx_word' id='word_1_6' title='bbox 1347 430 1493 486; x_wconf 83' lang='lat' dir='ltr'><strong>Siloa</strong></span> <span class='ocrx_word' id='word_1_7' title='bbox 1524 431 1759 487; x_wconf 81' lang='lat' dir='ltr'><strong>refundit</strong></span> 
     </span>
    </p>
   </div>
   <div class='ocr_carea' id='block_1_3' title="bbox 575 522 1970 595">
    <p class='ocr_par' dir='ltr' id='par_1_3' title="bbox 575 522 1970 595">
     <span class='ocr_line' id='line_1_3' title="bbox 575 522 1970 595; baseline 0.004 -18"><span class='ocrx_word' id='word_1_8' title='bbox 575 523 853 579; x_wconf 77' lang='lat' dir='ltr'><strong>Momentis</strong></span> <span class='ocrx_word' id='word_1_9' title='bbox 886 522 1090 589; x_wconf 84' lang='lat' dir='ltr'><strong>latices,</strong></span> <span class='ocrx_word' id='word_1_10' title='bbox 1123 538 1219 578; x_wconf 89' lang='lat' dir='ltr'><strong>nec</strong></span> <span class='ocrx_word' id='word_1_11' title='bbox 1248 522 1462 578; x_wconf 78' lang='lat' dir='ltr'><strong>ﬂuctum</strong></span> <span class='ocrx_word' id='word_1_12' title='bbox 1491 539 1701 595; x_wconf 86' lang='lat' dir='ltr'><strong>semper</strong></span> <span class='ocrx_word' id='word_1_13' title='bbox 1720 525 1970 582; x_wconf 85' lang='lat' dir='ltr'><strong>anhelat:</strong></span> 
     </span>
    </p>
   </div>
   <div class='ocr_carea' id='block_1_4' title="bbox 574 617 1970 689">
    <p class='ocr_par' dir='ltr' id='par_1_4' title="bbox 574 617 1970 689">
     <span class='ocr_line' id='line_1_4' title="bbox 574 617 1970 689; baseline 0.003 -16"><span class='ocrx_word' id='word_1_14' title='bbox 574 617 680 673; x_wconf 85' lang='lat' dir='ltr'><strong>Sed</strong></span> <span class='ocrx_word' id='word_1_15' title='bbox 711 618 829 672; x_wconf 90' lang='lat' dir='ltr'><strong>vice</strong></span> <span class='ocrx_word' id='word_1_16' title='bbox 855 617 1103 672; x_wconf 81' lang='lat' dir='ltr'><strong>distincta</strong></span> <span class='ocrx_word' id='word_1_17' title='bbox 1135 618 1306 687; x_wconf 86' lang='lat' dir='ltr'><strong>largos</strong></span> <span class='ocrx_word' id='word_1_18' title='bbox 1339 619 1481 674; x_wconf 91' lang='lat' dir='ltr'><strong>lacus</strong></span> <span class='ocrx_word' id='word_1_19' title='bbox 1512 621 1702 689; x_wconf 89' lang='lat' dir='ltr'><strong>accipit</strong></span> <span class='ocrx_word' id='word_1_20' title='bbox 1734 624 1970 678; x_wconf 80' lang='lat' dir='ltr'><strong>haustus.</strong></span> 
     </span>
    </p>
   </div>
   <div class='ocr_carea' id='block_1_5' title="bbox 574 709 1971 783">
    <p class='ocr_par' dir='ltr' id='par_1_5' title="bbox 574 709 1971 783">
     <span class='ocr_line' id='line_1_5' title="bbox 574 709 1971 783; baseline 0.003 -18"><span class='ocrx_word' id='word_1_21' title='bbox 574 711 798 779; x_wconf 86' lang='lat' dir='ltr'><strong>Agmina</strong></span> <span class='ocrx_word' id='word_1_22' title='bbox 826 710 1167 778; x_wconf 83' lang='lat' dir='ltr'><strong>languentum</strong></span> <span class='ocrx_word' id='word_1_23' title='bbox 1198 709 1385 764; x_wconf 90' lang='lat' dir='ltr'><strong>sitiunt</strong></span> <span class='ocrx_word' id='word_1_24' title='bbox 1423 726 1571 781; x_wconf 83' lang='lat' dir='ltr'><strong>spem</strong></span> <span class='ocrx_word' id='word_1_25' title='bbox 1602 713 1760 768; x_wconf 80' lang='lat' dir='ltr'><strong>foiitis</strong></span> <span class='ocrx_word' id='word_1_26' title='bbox 1788 717 1971 783; x_wconf 87' lang='lat' dir='ltr'><strong>avari,</strong></span> 
     </span>
    </p>
   </div>
   <div class='ocr_carea' id='block_1_6' title="bbox 573 801 1867 871">
    <p class='ocr_par' dir='ltr' id='par_1_6' title="bbox 573 801 1867 871">
     <span class='ocr_line' id='line_1_6' title="bbox 573 801 1867 871; baseline 0.002 -14"><span class='ocrx_word' id='word_1_27' title='bbox 573 801 932 857; x_wconf 82' lang='lat' dir='ltr'><strong>Membrorum</strong></span> <span class='ocrx_word' id='word_1_28' title='bbox 963 802 1199 856; x_wconf 86' lang='lat' dir='ltr'><strong>maculas</strong></span> <span class='ocrx_word' id='word_1_29' title='bbox 1230 816 1364 871; x_wconf 89' lang='lat' dir='ltr'><strong>puro</strong></span> <span class='ocrx_word' id='word_1_30' title='bbox 1390 802 1632 857; x_wconf 85' lang='lat' dir='ltr'><strong>ablutura</strong></span> <span class='ocrx_word' id='word_1_31' title='bbox 1665 817 1867 859; x_wconf 73' lang='lat' dir='ltr'><strong>natatu.</strong></span> 
     </span>
    </p>
   </div>
   <div class='ocr_carea' id='block_1_7' title="bbox 573 896 1737 967">
    <p class='ocr_par' dir='ltr' id='par_1_7' title="bbox 573 896 1737 967">
     <span class='ocr_line' id='line_1_7' title="bbox 573 896 1737 967; baseline 0.001 -16"><span class='ocrx_word' id='word_1_32' title='bbox 573 896 827 952; x_wconf 85' lang='lat' dir='ltr'><strong>Certatim</strong></span> <span class='ocrx_word' id='word_1_33' title='bbox 855 898 1057 951; x_wconf 82' lang='lat' dir='ltr'><strong>interea</strong></span> <span class='ocrx_word' id='word_1_34' title='bbox 1090 897 1291 952; x_wconf 90' lang='lat' dir='ltr'><strong>roranti</strong></span> <span class='ocrx_word' id='word_1_35' title='bbox 1320 898 1525 967; x_wconf 89' lang='lat' dir='ltr'><strong>pumice</strong></span> <span class='ocrx_word' id='word_1_36' title='bbox 1547 913 1737 953; x_wconf 86' lang='lat' dir='ltr'><strong>raucas</strong></span> 
     </span>
    </p>
   </div>
   <div class='ocr_carea' id='block_1_8' title="bbox 577 986 1970 1059">
    <p class='ocr_par' dir='ltr' id='par_1_8' title="bbox 577 986 1970 1059">
     <span class='ocr_line' id='line_1_8' title="bbox 577 986 1970 1059; baseline 0.002 -19"><span class='ocrx_word' id='word_1_37' title='bbox 577 988 902 1055; x_wconf 69' lang='lat' dir='ltr'><strong>Exsriectant</strong></span> <span class='ocrx_word' id='word_1_38' title='bbox 924 986 1217 1052; x_wconf 81' lang='lat' dir='ltr'><strong>scatebras,</strong></span> <span class='ocrx_word' id='word_1_39' title='bbox 1233 997 1286 1043; x_wconf 91' lang='lat' dir='ltr'><strong>et</strong></span> <span class='ocrx_word' id='word_1_40' title='bbox 1306 990 1449 1044; x_wconf 86' lang='lat' dir='ltr'><strong>sicco</strong></span> <span class='ocrx_word' id='word_1_41' title='bbox 1466 1005 1517 1042; x_wconf 93' lang='lat' dir='ltr'><strong>m</strong></span> <span class='ocrx_word' id='word_1_42' title='bbox 1538 989 1704 1058; x_wconf 57' lang='lat' dir='ltr'><strong>trgine</strong></span> <span class='ocrx_word' id='word_1_43' title='bbox 1722 990 1970 1059; x_wconf 82' lang='lat' dir='ltr'><strong>pendent,</strong></span> 
     </span>
    </p>
   </div>
   <div class='ocr_carea' id='block_1_9' title="bbox 572 1076 1885 1147">
    <p class='ocr_par' dir='ltr' id='par_1_9' title="bbox 572 1076 1885 1147">
     <span class='ocr_line' id='line_1_9' title="bbox 572 1076 1885 1147; baseline 0 -14"><span class='ocrx_word' id='word_1_44' title='bbox 572 1077 685 1133; x_wconf 85' lang='lat' dir='ltr'><strong>lloc</strong></span> <span class='ocrx_word' id='word_1_45' title='bbox 713 1078 898 1131; x_wconf 89' lang='lat' dir='ltr'><strong>limum</strong></span> <span class='ocrx_word' id='word_1_46' title='bbox 926 1076 1078 1146; x_wconf 85' lang='lat' dir='ltr'><strong>jubet</strong></span> <span class='ocrx_word' id='word_1_47' title='bbox 1120 1078 1426 1147; x_wconf 88' lang='lat' dir='ltr'><strong>impositum</strong></span> <span class='ocrx_word' id='word_1_48' title='bbox 1453 1079 1521 1134; x_wconf 90' lang='lat' dir='ltr'><strong>de</strong></span> <span class='ocrx_word' id='word_1_49' title='bbox 1549 1079 1693 1133; x_wconf 80' lang='lat' dir='ltr'><strong>fonte</strong></span> <span class='ocrx_word' id='word_1_50' title='bbox 1720 1080 1885 1134; x_wconf 86' lang='lat' dir='ltr'><strong>lavari</strong></span> 
     </span>
    </p>
   </div>
   <div class='ocr_carea' id='block_1_10' title="bbox 571 1168 1932 1238">
    <p class='ocr_par' dir='ltr' id='par_1_10' title="bbox 571 1168 1932 1238">
     <span class='ocr_line' id='line_1_10' title="bbox 571 1168 1932 1238; baseline 0.001 -14"><span class='ocrx_word' id='word_1_51' title='bbox 571 1168 846 1233; x_wconf 81' lang='lat' dir='ltr'><strong>Christus,</strong></span> <span class='ocrx_word' id='word_1_52' title='bbox 876 1176 931 1224; x_wconf 91' lang='lat' dir='ltr'><strong>et</strong></span> <span class='ocrx_word' id='word_1_53' title='bbox 959 1168 1131 1223; x_wconf 84' lang='lat' dir='ltr'><strong>inlusa</strong></span> <span class='ocrx_word' id='word_1_54' title='bbox 1160 1170 1362 1223; x_wconf 93' lang='lat' dir='ltr'><strong>vultum</strong></span> <span class='ocrx_word' id='word_1_55' title='bbox 1392 1169 1769 1238; x_wconf 77' lang='lat' dir='ltr'><strong>Splendescere</strong></span> <span class='ocrx_word' id='word_1_56' title='bbox 1799 1171 1932 1225; x_wconf 88' lang='lat' dir='ltr'><strong>luce.</strong></span> 
     </span>
    </p>
   </div>
   <div class='ocr_carea' id='block_1_11' title="bbox 568 1260 1971 1331">
    <p class='ocr_par' dir='ltr' id='par_1_11' title="bbox 568 1260 1971 1331">
     <span class='ocr_line' id='line_1_11' title="bbox 568 1260 1971 1331; baseline -0.002 -13"><span class='ocrx_word' id='word_1_57' title='bbox 568 1260 727 1331; x_wconf 63' lang='grc'><strong>463</strong></span> <span class='ocrx_word' id='word_1_58' title='bbox 754 1261 916 1316; x_wconf 76' lang='lat' dir='ltr'><strong>Norat</strong></span> <span class='ocrx_word' id='word_1_59' title='bbox 941 1261 1084 1316; x_wconf 92' lang='lat' dir='ltr'><strong>enim</strong></span> <span class='ocrx_word' id='word_1_60' title='bbox 1114 1260 1241 1316; x_wconf 92' lang='lat' dir='ltr'><strong>limo</strong></span> <span class='ocrx_word' id='word_1_61' title='bbox 1270 1275 1388 1316; x_wconf 88' lang='lat' dir='ltr'><strong>sese</strong></span> <span class='ocrx_word' id='word_1_62' title='bbox 1411 1261 1727 1316; x_wconf 79' lang='lat' dir='ltr'><strong>informasse</strong></span> <span class='ocrx_word' id='word_1_63' title='bbox 1751 1262 1971 1331; x_wconf 80' lang='lat' dir='ltr'><strong>liguram</strong></span> 
     </span>
    </p>
   </div>
   <div class='ocr_carea' id='block_1_12' title="bbox 570 1332 1904 1421">
    <p class='ocr_par' dir='ltr' id='par_1_12' title="bbox 570 1332 1904 1421">
     <span class='ocr_line' id='line_1_12' title="bbox 570 1332 1904 1421; baseline -0.001 -14"><span class='ocrx_word' id='word_1_64' title='bbox 570 1354 710 1407; x_wconf 85' lang='lat' dir='ltr'><strong>Ante</strong></span> <span class='ocrx_word' id='word_1_65' title='bbox 738 1351 1097 1420; x_wconf 84' lang='lat' dir='ltr'><strong>tenebrosam,</strong></span> <span class='ocrx_word' id='word_1_66' title='bbox 1126 1352 1327 1421; x_wconf 90' lang='lat' dir='ltr'><strong>proprii</strong></span> <span class='ocrx_word' id='word_1_67' title='bbox 1360 1332 1691 1406; x_wconf 73' lang='lat' dir='ltr'><strong>medicamen</strong></span> <span class='ocrx_word' id='word_1_68' title='bbox 1714 1361 1766 1407; x_wconf 89' lang='lat' dir='ltr'><strong>et</strong></span> <span class='ocrx_word' id='word_1_69' title='bbox 1793 1353 1904 1405; x_wconf 90' lang='lat' dir='ltr'><strong>oris</strong></span> 
     </span>
    </p>
   </div>
   <div class='ocr_carea' id='block_1_13' title="bbox 574 1441 1970 1512">
    <p class='ocr_par' dir='ltr' id='par_1_13' title="bbox 574 1441 1970 1512">
     <span class='ocr_line' id='line_1_13' title="bbox 574 1441 1970 1512; baseline -0.001 -14"><span class='ocrx_word' id='word_1_70' title='bbox 574 1442 846 1512; x_wconf 85' lang='lat' dir='ltr'><strong>Adjecisse</strong></span> <span class='ocrx_word' id='word_1_71' title='bbox 875 1457 1033 1509; x_wconf 84' lang='lat' dir='ltr'><strong>novo,</strong></span> <span class='ocrx_word' id='word_1_72' title='bbox 1077 1456 1234 1512; x_wconf 86' lang='lat' dir='ltr'><strong>quem</strong></span> <span class='ocrx_word' id='word_1_73' title='bbox 1266 1442 1494 1510; x_wconf 90' lang='lat' dir='ltr'><strong>primum</strong></span> <span class='ocrx_word' id='word_1_74' title='bbox 1541 1441 1787 1506; x_wconf 82' lang='lat' dir='ltr'><strong>ﬁnxerat,</strong></span> <span class='ocrx_word' id='word_1_75' title='bbox 1818 1442 1970 1496; x_wconf 61' lang='lat' dir='ltr'><strong>Adin.</strong></span> 
     </span>
    </p>
   </div>
   <div class='ocr_carea' id='block_1_14' title="bbox 570 1530 1866 1600">
    <p class='ocr_par' dir='ltr' id='par_1_14' title="bbox 570 1530 1866 1600">
     <span class='ocr_line' id='line_1_14' title="bbox 570 1530 1866 1600; baseline -0.002 -12"><span class='ocrx_word' id='word_1_76' title='bbox 570 1534 702 1588; x_wconf 86' lang='lat' dir='ltr'><strong>Nam</strong></span> <span class='ocrx_word' id='word_1_77' title='bbox 732 1536 847 1589; x_wconf 87' lang='lat' dir='ltr'><strong>sine</strong></span> <span class='ocrx_word' id='word_1_78' title='bbox 871 1533 1053 1587; x_wconf 85' lang='lat' dir='ltr'><strong>divino</strong></span> <span class='ocrx_word' id='word_1_79' title='bbox 1084 1532 1293 1587; x_wconf 89' lang='lat' dir='ltr'><strong>Domini</strong></span> <span class='ocrx_word' id='word_1_80' title='bbox 1322 1530 1635 1600; x_wconf 82' lang='lat' dir='ltr'><strong>perﬂamine</strong></span> <span class='ocrx_word' id='word_1_81' title='bbox 1674 1531 1866 1585; x_wconf 91' lang='lat' dir='ltr'><strong>summi</strong></span> 
     </span>
    </p>
   </div>
   <div class='ocr_carea' id='block_1_15' title="bbox 568 1622 1840 1692">
    <p class='ocr_par' dir='ltr' id='par_1_15' title="bbox 568 1622 1840 1692">
     <span class='ocr_line' id='line_1_15' title="bbox 568 1622 1840 1692; baseline -0.004 -13"><span class='ocrx_word' id='word_1_82' title='bbox 568 1627 728 1679; x_wconf 88' lang='lat' dir='ltr'><strong>Arida</strong></span> <span class='ocrx_word' id='word_1_83' title='bbox 759 1634 896 1680; x_wconf 90' lang='lat' dir='ltr'><strong>terra</strong></span> <span class='ocrx_word' id='word_1_84' title='bbox 930 1624 1050 1691; x_wconf 81' lang='lat' dir='ltr'><strong>fuit,</strong></span> <span class='ocrx_word' id='word_1_85' title='bbox 1084 1622 1217 1678; x_wconf 92' lang='lat' dir='ltr'><strong>nulli</strong></span> <span class='ocrx_word' id='word_1_86' title='bbox 1250 1624 1396 1692; x_wconf 90' lang='lat' dir='ltr'><strong>prius</strong></span> <span class='ocrx_word' id='word_1_87' title='bbox 1424 1632 1545 1692; x_wconf 90' lang='lat' dir='ltr'><strong>apta</strong></span> <span class='ocrx_word' id='word_1_88' title='bbox 1576 1622 1802 1677; x_wconf 65' lang='lat' dir='ltr'><strong>medela:</strong></span> <span class='ocrx_word' id='word_1_89' title='bbox 1828 1640 1840 1674; x_wconf 90' lang='lat'><strong>:</strong></span> 
     </span>
    </p>
   </div>
   <div class='ocr_carea' id='block_1_16' title="bbox 570 1716 1866 1786">
    <p class='ocr_par' dir='ltr' id='par_1_16' title="bbox 570 1716 1866 1786">
     <span class='ocr_line' id='line_1_16' title="bbox 570 1716 1866 1786; baseline -0.001 -14"><span class='ocrx_word' id='word_1_90' title='bbox 570 1719 672 1773; x_wconf 88' lang='lat' dir='ltr'><strong>Sed</strong></span> <span class='ocrx_word' id='word_1_91' title='bbox 703 1726 979 1786; x_wconf 87' lang='lat' dir='ltr'><strong>postquam</strong></span> <span class='ocrx_word' id='word_1_92' title='bbox 1011 1716 1243 1786; x_wconf 86' lang='lat' dir='ltr'><strong>liquidus</strong></span> <span class='ocrx_word' id='word_1_93' title='bbox 1269 1716 1473 1772; x_wconf 62' lang='lat' dir='ltr'><strong>cmleati</strong></span> <span class='ocrx_word' id='word_1_94' title='bbox 1518 1717 1739 1786; x_wconf 87' lang='lat' dir='ltr'><strong>spiritus</strong></span> <span class='ocrx_word' id='word_1_95' title='bbox 1770 1731 1866 1771; x_wconf 90' lang='lat' dir='ltr'><strong>ore</strong></span> 
     </span>
    </p>
   </div>
   <div class='ocr_carea' id='block_1_17' title="bbox 393 896 500 952">
    <p class='ocr_par' dir='ltr' id='par_1_17' title="bbox 393 896 500 952">
     <span class='ocr_line' id='line_1_17' title="bbox 393 896 500 952; baseline 0 0"><span class='ocrx_word' id='word_1_96' title='bbox 393 896 500 952; x_wconf 83' lang='lat'><strong>685</strong></span> 
     </span>
    </p>
   </div>
   <div class='ocr_carea' id='block_1_18' title="bbox 394 1352 500 1408">
    <p class='ocr_par' dir='ltr' id='par_1_18' title="bbox 394 1352 500 1408">
     <span class='ocr_line' id='line_1_18' title="bbox 394 1352 500 1408; baseline 0 -1"><span class='ocrx_word' id='word_1_97' title='bbox 394 1352 500 1408; x_wconf 81' lang='lat'><strong>690</strong></span> 
     </span>
    </p>
   </div>
   <div class='ocr_carea' id='block_1_19' title="bbox 393 1800 2042 1879">
    <p class='ocr_par' dir='ltr' id='par_1_19' title="bbox 393 1800 2042 1879">
     <span class='ocr_line' id='line_1_19' title="bbox 393 1800 2042 1879; baseline -0.002 -15"><span class='ocrx_word' id='word_1_98' title='bbox 393 1807 500 1865; x_wconf 80' lang='lat'><strong>695</strong></span> <span class='ocrx_word' id='word_1_99' title='bbox 576 1807 873 1879; x_wconf 88' lang='lat' dir='ltr'><strong>Virgineam</strong></span> <span class='ocrx_word' id='word_1_100' title='bbox 887 1807 1835 1879; x_wconf 56' lang='lat' dir='ltr'><strong>respersithumumpnedicabitisilla</strong></span> <span class='ocrx_word' id='word_1_101' title='bbox 1848 1818 1961 1863; x_wconf 85' lang='lat' dir='ltr'><strong>est:</strong></span> <span class='ocrx_word' id='word_1_102' title='bbox 1997 1800 2042 1861; x_wconf 87' lang='grc' dir='ltr'><strong><em>Β</em></strong></span> 
     </span>
    </p>
   </div>
   <div class='ocr_carea' id='block_1_20' title="bbox 1778 320 2216 382">
    <p class='ocr_par' dir='ltr' id='par_1_20' title="bbox 1778 320 2216 382">
     <span class='ocr_line' id='line_1_20' title="bbox 1778 320 2216 382; baseline 0.014 -6"><span class='ocrx_word' id='word_1_103' title='bbox 1778 320 2216 382; x_wconf 80' lang='lat' dir='ltr'><strong>APOTHEOSIS.</strong></span> 
     </span>
    </p>
   </div>
   <div class='ocr_carea' id='block_1_21' title="bbox 1997 444 2044 501">
    <p class='ocr_par' dir='ltr' id='par_1_21' title="bbox 1997 444 2044 501">
     <span class='ocr_line' id='line_1_21' title="bbox 1997 444 2044 501; baseline 0 0"><span class='ocrx_word' id='word_1_104' title='bbox 1997 444 2044 501; x_wconf 89' lang='lat' dir='ltr'><strong>A</strong></span> 
     </span>
    </p>
   </div>
   <div class='ocr_carea' id='block_1_22' title="bbox 3554 336 3650 391">
    <p class='ocr_par' dir='ltr' id='par_1_22' title="bbox 3554 336 3650 391">
     <span class='ocr_line' id='line_1_22' title="bbox 3554 336 3650 391; baseline 0.01 -2"><span class='ocrx_word' id='word_1_105' title='bbox 3554 336 3650 391; x_wconf 83' lang='lat'><strong>978</strong></span> 
     </span>
    </p>
   </div>
   <div class='ocr_carea' id='block_1_23' title="bbox 2256 441 3652 519">
    <p class='ocr_par' dir='ltr' id='par_1_23' title="bbox 2256 441 3652 519">
     <span class='ocr_line' id='line_1_23' title="bbox 2256 441 3652 519; baseline 0.009 -23"><span class='ocrx_word' id='word_1_106' title='bbox 2256 441 2380 496; x_wconf 83' lang='lat' dir='ltr'><strong>Inde</strong></span> <span class='ocrx_word' id='word_1_107' title='bbox 2412 444 2571 498; x_wconf 82' lang='lat' dir='ltr'><strong>trahit</strong></span> <span class='ocrx_word' id='word_1_108' title='bbox 2597 460 2835 513; x_wconf 79' lang='lat' dir='ltr'><strong>Succum,</strong></span> <span class='ocrx_word' id='word_1_109' title='bbox 2890 447 3140 519; x_wconf 89' lang='lat' dir='ltr'><strong>lentoque</strong></span> <span class='ocrx_word' id='word_1_110' title='bbox 3176 448 3400 506; x_wconf 89' lang='lat' dir='ltr'><strong>humore</strong></span> <span class='ocrx_word' id='word_1_111' title='bbox 3429 454 3652 507; x_wconf 82' lang='lat' dir='ltr'><strong>salutem</strong></span> 
     </span>
    </p>
   </div>
   <div class='ocr_carea' id='block_1_24' title="bbox 2260 534 3474 609">
    <p class='ocr_par' dir='ltr' id='par_1_24' title="bbox 2260 534 3474 609">
     <span class='ocr_line' id='line_1_24' title="bbox 2260 534 3474 609; baseline 0.004 -18"><span class='ocrx_word' id='word_1_112' title='bbox 2260 534 2441 602; x_wconf 79' lang='lat' dir='ltr'><strong>Illinit,</strong></span> <span class='ocrx_word' id='word_1_113' title='bbox 2475 536 2807 608; x_wconf 86' lang='lat' dir='ltr'><strong>lnlunditqne</strong></span> <span class='ocrx_word' id='word_1_114' title='bbox 2827 539 2969 595; x_wconf 84' lang='lat' dir='ltr'><strong>diem</strong></span> <span class='ocrx_word' id='word_1_115' title='bbox 3002 539 3323 609; x_wconf 88' lang='lat' dir='ltr'><strong>baptismate</strong></span> <span class='ocrx_word' id='word_1_116' title='bbox 3347 542 3474 596; x_wconf 91' lang='lat' dir='ltr'><strong>lota.</strong></span> 
     </span>
    </p>
   </div>
   <div class='ocr_carea' id='block_1_25' title="bbox 2254 624 3652 698">
    <p class='ocr_par' dir='ltr' id='par_1_25' title="bbox 2254 624 3652 698">
     <span class='ocr_line' id='line_1_25' title="bbox 2254 624 3652 698; baseline 0.006 -20"><span class='ocrx_word' id='word_1_117' title='bbox 2254 624 2442 680; x_wconf 64' lang='lat' dir='ltr'><strong>Caicus</strong></span> <span class='ocrx_word' id='word_1_118' title='bbox 2460 626 2633 695; x_wconf 88' lang='lat' dir='ltr'><strong>adest,</strong></span> <span class='ocrx_word' id='word_1_119' title='bbox 2657 630 2826 684; x_wconf 89' lang='lat' dir='ltr'><strong>oculis</strong></span> <span class='ocrx_word' id='word_1_120' title='bbox 2852 630 2959 698; x_wconf 88' lang='lat' dir='ltr'><strong>jam</strong></span> <span class='ocrx_word' id='word_1_121' title='bbox 2982 632 3179 687; x_wconf 87' lang='lat' dir='ltr'><strong>Christi</strong></span> <span class='ocrx_word' id='word_1_122' title='bbox 3208 648 3271 687; x_wconf 82' lang='lat' dir='ltr'><strong>ex</strong></span> <span class='ocrx_word' id='word_1_123' title='bbox 3298 648 3393 688; x_wconf 91' lang='lat' dir='ltr'><strong>ore</strong></span> <span class='ocrx_word' id='word_1_124' title='bbox 3416 637 3652 698; x_wconf 87' lang='lat' dir='ltr'><strong>retectis,</strong></span> 
     </span>
    </p>
   </div>
   <div class='ocr_carea' id='block_1_26' title="bbox 2253 716 3653 794">
    <p class='ocr_par' dir='ltr' id='par_1_26' title="bbox 2253 716 3653 794">
     <span class='ocr_line' id='line_1_26' title="bbox 2253 716 3653 794; baseline 0.005 -21"><span class='ocrx_word' id='word_1_125' title='bbox 2253 716 2430 787; x_wconf 88' lang='lat' dir='ltr'><strong>Seque</strong></span> <span class='ocrx_word' id='word_1_126' title='bbox 2460 719 2595 787; x_wconf 89' lang='lat' dir='ltr'><strong>luto,</strong></span> <span class='ocrx_word' id='word_1_127' title='bbox 2627 730 2681 775; x_wconf 92' lang='lat' dir='ltr'><strong>et</strong></span> <span class='ocrx_word' id='word_1_128' title='bbox 2709 721 2893 776; x_wconf 88' lang='lat' dir='ltr'><strong>nitidis</strong></span> <span class='ocrx_word' id='word_1_129' title='bbox 2921 723 3095 778; x_wconf 81' lang='lat' dir='ltr'><strong>lucem</strong></span> <span class='ocrx_word' id='word_1_130' title='bbox 3124 726 3419 794; x_wconf 90' lang='lat' dir='ltr'><strong>sumpsisse</strong></span> <span class='ocrx_word' id='word_1_131' title='bbox 3442 724 3653 781; x_wconf 81' lang='lat' dir='ltr'><strong>ﬂuentis</strong></span> 
     </span>
    </p>
   </div>
   <div class='ocr_carea' id='block_1_27' title="bbox 2252 804 3653 887">
    <p class='ocr_par' dir='ltr' id='par_1_27' title="bbox 2252 804 3653 887">
     <span class='ocr_line' id='line_1_27' title="bbox 2252 804 3653 887; baseline 0.007 -27"><span class='ocrx_word' id='word_1_132' title='bbox 2252 804 2478 876; x_wconf 87' lang='lat' dir='ltr'><strong>Clamat,</strong></span> <span class='ocrx_word' id='word_1_133' title='bbox 2506 819 2563 865; x_wconf 91' lang='lat' dir='ltr'><strong>et</strong></span> <span class='ocrx_word' id='word_1_134' title='bbox 2586 820 2855 868; x_wconf 84' lang='lat' dir='ltr'><strong>auctorem</strong></span> <span class='ocrx_word' id='word_1_135' title='bbox 2868 813 3161 883; x_wconf 81' lang='lat' dir='ltr'><strong>stupefacta</strong></span> <span class='ocrx_word' id='word_1_136' title='bbox 3178 831 3271 886; x_wconf 84' lang='lat' dir='ltr'><strong>per</strong></span> <span class='ocrx_word' id='word_1_137' title='bbox 3296 817 3487 887; x_wconf 90' lang='lat' dir='ltr'><strong>oppida</strong></span> <span class='ocrx_word' id='word_1_138' title='bbox 3505 834 3653 871; x_wconf 88' lang='lat' dir='ltr'><strong>mon—</strong></span> 
     </span>
    </p>
   </div>
   <div class='ocr_carea' id='block_1_28' title="bbox 3408 911 3583 982">
    <p class='ocr_par' dir='ltr' id='par_1_28' title="bbox 3408 911 3583 982">
     <span class='ocr_line' id='line_1_28' title="bbox 3408 911 3583 982; baseline -0.006 -18"><span class='ocrx_word' id='word_1_139' title='bbox 3408 911 3583 982; x_wconf 88' lang='lat' dir='ltr'><strong>[strat.</strong></span> 
     </span>
    </p>
   </div>
   <div class='ocr_carea' id='block_1_29' title="bbox 2252 990 3442 1067">
    <p class='ocr_par' dir='ltr' id='par_1_29' title="bbox 2252 990 3442 1067">
     <span class='ocr_line' id='line_1_29' title="bbox 2252 990 3442 1067; baseline 0.008 -23"><span class='ocrx_word' id='word_1_140' title='bbox 2252 990 2538 1048; x_wconf 84' lang='lat' dir='ltr'><strong>Auctorem</strong></span> <span class='ocrx_word' id='word_1_141' title='bbox 2570 991 2724 1060; x_wconf 87' lang='lat' dir='ltr'><strong>lucis,</strong></span> <span class='ocrx_word' id='word_1_142' title='bbox 2756 991 3169 1067; x_wconf 81' lang='lat' dir='ltr'><strong>largitoremque</strong></span> <span class='ocrx_word' id='word_1_143' title='bbox 3200 997 3442 1063; x_wconf 91' lang='lat' dir='ltr'><strong>dierum,</strong></span> 
     </span>
    </p>
   </div>
   <div class='ocr_carea' id='block_1_30' title="bbox 2256 1081 3480 1159">
    <p class='ocr_par' dir='ltr' id='par_1_30' title="bbox 2256 1081 3480 1159">
     <span class='ocr_line' id='line_1_30' title="bbox 2256 1081 3480 1159; baseline 0.006 -22"><span class='ocrx_word' id='word_1_144' title='bbox 2256 1081 2372 1137; x_wconf 82' lang='lat' dir='ltr'><strong>Non</strong></span> <span class='ocrx_word' id='word_1_145' title='bbox 2395 1082 2739 1154; x_wconf 87' lang='lat' dir='ltr'><strong>dedignatum</strong></span> <span class='ocrx_word' id='word_1_146' title='bbox 2773 1084 2991 1141; x_wconf 76' lang='lat' dir='ltr'><strong>medica:</strong></span> <span class='ocrx_word' id='word_1_147' title='bbox 3013 1102 3300 1158; x_wconf 88' lang='lat' dir='ltr'><strong>purgamen</strong></span> <span class='ocrx_word' id='word_1_148' title='bbox 3324 1089 3480 1159; x_wconf 87' lang='lat' dir='ltr'><strong>aquai</strong></span> 
     </span>
    </p>
   </div>
   <div class='ocr_carea' id='block_1_31' title="bbox 2250 1172 3629 1248">
    <p class='ocr_par' dir='ltr' id='par_1_31' title="bbox 2250 1172 3629 1248">
     <span class='ocr_line' id='line_1_31' title="bbox 2250 1172 3629 1248; baseline 0.004 -21"><span class='ocrx_word' id='word_1_149' title='bbox 2250 1172 2483 1242; x_wconf 89' lang='lat' dir='ltr'><strong>Corpore</strong></span> <span class='ocrx_word' id='word_1_150' title='bbox 2494 1174 2593 1229; x_wconf 92' lang='lat' dir='ltr'><strong>sub</strong></span> <span class='ocrx_word' id='word_1_151' title='bbox 2610 1176 2821 1245; x_wconf 92' lang='lat' dir='ltr'><strong>proprio</strong></span> <span class='ocrx_word' id='word_1_152' title='bbox 2842 1186 3142 1234; x_wconf 89' lang='lat' dir='ltr'><strong>monstrare</strong></span> <span class='ocrx_word' id='word_1_153' title='bbox 3153 1180 3457 1235; x_wconf 87' lang='lat' dir='ltr'><strong>errantibus</strong></span> <span class='ocrx_word' id='word_1_154' title='bbox 3472 1181 3629 1248; x_wconf 70' lang='lat' dir='ltr'><strong>tegris</strong></span> 
     </span>
    </p>
   </div>
   <div class='ocr_carea' id='block_1_32' title="bbox 2250 1262 3653 1341">
    <p class='ocr_par' dir='ltr' id='par_1_32' title="bbox 2250 1262 3653 1341">
     <span class='ocr_line' id='line_1_32' title="bbox 2250 1262 3653 1341; baseline 0.008 -24"><span class='ocrx_word' id='word_1_155' title='bbox 2250 1262 2414 1334; x_wconf 69' lang='grc'>464</span> <span class='ocrx_word' id='word_1_156' title='bbox 2444 1264 2675 1321; x_wconf 82' lang='lat' dir='ltr'><strong>Millibus</strong></span> <span class='ocrx_word' id='word_1_157' title='bbox 2705 1282 2774 1322; x_wconf 80' lang='lat' dir='ltr'><strong>es</strong></span> <span class='ocrx_word' id='word_1_158' title='bbox 2790 1268 2971 1325; x_wconf 84' lang='lat' dir='ltr'><strong>multis</strong></span> <span class='ocrx_word' id='word_1_159' title='bbox 3001 1271 3319 1338; x_wconf 86' lang='lat' dir='ltr'><strong>paucissima</strong></span> <span class='ocrx_word' id='word_1_160' title='bbox 3339 1287 3653 1341; x_wconf 63' lang='lat' dir='ltr'><strong>qumquere-</strong></span> 
     </span>
    </p>
   </div>
   <div class='ocr_carea' id='block_1_33' title="bbox 3382 1371 3554 1416">
    <p class='ocr_par' dir='ltr' id='par_1_33' title="bbox 3382 1371 3554 1416">
     <span class='ocr_line' id='line_1_33' title="bbox 3382 1371 3554 1416; baseline 0 0"><span class='ocrx_word' id='word_1_161' title='bbox 3382 1371 3554 1416; x_wconf 83' lang='lat' dir='ltr'><strong>texam</strong></span> 
     </span>
    </p>
   </div>
   <div class='ocr_carea' id='block_1_34' title="bbox 2252 1362 3651 1521">
    <p class='ocr_par' dir='ltr' id='par_1_34' title="bbox 2252 1362 3651 1521">
     <span class='ocr_line' id='line_1_34' title="bbox 3382 1371 3554 1416; baseline 0 0"><span class='ocrx_word' id='word_1_162' title='bbox 3382 1371 3554 1416; x_wconf 83' lang='lat' dir='ltr'><strong>texam</strong></span> 
     </span>
     <span class='ocr_line' id='line_1_35' title="bbox 2252 1362 3651 1521; baseline 0.006 -22"><span class='ocrx_word' id='word_1_163' title='bbox 2252 1445 2565 1500; x_wconf 90' lang='lat' dir='ltr'><strong>Summatim</strong></span> <span class='ocrx_word' id='word_1_164' title='bbox 2600 1446 2865 1517; x_wconf 84' lang='lat' dir='ltr'><strong>relegens,</strong></span> <span class='ocrx_word' id='word_1_165' title='bbox 2889 1458 3029 1505; x_wconf 88' lang='lat' dir='ltr'><strong>totus</strong></span> <span class='ocrx_word' id='word_1_166' title='bbox 3054 1465 3171 1518; x_wconf 76' lang='lat' dir='ltr'><strong>quze</strong></span> <span class='ocrx_word' id='word_1_167' title='bbox 3200 1466 3305 1505; x_wconf 90' lang='lat' dir='ltr'><strong>non</strong></span> <span class='ocrx_word' id='word_1_168' title='bbox 3332 1362 3651 1521; x_wconf 73' lang='lat' dir='ltr'><strong>c[apitorliis.</strong></span> 
     </span>
    </p>
   </div>
   <div class='ocr_carea' id='block_1_35' title="bbox 2249 1535 3651 1612">
    <p class='ocr_par' dir='ltr' id='par_1_35' title="bbox 2249 1535 3651 1612">
     <span class='ocr_line' id='line_1_36' title="bbox 2249 1535 3651 1612; baseline 0.008 -24"><span class='ocrx_word' id='word_1_169' title='bbox 2249 1535 2495 1605; x_wconf 85' lang='lat' dir='ltr'><strong>Quinque</strong></span> <span class='ocrx_word' id='word_1_170' title='bbox 2524 1536 2577 1589; x_wconf 92' lang='lat' dir='ltr'><strong>in</strong></span> <span class='ocrx_word' id='word_1_171' title='bbox 2610 1537 2826 1592; x_wconf 88' lang='lat' dir='ltr'><strong>deserto</strong></span> <span class='ocrx_word' id='word_1_172' title='bbox 2857 1554 3020 1607; x_wconf 69' lang='lat' dir='ltr'><strong>panes</strong></span> <span class='ocrx_word' id='word_1_173' title='bbox 3049 1540 3220 1610; x_wconf 90' lang='lat' dir='ltr'><strong>jubet,</strong></span> <span class='ocrx_word' id='word_1_174' title='bbox 3263 1550 3317 1596; x_wconf 90' lang='lat' dir='ltr'><strong>et</strong></span> <span class='ocrx_word' id='word_1_175' title='bbox 3346 1543 3452 1597; x_wconf 92' lang='lat' dir='ltr'><strong>duo</strong></span> <span class='ocrx_word' id='word_1_176' title='bbox 3480 1544 3651 1612; x_wconf 89' lang='lat' dir='ltr'><strong>pisces</strong></span> 
     </span>
    </p>
   </div>
   <div class='ocr_carea' id='block_1_36' title="bbox 2248 1626 3649 1703">
    <p class='ocr_par' dir='ltr' id='par_1_36' title="bbox 2248 1626 3649 1703">
     <span class='ocr_line' id='line_1_37' title="bbox 2248 1626 3649 1703; baseline 0.006 -23"><span class='ocrx_word' id='word_1_177' title='bbox 2248 1626 2457 1695; x_wconf 88' lang='lat' dir='ltr'><strong>Apponi</strong></span> <span class='ocrx_word' id='word_1_178' title='bbox 2476 1628 2525 1681; x_wconf 93' lang='lat' dir='ltr'><strong>in</strong></span> <span class='ocrx_word' id='word_1_179' title='bbox 2544 1636 2750 1697; x_wconf 88' lang='lat' dir='ltr'><strong>pastum</strong></span> <span class='ocrx_word' id='word_1_180' title='bbox 2768 1630 2977 1699; x_wconf 89' lang='lat' dir='ltr'><strong>populis</strong></span> <span class='ocrx_word' id='word_1_181' title='bbox 3003 1649 3014 1682; x_wconf 92' lang='lat'>:</span> <span class='ocrx_word' id='word_1_182' title='bbox 3034 1632 3122 1700; x_wconf 84' lang='lat' dir='ltr'><strong>qui</strong></span> <span class='ocrx_word' id='word_1_183' title='bbox 3153 1632 3291 1688; x_wconf 77' lang='lat' dir='ltr'><strong>forte</strong></span> <span class='ocrx_word' id='word_1_184' title='bbox 3314 1635 3649 1703; x_wconf 74' lang='lat' dir='ltr'><strong>magistrum,</strong></span> 
     </span>
    </p>
   </div>
   <div class='ocr_carea' id='block_1_37' title="bbox 2250 1717 3649 1795">
    <p class='ocr_par' dir='ltr' id='par_1_37' title="bbox 2250 1717 3649 1795">
     <span class='ocr_line' id='line_1_38' title="bbox 2250 1717 3649 1795; baseline 0.006 -24"><span class='ocrx_word' id='word_1_185' title='bbox 2250 1717 2364 1772; x_wconf 82' lang='lat' dir='ltr'><strong>Non</strong></span> <span class='ocrx_word' id='word_1_186' title='bbox 2387 1728 2671 1775; x_wconf 89' lang='lat' dir='ltr'><strong>revocante</strong></span> <span class='ocrx_word' id='word_1_187' title='bbox 2691 1720 2850 1786; x_wconf 80' lang='lat' dir='ltr'><strong>fame,</strong></span> <span class='ocrx_word' id='word_1_188' title='bbox 2869 1722 3139 1791; x_wconf 83' lang='lat' dir='ltr'><strong>stipabant</strong></span> <span class='ocrx_word' id='word_1_189' title='bbox 3158 1725 3393 1795; x_wconf 86' lang='lat' dir='ltr'><strong>undique</strong></span> <span class='ocrx_word' id='word_1_190' title='bbox 3412 1734 3649 1794; x_wconf 87' lang='lat' dir='ltr'><strong>septum,</strong></span> 
     </span>
    </p>
   </div>
   <div class='ocr_carea' id='block_1_38' title="bbox 2243 1810 3648 1885">
    <p class='ocr_par' dir='ltr' id='par_1_38' title="bbox 2243 1810 3648 1885">
     <span class='ocr_line' id='line_1_39' title="bbox 2243 1810 3648 1885; baseline 0.007 -21"><span class='ocrx_word' id='word_1_191' title='bbox 2243 1810 2694 1883; x_wconf 89' lang='lat' dir='ltr'><strong>lmmemoresque</strong></span> <span class='ocrx_word' id='word_1_192' title='bbox 2723 1812 2828 1868; x_wconf 90' lang='lat' dir='ltr'><strong>cibi</strong></span> <span class='ocrx_word' id='word_1_193' title='bbox 2869 1814 3037 1882; x_wconf 86' lang='lat' dir='ltr'><strong>vicos,</strong></span> <span class='ocrx_word' id='word_1_194' title='bbox 3067 1817 3310 1885; x_wconf 86' lang='lat' dir='ltr'><strong>castella,</strong></span> <span class='ocrx_word' id='word_1_195' title='bbox 3341 1819 3648 1884; x_wconf 88' lang='lat' dir='ltr'><strong>macellum,</strong></span> 
     </span>
    </p>
   </div>
   <div class='ocr_carea' id='block_1_39' title="bbox 2078 804 2182 861">
    <p class='ocr_par' dir='ltr' id='par_1_39' title="bbox 2078 804 2182 861">
     <span class='ocr_line' id='line_1_40' title="bbox 2078 804 2182 861; baseline 0.029 -3"><span class='ocrx_word' id='word_1_196' title='bbox 2078 804 2182 861; x_wconf 85' lang='lat'><strong>700</strong></span> 
     </span>
    </p>
   </div>
   <div class='ocr_carea' id='block_1_40' title="bbox 2074 1446 2179 1502">
    <p class='ocr_par' dir='ltr' id='par_1_40' title="bbox 2074 1446 2179 1502">
     <span class='ocr_line' id='line_1_41' title="bbox 2074 1446 2179 1502; baseline 0.038 -3"><span class='ocrx_word' id='word_1_197' title='bbox 2074 1446 2179 1502; x_wconf 80' lang='lat'><strong>765</strong></span> 
     </span>
    </p>
   </div>
   <div class='ocr_carea' id='block_1_41' title="bbox 1723 1940 2390 2001">
    <p class='ocr_par' dir='ltr' id='par_1_41' title="bbox 1723 1940 2390 2001">
     <span class='ocr_line' id='line_1_42' title="bbox 1723 1940 2390 2001; baseline 0.007 -5"><span class='ocrx_word' id='word_1_198' title='bbox 1723 1940 2009 1997; x_wconf 60' lang='lat' dir='ltr'><strong>GLOSSZE</strong></span> <span class='ocrx_word' id='word_1_199' title='bbox 2049 1943 2390 2001; x_wconf 78' lang='lat' dir='ltr'><strong>VETERES.</strong></span> 
     </span>
    </p>
   </div>
   <div class='ocr_carea' id='block_1_42' title="bbox 396 2056 1972 2141">
    <p class='ocr_par' dir='ltr' id='par_1_42' title="bbox 396 2056 1972 2141">
     <span class='ocr_line' id='line_1_43' title="bbox 396 2056 1972 2141; baseline -0.004 -25"><span class='ocrx_word' id='word_1_200' title='bbox 396 2057 533 2141; x_wconf 55' lang='lat' dir='ltr'><strong>W68</strong></span> <span class='ocrx_word' id='word_1_201' title='bbox 545 2059 589 2141; x_wconf 93' lang='lat'><strong>.</strong></span> <span class='ocrx_word' id='word_1_202' title='bbox 629 2056 881 2114; x_wconf 88' lang='lat' dir='ltr'><strong>Anhelat.</strong></span> <span class='ocrx_word' id='word_1_203' title='bbox 912 2066 1113 2112; x_wconf 83' lang='lat' dir='ltr'><strong>emanat</strong></span> <span class='ocrx_word' id='word_1_204' title='bbox 1128 2073 1149 2123; x_wconf 86' lang='lat'><strong><em>;</em></strong></span> <span class='ocrx_word' id='word_1_205' title='bbox 1178 2073 1281 2111; x_wconf 83' lang='lat' dir='ltr'><strong>non</strong></span> <span class='ocrx_word' id='word_1_206' title='bbox 1307 2073 1503 2129; x_wconf 91' lang='lat' dir='ltr'><strong>semper</strong></span> <span class='ocrx_word' id='word_1_207' title='bbox 1546 2056 1796 2109; x_wconf 87' lang='lat' dir='ltr'><strong>inundant</strong></span> <span class='ocrx_word' id='word_1_208' title='bbox 1824 2072 1972 2126; x_wconf 79' lang='lat' dir='ltr'><strong>aqua:</strong></span> 
     </span>
    </p>
   </div>
   <div class='ocr_carea' id='block_1_43' title="bbox 394 2129 1973 2267">
    <p class='ocr_par' dir='ltr' id='par_1_43' title="bbox 394 2129 1973 2267">
     <span class='ocr_line' id='line_1_44' title="bbox 394 2129 1973 2267; baseline -0.002 -13"><span class='ocrx_word' id='word_1_209' title='bbox 394 2129 847 2254; x_wconf 38' lang='lat' dir='ltr'><strong>&#39;lhliitfifolioranti</strong></span> <span class='ocrx_word' id='word_1_210' title='bbox 874 2237 891 2265; x_wconf 90' lang='lat'><strong>,</strong></span> <span class='ocrx_word' id='word_1_211' title='bbox 943 2198 1183 2267; x_wconf 76' lang='lat' dir='ltr'><strong>fluitanti.</strong></span> <span class='ocrx_word' id='word_1_212' title='bbox 1215 2228 1284 2238; x_wconf 93' lang='lat'><strong><em>—</em></strong></span> <span class='ocrx_word' id='word_1_213' title='bbox 1313 2195 1518 2252; x_wconf 83' lang='lat' dir='ltr'><strong>Raucas</strong></span> <span class='ocrx_word' id='word_1_214' title='bbox 1542 2237 1557 2260; x_wconf 87' lang='lat'><strong>,</strong></span> <span class='ocrx_word' id='word_1_215' title='bbox 1589 2208 1823 2251; x_wconf 86' lang='lat' dir='ltr'><strong>sonantes</strong></span> <span class='ocrx_word' id='word_1_216' title='bbox 1847 2238 1862 2264; x_wconf 93' lang='lat'><strong>,</strong></span> <span class='ocrx_word' id='word_1_217' title='bbox 1896 2196 1973 2251; x_wconf 88' lang='lat' dir='ltr'><strong>vel</strong></span> 
     </span>
    </p>
   </div>
   <div class='ocr_carea' id='block_1_44' title="bbox 392 2269 743 2327">
    <p class='ocr_par' dir='ltr' id='par_1_44' title="bbox 392 2269 743 2327">
     <span class='ocr_line' id='line_1_45' title="bbox 392 2269 743 2327; baseline 0.006 -6"><span class='ocrx_word' id='word_1_218' title='bbox 392 2284 669 2327; x_wconf 78' lang='lat' dir='ltr'><strong>morantes.</strong></span> <span class='ocrx_word' id='word_1_219' title='bbox 701 2269 743 2323; x_wconf 92' lang='grc' dir='ltr'><strong>Ι.</strong></span> 
     </span>
    </p>
   </div>
   <div class='ocr_carea' id='block_1_45' title="bbox 463 2336 1970 2407">
    <p class='ocr_par' dir='ltr' id='par_1_45' title="bbox 463 2336 1970 2407">
     <span class='ocr_line' id='line_1_46' title="bbox 463 2336 1970 2407; baseline -0.003 -14"><span class='ocrx_word' id='word_1_220' title='bbox 463 2339 589 2394; x_wconf 88' lang='lat'><strong>686.</strong></span> <span class='ocrx_word' id='word_1_221' title='bbox 628 2338 940 2405; x_wconf 88' lang='lat' dir='ltr'><strong>Scatebras,</strong></span> <span class='ocrx_word' id='word_1_222' title='bbox 971 2337 1309 2393; x_wconf 88' lang='lat' dir='ltr'><strong>ebullitiones.</strong></span> <span class='ocrx_word' id='word_1_223' title='bbox 1352 2365 1421 2378; x_wconf 86' lang='lat'><em>-</em></span> <span class='ocrx_word' id='word_1_224' title='bbox 1463 2336 1701 2407; x_wconf 78' lang='lat' dir='ltr'><strong>Margine</strong></span> <span class='ocrx_word' id='word_1_225' title='bbox 1725 2379 1739 2405; x_wconf 91' lang='lat'><strong>,</strong></span> <span class='ocrx_word' id='word_1_226' title='bbox 1772 2338 1970 2401; x_wconf 78' lang='lat' dir='ltr'><strong>littore,</strong></span> 
     </span>
    </p>
   </div>
   <div class='ocr_carea' id='block_1_46' title="bbox 394 2408 1512 2548">
    <p class='ocr_par' dir='ltr' id='par_1_46' title="bbox 394 2408 1512 2548">
     <span class='ocr_line' id='line_1_47' title="bbox 394 2408 1512 2548; baseline -0.004 -13"><span class='ocrx_word' id='word_1_227' title='bbox 394 2408 589 2535; x_wconf 41' lang='lat' dir='ltr'><strong>Is’oli89.</strong></span> <span class='ocrx_word' id='word_1_228' title='bbox 629 2479 897 2548; x_wconf 81' lang='lat' dir='ltr'><strong>Figuram.</strong></span> <span class='ocrx_word' id='word_1_229' title='bbox 931 2478 1184 2531; x_wconf 82' lang='lat' dir='ltr'><strong>hominem</strong></span> <span class='ocrx_word' id='word_1_230' title='bbox 1208 2477 1272 2531; x_wconf 88' lang='lat' dir='ltr'><strong>de</strong></span> <span class='ocrx_word' id='word_1_231' title='bbox 1295 2478 1440 2540; x_wconf 84' lang='lat' dir='ltr'><strong>limo,</strong></span> <span class='ocrx_word' id='word_1_232' title='bbox 1472 2478 1512 2531; x_wconf 96' lang='grc'><strong>1.</strong></span> 
     </span>
    </p>
   </div>
   <div class='ocr_carea' id='block_1_47' title="bbox 428 2548 1977 2633">
    <p class='ocr_par' dir='ltr' id='par_1_47' title="bbox 428 2548 1977 2633">
     <span class='ocr_line' id='line_1_48' title="bbox 428 2548 1977 2633; baseline 0.001 -30"><span class='ocrx_word' id='word_1_233' title='bbox 428 2622 441 2633; x_wconf 45' lang='grc'><em>.</em></span> <span class='ocrx_word' id='word_1_234' title='bbox 466 2550 574 2604; x_wconf 79' lang='lat'><strong>690</strong></span> <span class='ocrx_word' id='word_1_235' title='bbox 598 2621 609 2632; x_wconf 33' lang='grc' dir='ltr'>ι</span> <span class='ocrx_word' id='word_1_236' title='bbox 646 2549 993 2633; x_wconf 76' lang='lat' dir='ltr'><strong>Medicamen,</strong></span> <span class='ocrx_word' id='word_1_237' title='bbox 1037 2550 1347 2633; x_wconf 75' lang='lat' dir='ltr'><strong>_spirameu;</strong></span> <span class='ocrx_word' id='word_1_238' title='bbox 1393 2548 1657 2619; x_wconf 78' lang='lat' dir='ltr'><strong>inspiravit</strong></span> <span class='ocrx_word' id='word_1_239' title='bbox 1696 2548 1749 2602; x_wconf 86' lang='lat' dir='ltr'><strong>in</strong></span> <span class='ocrx_word' id='word_1_240' title='bbox 1792 2549 1977 2618; x_wconf 80' lang='lat' dir='ltr'><strong>{aciem</strong></span> 
     </span>
    </p>
   </div>
   <div class='ocr_carea' id='block_1_48' title="bbox 395 2617 1976 2757">
    <p class='ocr_par' dir='ltr' id='par_1_48' title="bbox 395 2617 1976 2757">
     <span class='ocr_line' id='line_1_49' title="bbox 395 2617 1798 2691; baseline -0.003 -18"><span class='ocrx_word' id='word_1_241' title='bbox 395 2622 502 2691; x_wconf 83' lang='lat' dir='ltr'><strong>ejus</strong></span> <span class='ocrx_word' id='word_1_242' title='bbox 532 2620 839 2685; x_wconf 81' lang='lat' dir='ltr'><strong>spiraculum</strong></span> <span class='ocrx_word' id='word_1_243' title='bbox 867 2623 1000 2683; x_wconf 74' lang='lat' dir='ltr'><strong>vltw,</strong></span> <span class='ocrx_word' id='word_1_244' title='bbox 1037 2617 1142 2673; x_wconf 89' lang='lat' dir='ltr'><strong>lso.</strong></span> <span class='ocrx_word' id='word_1_245' title='bbox 1477 2617 1483 2619; x_wconf 55' lang='grc'><strong><em>⁷</em></strong></span> <span class='ocrx_word' id='word_1_246' title='bbox 1795 2617 1798 2618; x_wconf 58' lang='grc'><strong><em>⁷</em></strong></span> 
     </span>
     <span class='ocr_line' id='line_1_50' title="bbox 463 2687 1976 2757; baseline -0.001 -13"><span class='ocrx_word' id='word_1_247' title='bbox 463 2690 589 2744; x_wconf 71' lang='grc'><strong>692.</strong></span> <span class='ocrx_word' id='word_1_248' title='bbox 634 2690 761 2746; x_wconf 89' lang='lat' dir='ltr'><strong>Sine</strong></span> <span class='ocrx_word' id='word_1_249' title='bbox 817 2689 1024 2755; x_wconf 85' lang='lat' dir='ltr'><strong>divino,</strong></span> <span class='ocrx_word' id='word_1_250' title='bbox 1078 2698 1345 2757; x_wconf 86' lang='lat' dir='ltr'><strong>antequam</strong></span> <span class='ocrx_word' id='word_1_251' title='bbox 1389 2688 1625 2755; x_wconf 82' lang='lat' dir='ltr'><strong>spiritum</strong></span> <span class='ocrx_word' id='word_1_252' title='bbox 1672 2687 1748 2741; x_wconf 82' lang='lat' dir='ltr'><strong>illi</strong></span> <span class='ocrx_word' id='word_1_253' title='bbox 1805 2688 1976 2743; x_wconf 86' lang='lat' dir='ltr'><strong>dedis-</strong></span> 
     </span>
    </p>
   </div>
   <div class='ocr_carea' id='block_1_49' title="bbox 396 2759 1477 2899">
    <p class='ocr_par' dir='ltr' id='par_1_49' title="bbox 396 2759 1477 2899">
     <span class='ocr_line' id='line_1_51' title="bbox 396 2759 1477 2899; baseline -0.002 -15"><span class='ocrx_word' id='word_1_254' title='bbox 396 2759 590 2884; x_wconf 64' lang='lat' dir='ltr'><strong>mlinli.</strong></span> <span class='ocrx_word' id='word_1_255' title='bbox 622 2828 894 2897; x_wconf 86' lang='lat' dir='ltr'><strong>Liquidus,</strong></span> <span class='ocrx_word' id='word_1_256' title='bbox 926 2826 1233 2899; x_wconf 84' lang='lat' dir='ltr'><strong>spiritualis.</strong></span> <span class='ocrx_word' id='word_1_257' title='bbox 1267 2825 1477 2899; x_wconf 64' lang='lat' dir='ltr'><strong>LMar.</strong></span> 
     </span>
    </p>
   </div>
   <div class='ocr_carea' id='block_1_50' title="bbox 467 2896 1502 2969">
    <p class='ocr_par' dir='ltr' id='par_1_50' title="bbox 467 2896 1502 2969">
     <span class='ocr_line' id='line_1_52' title="bbox 467 2896 1502 2969; baseline -0.004 -13"><span class='ocrx_word' id='word_1_258' title='bbox 467 2900 592 2957; x_wconf 88' lang='grc'><strong>696.</strong></span> <span class='ocrx_word' id='word_1_259' title='bbox 622 2896 812 2969; x_wconf 86' lang='lat' dir='ltr'><strong>Lento,</strong></span> <span class='ocrx_word' id='word_1_260' title='bbox 839 2896 1139 2964; x_wconf 74' lang='lat' dir='ltr'><strong>adhazrenti,</strong></span> <span class='ocrx_word' id='word_1_261' title='bbox 1170 2896 1413 2967; x_wconf 70' lang='lat' dir='ltr'><strong>ﬂexibili,</strong></span> <span class='ocrx_word' id='word_1_262' title='bbox 1461 2898 1502 2952; x_wconf 89' lang='grc'><strong>1.</strong></span> 
     </span>
    </p>
   </div>
   <div class='ocr_carea' id='block_1_51' title="bbox 2143 2057 2940 2129">
    <p class='ocr_par' dir='ltr' id='par_1_51' title="bbox 2143 2057 2940 2129">
     <span class='ocr_line' id='line_1_53' title="bbox 2143 2057 2940 2129; baseline 0.008 -18"><span class='ocrx_word' id='word_1_263' title='bbox 2143 2057 2266 2112; x_wconf 85' lang='grc'>697.</span> <span class='ocrx_word' id='word_1_264' title='bbox 2298 2058 2469 2126; x_wconf 87' lang='lat' dir='ltr'><strong>Diem,</strong></span> <span class='ocrx_word' id='word_1_265' title='bbox 2500 2059 2680 2123; x_wconf 86' lang='lat' dir='ltr'><strong>lucem.</strong></span> <span class='ocrx_word' id='word_1_266' title='bbox 2726 2062 2776 2129; x_wconf 89' lang='lat' dir='ltr'><strong>l,</strong></span> <span class='ocrx_word' id='word_1_267' title='bbox 2812 2064 2940 2118; x_wconf 86' lang='lat' dir='ltr'><strong>Mar.</strong></span> 
     </span>
    </p>
   </div>
   <div class='ocr_carea' id='block_1_52' title="bbox 2145 2129 3059 2194">
    <p class='ocr_par' dir='ltr' id='par_1_52' title="bbox 2145 2129 3059 2194">
     <span class='ocr_line' id='line_1_54' title="bbox 2145 2129 3059 2194; baseline 0.01 -13"><span class='ocrx_word' id='word_1_268' title='bbox 2145 2129 2269 2182; x_wconf 86' lang='lat'><strong>700.</strong></span> <span class='ocrx_word' id='word_1_269' title='bbox 2321 2132 2627 2194; x_wconf 81' lang='lat' dir='ltr'><strong>Aucmrem,</strong></span> <span class='ocrx_word' id='word_1_270' title='bbox 2651 2132 2905 2186; x_wconf 81' lang='lat' dir='ltr'><strong>Christum</strong></span> <span class='ocrx_word' id='word_1_271' title='bbox 2923 2174 2937 2194; x_wconf 84' lang='lat'><strong>,</strong></span> <span class='ocrx_word' id='word_1_272' title='bbox 2962 2134 3059 2191; x_wconf 89' lang='lat' dir='ltr'><strong>lso.</strong></span> 
     </span>
    </p>
   </div>
   <div class='ocr_carea' id='block_1_53' title="bbox 2147 2199 3651 2277">
    <p class='ocr_par' dir='ltr' id='par_1_53' title="bbox 2147 2199 3651 2277">
     <span class='ocr_line' id='line_1_55' title="bbox 2147 2199 3651 2277; baseline 0.009 -26"><span class='ocrx_word' id='word_1_273' title='bbox 2147 2199 2270 2253; x_wconf 74' lang='lat'><strong>702.</strong></span> <span class='ocrx_word' id='word_1_274' title='bbox 2304 2199 2541 2277; x_wconf 67' lang='lat' dir='ltr'><strong>Medica),</strong></span> <span class='ocrx_word' id='word_1_275' title='bbox 2568 2203 2885 2277; x_wconf 73' lang='lat' dir='ltr'><strong>medirantis.</strong></span> <span class='ocrx_word' id='word_1_276' title='bbox 2918 2236 2989 2244; x_wconf 97' lang='lat'><strong>—</strong></span> <span class='ocrx_word' id='word_1_277' title='bbox 3010 2206 3197 2273; x_wconf 79' lang='lat' dir='ltr'><strong>Aqnai,</strong></span> <span class='ocrx_word' id='word_1_278' title='bbox 3231 2224 3395 2277; x_wconf 71' lang='lat' dir='ltr'><strong>aqum.</strong></span> <span class='ocrx_word' id='word_1_279' title='bbox 3422 2240 3491 2249; x_wconf 89' lang='lat'><strong>—</strong></span> <span class='ocrx_word' id='word_1_280' title='bbox 3524 2210 3651 2264; x_wconf 86' lang='lat' dir='ltr'><strong>Pur-</strong></span> 
     </span>
    </p>
   </div>
   <div class='ocr_carea' id='block_1_54' title="bbox 2075 2271 3652 2347">
    <p class='ocr_par' dir='ltr' id='par_1_54' title="bbox 2075 2271 3652 2347">
     <span class='ocr_line' id='line_1_56' title="bbox 2075 2271 3652 2347; baseline 0.01 -30"><span class='ocrx_word' id='word_1_281' title='bbox 2075 2283 2287 2347; x_wconf 81' lang='lat' dir='ltr'><strong>gamen.</strong></span> <span class='ocrx_word' id='word_1_282' title='bbox 2313 2271 2433 2336; x_wconf 85' lang='lat' dir='ltr'><strong>quia</strong></span> <span class='ocrx_word' id='word_1_283' title='bbox 2462 2272 2717 2325; x_wconf 83' lang='lat' dir='ltr'><strong>medicina</strong></span> <span class='ocrx_word' id='word_1_284' title='bbox 2740 2271 3163 2347; x_wconf 36' lang='lat' dir='ltr'><strong>peccatorum—est</strong></span> <span class='ocrx_word' id='word_1_285' title='bbox 3198 2271 3472 2347; x_wconf 75' lang='lat' dir='ltr'><strong>baptismus</strong></span> <span class='ocrx_word' id='word_1_286' title='bbox 3502 2296 3520 2333; x_wconf 89' lang='lat'><strong><em>:</em></strong></span> <span class='ocrx_word' id='word_1_287' title='bbox 3548 2284 3652 2345; x_wconf 78' lang='lat' dir='ltr'><strong>ipse</strong></span> 
     </span>
    </p>
   </div>
   <div class='ocr_carea' id='block_1_55' title="bbox 2078 2340 3653 2419">
    <p class='ocr_par' dir='ltr' id='par_1_55' title="bbox 2078 2340 3653 2419">
     <span class='ocr_line' id='line_1_57' title="bbox 2078 2340 3653 2419; baseline 0.008 -27"><span class='ocrx_word' id='word_1_288' title='bbox 2078 2340 2212 2392; x_wconf 88' lang='lat' dir='ltr'><strong>enim</strong></span> <span class='ocrx_word' id='word_1_289' title='bbox 2236 2341 2297 2419; x_wconf 81' lang='lat' dir='ltr'><strong>iu_</strong></span> <span class='ocrx_word' id='word_1_290' title='bbox 2328 2356 2537 2419; x_wconf 84' lang='lat' dir='ltr'><strong>corpore</strong></span> <span class='ocrx_word' id='word_1_291' title='bbox 2576 2340 3105 2419; x_wconf 58' lang='lat' dir='ltr'><strong>propriamonstravit</strong></span> <span class='ocrx_word' id='word_1_292' title='bbox 3138 2340 3419 2419; x_wconf 75' lang='lat' dir='ltr'><strong>purgamen</strong></span> <span class='ocrx_word' id='word_1_293' title='bbox 3447 2340 3653 2404; x_wconf 81' lang='lat' dir='ltr'><strong>medica:</strong></span> 
     </span>
    </p>
   </div>
   <div class='ocr_carea' id='block_1_56' title="bbox 2077 2410 2998 2480">
    <p class='ocr_par' dir='ltr' id='par_1_56' title="bbox 2077 2410 2998 2480">
     <span class='ocr_line' id='line_1_58' title="bbox 2077 2410 2998 2480; baseline 0.007 -19"><span class='ocrx_word' id='word_1_294' title='bbox 2077 2424 2243 2480; x_wconf 62' lang='lat' dir='ltr'><strong>aqua,</strong></span> <span class='ocrx_word' id='word_1_295' title='bbox 2281 2410 2587 2471; x_wconf 85' lang='lat' dir='ltr'><strong>baptismum</strong></span> <span class='ocrx_word' id='word_1_296' title='bbox 2615 2410 2892 2480; x_wconf 83' lang='lat' dir='ltr'><strong>suscipiens</strong></span> <span class='ocrx_word' id='word_1_297' title='bbox 2915 2459 2927 2477; x_wconf 91' lang='lat'><strong>,</strong></span> <span class='ocrx_word' id='word_1_298' title='bbox 2960 2415 2998 2467; x_wconf 95' lang='grc'><strong>1.</strong></span> 
     </span>
    </p>
   </div>
   <div class='ocr_carea' id='block_1_57' title="bbox 2078 2478 3654 2617">
    <p class='ocr_par' dir='ltr' id='par_1_57' title="bbox 2078 2478 3654 2617">
     <span class='ocr_line' id='line_1_59' title="bbox 2078 2478 3654 2617; baseline 0.008 -87"><span class='ocrx_word' id='word_1_299' title='bbox 2078 2478 2273 2617; x_wconf 44' lang='lat' dir='ltr'><strong>milia.</strong></span> <span class='ocrx_word' id='word_1_300' title='bbox 2324 2480 2447 2602; x_wconf 89' lang='lat' dir='ltr'><strong>lSub</strong></span> <span class='ocrx_word' id='word_1_301' title='bbox 2475 2485 2711 2551; x_wconf 89' lang='lat' dir='ltr'><strong>proprio,</strong></span> <span class='ocrx_word' id='word_1_302' title='bbox 2752 2478 2824 2536; x_wconf 79' lang='lat' dir='ltr'><strong>sc.</strong></span> <span class='ocrx_word' id='word_1_303' title='bbox 2857 2483 3115 2538; x_wconf 78' lang='lat' dir='ltr'><strong>Christum</strong></span> <span class='ocrx_word' id='word_1_304' title='bbox 3163 2497 3407 2541; x_wconf 84' lang='lat' dir='ltr'><strong>monstrat</strong></span> <span class='ocrx_word' id='word_1_305' title='bbox 3460 2488 3514 2541; x_wconf 88' lang='lat' dir='ltr'><strong>iu</strong></span> <span class='ocrx_word' id='word_1_306' title='bbox 3562 2492 3654 2543; x_wconf 87' lang='lat' dir='ltr'><strong>ba-</strong></span> 
     </span>
     <span class='ocr_line' id='line_1_60' title="bbox 2185 2566 2365 2609; baseline 0.033 -12"><span class='ocrx_word' id='word_1_307' title='bbox 2185 2566 2197 2597; x_wconf 83' lang='grc'><strong>1</strong></span> <span class='ocrx_word' id='word_1_308' title='bbox 2281 2590 2293 2609; x_wconf 61' lang='grc' dir='ltr'>ι</span> <span class='ocrx_word' id='word_1_309' title='bbox 2351 2589 2365 2603; x_wconf 78' lang='grc' dir='ltr'><strong>ο</strong></span> 
     </span>
    </p>
   </div>
   <div class='ocr_carea' id='block_1_58' title="bbox 2185 2566 2365 2609">
    <p class='ocr_par' dir='ltr' id='par_1_58' title="bbox 2185 2566 2365 2609">
     <span class='ocr_line' id='line_1_61' title="bbox 2185 2566 2365 2609; baseline 0.028 -12"><span class='ocrx_word' id='word_1_310' title='bbox 2185 2566 2263 2600; x_wconf 90' lang='lat' dir='ltr'><strong>mo</strong></span> <span class='ocrx_word' id='word_1_311' title='bbox 2281 2590 2293 2609; x_wconf 83' lang='lat'><strong>,</strong></span> <span class='ocrx_word' id='word_1_312' title='bbox 2326 2566 2365 2603; x_wconf 89' lang='grc' dir='ltr'><strong>ι.</strong></span> 
     </span>
    </p>
   </div>
   <div class='ocr_carea' id='block_1_59' title="bbox 2152 2618 2993 2688">
    <p class='ocr_par' dir='ltr' id='par_1_59' title="bbox 2152 2618 2993 2688">
     <span class='ocr_line' id='line_1_62' title="bbox 2152 2618 2993 2688; baseline 0.01 -19"><span class='ocrx_word' id='word_1_313' title='bbox 2152 2618 2276 2672; x_wconf 83' lang='grc'><strong>705.</strong></span> <span class='ocrx_word' id='word_1_314' title='bbox 2318 2620 2656 2685; x_wconf 87' lang='lat' dir='ltr'><strong>Summatim,</strong></span> <span class='ocrx_word' id='word_1_315' title='bbox 2690 2622 2922 2688; x_wconf 84' lang='lat' dir='ltr'><strong>breviter,</strong></span> <span class='ocrx_word' id='word_1_316' title='bbox 2951 2623 2993 2677; x_wconf 92' lang='grc'><strong>1.</strong></span> 
     </span>
    </p>
   </div>
   <div class='ocr_carea' id='block_1_60' title="bbox 2153 2688 3435 2767">
    <p class='ocr_par' dir='ltr' id='par_1_60' title="bbox 2153 2688 3435 2767">
     <span class='ocr_line' id='line_1_63' title="bbox 2153 2688 3435 2767; baseline 0.009 -26"><span class='ocrx_word' id='word_1_317' title='bbox 2314 2690 2455 2767; x_wconf 91' lang='lat' dir='ltr'><strong>_Duo,</strong></span> <span class='ocrx_word' id='word_1_318' title='bbox 2484 2706 2575 2757; x_wconf 88' lang='lat' dir='ltr'><strong>pro</strong></span> <span class='ocrx_word' id='word_1_319' title='bbox 2600 2692 2748 2767; x_wconf 74' lang='lat' dir='ltr'><strong>duos,</strong></span> <span class='ocrx_word' id='word_1_320' title='bbox 2779 2694 2851 2746; x_wconf 88' lang='lat' dir='ltr'><strong>sic</strong></span> <span class='ocrx_word' id='word_1_321' title='bbox 2871 2695 3018 2749; x_wconf 86' lang='lat' dir='ltr'><strong>ambo</strong></span> <span class='ocrx_word' id='word_1_322' title='bbox 3048 2711 3143 2767; x_wconf 86' lang='lat' dir='ltr'><strong>pro</strong></span> <span class='ocrx_word' id='word_1_323' title='bbox 3173 2697 3367 2764; x_wconf 89' lang='lat' dir='ltr'><strong>ambos,</strong></span> <span class='ocrx_word' id='word_1_324' title='bbox 3395 2698 3435 2752; x_wconf 89' lang='grc'><strong>1.</strong></span> 
     </span>
    </p>
   </div>
   <div class='ocr_carea' id='block_1_61' title="bbox 2154 2757 2709 2829">
    <p class='ocr_par' dir='ltr' id='par_1_61' title="bbox 2154 2757 2709 2829">
     <span class='ocr_line' id='line_1_64' title="bbox 2154 2757 2709 2829; baseline 0.011 -20"><span class='ocrx_word' id='word_1_325' title='bbox 2314 2760 2393 2827; x_wconf 80' lang='lat' dir='ltr'><strong>ln,</strong></span> <span class='ocrx_word' id='word_1_326' title='bbox 2428 2776 2521 2829; x_wconf 86' lang='lat' dir='ltr'><strong>pro</strong></span> <span class='ocrx_word' id='word_1_327' title='bbox 2545 2762 2634 2825; x_wconf 90' lang='lat' dir='ltr'><strong>atl,</strong></span> <span class='ocrx_word' id='word_1_328' title='bbox 2670 2761 2709 2815; x_wconf 95' lang='lat' dir='ltr'><strong>I.</strong></span> 
     </span>
    </p>
   </div>
   <div class='ocr_carea' id='block_1_62' title="bbox 2081 2828 3655 2954">
    <p class='ocr_par' dir='ltr' id='par_1_62' title="bbox 2081 2828 3655 2954">
     <span class='ocr_line' id='line_1_65' title="bbox 2081 2828 3655 2954; baseline 0.009 -75"><span class='ocrx_word' id='word_1_329' title='bbox 2081 2905 2098 2950; x_wconf 52' lang='grc' dir='ltr'><em>ι</em></span> <span class='ocrx_word' id='word_1_330' title='bbox 2157 2828 2279 2954; x_wconf 57' lang='lat'><strong>70?.</strong></span> <span class='ocrx_word' id='word_1_331' title='bbox 2313 2828 2613 2899; x_wconf 81' lang='lat' dir='ltr'><strong>Macellum,</strong></span> <span class='ocrx_word' id='word_1_332' title='bbox 2657 2832 2743 2887; x_wconf 90' lang='lat' dir='ltr'><strong>ubi</strong></span> <span class='ocrx_word' id='word_1_333' title='bbox 2793 2842 2986 2888; x_wconf 85' lang='lat' dir='ltr'><strong>tantum</strong></span> <span class='ocrx_word' id='word_1_334' title='bbox 3020 2835 3181 2902; x_wconf 79' lang='lat' dir='ltr'><strong>cibus,</strong></span> <span class='ocrx_word' id='word_1_335' title='bbox 3224 2845 3271 2891; x_wconf 89' lang='lat' dir='ltr'><strong>et</strong></span> <span class='ocrx_word' id='word_1_336' title='bbox 3300 2847 3447 2908; x_wconf 87' lang='lat' dir='ltr'><strong>potus</strong></span> <span class='ocrx_word' id='word_1_337' title='bbox 3478 2839 3655 2895; x_wconf 67' lang='lat' dir='ltr'><strong>vendi-</strong></span> 
     </span>
     <span class='ocr_line' id='line_1_66' title="bbox 2104 2915 2265 2954; baseline 0.006 -1"><span class='ocrx_word' id='word_1_338' title='bbox 2104 2915 2184 2954; x_wconf 87' lang='lat' dir='ltr'><strong>ur.</strong></span> <span class='ocrx_word' id='word_1_339' title='bbox 2250 2938 2265 2954; x_wconf 94' lang='lat'><strong>.</strong></span> 
     </span>
    </p>
   </div>
   <div class='ocr_carea' id='block_1_63' title="bbox 2104 2915 2265 2965">
    <p class='ocr_par' dir='ltr' id='par_1_63' title="bbox 2104 2915 2265 2965">
     <span class='ocr_line' id='line_1_67' title="bbox 2104 2915 2265 2965; baseline 0.006 -12"><span class='ocrx_word' id='word_1_340' title='bbox 2104 2915 2184 2965; x_wconf 86' lang='lat' dir='ltr'><strong>ur,</strong></span> <span class='ocrx_word' id='word_1_341' title='bbox 2224 2915 2265 2954; x_wconf 90' lang='grc' dir='ltr'><strong>ι.</strong></span> 
     </span>
    </p>
   </div>
   <div class='ocr_carea' id='block_1_64' title="bbox 1738 3031 2298 3091">
    <p class='ocr_par' dir='ltr' id='par_1_64' title="bbox 1738 3031 2298 3091">
     <span class='ocr_line' id='line_1_68' title="bbox 1738 3031 2298 3091; baseline -0.004 -2"><span class='ocrx_word' id='word_1_342' title='bbox 1738 3031 2298 3091; x_wconf 72' lang='lat' dir='ltr'><strong>COMMENTARIUS.</strong></span> 
     </span>
    </p>
   </div>
   <div class='ocr_carea' id='block_1_65' title="bbox 467 3144 1975 3216">
    <p class='ocr_par' dir='ltr' id='par_1_65' title="bbox 467 3144 1975 3216">
     <span class='ocr_line' id='line_1_69' title="bbox 467 3144 1975 3216; baseline -0.004 -9"><span class='ocrx_word' id='word_1_343' title='bbox 467 3151 591 3206; x_wconf 82' lang='grc'><strong>681.</strong></span> <span class='ocrx_word' id='word_1_344' title='bbox 622 3148 772 3215; x_wconf 89' lang='lat' dir='ltr'><strong>Quod</strong></span> <span class='ocrx_word' id='word_1_345' title='bbox 804 3147 889 3202; x_wconf 90' lang='lat' dir='ltr'><strong>hic</strong></span> <span class='ocrx_word' id='word_1_346' title='bbox 918 3146 1010 3208; x_wconf 88' lang='lat' dir='ltr'><strong>ait,</strong></span> <span class='ocrx_word' id='word_1_347' title='bbox 1040 3161 1131 3200; x_wconf 86' lang='lat' dir='ltr'><strong>nec</strong></span> <span class='ocrx_word' id='word_1_348' title='bbox 1158 3147 1371 3216; x_wconf 82' lang='lat' dir='ltr'><strong>ﬂuctum</strong></span> <span class='ocrx_word' id='word_1_349' title='bbox 1399 3161 1594 3215; x_wconf 87' lang='lat' dir='ltr'><strong>semper</strong></span> <span class='ocrx_word' id='word_1_350' title='bbox 1617 3144 1975 3216; x_wconf 37' lang='lat' dir='ltr'><strong>anhelattloc.</strong></span> 
     </span>
    </p>
   </div>
   <div class='ocr_carea' id='block_1_66' title="bbox 400 3214 1981 3285">
    <p class='ocr_par' dir='ltr' id='par_1_66' title="bbox 400 3214 1981 3285">
     <span class='ocr_line' id='line_1_70' title="bbox 400 3214 1981 3285; baseline -0.006 -6"><span class='ocrx_word' id='word_1_351' title='bbox 400 3225 491 3279; x_wconf 90' lang='lat' dir='ltr'><strong>cit.</strong></span> <span class='ocrx_word' id='word_1_352' title='bbox 520 3221 638 3274; x_wconf 87' lang='lat' dir='ltr'><strong>aliis</strong></span> <span class='ocrx_word' id='word_1_353' title='bbox 656 3214 840 3273; x_wconf 81' lang='lat' dir='ltr'><strong>verbis</strong></span> <span class='ocrx_word' id='word_1_354' title='bbox 862 3217 1036 3282; x_wconf 80' lang='lat' dir='ltr'><strong>ell‘crt,</strong></span> <span class='ocrx_word' id='word_1_355' title='bbox 1077 3214 1235 3282; x_wconf 75' lang='lat' dir='ltr'><strong>latex,</strong></span> <span class='ocrx_word' id='word_1_356' title='bbox 1280 3232 1429 3285; x_wconf 86' lang='lat' dir='ltr'><strong>quem</strong></span> <span class='ocrx_word' id='word_1_357' title='bbox 1453 3214 1659 3285; x_wconf 87' lang='lat' dir='ltr'><strong>spiritus</strong></span> <span class='ocrx_word' id='word_1_358' title='bbox 1680 3217 1817 3270; x_wconf 86' lang='lat' dir='ltr'><strong>horis</strong></span> <span class='ocrx_word' id='word_1_359' title='bbox 1847 3214 1981 3269; x_wconf 86' lang='lat' dir='ltr'><strong>Eru-</strong></span> 
     </span>
    </p>
   </div>
   <div class='ocr_carea' id='block_1_67' title="bbox 400 3286 1978 3352">
    <p class='ocr_par' dir='ltr' id='par_1_67' title="bbox 400 3286 1978 3352">
     <span class='ocr_line' id='line_1_71' title="bbox 400 3286 1978 3352; baseline -0.004 -5"><span class='ocrx_word' id='word_1_360' title='bbox 400 3302 501 3347; x_wconf 83' lang='lat' dir='ltr'><strong>etat</strong></span> <span class='ocrx_word' id='word_1_361' title='bbox 532 3292 702 3344; x_wconf 86' lang='lat' dir='ltr'><strong>variis.</strong></span> <span class='ocrx_word' id='word_1_362' title='bbox 738 3289 1060 3342; x_wconf 76' lang='lat' dir='ltr'><strong>Prudentius</strong></span> <span class='ocrx_word' id='word_1_363' title='bbox 1102 3286 1345 3341; x_wconf 86' lang='lat' dir='ltr'><strong>eamdem</strong></span> <span class='ocrx_word' id='word_1_364' title='bbox 1375 3301 1431 3339; x_wconf 89' lang='lat' dir='ltr'><strong>es</strong></span> <span class='ocrx_word' id='word_1_365' title='bbox 1463 3301 1493 3340; x_wconf 89' lang='lat' dir='ltr'><strong>e</strong></span> <span class='ocrx_word' id='word_1_366' title='bbox 1515 3287 1627 3340; x_wconf 92' lang='lat' dir='ltr'><strong>vult</strong></span> <span class='ocrx_word' id='word_1_367' title='bbox 1655 3286 1978 3352; x_wconf 86' lang='lat' dir='ltr'><strong>probaticam</strong></span> 
     </span>
    </p>
   </div>
   <div class='ocr_carea' id='block_1_68' title="bbox 398 3355 1981 3432">
    <p class='ocr_par' dir='ltr' id='par_1_68' title="bbox 398 3355 1981 3432">
     <span class='ocr_line' id='line_1_72' title="bbox 398 3355 1981 3432; baseline -0.003 -17"><span class='ocrx_word' id='word_1_368' title='bbox 398 3363 658 3432; x_wconf 84' lang='lat' dir='ltr'><strong>piscinam</strong></span> <span class='ocrx_word' id='word_1_369' title='bbox 689 3358 983 3432; x_wconf 65' lang='lat' dir='ltr'><strong>Bethsgida,</strong></span> <span class='ocrx_word' id='word_1_370' title='bbox 1013 3372 1105 3432; x_wconf 77' lang='lat' dir='ltr'><strong>seu</strong></span> <span class='ocrx_word' id='word_1_371' title='bbox 1142 3356 1410 3432; x_wconf 70' lang='lat' dir='ltr'><strong>Bethezda</strong></span> <span class='ocrx_word' id='word_1_372' title='bbox 1434 3355 1647 3432; x_wconf 74' lang='lat' dir='ltr'><strong>dictam,</strong></span> <span class='ocrx_word' id='word_1_373' title='bbox 1681 3371 1744 3410; x_wconf 90' lang='lat' dir='ltr'><strong>ac</strong></span> <span class='ocrx_word' id='word_1_374' title='bbox 1775 3366 1981 3432; x_wconf 51' lang='lat' dir='ltr'><strong>natatty</strong></span> 
     </span>
    </p>
   </div>
   <div class='ocr_carea' id='block_1_69' title="bbox 400 3426 1981 3495">
    <p class='ocr_par' dir='ltr' id='par_1_69' title="bbox 400 3426 1981 3495">
     <span class='ocr_line' id='line_1_73' title="bbox 400 3426 1981 3495; baseline -0.004 -8"><span class='ocrx_word' id='word_1_375' title='bbox 400 3426 531 3488; x_wconf 76' lang='lat' dir='ltr'><strong>riam</strong></span> <span class='ocrx_word' id='word_1_376' title='bbox 551 3431 708 3485; x_wconf 81' lang='lat' dir='ltr'><strong>Siloe.</strong></span> <span class='ocrx_word' id='word_1_377' title='bbox 738 3429 811 3483; x_wconf 88' lang='lat' dir='ltr'><strong>De</strong></span> <span class='ocrx_word' id='word_1_378' title='bbox 828 3427 1099 3480; x_wconf 81' lang='lat' dir='ltr'><strong>Probatica</strong></span> <span class='ocrx_word' id='word_1_379' title='bbox 1123 3428 1343 3493; x_wconf 87' lang='lat' dir='ltr'><strong>piscina,</strong></span> <span class='ocrx_word' id='word_1_380' title='bbox 1362 3428 1447 3481; x_wconf 89' lang='lat' dir='ltr'><strong>ubi</strong></span> <span class='ocrx_word' id='word_1_381' title='bbox 1469 3426 1682 3495; x_wconf 82' lang='lat' dir='ltr'><strong>jacebat</strong></span> <span class='ocrx_word' id='word_1_382' title='bbox 1702 3426 1981 3481; x_wconf 82' lang='lat' dir='ltr'><strong>multitudo</strong></span> 
     </span>
    </p>
   </div>
   <div class='ocr_carea' id='block_1_70' title="bbox 400 3498 1977 3569">
    <p class='ocr_par' dir='ltr' id='par_1_70' title="bbox 400 3498 1977 3569">
     <span class='ocr_line' id='line_1_74' title="bbox 400 3498 1977 3569; baseline -0.004 -12"><span class='ocrx_word' id='word_1_383' title='bbox 400 3517 589 3569; x_wconf 86' lang='lat' dir='ltr'><strong>magna</strong></span> <span class='ocrx_word' id='word_1_384' title='bbox 637 3498 1034 3568; x_wconf 79' lang='lat' dir='ltr'><strong>languentium,</strong></span> <span class='ocrx_word' id='word_1_385' title='bbox 1089 3499 1510 3569; x_wconf 59' lang='lat' dir='ltr'><strong>exspectandum</strong></span> <span class='ocrx_word' id='word_1_386' title='bbox 1557 3511 1707 3569; x_wconf 69' lang='lat' dir='ltr'><strong>aqua:</strong></span> <span class='ocrx_word' id='word_1_387' title='bbox 1754 3505 1977 3569; x_wconf 73' lang='lat' dir='ltr'><strong>motum,</strong></span> 
     </span>
    </p>
   </div>
   <div class='ocr_carea' id='block_1_71' title="bbox 400 3566 1982 3638">
    <p class='ocr_par' dir='ltr' id='par_1_71' title="bbox 400 3566 1982 3638">
     <span class='ocr_line' id='line_1_75' title="bbox 400 3566 1982 3638; baseline -0.004 -10"><span class='ocrx_word' id='word_1_388' title='bbox 400 3566 635 3629; x_wconf 72' lang='lat' dir='ltr'><strong>Joannes</strong></span> <span class='ocrx_word' id='word_1_389' title='bbox 665 3566 781 3638; x_wconf 85' lang='lat' dir='ltr'><strong>cap.</strong></span> <span class='ocrx_word' id='word_1_390' title='bbox 812 3584 840 3621; x_wconf 87' lang='lat' dir='ltr'><strong>v</strong></span> <span class='ocrx_word' id='word_1_391' title='bbox 872 3586 883 3620; x_wconf 93' lang='lat'><strong>:</strong></span> <span class='ocrx_word' id='word_1_392' title='bbox 915 3570 981 3621; x_wconf 92' lang='lat' dir='ltr'><strong>de</strong></span> <span class='ocrx_word' id='word_1_393' title='bbox 1013 3570 1272 3621; x_wconf 82' lang='lat' dir='ltr'><strong>natatoria</strong></span> <span class='ocrx_word' id='word_1_394' title='bbox 1326 3567 1488 3629; x_wconf 87' lang='lat' dir='ltr'><strong>Siloe,</strong></span> <span class='ocrx_word' id='word_1_395' title='bbox 1518 3567 1583 3619; x_wconf 88' lang='lat' dir='ltr'><strong>ad</strong></span> <span class='ocrx_word' id='word_1_396' title='bbox 1615 3581 1773 3638; x_wconf 71' lang='lat' dir='ltr'><strong>quam</strong></span> <span class='ocrx_word' id='word_1_397' title='bbox 1826 3566 1982 3621; x_wconf 77' lang='lat' dir='ltr'><strong>lesus</strong></span> 
     </span>
    </p>
   </div>
   <div class='ocr_carea' id='block_1_72' title="bbox 403 3636 1982 3706">
    <p class='ocr_par' dir='ltr' id='par_1_72' title="bbox 403 3636 1982 3706">
     <span class='ocr_line' id='line_1_76' title="bbox 403 3636 1982 3706; baseline -0.004 -8"><span class='ocrx_word' id='word_1_398' title='bbox 403 3658 605 3699; x_wconf 62' lang='lat' dir='ltr'><strong>caecum</strong></span> <span class='ocrx_word' id='word_1_399' title='bbox 642 3636 869 3701; x_wconf 87' lang='lat' dir='ltr'><strong>remisit,</strong></span> <span class='ocrx_word' id='word_1_400' title='bbox 896 3638 1033 3692; x_wconf 85' lang='lat' dir='ltr'><strong>idem</strong></span> <span class='ocrx_word' id='word_1_401' title='bbox 1065 3638 1386 3706; x_wconf 80' lang='lat' dir='ltr'><strong>evangelista</strong></span> <span class='ocrx_word' id='word_1_402' title='bbox 1402 3652 1519 3705; x_wconf 86' lang='lat' dir='ltr'><strong>cap.</strong></span> <span class='ocrx_word' id='word_1_403' title='bbox 1549 3636 1982 3691; x_wconf 76' lang='lat' dir='ltr'><strong>tx.Rccenliores</strong></span> 
     </span>
    </p>
   </div>
   <div class='ocr_carea' id='block_1_73' title="bbox 401 3707 1981 3783">
    <p class='ocr_par' dir='ltr' id='par_1_73' title="bbox 401 3707 1981 3783">
     <span class='ocr_line' id='line_1_77' title="bbox 401 3707 1981 3783; baseline -0.004 -16"><span class='ocrx_word' id='word_1_404' title='bbox 401 3714 639 3783; x_wconf 86' lang='lat' dir='ltr'><strong>p&#39;erique</strong></span> <span class='ocrx_word' id='word_1_405' title='bbox 688 3710 1047 3783; x_wconf 79' lang='lat' dir='ltr'><strong>distinguunt;</strong></span> <span class='ocrx_word' id='word_1_406' title='bbox 1078 3708 1184 3783; x_wconf 30' lang='lat' dir='ltr'><strong>sed-</strong></span> <span class='ocrx_word' id='word_1_407' title='bbox 1224 3707 1461 3761; x_wconf 91' lang='lat' dir='ltr'><strong>nonnulli</strong></span> <span class='ocrx_word' id='word_1_408' title='bbox 1487 3718 1697 3783; x_wconf 75' lang='lat' dir='ltr'><strong>veteres</strong></span> <span class='ocrx_word' id='word_1_409' title='bbox 1739 3708 1981 3783; x_wconf 60' lang='lat' dir='ltr'><strong>canitiem</strong></span> 
     </span>
    </p>
   </div>
   <div class='ocr_carea' id='block_1_74' title="bbox 402 3777 1983 3851">
    <p class='ocr_par' dir='ltr' id='par_1_74' title="bbox 402 3777 1983 3851">
     <span class='ocr_line' id='line_1_78' title="bbox 402 3777 1983 3851; baseline -0.004 -13"><span class='ocrx_word' id='word_1_410' title='bbox 402 3777 658 3851; x_wconf 73' lang='lat' dir='ltr'><strong>piscinam</strong></span> <span class='ocrx_word' id='word_1_411' title='bbox 708 3781 868 3851; x_wconf 75' lang='lat' dir='ltr'><strong>fuisse</strong></span> <span class='ocrx_word' id='word_1_412' title='bbox 912 3786 1139 3851; x_wconf 73' lang='lat' dir='ltr'><strong>putant,</strong></span> <span class='ocrx_word' id='word_1_413' title='bbox 1172 3779 1223 3831; x_wconf 91' lang='lat' dir='ltr'><strong>in</strong></span> <span class='ocrx_word' id='word_1_414' title='bbox 1270 3793 1427 3851; x_wconf 80' lang='lat' dir='ltr'><strong>quam</strong></span> <span class='ocrx_word' id='word_1_415' title='bbox 1458 3792 1606 3851; x_wconf 68' lang='lat' dir='ltr'><strong>aqua;</strong></span> <span class='ocrx_word' id='word_1_416' title='bbox 1650 3777 1809 3830; x_wconf 82' lang='lat' dir='ltr'><strong>fontis</strong></span> <span class='ocrx_word' id='word_1_417' title='bbox 1836 3777 1983 3831; x_wconf 89' lang='lat' dir='ltr'><strong>Siloe</strong></span> 
     </span>
    </p>
   </div>
   <div class='ocr_carea' id='block_1_75' title="bbox 402 3847 1980 3912">
    <p class='ocr_par' dir='ltr' id='par_1_75' title="bbox 402 3847 1980 3912">
     <span class='ocr_line' id='line_1_79' title="bbox 402 3847 1980 3912; baseline -0.007 -3"><span class='ocrx_word' id='word_1_418' title='bbox 402 3847 778 3909; x_wconf 76' lang='lat' dir='ltr'><strong>conﬂuxerint.</strong></span> <span class='ocrx_word' id='word_1_419' title='bbox 810 3847 1041 3904; x_wconf 72' lang='lat' dir='ltr'><strong>lreiireus</strong></span> <span class='ocrx_word' id='word_1_420' title='bbox 1070 3849 1163 3903; x_wconf 92' lang='lat' dir='ltr'><strong>lib.</strong></span> <span class='ocrx_word' id='word_1_421' title='bbox 1198 3864 1245 3900; x_wconf 86' lang='lat' dir='ltr'><strong>tv</strong></span> <span class='ocrx_word' id='word_1_422' title='bbox 1280 3849 1535 3902; x_wconf 89' lang='lat' dir='ltr'><strong>adversus</strong></span> <span class='ocrx_word' id='word_1_423' title='bbox 1564 3847 1830 3911; x_wconf 65' lang='lat' dir='ltr'><strong>llaareses,</strong></span> <span class='ocrx_word' id='word_1_424' title='bbox 1861 3861 1980 3912; x_wconf 82' lang='lat' dir='ltr'><strong>cap.</strong></span> 
     </span>
    </p>
   </div>
   <div class='ocr_carea' id='block_1_76' title="bbox 404 3917 1985 3990">
    <p class='ocr_par' dir='ltr' id='par_1_76' title="bbox 404 3917 1985 3990">
     <span class='ocr_line' id='line_1_80' title="bbox 404 3917 1985 3990; baseline -0.007 -12"><span class='ocrx_word' id='word_1_425' title='bbox 404 3924 473 3978; x_wconf 68' lang='lat'><strong>19</strong></span> <span class='ocrx_word' id='word_1_426' title='bbox 499 3940 513 3976; x_wconf 89' lang='lat'>:</span> <span class='ocrx_word' id='word_1_427' title='bbox 548 3921 693 3975; x_wconf 86' lang='lat' dir='ltr'><strong>Siloa</strong></span> <span class='ocrx_word' id='word_1_428' title='bbox 724 3922 876 3974; x_wconf 86' lang='lat' dir='ltr'><strong>etiam</strong></span> <span class='ocrx_word' id='word_1_429' title='bbox 902 3935 1035 3990; x_wconf 67' lang='lat' dir='ltr'><strong>sirpe</strong></span> <span class='ocrx_word' id='word_1_430' title='bbox 1078 3917 1298 3972; x_wconf 83' lang='lat' dir='ltr'><strong>sabbatis</strong></span> <span class='ocrx_word' id='word_1_431' title='bbox 1330 3920 1541 3982; x_wconf 85' lang='lat' dir='ltr'><strong>curavit,</strong></span> <span class='ocrx_word' id='word_1_432' title='bbox 1592 3926 1639 3970; x_wconf 86' lang='lat' dir='ltr'><strong>et</strong></span> <span class='ocrx_word' id='word_1_433' title='bbox 1659 3927 1861 3990; x_wconf 70' lang='lat' dir='ltr'><strong>propter</strong></span> <span class='ocrx_word' id='word_1_434' title='bbox 1892 3918 1985 3990; x_wconf 57' lang='lat' dir='ltr'><strong>hoc</strong></span> 
     </span>
    </p>
   </div>
   <div class='ocr_carea' id='block_1_77' title="bbox 404 3984 1987 4047">
    <p class='ocr_par' dir='ltr' id='par_1_77' title="bbox 404 3984 1987 4047">
     <span class='ocr_line' id='line_1_81' title="bbox 404 3984 1987 4047; baseline -0.005 -1"><span class='ocrx_word' id='word_1_435' title='bbox 404 3992 694 4047; x_wconf 80' lang='lat' dir='ltr'><strong>assidebam</strong></span> <span class='ocrx_word' id='word_1_436' title='bbox 718 3993 764 4044; x_wconf 86' lang='lat' dir='ltr'><strong>ei</strong></span> <span class='ocrx_word' id='word_1_437' title='bbox 794 3990 941 4043; x_wconf 88' lang='lat' dir='ltr'><strong>multi</strong></span> <span class='ocrx_word' id='word_1_438' title='bbox 968 3984 1051 4043; x_wconf 81' lang='lat' dir='ltr'><strong>die</strong></span> <span class='ocrx_word' id='word_1_439' title='bbox 1075 3990 1418 4041; x_wconf 85' lang='lat' dir='ltr'><strong>sabbatorum.</strong></span> <span class='ocrx_word' id='word_1_440' title='bbox 1462 3984 1773 4042; x_wconf 46' lang='lat' dir='ltr'><strong>Arator&#39;lib.</strong></span> <span class='ocrx_word' id='word_1_441' title='bbox 1807 4001 1821 4039; x_wconf 85' lang='grc' dir='ltr'>ι</span> <span class='ocrx_word' id='word_1_442' title='bbox 1852 4002 1866 4037; x_wconf 90' lang='lat'><strong>:</strong></span> <span class='ocrx_word' id='word_1_443' title='bbox 1901 3984 1987 4040; x_wconf 88' lang='lat' dir='ltr'><strong>Si-</strong></span> 
     </span>
    </p>
   </div>
   <div class='ocr_carea' id='block_1_78' title="bbox 405 4055 1982 4135">
    <p class='ocr_par' dir='ltr' id='par_1_78' title="bbox 405 4055 1982 4135">
     <span class='ocr_line' id='line_1_82' title="bbox 405 4055 1982 4135; baseline -0.004 -19"><span class='ocrx_word' id='word_1_444' title='bbox 405 4066 572 4135; x_wconf 83' lang='lat' dir='ltr'><strong>gnatis</strong></span> <span class='ocrx_word' id='word_1_445' title='bbox 591 4064 739 4135; x_wconf 72' lang='lat' dir='ltr'><strong>etiam</strong></span> <span class='ocrx_word' id='word_1_446' title='bbox 764 4076 978 4135; x_wconf 62' lang='lat' dir='ltr'><strong>numero</strong></span> <span class='ocrx_word' id='word_1_447' title='bbox 991 4059 1306 4135; x_wconf 61' lang='lat' dir='ltr'><strong>paralgticus</strong></span> <span class='ocrx_word' id='word_1_448' title='bbox 1328 4060 1472 4135; x_wconf 66' lang='lat' dir='ltr'><strong>annis</strong></span> <span class='ocrx_word' id='word_1_449' title='bbox 1490 4055 1587 4110; x_wconf 86' lang='lat' dir='ltr'><strong>Ille</strong></span> <span class='ocrx_word' id='word_1_450' title='bbox 1603 4056 1807 4135; x_wconf 75' lang='lat' dir='ltr'><strong>jacebut</strong></span> <span class='ocrx_word' id='word_1_451' title='bbox 1828 4058 1982 4123; x_wconf 88' lang='lat' dir='ltr'><strong>iners,</strong></span> 
     </span>
    </p>
   </div>
   <div class='ocr_carea' id='block_1_79' title="bbox 406 4126 1984 4203">
    <p class='ocr_par' dir='ltr' id='par_1_79' title="bbox 406 4126 1984 4203">
     <span class='ocr_line' id='line_1_83' title="bbox 406 4126 1984 4203; baseline -0.006 -16"><span class='ocrx_word' id='word_1_452' title='bbox 406 4126 490 4187; x_wconf 64' lang='lat' dir='ltr'><strong>Eui</strong></span> <span class='ocrx_word' id='word_1_453' title='bbox 515 4133 748 4203; x_wconf 69' lang='lat' dir='ltr'><strong>proxima</strong></span> <span class='ocrx_word' id='word_1_454' title='bbox 777 4140 911 4183; x_wconf 88' lang='lat' dir='ltr'><strong>mota</strong></span> <span class='ocrx_word' id='word_1_455' title='bbox 942 4130 1107 4185; x_wconf 89' lang='lat' dir='ltr'><strong>Siloa.</strong></span> <span class='ocrx_word' id='word_1_456' title='bbox 1141 4126 1284 4181; x_wconf 81' lang='lat' dir='ltr'><strong>Heu!</strong></span> <span class='ocrx_word' id='word_1_457' title='bbox 1310 4130 1478 4182; x_wconf 88' lang='lat' dir='ltr'><strong>nullas</strong></span> <span class='ocrx_word' id='word_1_458' title='bbox 1510 4126 1774 4203; x_wconf 64' lang='lat' dir='ltr'><strong>prastng</strong></span> <span class='ocrx_word' id='word_1_459' title='bbox 1805 4142 1984 4193; x_wconf 79' lang='lat' dir='ltr'><strong>aquas.</strong></span> 
     </span>
    </p>
   </div>
   <div class='ocr_carea' id='block_1_80' title="bbox 406 4197 1990 4271">
    <p class='ocr_par' dir='ltr' id='par_1_80' title="bbox 406 4197 1990 4271">
     <span class='ocr_line' id='line_1_84' title="bbox 406 4197 1990 4271; baseline -0.006 -13"><span class='ocrx_word' id='word_1_460' title='bbox 406 4197 525 4259; x_wconf 82' lang='lat' dir='ltr'><strong>Non</strong></span> <span class='ocrx_word' id='word_1_461' title='bbox 554 4217 680 4271; x_wconf 88' lang='lat' dir='ltr'><strong>ergo</strong></span> <span class='ocrx_word' id='word_1_462' title='bbox 732 4201 911 4268; x_wconf 89' lang='lat' dir='ltr'><strong>lapsus</strong></span> <span class='ocrx_word' id='word_1_463' title='bbox 951 4212 1032 4255; x_wconf 85' lang='lat' dir='ltr'><strong>est</strong></span> <span class='ocrx_word' id='word_1_464' title='bbox 1085 4208 1262 4271; x_wconf 77' lang='lat' dir='ltr'><strong>poeta,</strong></span> <span class='ocrx_word' id='word_1_465' title='bbox 1313 4210 1403 4271; x_wconf 75' lang='lat' dir='ltr'><strong>aut</strong></span> <span class='ocrx_word' id='word_1_466' title='bbox 1442 4197 1737 4271; x_wconf 77' lang='lat' dir='ltr'><strong>confundit.</strong></span> <span class='ocrx_word' id='word_1_467' title='bbox 1770 4205 1829 4271; x_wconf 69' lang='lat' dir='ltr'><strong>et</strong></span> <span class='ocrx_word' id='word_1_468' title='bbox 1870 4210 1990 4264; x_wconf 86' lang='lat' dir='ltr'><strong>per-</strong></span> 
     </span>
    </p>
   </div>
   <div class='ocr_carea' id='block_1_81' title="bbox 409 4267 1987 4339">
    <p class='ocr_par' dir='ltr' id='par_1_81' title="bbox 409 4267 1987 4339">
     <span class='ocr_line' id='line_1_85' title="bbox 409 4267 1987 4339; baseline -0.006 -10"><span class='ocrx_word' id='word_1_469' title='bbox 409 4275 600 4329; x_wconf 79' lang='lat' dir='ltr'><strong>miscet</strong></span> <span class='ocrx_word' id='word_1_470' title='bbox 617 4267 898 4335; x_wconf 77' lang='lat' dir='ltr'><strong>historias,</strong></span> <span class='ocrx_word' id='word_1_471' title='bbox 930 4279 987 4325; x_wconf 93' lang='lat' dir='ltr'><strong>ut</strong></span> <span class='ocrx_word' id='word_1_472' title='bbox 1016 4267 1256 4324; x_wconf 84' lang='lat' dir='ltr'><strong>nonnulli</strong></span> <span class='ocrx_word' id='word_1_473' title='bbox 1296 4268 1570 4339; x_wconf 87' lang='lat' dir='ltr'><strong>objiciunt,</strong></span> <span class='ocrx_word' id='word_1_474' title='bbox 1616 4267 1712 4322; x_wconf 88' lang='lat' dir='ltr'><strong>sed</strong></span> <span class='ocrx_word' id='word_1_475' title='bbox 1762 4267 1987 4321; x_wconf 90' lang='lat' dir='ltr'><strong>aliorum</strong></span> 
     </span>
    </p>
   </div>
   <div class='ocr_carea' id='block_1_82' title="bbox 410 4345 910 4413">
    <p class='ocr_par' dir='ltr' id='par_1_82' title="bbox 410 4345 910 4413">
     <span class='ocr_line' id='line_1_86' title="bbox 410 4345 910 4413; baseline -0.006 -15"><span class='ocrx_word' id='word_1_476' title='bbox 410 4345 714 4413; x_wconf 89' lang='lat' dir='ltr'><strong>opinionem</strong></span> <span class='ocrx_word' id='word_1_477' title='bbox 744 4351 910 4396; x_wconf 90' lang='lat' dir='ltr'><strong>tenet.</strong></span> 
     </span>
    </p>
   </div>
   <div class='ocr_carea' id='block_1_83' title="bbox 480 4406 1990 4481">
    <p class='ocr_par' dir='ltr' id='par_1_83' title="bbox 480 4406 1990 4481">
     <span class='ocr_line' id='line_1_87' title="bbox 480 4406 1990 4481; baseline -0.006 -13"><span class='ocrx_word' id='word_1_478' title='bbox 480 4415 604 4468; x_wconf 66' lang='lat'><strong>684.</strong></span> <span class='ocrx_word' id='word_1_479' title='bbox 627 4413 852 4481; x_wconf 77' lang='lat' dir='ltr'><strong>Optima:</strong></span> <span class='ocrx_word' id='word_1_480' title='bbox 869 4409 1191 4481; x_wconf 62' lang='lat' dir='ltr'><strong>membratim</strong></span> <span class='ocrx_word' id='word_1_481' title='bbox 1214 4406 1544 4481; x_wconf 51' lang='lat' dir='ltr'><strong>lleinsianae,</strong></span> <span class='ocrx_word' id='word_1_482' title='bbox 1560 4406 1990 4481; x_wconf 78' lang='lat' dir='ltr'><strong>ablut_ura;_P_ut..</strong></span> 
     </span>
    </p>
   </div>
   <div class='ocr_carea' id='block_1_84' title="bbox 409 4476 1993 4545">
    <p class='ocr_par' dir='ltr' id='par_1_84' title="bbox 409 4476 1993 4545">
     <span class='ocr_line' id='line_1_88' title="bbox 409 4476 1993 4545; baseline -0.003 -10"><span class='ocrx_word' id='word_1_483' title='bbox 409 4476 827 4542; x_wconf 58' lang='lat' dir='ltr'><strong>ablitura.&#39;Ald.,</strong></span> <span class='ocrx_word' id='word_1_484' title='bbox 873 4480 1009 4545; x_wconf 88' lang='lat' dir='ltr'><strong>Gis.,</strong></span> <span class='ocrx_word' id='word_1_485' title='bbox 1067 4476 1285 4543; x_wconf 81' lang='lat' dir='ltr'><strong>Weitz.,</strong></span> <span class='ocrx_word' id='word_1_486' title='bbox 1320 4477 1471 4542; x_wconf 88' lang='lat' dir='ltr'><strong>Urb.,</strong></span> <span class='ocrx_word' id='word_1_487' title='bbox 1506 4477 1648 4543; x_wconf 85' lang='lat' dir='ltr'><strong>Vat.,</strong></span> <span class='ocrx_word' id='word_1_488' title='bbox 1678 4477 1741 4542; x_wconf 90' lang='lat' dir='ltr'><strong>Q,</strong></span> <span class='ocrx_word' id='word_1_489' title='bbox 1797 4477 1993 4543; x_wconf 86' lang='lat' dir='ltr'><strong>aliique</strong></span> 
     </span>
    </p>
   </div>
   <div class='ocr_carea' id='block_1_85' title="bbox 413 4546 1989 4618">
    <p class='ocr_par' dir='ltr' id='par_1_85' title="bbox 413 4546 1989 4618">
     <span class='ocr_line' id='line_1_89' title="bbox 413 4546 1989 4618; baseline -0.004 -11"><span class='ocrx_word' id='word_1_490' title='bbox 413 4569 569 4616; x_wconf 86' lang='lat' dir='ltr'><strong>mss.,</strong></span> <span class='ocrx_word' id='word_1_491' title='bbox 593 4552 877 4615; x_wconf 89' lang='lat' dir='ltr'><strong>abluitura;</strong></span> <span class='ocrx_word' id='word_1_492' title='bbox 895 4548 1031 4618; x_wconf 86' lang='lat' dir='ltr'><strong>quod</strong></span> <span class='ocrx_word' id='word_1_493' title='bbox 1056 4557 1179 4616; x_wconf 92' lang='lat' dir='ltr'><strong>puto</strong></span> <span class='ocrx_word' id='word_1_494' title='bbox 1203 4549 1251 4600; x_wconf 92' lang='lat' dir='ltr'><strong>in</strong></span> <span class='ocrx_word' id='word_1_495' title='bbox 1282 4548 1400 4601; x_wconf 84' lang='lat' dir='ltr'><strong>Pot.</strong></span> <span class='ocrx_word' id='word_1_496' title='bbox 1425 4547 1809 4618; x_wconf 81' lang='lat' dir='ltr'><strong>reponendum.</strong></span> <span class='ocrx_word' id='word_1_497' title='bbox 1836 4546 1989 4618; x_wconf 79' lang='lat' dir='ltr'><strong>Alex.</strong></span> 
     </span>
    </p>
   </div>
   <div class='ocr_carea' id='block_1_86' title="bbox 411 4614 1994 4688">
    <p class='ocr_par' dir='ltr' id='par_1_86' title="bbox 411 4614 1994 4688">
     <span class='ocr_line' id='line_1_90' title="bbox 411 4614 1994 4688; baseline -0.004 -13"><span class='ocrx_word' id='word_1_498' title='bbox 411 4638 443 4675; x_wconf 88' lang='lat' dir='ltr'><strong>a</strong></span> <span class='ocrx_word' id='word_1_499' title='bbox 474 4614 703 4677; x_wconf 81' lang='lat' dir='ltr'><strong>secunda</strong></span> <span class='ocrx_word' id='word_1_500' title='bbox 730 4614 923 4688; x_wconf 65' lang='lat' dir='ltr'><strong>manu,</strong></span> <span class='ocrx_word' id='word_1_501' title='bbox 939 4614 1194 4683; x_wconf 76' lang='lat' dir='ltr'><strong>ablutura,</strong></span> <span class='ocrx_word' id='word_1_502' title='bbox 1225 4618 1365 4685; x_wconf 90' lang='lat' dir='ltr'><strong>quod</strong></span> <span class='ocrx_word' id='word_1_503' title='bbox 1396 4627 1573 4683; x_wconf 89' lang='lat' dir='ltr'><strong>teneo,</strong></span> <span class='ocrx_word' id='word_1_504' title='bbox 1602 4618 1723 4687; x_wconf 91' lang='lat' dir='ltr'><strong>quia</strong></span> <span class='ocrx_word' id='word_1_505' title='bbox 1752 4614 1994 4671; x_wconf 88' lang='lat' dir='ltr'><strong>Latinius</strong></span> 
     </span>
    </p>
   </div>
   <div class='ocr_carea' id='block_1_87' title="bbox 413 4701 518 4747">
    <p class='ocr_par' dir='ltr' id='par_1_87' title="bbox 413 4701 518 4747">
     <span class='ocr_line' id='line_1_91' title="bbox 413 4701 518 4747; baseline -0.038 0"><span class='ocrx_word' id='word_1_506' title='bbox 413 4701 518 4747; x_wconf 72' lang='lat' dir='ltr'><strong>CSI.</strong></span> 
     </span>
    </p>
   </div>
   <div class='ocr_carea' id='block_1_88' title="bbox 484 4756 1435 4829">
    <p class='ocr_par' dir='ltr' id='par_1_88' title="bbox 484 4756 1435 4829">
     <span class='ocr_line' id='line_1_92' title="bbox 484 4756 1435 4829; baseline -0.008 -13"><span class='ocrx_word' id='word_1_507' title='bbox 484 4762 606 4816; x_wconf 80' lang='grc'><strong>691.</strong></span> <span class='ocrx_word' id='word_1_508' title='bbox 666 4758 821 4829; x_wconf 64' lang='lat' dir='ltr'><strong>Man,</strong></span> <span class='ocrx_word' id='word_1_509' title='bbox 850 4758 1123 4825; x_wconf 88' lang='lat' dir='ltr'><strong>mendose,</strong></span> <span class='ocrx_word' id='word_1_510' title='bbox 1156 4756 1435 4829; x_wconf 66' lang='lat' dir='ltr'><strong>adjaesse.</strong></span> 
     </span>
    </p>
   </div>
   <div class='ocr_carea' id='block_1_89' title="bbox 2081 3146 3658 3222">
    <p class='ocr_par' dir='ltr' id='par_1_89' title="bbox 2081 3146 3658 3222">
     <span class='ocr_line' id='line_1_93' title="bbox 2081 3146 3658 3222; baseline 0.006 -21"><span class='ocrx_word' id='word_1_511' title='bbox 2081 3149 2251 3222; x_wconf 70' lang='lat' dir='ltr'><strong>ipsum</strong></span> <span class='ocrx_word' id='word_1_512' title='bbox 2296 3146 2857 3222; x_wconf 6' lang='lat' dir='ltr'><strong>(baptismajgl’aulus</strong></span> <span class='ocrx_word' id='word_1_513' title='bbox 2880 3150 2987 3222; x_wconf 86' lang='lat' dir='ltr'><strong>ipse</strong></span> <span class='ocrx_word' id='word_1_514' title='bbox 3023 3152 3297 3222; x_wconf 83' lang='lat' dir='ltr'><strong>appellavit</strong></span> <span class='ocrx_word' id='word_1_515' title='bbox 3328 3153 3552 3220; x_wconf 87' lang='lat' dir='ltr'><strong>(scilicet</strong></span> <span class='ocrx_word' id='word_1_516' title='bbox 3592 3158 3658 3216; x_wconf 87' lang='lat' dir='ltr'><strong>ad</strong></span> 
     </span>
    </p>
   </div>
   <div class='ocr_carea' id='block_1_90' title="bbox 2082 3215 3659 3301">
    <p class='ocr_par' dir='ltr' id='par_1_90' title="bbox 2082 3215 3659 3301">
     <span class='ocr_line' id='line_1_94' title="bbox 2082 3215 3659 3301; baseline 0.007 -30"><span class='ocrx_word' id='word_1_517' title='bbox 2082 3215 2354 3301; x_wconf 30' lang='lat' dir='ltr'><strong>llebrnvt,</strong></span> <span class='ocrx_word' id='word_1_518' title='bbox 2380 3215 2443 3299; x_wconf 54' lang='lat' dir='ltr'><strong>fl;</strong></span> <span class='ocrx_word' id='word_1_519' title='bbox 2469 3234 2525 3301; x_wconf 72' lang='lat' dir='ltr'><strong>_x,</strong></span> <span class='ocrx_word' id='word_1_520' title='bbox 2549 3219 2664 3300; x_wconf 58' lang='grc'><strong>62).</strong></span> <span class='ocrx_word' id='word_1_521' title='bbox 2694 3215 2956 3301; x_wconf 81' lang='lat' dir='ltr'><strong>lpse_lons</strong></span> <span class='ocrx_word' id='word_1_522' title='bbox 2974 3215 3303 3301; x_wconf 72' lang='lat' dir='ltr'><strong>baptismatis</strong></span> <span class='ocrx_word' id='word_1_523' title='bbox 3324 3215 3659 3301; x_wconf 54' lang='grc' dir='ltr'><strong>ᾡωτιστήριού</strong></span> 
     </span>
    </p>
   </div>
   <div class='ocr_carea' id='block_1_91' title="bbox 2084 3288 3659 3351">
    <p class='ocr_par' dir='ltr' id='par_1_91' title="bbox 2084 3288 3659 3351">
     <span class='ocr_line' id='line_1_95' title="bbox 2084 3288 3659 3351; baseline 0.006 -10"><span class='ocrx_word' id='word_1_524' title='bbox 2084 3289 2195 3342; x_wconf 86' lang='lat' dir='ltr'><strong>sive</strong></span> <span class='ocrx_word' id='word_1_525' title='bbox 2226 3288 2649 3342; x_wconf 82' lang='lat' dir='ltr'><strong>illuminatorium</strong></span> <span class='ocrx_word' id='word_1_526' title='bbox 2675 3289 2986 3347; x_wconf 87' lang='lat' dir='ltr'><strong>vocabatur.</strong></span> <span class='ocrx_word' id='word_1_527' title='bbox 3016 3288 3142 3345; x_wconf 86' lang='lat' dir='ltr'><strong>lude</strong></span> <span class='ocrx_word' id='word_1_528' title='bbox 3176 3293 3278 3346; x_wconf 79' lang='lat' dir='ltr'><strong>fort</strong></span> <span class='ocrx_word' id='word_1_529' title='bbox 3299 3288 3401 3347; x_wconf 81' lang='lat' dir='ltr'><strong>.sse</strong></span> <span class='ocrx_word' id='word_1_530' title='bbox 3431 3288 3659 3351; x_wconf 77' lang='lat' dir='ltr'><strong>cons&#39;ne-</strong></span> 
     </span>
    </p>
   </div>
   <div class='ocr_carea' id='block_1_92' title="bbox 2084 3358 3661 3433">
    <p class='ocr_par' dir='ltr' id='par_1_92' title="bbox 2084 3358 3661 3433">
     <span class='ocr_line' id='line_1_96' title="bbox 2084 3358 3661 3433; baseline 0.003 -21"><span class='ocrx_word' id='word_1_531' title='bbox 2084 3358 2213 3412; x_wconf 88' lang='lat' dir='ltr'><strong>tudo</strong></span> <span class='ocrx_word' id='word_1_532' title='bbox 2243 3358 2483 3424; x_wconf 86' lang='lat' dir='ltr'><strong>invaluit,</strong></span> <span class='ocrx_word' id='word_1_533' title='bbox 2518 3366 2576 3412; x_wconf 93' lang='lat' dir='ltr'><strong>ut</strong></span> <span class='ocrx_word' id='word_1_534' title='bbox 2622 3359 2870 3427; x_wconf 89' lang='lat' dir='ltr'><strong>baptizati</strong></span> <span class='ocrx_word' id='word_1_535' title='bbox 2909 3364 3096 3433; x_wconf 78' lang='lat' dir='ltr'><strong>statim</strong></span> <span class='ocrx_word' id='word_1_536' title='bbox 3129 3375 3158 3413; x_wconf 88' lang='lat' dir='ltr'><strong>a</strong></span> <span class='ocrx_word' id='word_1_537' title='bbox 3183 3374 3431 3431; x_wconf 88' lang='lat' dir='ltr'><strong>suscepto</strong></span> <span class='ocrx_word' id='word_1_538' title='bbox 3463 3364 3661 3433; x_wconf 80' lang='lat' dir='ltr'><strong>baptis-</strong></span> 
     </span>
    </p>
   </div>
   <div class='ocr_carea' id='block_1_93' title="bbox 2008 3431 3663 3510">
    <p class='ocr_par' dir='ltr' id='par_1_93' title="bbox 2008 3431 3663 3510">
     <span class='ocr_line' id='line_1_97' title="bbox 2008 3431 3663 3510; baseline 0.008 -30"><span class='ocrx_word' id='word_1_539' title='bbox 2008 3448 2052 3510; x_wconf 66' lang='grc' dir='ltr'><strong>ρ</strong></span> <span class='ocrx_word' id='word_1_540' title='bbox 2086 3440 2227 3509; x_wconf 81' lang='lat' dir='ltr'><strong>mate</strong></span> <span class='ocrx_word' id='word_1_541' title='bbox 2256 3442 2508 3482; x_wconf 70' lang='lat' dir='ltr'><strong>accensiis</strong></span> <span class='ocrx_word' id='word_1_542' title='bbox 2551 3444 2737 3510; x_wconf 70' lang='lat' dir='ltr'><strong>cerens</strong></span> <span class='ocrx_word' id='word_1_543' title='bbox 2782 3431 3023 3510; x_wconf 63' lang='lat' dir='ltr'><strong>manibus</strong></span> <span class='ocrx_word' id='word_1_544' title='bbox 3054 3441 3336 3510; x_wconf 85' lang='lat' dir='ltr'><strong>__tenerent,</strong></span> <span class='ocrx_word' id='word_1_545' title='bbox 3378 3445 3434 3488; x_wconf 92' lang='lat' dir='ltr'><strong>ut</strong></span> <span class='ocrx_word' id='word_1_546' title='bbox 3481 3431 3663 3493; x_wconf 84' lang='lat' dir='ltr'><strong>lumen</strong></span> 
     </span>
    </p>
   </div>
   <div class='ocr_carea' id='block_1_94' title="bbox 2087 3498 3327 3568">
    <p class='ocr_par' dir='ltr' id='par_1_94' title="bbox 2087 3498 3327 3568">
     <span class='ocr_line' id='line_1_98' title="bbox 2087 3498 3327 3568; baseline 0.002 -16"><span class='ocrx_word' id='word_1_547' title='bbox 2087 3498 2373 3568; x_wconf 89' lang='lat' dir='ltr'><strong>internum,</strong></span> <span class='ocrx_word' id='word_1_548' title='bbox 2409 3513 2513 3562; x_wconf 86' lang='lat' dir='ltr'><strong>quo</strong></span> <span class='ocrx_word' id='word_1_549' title='bbox 2536 3508 2689 3552; x_wconf 89' lang='lat' dir='ltr'><strong>erant</strong></span> <span class='ocrx_word' id='word_1_550' title='bbox 2718 3499 2953 3568; x_wconf 78' lang='lat' dir='ltr'><strong>perfusi,</strong></span> <span class='ocrx_word' id='word_1_551' title='bbox 2980 3500 3327 3556; x_wconf 88' lang='lat' dir='ltr'><strong>indicaretur.</strong></span> 
     </span>
    </p>
   </div>
   <div class='ocr_carea' id='block_1_95' title="bbox 2158 3567 3664 3640">
    <p class='ocr_par' dir='ltr' id='par_1_95' title="bbox 2158 3567 3664 3640">
     <span class='ocr_line' id='line_1_99' title="bbox 2158 3567 3664 3640; baseline 0.005 -17"><span class='ocrx_word' id='word_1_552' title='bbox 2158 3567 2279 3640; x_wconf 69' lang='lat'><strong>702.</strong></span> <span class='ocrx_word' id='word_1_553' title='bbox 2324 3568 2384 3640; x_wconf 91' lang='lat' dir='ltr'><strong>ln_</strong></span> <span class='ocrx_word' id='word_1_554' title='bbox 2414 3568 2587 3637; x_wconf 86' lang='lat' dir='ltr'><strong>Egm.,</strong></span> <span class='ocrx_word' id='word_1_555' title='bbox 2627 3569 2785 3633; x_wconf 89' lang='lat' dir='ltr'><strong>male,</strong></span> <span class='ocrx_word' id='word_1_556' title='bbox 2823 3586 3102 3640; x_wconf 87' lang='lat' dir='ltr'><strong>purgamen</strong></span> <span class='ocrx_word' id='word_1_557' title='bbox 3144 3572 3197 3624; x_wconf 87' lang='lat' dir='ltr'><strong>in</strong></span> <span class='ocrx_word' id='word_1_558' title='bbox 3240 3588 3419 3640; x_wconf 68' lang='lat' dir='ltr'><strong>aqum;</strong></span> <span class='ocrx_word' id='word_1_559' title='bbox 3448 3573 3573 3629; x_wconf 89' lang='lat' dir='ltr'><strong>item</strong></span> <span class='ocrx_word' id='word_1_560' title='bbox 3610 3576 3664 3630; x_wconf 93' lang='lat' dir='ltr'><strong>in</strong></span> 
     </span>
    </p>
   </div>
   <div class='ocr_carea' id='block_1_96' title="bbox 2085 3638 3666 3717">
    <p class='ocr_par' dir='ltr' id='par_1_96' title="bbox 2085 3638 3666 3717">
     <span class='ocr_line' id='line_1_100' title="bbox 2085 3638 3666 3717; baseline 0.004 -25"><span class='ocrx_word' id='word_1_561' title='bbox 2085 3638 2200 3717; x_wconf 55' lang='lat' dir='ltr'><strong>i’al.</strong></span> <span class='ocrx_word' id='word_1_562' title='bbox 2232 3638 2480 3717; x_wconf 61' lang='lat' dir='ltr'><strong>mendum</strong></span> <span class='ocrx_word' id='word_1_563' title='bbox 2521 3654 2659 3717; x_wconf 77' lang='lat' dir='ltr'><strong>purg</strong></span> <span class='ocrx_word' id='word_1_564' title='bbox 2695 3640 2831 3692; x_wconf 85' lang='lat' dir='ltr'><strong>mina</strong></span> <span class='ocrx_word' id='word_1_565' title='bbox 2880 3638 3015 3717; x_wconf 66' lang='lat' dir='ltr'><strong>gate.</strong></span> <span class='ocrx_word' id='word_1_566' title='bbox 3060 3641 3113 3717; x_wconf 84' lang='lat' dir='ltr'><strong>l_n</strong></span> <span class='ocrx_word' id='word_1_567' title='bbox 3154 3638 3329 3717; x_wconf 60' lang='lat' dir='ltr'><strong>Aldo,</strong></span> <span class='ocrx_word' id='word_1_568' title='bbox 3362 3646 3666 3717; x_wconf 78' lang='lat' dir='ltr'><strong>purgamina</strong></span> 
     </span>
    </p>
   </div>
   <div class='ocr_carea' id='block_1_97' title="bbox 2086 3707 3665 3784">
    <p class='ocr_par' dir='ltr' id='par_1_97' title="bbox 2086 3707 3665 3784">
     <span class='ocr_line' id='line_1_101' title="bbox 2086 3707 3665 3784; baseline 0.004 -23"><span class='ocrx_word' id='word_1_569' title='bbox 2086 3709 2325 3779; x_wconf 76' lang='lat' dir='ltr'><strong>lymphw.</strong></span> <span class='ocrx_word' id='word_1_570' title='bbox 2358 3707 2533 3784; x_wconf 64' lang='lat' dir='ltr'><strong>l‘lostri</strong></span> <span class='ocrx_word' id='word_1_571' title='bbox 2567 3707 2694 3763; x_wconf 90' lang='lat' dir='ltr'><strong>mss.</strong></span> <span class='ocrx_word' id='word_1_572' title='bbox 2720 3717 2773 3763; x_wconf 89' lang='lat' dir='ltr'><strong>et</strong></span> <span class='ocrx_word' id='word_1_573' title='bbox 2804 3707 3122 3784; x_wconf 76' lang='lat' dir='ltr'><strong>vetustiores</strong></span> <span class='ocrx_word' id='word_1_574' title='bbox 3154 3707 3665 3784; x_wconf 48' lang='lat' dir='ltr'><strong>lleirnSia&#39;Iii,&#39;purgaf</strong></span> 
     </span>
    </p>
   </div>
   <div class='ocr_carea' id='block_1_98' title="bbox 2086 3779 3665 3853">
    <p class='ocr_par' dir='ltr' id='par_1_98' title="bbox 2086 3779 3665 3853">
     <span class='ocr_line' id='line_1_102' title="bbox 2086 3779 3665 3853; baseline 0.004 -22"><span class='ocrx_word' id='word_1_575' title='bbox 2086 3795 2198 3853; x_wconf 70' lang='lat' dir='ltr'><strong>men</strong></span> <span class='ocrx_word' id='word_1_576' title='bbox 2229 3779 2413 3853; x_wconf 68' lang='lat' dir='ltr'><strong>aquai:</strong></span> <span class='ocrx_word' id='word_1_577' title='bbox 2445 3794 2561 3853; x_wconf 72' lang='lat' dir='ltr'><strong>qua:</strong></span> <span class='ocrx_word' id='word_1_578' title='bbox 2592 3794 2713 3832; x_wconf 80' lang='lat' dir='ltr'><strong>vera</strong></span> <span class='ocrx_word' id='word_1_579' title='bbox 2737 3788 2819 3834; x_wconf 80' lang='lat' dir='ltr'><strong>est</strong></span> <span class='ocrx_word' id='word_1_580' title='bbox 2842 3781 3219 3853; x_wconf 17' lang='lat' dir='ltr'><strong>le_ctio.i_Aquai</strong></span> <span class='ocrx_word' id='word_1_581' title='bbox 3247 3798 3340 3851; x_wconf 92' lang='lat' dir='ltr'><strong>pro</strong></span> <span class='ocrx_word' id='word_1_582' title='bbox 3356 3779 3502 3851; x_wconf 68' lang='lat' dir='ltr'><strong>aqua:</strong></span> <span class='ocrx_word' id='word_1_583' title='bbox 3526 3779 3665 3853; x_wconf 74' lang='lat' dir='ltr'><strong>apud</strong></span> 
     </span>
    </p>
   </div>
   <div class='ocr_carea' id='block_1_99' title="bbox 2088 3847 3666 3921">
    <p class='ocr_par' dir='ltr' id='par_1_99' title="bbox 2088 3847 3666 3921">
     <span class='ocr_line' id='line_1_103' title="bbox 2088 3847 3666 3921; baseline 0.003 -20"><span class='ocrx_word' id='word_1_584' title='bbox 2088 3847 2412 3921; x_wconf 89' lang='lat' dir='ltr'><strong>Lucretium,</strong></span> <span class='ocrx_word' id='word_1_585' title='bbox 2449 3848 2796 3921; x_wconf 65' lang='lat' dir='ltr'><strong>hlironemet</strong></span> <span class='ocrx_word' id='word_1_586' title='bbox 2826 3850 2981 3904; x_wconf 89' lang='lat' dir='ltr'><strong>alios.</strong></span> <span class='ocrx_word' id='word_1_587' title='bbox 3017 3847 3263 3921; x_wconf 76' lang='lat' dir='ltr'><strong>Heinsius</strong></span> <span class='ocrx_word' id='word_1_588' title='bbox 3296 3847 3512 3921; x_wconf 81' lang='lat' dir='ltr'><strong>conjicit</strong></span> <span class='ocrx_word' id='word_1_589' title='bbox 3543 3847 3666 3921; x_wconf 81' lang='lat' dir='ltr'><strong>pur-</strong></span> 
     </span>
    </p>
   </div>
   <div class='ocr_carea' id='block_1_100' title="bbox 2088 3918 3668 4043">
    <p class='ocr_par' dir='ltr' id='par_1_100' title="bbox 2088 3918 3668 4043">
     <span class='ocr_line' id='line_1_104' title="bbox 2088 3918 3668 4043; baseline 0.005 -74"><span class='ocrx_word' id='word_1_590' title='bbox 2088 3920 2295 4043; x_wconf 60' lang='lat' dir='ltr'><strong>gramina</strong></span> <span class='ocrx_word' id='word_1_591' title='bbox 2336 3920 2511 3987; x_wconf 82' lang='lat' dir='ltr'><strong>aquai,</strong></span> <span class='ocrx_word' id='word_1_592' title='bbox 2542 3926 2597 3973; x_wconf 88' lang='lat' dir='ltr'><strong>et</strong></span> <span class='ocrx_word' id='word_1_593' title='bbox 2642 3918 2693 3972; x_wconf 92' lang='lat' dir='ltr'><strong>in</strong></span> <span class='ocrx_word' id='word_1_594' title='bbox 2722 3920 2967 3973; x_wconf 74' lang='lat' dir='ltr'><strong>TornzL&#39;s.</strong></span> <span class='ocrx_word' id='word_1_595' title='bbox 3020 3920 3092 3974; x_wconf 86' lang='lat' dir='ltr'><strong>ita</strong></span> <span class='ocrx_word' id='word_1_596' title='bbox 3122 3920 3223 3990; x_wconf 88' lang='lat' dir='ltr'><strong>legi</strong></span> <span class='ocrx_word' id='word_1_597' title='bbox 3264 3918 3425 3976; x_wconf 80' lang='lat' dir='ltr'><strong>refert</strong></span> <span class='ocrx_word' id='word_1_598' title='bbox 3453 3918 3668 3978; x_wconf 72' lang='lat' dir='ltr'><strong>Gallan~</strong></span> 
     </span>
     <span class='ocr_line' id='line_1_105' title="bbox 2129 4004 2228 4041; baseline -0.01 0"><span class='ocrx_word' id='word_1_599' title='bbox 2129 4004 2228 4041; x_wconf 87' lang='lat' dir='ltr'><strong>ius.</strong></span> 
     </span>
    </p>
   </div>
   <div class='ocr_carea' id='block_1_101' title="bbox 2129 4004 2228 4041">
    <p class='ocr_par' dir='ltr' id='par_1_101' title="bbox 2129 4004 2228 4041">
     <span class='ocr_line' id='line_1_106' title="bbox 2129 4004 2228 4041; baseline -0.01 0"><span class='ocrx_word' id='word_1_600' title='bbox 2129 4004 2228 4041; x_wconf 72' lang='lat' dir='ltr'><strong>IIIS.</strong></span> 
     </span>
    </p>
   </div>
   <div class='ocr_carea' id='block_1_102' title="bbox 2161 4056 3667 4132">
    <p class='ocr_par' dir='ltr' id='par_1_102' title="bbox 2161 4056 3667 4132">
     <span class='ocr_line' id='line_1_107' title="bbox 2161 4056 3667 4132; baseline 0 -19"><span class='ocrx_word' id='word_1_601' title='bbox 2161 4059 2283 4132; x_wconf 66' lang='lat'><strong>704.</strong></span> <span class='ocrx_word' id='word_1_602' title='bbox 2318 4057 2481 4132; x_wconf 70' lang='lat' dir='ltr'><strong>Bong.</strong></span> <span class='ocrx_word' id='word_1_603' title='bbox 2499 4065 2552 4110; x_wconf 90' lang='lat' dir='ltr'><strong>et</strong></span> <span class='ocrx_word' id='word_1_604' title='bbox 2580 4056 2779 4132; x_wconf 76' lang='lat' dir='ltr'><strong>Widm.</strong></span> <span class='ocrx_word' id='word_1_605' title='bbox 2803 4071 2984 4132; x_wconf 83' lang='lat' dir='ltr'><strong>supra,</strong></span> <span class='ocrx_word' id='word_1_606' title='bbox 3014 4066 3263 4124; x_wconf 72' lang='lat' dir='ltr'><strong>retexens,</strong></span> <span class='ocrx_word' id='word_1_607' title='bbox 3290 4067 3344 4115; x_wconf 89' lang='lat' dir='ltr'><strong>et</strong></span> <span class='ocrx_word' id='word_1_608' title='bbox 3363 4074 3504 4116; x_wconf 84' lang='lat' dir='ltr'><strong>vers.</strong></span> <span class='ocrx_word' id='word_1_609' title='bbox 3527 4074 3667 4132; x_wconf 87' lang='lat' dir='ltr'><strong>seq.,</strong></span> 
     </span>
    </p>
   </div>
   <div class='ocr_carea' id='block_1_103' title="bbox 2090 4127 2861 4193">
    <p class='ocr_par' dir='ltr' id='par_1_103' title="bbox 2090 4127 2861 4193">
     <span class='ocr_line' id='line_1_108' title="bbox 2090 4127 2861 4193; baseline -0.004 -10"><span class='ocrx_word' id='word_1_610' title='bbox 2090 4128 2331 4193; x_wconf 76' lang='lat' dir='ltr'><strong>relegam.</strong></span> <span class='ocrx_word' id='word_1_611' title='bbox 2370 4127 2573 4192; x_wconf 80' lang='lat' dir='ltr'><strong>lleins.,</strong></span> <span class='ocrx_word' id='word_1_612' title='bbox 2602 4145 2628 4181; x_wconf 91' lang='lat' dir='ltr'><strong>e</strong></span> <span class='ocrx_word' id='word_1_613' title='bbox 2668 4128 2861 4180; x_wconf 85' lang='lat' dir='ltr'><strong>multis.</strong></span> 
     </span>
    </p>
   </div>
   <div class='ocr_carea' id='block_1_104' title="bbox 2164 4196 3669 4269">
    <p class='ocr_par' dir='ltr' id='par_1_104' title="bbox 2164 4196 3669 4269">
     <span class='ocr_line' id='line_1_109' title="bbox 2164 4196 3669 4269; baseline 0.002 -15"><span class='ocrx_word' id='word_1_614' title='bbox 2164 4197 2586 4269; x_wconf 30' lang='lat' dir='ltr'><strong>705.”!leinsius</strong></span> <span class='ocrx_word' id='word_1_615' title='bbox 2625 4213 2746 4250; x_wconf 90' lang='lat' dir='ltr'><strong>cum</strong></span> <span class='ocrx_word' id='word_1_616' title='bbox 2794 4198 2905 4251; x_wconf 92' lang='lat' dir='ltr'><strong>suis</strong></span> <span class='ocrx_word' id='word_1_617' title='bbox 2931 4196 3496 4269; x_wconf 37' lang='lat' dir='ltr'><strong>veteribustrelegam,</strong></span> <span class='ocrx_word' id='word_1_618' title='bbox 3527 4202 3669 4269; x_wconf 90' lang='lat' dir='ltr'><strong>quod</strong></span> 
     </span>
    </p>
   </div>
   <div class='ocr_carea' id='block_1_105' title="bbox 2092 4267 3668 4336">
    <p class='ocr_par' dir='ltr' id='par_1_105' title="bbox 2092 4267 3668 4336">
     <span class='ocr_line' id='line_1_110' title="bbox 2092 4267 3668 4336; baseline 0.001 -12"><span class='ocrx_word' id='word_1_619' title='bbox 2092 4268 2250 4327; x_wconf 83' lang='lat' dir='ltr'><strong>habet</strong></span> <span class='ocrx_word' id='word_1_620' title='bbox 2281 4267 2410 4322; x_wconf 83' lang='lat' dir='ltr'><strong>Mar.</strong></span> <span class='ocrx_word' id='word_1_621' title='bbox 2441 4283 2471 4321; x_wconf 91' lang='lat' dir='ltr'><strong>a</strong></span> <span class='ocrx_word' id='word_1_622' title='bbox 2504 4270 2668 4336; x_wconf 88' lang='lat' dir='ltr'><strong>prima</strong></span> <span class='ocrx_word' id='word_1_623' title='bbox 2695 4282 2874 4335; x_wconf 90' lang='lat' dir='ltr'><strong>manu,</strong></span> <span class='ocrx_word' id='word_1_624' title='bbox 2908 4277 2961 4323; x_wconf 91' lang='lat' dir='ltr'><strong>et</strong></span> <span class='ocrx_word' id='word_1_625' title='bbox 2985 4268 3100 4321; x_wconf 87' lang='lat' dir='ltr'><strong>Vat.</strong></span> <span class='ocrx_word' id='word_1_626' title='bbox 3133 4267 3200 4332; x_wconf 90' lang='lat' dir='ltr'><strong>A,</strong></span> <span class='ocrx_word' id='word_1_627' title='bbox 3231 4267 3450 4334; x_wconf 85' lang='lat' dir='ltr'><strong>Weitz.,</strong></span> <span class='ocrx_word' id='word_1_628' title='bbox 3482 4267 3668 4334; x_wconf 84' lang='lat' dir='ltr'><strong>Aldus,</strong></span> 
     </span>
    </p>
   </div>
   <div class='ocr_carea' id='block_1_106' title="bbox 2098 4336 3671 4409">
    <p class='ocr_par' dir='ltr' id='par_1_106' title="bbox 2098 4336 3671 4409">
     <span class='ocr_line' id='line_1_111' title="bbox 2098 4336 3671 4409; baseline 0.001 -16"><span class='ocrx_word' id='word_1_629' title='bbox 2098 4342 2216 4393; x_wconf 84' lang='lat' dir='ltr'><strong>Vat.</strong></span> <span class='ocrx_word' id='word_1_630' title='bbox 2240 4339 2299 4406; x_wconf 81' lang='grc' dir='ltr'><strong>Β,</strong></span> <span class='ocrx_word' id='word_1_631' title='bbox 2348 4340 2491 4404; x_wconf 81' lang='lat' dir='ltr'><strong>llat.,</strong></span> <span class='ocrx_word' id='word_1_632' title='bbox 2518 4336 2670 4409; x_wconf 12' lang='lat' dir='ltr'><strong>iGis.,</strong></span> <span class='ocrx_word' id='word_1_633' title='bbox 2721 4337 2904 4401; x_wconf 84' lang='lat' dir='ltr'><strong>Fabr.,</strong></span> <span class='ocrx_word' id='word_1_634' title='bbox 2933 4340 3192 4406; x_wconf 86' lang='lat' dir='ltr'><strong>relegens;</strong></span> <span class='ocrx_word' id='word_1_635' title='bbox 3222 4338 3401 4407; x_wconf 79' lang='lat' dir='ltr'><strong>Prag.,</strong></span> <span class='ocrx_word' id='word_1_636' title='bbox 3432 4342 3671 4409; x_wconf 88' lang='lat' dir='ltr'><strong>religens.</strong></span> 
     </span>
    </p>
   </div>
   <div class='ocr_carea' id='block_1_107' title="bbox 2093 4408 3671 4478">
    <p class='ocr_par' dir='ltr' id='par_1_107' title="bbox 2093 4408 3671 4478">
     <span class='ocr_line' id='line_1_112' title="bbox 2093 4408 3671 4478; baseline -0.003 -13"><span class='ocrx_word' id='word_1_637' title='bbox 2093 4410 2355 4465; x_wconf 88' lang='lat' dir='ltr'><strong>Cellarius</strong></span> <span class='ocrx_word' id='word_1_638' title='bbox 2386 4408 2565 4463; x_wconf 90' lang='lat' dir='ltr'><strong>nescio</strong></span> <span class='ocrx_word' id='word_1_639' title='bbox 2608 4423 2635 4461; x_wconf 93' lang='lat' dir='ltr'><strong>a</strong></span> <span class='ocrx_word' id='word_1_640' title='bbox 2664 4422 2772 4477; x_wconf 92' lang='lat' dir='ltr'><strong>quo</strong></span> <span class='ocrx_word' id='word_1_641' title='bbox 2801 4410 3027 4477; x_wconf 93' lang='lat' dir='ltr'><strong>sumpsit</strong></span> <span class='ocrx_word' id='word_1_642' title='bbox 3054 4410 3302 4478; x_wconf 83' lang='lat' dir='ltr'><strong>paulatim</strong></span> <span class='ocrx_word' id='word_1_643' title='bbox 3334 4424 3430 4477; x_wconf 92' lang='lat' dir='ltr'><strong>pro</strong></span> <span class='ocrx_word' id='word_1_644' title='bbox 3451 4408 3671 4462; x_wconf 78' lang='lat' dir='ltr'><strong>summa-</strong></span> 
     </span>
    </p>
   </div>
   <div class='ocr_carea' id='block_1_108' title="bbox 2098 4477 3672 4546">
    <p class='ocr_par' dir='ltr' id='par_1_108' title="bbox 2098 4477 3672 4546">
     <span class='ocr_line' id='line_1_113' title="bbox 2098 4477 3672 4546; baseline 0 -13"><span class='ocrx_word' id='word_1_645' title='bbox 2098 4481 2210 4540; x_wconf 90' lang='lat' dir='ltr'><strong>tim.</strong></span> <span class='ocrx_word' id='word_1_646' title='bbox 2241 4479 2381 4546; x_wconf 84' lang='lat' dir='ltr'><strong>quod</strong></span> <span class='ocrx_word' id='word_1_647' title='bbox 2412 4477 2571 4545; x_wconf 77' lang='lat' dir='ltr'><strong>exigit</strong></span> <span class='ocrx_word' id='word_1_648' title='bbox 2614 4493 2823 4532; x_wconf 85' lang='lat' dir='ltr'><strong>sensus.</strong></span> <span class='ocrx_word' id='word_1_649' title='bbox 2857 4477 3073 4531; x_wconf 80' lang='lat' dir='ltr'><strong>&#39;l‘enlius</strong></span> <span class='ocrx_word' id='word_1_650' title='bbox 3119 4478 3329 4531; x_wconf 86' lang='lat' dir='ltr'><strong>videtur</strong></span> <span class='ocrx_word' id='word_1_651' title='bbox 3355 4481 3525 4533; x_wconf 89' lang='lat' dir='ltr'><strong>solum</strong></span> <span class='ocrx_word' id='word_1_652' title='bbox 3549 4480 3672 4533; x_wconf 89' lang='lat' dir='ltr'><strong>Cel-</strong></span> 
     </span>
    </p>
   </div>
   <div class='ocr_carea' id='block_1_109' title="bbox 2096 4548 3672 4616">
    <p class='ocr_par' dir='ltr' id='par_1_109' title="bbox 2096 4548 3672 4616">
     <span class='ocr_line' id='line_1_114' title="bbox 2096 4548 3672 4616; baseline -0.001 -13"><span class='ocrx_word' id='word_1_653' title='bbox 2096 4551 2285 4603; x_wconf 89' lang='lat' dir='ltr'><strong>larium</strong></span> <span class='ocrx_word' id='word_1_654' title='bbox 2307 4549 2692 4614; x_wconf 82' lang='lat' dir='ltr'><strong>exscripsisse;</strong></span> <span class='ocrx_word' id='word_1_655' title='bbox 2724 4564 2828 4600; x_wconf 91' lang='lat' dir='ltr'><strong>non</strong></span> <span class='ocrx_word' id='word_1_656' title='bbox 2854 4551 2995 4600; x_wconf 87' lang='lat' dir='ltr'><strong>enim</strong></span> <span class='ocrx_word' id='word_1_657' title='bbox 3019 4548 3207 4616; x_wconf 80' lang='lat' dir='ltr'><strong>allegat</strong></span> <span class='ocrx_word' id='word_1_658' title='bbox 3229 4548 3385 4601; x_wconf 90' lang='lat' dir='ltr'><strong>codd.</strong></span> <span class='ocrx_word' id='word_1_659' title='bbox 3414 4563 3545 4601; x_wconf 86' lang='lat' dir='ltr'><strong>mss.</strong></span> <span class='ocrx_word' id='word_1_660' title='bbox 3578 4564 3672 4616; x_wconf 90' lang='lat' dir='ltr'><strong>pro</strong></span> 
     </span>
    </p>
   </div>
   <div class='ocr_carea' id='block_1_110' title="bbox 2097 4618 3672 4688">
    <p class='ocr_par' dir='ltr' id='par_1_110' title="bbox 2097 4618 3672 4688">
     <span class='ocr_line' id='line_1_115' title="bbox 2097 4618 3672 4688; baseline 0.001 -17"><span class='ocrx_word' id='word_1_661' title='bbox 2097 4620 2371 4688; x_wconf 88' lang='lat' dir='ltr'><strong>paulatim,</strong></span> <span class='ocrx_word' id='word_1_662' title='bbox 2422 4628 2472 4672; x_wconf 90' lang='lat' dir='ltr'><strong>et</strong></span> <span class='ocrx_word' id='word_1_663' title='bbox 2515 4618 2639 4686; x_wconf 85' lang='lat' dir='ltr'><strong>legit</strong></span> <span class='ocrx_word' id='word_1_664' title='bbox 2665 4633 2784 4671; x_wconf 90' lang='lat' dir='ltr'><strong>cum</strong></span> <span class='ocrx_word' id='word_1_665' title='bbox 2819 4619 2951 4672; x_wconf 83' lang='lat' dir='ltr'><strong>Cell.</strong></span> <span class='ocrx_word' id='word_1_666' title='bbox 2982 4618 3228 4688; x_wconf 83' lang='lat' dir='ltr'><strong>paulatim</strong></span> <span class='ocrx_word' id='word_1_667' title='bbox 3253 4620 3497 4688; x_wconf 76' lang='lat' dir='ltr'><strong>relegens.</strong></span> <span class='ocrx_word' id='word_1_668' title='bbox 3548 4618 3672 4671; x_wconf 86' lang='lat' dir='ltr'><strong>Bar-</strong></span> 
     </span>
    </p>
   </div>
   <div class='ocr_carea' id='block_1_111' title="bbox 2099 4687 3671 4756">
    <p class='ocr_par' dir='ltr' id='par_1_111' title="bbox 2099 4687 3671 4756">
     <span class='ocr_line' id='line_1_116' title="bbox 2099 4687 3671 4756; baseline 0 -15"><span class='ocrx_word' id='word_1_669' title='bbox 2099 4687 2273 4751; x_wconf 86' lang='lat' dir='ltr'><strong>thius,</strong></span> <span class='ocrx_word' id='word_1_670' title='bbox 2306 4688 2395 4741; x_wconf 85' lang='lat' dir='ltr'><strong>lib.</strong></span> <span class='ocrx_word' id='word_1_671' title='bbox 2421 4704 2503 4741; x_wconf 80' lang='lat' dir='ltr'><strong>xu</strong></span> <span class='ocrx_word' id='word_1_672' title='bbox 2522 4729 2535 4750; x_wconf 94' lang='lat'><strong>,</strong></span> <span class='ocrx_word' id='word_1_673' title='bbox 2565 4703 2680 4756; x_wconf 90' lang='lat' dir='ltr'><strong>cap.</strong></span> <span class='ocrx_word' id='word_1_674' title='bbox 2704 4689 2771 4741; x_wconf 67' lang='lat'><strong>24</strong></span> <span class='ocrx_word' id='word_1_675' title='bbox 2794 4688 3043 4752; x_wconf 89' lang='lat' dir='ltr'><strong>Advers.,</strong></span> <span class='ocrx_word' id='word_1_676' title='bbox 3067 4703 3130 4741; x_wconf 82' lang='lat' dir='ltr'><strong>ex</strong></span> <span class='ocrx_word' id='word_1_677' title='bbox 3158 4687 3258 4741; x_wconf 89' lang='lat' dir='ltr'><strong>hoc</strong></span> <span class='ocrx_word' id='word_1_678' title='bbox 3288 4688 3405 4742; x_wconf 91' lang='lat' dir='ltr'><strong>loco</strong></span> <span class='ocrx_word' id='word_1_679' title='bbox 3434 4687 3671 4743; x_wconf 87' lang='lat' dir='ltr'><strong>Pruden-</strong></span> 
     </span>
    </p>
   </div>
   <div class='ocr_carea' id='block_1_112' title="bbox 2101 4757 3673 4827">
    <p class='ocr_par' dir='ltr' id='par_1_112' title="bbox 2101 4757 3673 4827">
     <span class='ocr_line' id='line_1_117' title="bbox 2101 4757 3673 4827; baseline 0 -16"><span class='ocrx_word' id='word_1_680' title='bbox 2101 4760 2371 4827; x_wconf 82' lang='lat' dir='ltr'><strong>tii,quein</strong></span> <span class='ocrx_word' id='word_1_681' title='bbox 2402 4757 2574 4812; x_wconf 87' lang='lat' dir='ltr'><strong>obiter</strong></span> <span class='ocrx_word' id='word_1_682' title='bbox 2630 4757 2919 4827; x_wconf 79' lang='lat' dir='ltr'><strong>theologum</strong></span> <span class='ocrx_word' id='word_1_683' title='bbox 2967 4759 3363 4811; x_wconf 83' lang='lat' dir='ltr'><strong>eruditissimum</strong></span> <span class='ocrx_word' id='word_1_684' title='bbox 3411 4758 3673 4827; x_wconf 86' lang='lat' dir='ltr'><strong>appellat,</strong></span> 
     </span>
    </p>
   </div>
   <div class='ocr_carea' id='block_1_113' title="bbox 483 4815 3675 4896">
    <p class='ocr_par' dir='ltr' id='par_1_113' title="bbox 483 4815 3675 4896">
     <span class='ocr_line' id='line_1_118' title="bbox 483 4815 3675 4896; baseline -0.001 -11"><span class='ocrx_word' id='word_1_685' title='bbox 483 4815 606 4885; x_wconf 62' lang='lat'><strong>694.</strong></span> <span class='ocrx_word' id='word_1_686' title='bbox 639 4830 784 4893; x_wconf 86' lang='lat' dir='ltr'><strong>Ald,</strong></span> <span class='ocrx_word' id='word_1_687' title='bbox 808 4815 1046 4883; x_wconf 58' lang='lat' dir='ltr'><strong>&#39;caelestis</strong></span> <span class='ocrx_word' id='word_1_688' title='bbox 1097 4815 1192 4895; x_wconf 80' lang='lat' dir='ltr'><strong>pro</strong></span> <span class='ocrx_word' id='word_1_689' title='bbox 1216 4815 1411 4896; x_wconf 58' lang='lat' dir='ltr'><strong>&#39;cazlesti</strong></span> <span class='ocrx_word' id='word_1_690' title='bbox 1430 4866 1444 4890; x_wconf 90' lang='lat'><strong>,</strong></span> <span class='ocrx_word' id='word_1_691' title='bbox 1493 4824 1631 4895; x_wconf 91' lang='lat' dir='ltr'><strong>quod</strong></span> <span class='ocrx_word' id='word_1_692' title='bbox 1663 4824 1820 4879; x_wconf 88' lang='lat' dir='ltr'><strong>debet</strong></span> <span class='ocrx_word' id='word_1_693' title='bbox 1858 4839 1997 4893; x_wconf 62' lang='lat' dir='ltr'><strong>prae.</strong></span> <span class='ocrx_word' id='word_1_694' title='bbox 2024 4815 2073 4874; x_wconf 83' lang='grc' dir='ltr'><strong>Ι)</strong></span> <span class='ocrx_word' id='word_1_695' title='bbox 2100 4815 2201 4883; x_wconf 77' lang='lat' dir='ltr'><strong>coll</strong></span> <span class='ocrx_word' id='word_1_696' title='bbox 2228 4815 2323 4896; x_wconf 65' lang='lat' dir='ltr'><strong>gn,</strong></span> <span class='ocrx_word' id='word_1_697' title='bbox 2360 4837 2630 4894; x_wconf 88' lang='lat' dir='ltr'><strong>postrema</strong></span> <span class='ocrx_word' id='word_1_698' title='bbox 2662 4815 2822 4881; x_wconf 66' lang='lat' dir='ltr'><strong>verba</strong></span> <span class='ocrx_word' id='word_1_699' title='bbox 2848 4828 3111 4895; x_wconf 76' lang='lat' dir='ltr'><strong>Evnngelii</strong></span> <span class='ocrx_word' id='word_1_700' title='bbox 3142 4828 3201 4882; x_wconf 90' lang='lat' dir='ltr'><strong>S.</strong></span> <span class='ocrx_word' id='word_1_701' title='bbox 3232 4815 3459 4881; x_wconf 73' lang='lat' dir='ltr'><strong>Joannis</strong></span> <span class='ocrx_word' id='word_1_702' title='bbox 3477 4815 3581 4883; x_wconf 78' lang='lat' dir='ltr'><strong>non</strong></span> <span class='ocrx_word' id='word_1_703' title='bbox 3609 4815 3675 4883; x_wconf 70' lang='lat' dir='ltr'><strong>de</strong></span> 
     </span>
    </p>
   </div>
   <div class='ocr_carea' id='block_1_114' title="bbox 412 4894 1993 4968">
    <p class='ocr_par' dir='ltr' id='par_1_114' title="bbox 412 4894 1993 4968">
     <span class='ocr_line' id='line_1_119' title="bbox 412 4894 1993 4968; baseline -0.003 -13"><span class='ocrx_word' id='word_1_704' title='bbox 412 4902 572 4964; x_wconf 78' lang='lat' dir='ltr'><strong>ferri,</strong></span> <span class='ocrx_word' id='word_1_705' title='bbox 602 4901 699 4953; x_wconf 88' lang='lat' dir='ltr'><strong>nisi</strong></span> <span class='ocrx_word' id='word_1_706' title='bbox 727 4901 871 4968; x_wconf 85' lang='lat' dir='ltr'><strong>legas</strong></span> <span class='ocrx_word' id='word_1_707' title='bbox 899 4915 1020 4953; x_wconf 88' lang='lat' dir='ltr'><strong>cum</strong></span> <span class='ocrx_word' id='word_1_708' title='bbox 1050 4894 1282 4951; x_wconf 73' lang='lat' dir='ltr'><strong>cellario</strong></span> <span class='ocrx_word' id='word_1_709' title='bbox 1308 4894 1751 4968; x_wconf 32' lang='lat' dir='ltr'><strong>liquidg’cazlestis</strong></span> <span class='ocrx_word' id='word_1_710' title='bbox 1782 4896 1993 4964; x_wconf 86' lang='lat' dir='ltr'><strong>spiritus</strong></span> 
     </span>
    </p>
   </div>
   <div class='ocr_carea' id='block_1_115' title="bbox 408 4964 1994 5039">
    <p class='ocr_par' dir='ltr' id='par_1_115' title="bbox 408 4964 1994 5039">
     <span class='ocr_line' id='line_1_120' title="bbox 408 4964 1994 5039; baseline -0.002 -15"><span class='ocrx_word' id='word_1_711' title='bbox 408 4988 498 5024; x_wconf 89' lang='lat' dir='ltr'><strong>ore</strong></span> <span class='ocrx_word' id='word_1_712' title='bbox 524 4986 540 5022; x_wconf 92' lang='lat'><strong><em>:</em></strong></span> <span class='ocrx_word' id='word_1_713' title='bbox 572 4972 710 5039; x_wconf 88' lang='lat' dir='ltr'><strong>quod</strong></span> <span class='ocrx_word' id='word_1_714' title='bbox 742 4964 921 5023; x_wconf 74' lang='lat' dir='ltr'><strong>nescio</strong></span> <span class='ocrx_word' id='word_1_715' title='bbox 953 4968 1091 5039; x_wconf 89' lang='lat' dir='ltr'><strong>unde</strong></span> <span class='ocrx_word' id='word_1_716' title='bbox 1119 4968 1429 5039; x_wconf 80' lang='lat' dir='ltr'><strong>sumpserit.</strong></span> <span class='ocrx_word' id='word_1_717' title='bbox 1471 4964 1721 5039; x_wconf 83' lang='lat' dir='ltr'><strong>Fortasse</strong></span> <span class='ocrx_word' id='word_1_718' title='bbox 1747 4968 1994 5039; x_wconf 85' lang='lat' dir='ltr'><strong>opinatus</strong></span> 
     </span>
    </p>
   </div>
   <div class='ocr_carea' id='block_1_116' title="bbox 409 5036 1995 5108">
    <p class='ocr_par' dir='ltr' id='par_1_116' title="bbox 409 5036 1995 5108">
     <span class='ocr_line' id='line_1_121' title="bbox 409 5036 1995 5108; baseline -0.006 -12"><span class='ocrx_word' id='word_1_719' title='bbox 409 5052 497 5097; x_wconf 61' lang='lat' dir='ltr'><strong>est</strong></span> <span class='ocrx_word' id='word_1_720' title='bbox 538 5036 798 5108; x_wconf 14' lang='lat' dir='ltr'><strong>spiritum,</strong></span> <span class='ocrx_word' id='word_1_721' title='bbox 827 5047 880 5092; x_wconf 91' lang='lat' dir='ltr'><strong>et</strong></span> <span class='ocrx_word' id='word_1_722' title='bbox 928 5038 1183 5107; x_wconf 87' lang='lat' dir='ltr'><strong>liquidum</strong></span> <span class='ocrx_word' id='word_1_723' title='bbox 1236 5052 1340 5108; x_wconf 81' lang='lat' dir='ltr'><strong>non</strong></span> <span class='ocrx_word' id='word_1_724' title='bbox 1390 5037 1528 5108; x_wconf 86' lang='lat' dir='ltr'><strong>bene</strong></span> <span class='ocrx_word' id='word_1_725' title='bbox 1556 5036 1691 5088; x_wconf 90' lang='lat' dir='ltr'><strong>inter</strong></span> <span class='ocrx_word' id='word_1_726' title='bbox 1718 5037 1995 5108; x_wconf 15' lang='lat' dir='ltr'><strong>seicohaa-</strong></span> 
     </span>
    </p>
   </div>
   <div class='ocr_carea' id='block_1_117' title="bbox 410 5105 1998 5175">
    <p class='ocr_par' dir='ltr' id='par_1_117' title="bbox 410 5105 1998 5175">
     <span class='ocr_line' id='line_1_122' title="bbox 410 5105 1998 5175; baseline -0.004 -9"><span class='ocrx_word' id='word_1_727' title='bbox 410 5105 579 5167; x_wconf 47' lang='lat' dir='ltr'><strong>reref</strong></span> <span class='ocrx_word' id='word_1_728' title='bbox 606 5110 658 5163; x_wconf 88' lang='lat' dir='ltr'><strong>ld</strong></span> <span class='ocrx_word' id='word_1_729' title='bbox 704 5107 891 5162; x_wconf 74' lang='lat' dir='ltr'><strong>falsum</strong></span> <span class='ocrx_word' id='word_1_730' title='bbox 934 5105 1052 5162; x_wconf 85' lang='lat' dir='ltr'><strong>esse</strong></span> <span class='ocrx_word' id='word_1_731' title='bbox 1093 5105 1300 5160; x_wconf 89' lang='lat' dir='ltr'><strong>ostendi</strong></span> <span class='ocrx_word' id='word_1_732' title='bbox 1347 5106 1548 5175; x_wconf 84' lang='lat' dir='ltr'><strong>prolcg.</strong></span> <span class='ocrx_word' id='word_1_733' title='bbox 1600 5120 1744 5157; x_wconf 91' lang='lat' dir='ltr'><strong>num.</strong></span> <span class='ocrx_word' id='word_1_734' title='bbox 1788 5106 1907 5169; x_wconf 80' lang='grc'><strong>164,</strong></span> <span class='ocrx_word' id='word_1_735' title='bbox 1945 5115 1998 5159; x_wconf 89' lang='lat' dir='ltr'><strong>et</strong></span> 
     </span>
    </p>
   </div>
   <div class='ocr_carea' id='block_1_118' title="bbox 406 5175 1994 5252">
    <p class='ocr_par' dir='ltr' id='par_1_118' title="bbox 406 5175 1994 5252">
     <span class='ocr_line' id='line_1_123' title="bbox 406 5175 1994 5252; baseline -0.004 -16"><span class='ocrx_word' id='word_1_736' title='bbox 406 5185 587 5252; x_wconf 87' lang='lat' dir='ltr'><strong>glossa</strong></span> <span class='ocrx_word' id='word_1_737' title='bbox 620 5180 729 5252; x_wconf 82' lang='lat' dir='ltr'><strong>hoc</strong></span> <span class='ocrx_word' id='word_1_738' title='bbox 758 5180 874 5252; x_wconf 81' lang='lat' dir='ltr'><strong>loco</strong></span> <span class='ocrx_word' id='word_1_739' title='bbox 911 5179 1159 5252; x_wconf 80' lang='lat' dir='ltr'><strong>explicat,</strong></span> <span class='ocrx_word' id='word_1_740' title='bbox 1194 5192 1453 5252; x_wconf 73' lang='lat' dir='ltr'><strong>tionibus,</strong></span> <span class='ocrx_word' id='word_1_741' title='bbox 1475 5176 1800 5252; x_wconf 64' lang='lat' dir='ltr'><strong>_spir_iluttli3.</strong></span> <span class='ocrx_word' id='word_1_742' title='bbox 1832 5175 1994 5252; x_wconf 77' lang='lat' dir='ltr'><strong>Poeta</strong></span> 
     </span>
    </p>
   </div>
   <div class='ocr_carea' id='block_1_119' title="bbox 410 5245 1995 5318">
    <p class='ocr_par' dir='ltr' id='par_1_119' title="bbox 410 5245 1995 5318">
     <span class='ocr_line' id='line_1_124' title="bbox 410 5245 1995 5318; baseline -0.005 -11"><span class='ocrx_word' id='word_1_743' title='bbox 410 5245 561 5307; x_wconf 65' lang='lat' dir='ltr'><strong>inore</strong></span> <span class='ocrx_word' id='word_1_744' title='bbox 590 5266 686 5305; x_wconf 88' lang='lat' dir='ltr'><strong>suo</strong></span> <span class='ocrx_word' id='word_1_745' title='bbox 718 5245 1041 5318; x_wconf 87' lang='lat' dir='ltr'><strong>baptismum</strong></span> <span class='ocrx_word' id='word_1_746' title='bbox 1073 5248 1356 5316; x_wconf 87' lang='lat' dir='ltr'><strong>allegorice</strong></span> <span class='ocrx_word' id='word_1_747' title='bbox 1387 5248 1438 5318; x_wconf 88' lang='lat' dir='ltr'><strong>in</strong></span> <span class='ocrx_word' id='word_1_748' title='bbox 1475 5246 1558 5298; x_wconf 90' lang='lat' dir='ltr'><strong>bis</strong></span> <span class='ocrx_word' id='word_1_749' title='bbox 1585 5246 1875 5318; x_wconf 62' lang='lat' dir='ltr'><strong>Scriptura</strong></span> <span class='ocrx_word' id='word_1_750' title='bbox 1910 5245 1995 5300; x_wconf 88' lang='lat' dir='ltr'><strong>lo-</strong></span> 
     </span>
    </p>
   </div>
   <div class='ocr_carea' id='block_1_120' title="bbox 410 5314 1787 5384">
    <p class='ocr_par' dir='ltr' id='par_1_120' title="bbox 410 5314 1787 5384">
     <span class='ocr_line' id='line_1_125' title="bbox 410 5314 1787 5384; baseline -0.009 -6"><span class='ocrx_word' id='word_1_751' title='bbox 410 5324 491 5378; x_wconf 88' lang='lat' dir='ltr'><strong>cis</strong></span> <span class='ocrx_word' id='word_1_752' title='bbox 522 5314 869 5384; x_wconf 41' lang='lat' dir='ltr'><strong>inlelligit,‘ut</strong></span> <span class='ocrx_word' id='word_1_753' title='bbox 902 5319 1144 5372; x_wconf 89' lang='lat' dir='ltr'><strong>versibus</strong></span> <span class='ocrx_word' id='word_1_754' title='bbox 1174 5314 1519 5384; x_wconf 83' lang='lat' dir='ltr'><strong>sequentibus</strong></span> <span class='ocrx_word' id='word_1_755' title='bbox 1549 5314 1787 5383; x_wconf 74' lang='lat' dir='ltr'><strong>exponit.</strong></span> 
     </span>
    </p>
   </div>
   <div class='ocr_carea' id='block_1_121' title="bbox 482 5384 1995 5466">
    <p class='ocr_par' dir='ltr' id='par_1_121' title="bbox 482 5384 1995 5466">
     <span class='ocr_line' id='line_1_126' title="bbox 482 5384 1995 5466; baseline -0.005 -20"><span class='ocrx_word' id='word_1_756' title='bbox 482 5393 607 5446; x_wconf 84' lang='lat'><strong>697.</strong></span> <span class='ocrx_word' id='word_1_757' title='bbox 652 5390 937 5466; x_wconf 49' lang='lat' dir='ltr'><strong>Baptistae,</strong></span> <span class='ocrx_word' id='word_1_758' title='bbox 963 5388 1258 5466; x_wconf 49' lang='grc' dir='ltr'><strong>ὸαριίδληιισ2</strong></span> <span class='ocrx_word' id='word_1_759' title='bbox 1291 5386 1794 5466; x_wconf 44' lang='lat' dir='ltr'><strong>baptizaLv‘oeahula</strong></span> <span class='ocrx_word' id='word_1_760' title='bbox 1817 5384 1995 5466; x_wconf 65' lang='lat' dir='ltr'><strong>eccle-</strong></span> 
     </span>
    </p>
   </div>
   <div class='ocr_carea' id='block_1_122' title="bbox 408 5455 1994 5525">
    <p class='ocr_par' dir='ltr' id='par_1_122' title="bbox 408 5455 1994 5525">
     <span class='ocr_line' id='line_1_127' title="bbox 408 5455 1994 5525; baseline -0.007 -8"><span class='ocrx_word' id='word_1_761' title='bbox 408 5464 625 5518; x_wconf 74' lang='lat' dir='ltr'><strong>siastica</strong></span> <span class='ocrx_word' id='word_1_762' title='bbox 656 5477 717 5515; x_wconf 68' lang='lat' dir='ltr'><strong>ex</strong></span> <span class='ocrx_word' id='word_1_763' title='bbox 749 5455 1060 5513; x_wconf 71' lang='lat' dir='ltr'><strong>Grmcismo.</strong></span> <span class='ocrx_word' id='word_1_764' title='bbox 1106 5455 1470 5525; x_wconf 71' lang='lat' dir='ltr'><strong>Baptislerium</strong></span> <span class='ocrx_word' id='word_1_765' title='bbox 1502 5455 1653 5508; x_wconf 79' lang='lat' dir='ltr'><strong>Plinii</strong></span> <span class='ocrx_word' id='word_1_766' title='bbox 1700 5464 1782 5508; x_wconf 89' lang='lat' dir='ltr'><strong>est</strong></span> <span class='ocrx_word' id='word_1_767' title='bbox 1817 5455 1909 5507; x_wconf 90' lang='lat' dir='ltr'><strong>lib.</strong></span> <span class='ocrx_word' id='word_1_768' title='bbox 1936 5470 1994 5517; x_wconf 86' lang='lat' dir='ltr'><strong>v,</strong></span> 
     </span>
    </p>
   </div>
   <div class='ocr_carea' id='block_1_123' title="bbox 410 5525 1993 5599">
    <p class='ocr_par' dir='ltr' id='par_1_123' title="bbox 410 5525 1993 5599">
     <span class='ocr_line' id='line_1_128' title="bbox 410 5525 1993 5599; baseline -0.005 -13"><span class='ocrx_word' id='word_1_769' title='bbox 410 5535 569 5599; x_wconf 64' lang='grc' dir='ltr'><strong>συί-ι.</strong></span> <span class='ocrx_word' id='word_1_770' title='bbox 596 5534 648 5586; x_wconf 83' lang='lat'><strong>6.</strong></span> <span class='ocrx_word' id='word_1_771' title='bbox 687 5531 849 5583; x_wconf 67' lang='lat' dir='ltr'><strong>ltecte</strong></span> <span class='ocrx_word' id='word_1_772' title='bbox 875 5528 1143 5597; x_wconf 73' lang='lat' dir='ltr'><strong>infundere</strong></span> <span class='ocrx_word' id='word_1_773' title='bbox 1187 5527 1320 5599; x_wconf 85' lang='lat' dir='ltr'><strong>diem</strong></span> <span class='ocrx_word' id='word_1_774' title='bbox 1348 5528 1413 5580; x_wconf 92' lang='lat' dir='ltr'><strong>de</strong></span> <span class='ocrx_word' id='word_1_775' title='bbox 1441 5527 1775 5599; x_wconf 76' lang='lat' dir='ltr'><strong>_luin_ine,_et</strong></span> <span class='ocrx_word' id='word_1_776' title='bbox 1818 5525 1993 5599; x_wconf 75' lang='lat' dir='ltr'><strong>gratia</strong></span> 
     </span>
    </p>
   </div>
   <div class='ocr_carea' id='block_1_124' title="bbox 412 5594 1995 5668">
    <p class='ocr_par' dir='ltr' id='par_1_124' title="bbox 412 5594 1995 5668">
     <span class='ocr_line' id='line_1_129' title="bbox 412 5594 1995 5668; baseline -0.009 -10"><span class='ocrx_word' id='word_1_777' title='bbox 412 5594 768 5668; x_wconf 77' lang='lat' dir='ltr'><strong>baptismatis.</strong></span> <span class='ocrx_word' id='word_1_778' title='bbox 799 5594 939 5667; x_wconf 89' lang='lat' dir='ltr'><strong>quod</strong></span> <span class='ocrx_word' id='word_1_779' title='bbox 968 5614 997 5651; x_wconf 89' lang='lat' dir='ltr'><strong>a</strong></span> <span class='ocrx_word' id='word_1_780' title='bbox 1021 5597 1292 5668; x_wconf 43' lang='lat' dir='ltr'><strong>veteribus</strong></span> <span class='ocrx_word' id='word_1_781' title='bbox 1316 5596 1509 5665; x_wconf 85' lang='lat' dir='ltr'><strong>passim</strong></span> <span class='ocrx_word' id='word_1_782' title='bbox 1552 5594 1995 5668; x_wconf 45' lang='lat' dir='ltr'><strong>illuminatioapf</strong></span> 
     </span>
    </p>
   </div>
   <div class='ocr_carea' id='block_1_125' title="bbox 412 5663 1993 5741">
    <p class='ocr_par' dir='ltr' id='par_1_125' title="bbox 412 5663 1993 5741">
     <span class='ocr_line' id='line_1_130' title="bbox 412 5663 1993 5741; baseline -0.006 -17"><span class='ocrx_word' id='word_1_783' title='bbox 412 5663 661 5741; x_wconf 86' lang='lat' dir='ltr'><strong>pellatur.</strong></span> <span class='ocrx_word' id='word_1_784' title='bbox 712 5671 767 5741; x_wconf 67' lang='grc' dir='ltr'><strong>δ.</strong></span> <span class='ocrx_word' id='word_1_785' title='bbox 793 5663 1027 5741; x_wconf 76' lang='lat' dir='ltr'><strong>Joannes</strong></span> <span class='ocrx_word' id='word_1_786' title='bbox 1070 5663 1511 5741; x_wconf 75' lang='lat' dir='ltr'><strong>Clirysostomus,</strong></span> <span class='ocrx_word' id='word_1_787' title='bbox 1556 5665 1822 5741; x_wconf 78' lang='lat' dir='ltr'><strong>catechesi</strong></span> <span class='ocrx_word' id='word_1_788' title='bbox 1870 5663 1993 5741; x_wconf 42' lang='lat' dir='ltr'><strong>l‘ad</strong></span> 
     </span>
    </p>
   </div>
   <div class='ocr_carea' id='block_1_126' title="bbox 415 5732 1994 5800">
    <p class='ocr_par' dir='ltr' id='par_1_126' title="bbox 415 5732 1994 5800">
     <span class='ocr_line' id='line_1_131' title="bbox 415 5732 1994 5800; baseline -0.008 -3"><span class='ocrx_word' id='word_1_789' title='bbox 415 5732 837 5797; x_wconf 78' lang='lat' dir='ltr'><strong>illutninaudos:</strong></span> <span class='ocrx_word' id='word_1_790' title='bbox 879 5738 1103 5793; x_wconf 85' lang='lat' dir='ltr'><strong>Vocatur</strong></span> <span class='ocrx_word' id='word_1_791' title='bbox 1147 5732 1196 5791; x_wconf 75' lang='lat' dir='ltr'><strong>ei</strong></span> <span class='ocrx_word' id='word_1_792' title='bbox 1238 5736 1567 5800; x_wconf 85' lang='lat' dir='ltr'><strong>illuminatio,</strong></span> <span class='ocrx_word' id='word_1_793' title='bbox 1619 5734 1872 5799; x_wconf 67' lang='lat' dir='ltr'><strong>afque&#39;ita</strong></span> <span class='ocrx_word' id='word_1_794' title='bbox 1900 5732 1994 5786; x_wconf 85' lang='lat' dir='ltr'><strong>hoc</strong></span> 
     </span>
    </p>
   </div>
   <div class='ocr_carea' id='block_1_127' title="bbox 2099 4896 3676 4967">
    <p class='ocr_par' dir='ltr' id='par_1_127' title="bbox 2099 4896 3676 4967">
     <span class='ocr_line' id='line_1_132' title="bbox 2099 4896 3676 4967; baseline 0 -16"><span class='ocrx_word' id='word_1_795' title='bbox 2099 4912 2321 4952; x_wconf 85' lang='lat' dir='ltr'><strong>numero</strong></span> <span class='ocrx_word' id='word_1_796' title='bbox 2347 4896 2628 4961; x_wconf 88' lang='lat' dir='ltr'><strong>librorum,</strong></span> <span class='ocrx_word' id='word_1_797' title='bbox 2670 4898 2762 4952; x_wconf 90' lang='lat' dir='ltr'><strong>sed</strong></span> <span class='ocrx_word' id='word_1_798' title='bbox 2794 4898 2859 4950; x_wconf 82' lang='lat' dir='ltr'><strong>de.</strong></span> <span class='ocrx_word' id='word_1_799' title='bbox 2884 4899 3120 4967; x_wconf 90' lang='lat' dir='ltr'><strong>pondere</strong></span> <span class='ocrx_word' id='word_1_800' title='bbox 3150 4898 3524 4967; x_wconf 87' lang='lat' dir='ltr'><strong>mysteriorum</strong></span> <span class='ocrx_word' id='word_1_801' title='bbox 3557 4913 3676 4953; x_wconf 82' lang='lat' dir='ltr'><strong>essu</strong></span> 
     </span>
    </p>
   </div>
   <div class='ocr_carea' id='block_1_128' title="bbox 2098 4967 3678 5034">
    <p class='ocr_par' dir='ltr' id='par_1_128' title="bbox 2098 4967 3678 5034">
     <span class='ocr_line' id='line_1_133' title="bbox 2098 4967 3678 5034; baseline -0.001 -12"><span class='ocrx_word' id='word_1_802' title='bbox 2098 4969 2462 5034; x_wconf 88' lang='lat' dir='ltr'><strong>intelligenda.</strong></span> <span class='ocrx_word' id='word_1_803' title='bbox 2507 4967 2755 5022; x_wconf 89' lang='lat' dir='ltr'><strong>Sedulius</strong></span> <span class='ocrx_word' id='word_1_804' title='bbox 2799 4969 2945 5021; x_wconf 88' lang='lat' dir='ltr'><strong>clare</strong></span> <span class='ocrx_word' id='word_1_805' title='bbox 2977 4983 3255 5021; x_wconf 90' lang='lat' dir='ltr'><strong>numerum</strong></span> <span class='ocrx_word' id='word_1_806' title='bbox 3302 4968 3557 5021; x_wconf 91' lang='lat' dir='ltr'><strong>librorum</strong></span> <span class='ocrx_word' id='word_1_807' title='bbox 3587 4984 3678 5021; x_wconf 79' lang='lat' dir='ltr'><strong>ex-</strong></span> 
     </span>
    </p>
   </div>
   <div class='ocr_carea' id='block_1_129' title="bbox 2100 5038 3679 5108">
    <p class='ocr_par' dir='ltr' id='par_1_129' title="bbox 2100 5038 3679 5108">
     <span class='ocr_line' id='line_1_134' title="bbox 2100 5038 3679 5108; baseline -0.001 -17"><span class='ocrx_word' id='word_1_808' title='bbox 2100 5041 2261 5108; x_wconf 89' lang='lat' dir='ltr'><strong>plicat</strong></span> <span class='ocrx_word' id='word_1_809' title='bbox 2289 5038 2343 5090; x_wconf 91' lang='lat' dir='ltr'><strong>in</strong></span> <span class='ocrx_word' id='word_1_810' title='bbox 2388 5038 2493 5090; x_wconf 89' lang='lat' dir='ltr'><strong>line</strong></span> <span class='ocrx_word' id='word_1_811' title='bbox 2548 5039 2728 5105; x_wconf 88' lang='lat' dir='ltr'><strong>operis</strong></span> <span class='ocrx_word' id='word_1_812' title='bbox 2779 5038 3042 5106; x_wconf 85' lang='lat' dir='ltr'><strong>paschalis</strong></span> <span class='ocrx_word' id='word_1_813' title='bbox 3102 5053 3116 5090; x_wconf 90' lang='lat'>:</span> <span class='ocrx_word' id='word_1_814' title='bbox 3168 5052 3259 5089; x_wconf 83' lang='lat' dir='ltr'><strong>nec</strong></span> <span class='ocrx_word' id='word_1_815' title='bbox 3288 5038 3679 5108; x_wconf 12' lang='lat' dir='ltr'><strong>totusreingere</strong></span> 
     </span>
    </p>
   </div>
   <div class='ocr_carea' id='block_1_130' title="bbox 2101 5107 3576 5178">
    <p class='ocr_par' dir='ltr' id='par_1_130' title="bbox 2101 5107 3576 5178">
     <span class='ocr_line' id='line_1_135' title="bbox 2101 5107 3576 5178; baseline -0.003 -16"><span class='ocrx_word' id='word_1_816' title='bbox 2101 5107 2316 5162; x_wconf 84' lang='lat' dir='ltr'><strong>mundus</strong></span> <span class='ocrx_word' id='word_1_817' title='bbox 2348 5108 2606 5176; x_wconf 73' lang='lat' dir='ltr'><strong>Sit/ﬁcere:</strong></span> <span class='ocrx_word' id='word_1_818' title='bbox 2628 5108 2811 5160; x_wconf 86' lang='lat' dir='ltr'><strong>densos</strong></span> <span class='ocrx_word' id='word_1_819' title='bbox 2841 5123 2929 5178; x_wconf 91' lang='lat' dir='ltr'><strong>per</strong></span> <span class='ocrx_word' id='word_1_820' title='bbox 2955 5116 3096 5159; x_wconf 76' lang='lat' dir='ltr'><strong>tanta</strong></span> <span class='ocrx_word' id='word_1_821' title='bbox 3118 5108 3374 5159; x_wconf 83' lang='lat' dir='ltr'><strong>volumina</strong></span> <span class='ocrx_word' id='word_1_822' title='bbox 3404 5107 3576 5178; x_wconf 87' lang='lat' dir='ltr'><strong>libros.</strong></span> 
     </span>
    </p>
   </div>
   <div class='ocr_carea' id='block_1_131' title="bbox 2177 5176 3678 5245">
    <p class='ocr_par' dir='ltr' id='par_1_131' title="bbox 2177 5176 3678 5245">
     <span class='ocr_line' id='line_1_136' title="bbox 2177 5176 3678 5245; baseline -0.002 -15"><span class='ocrx_word' id='word_1_823' title='bbox 2177 5181 2297 5232; x_wconf 78' lang='lat'><strong>706.</strong></span> <span class='ocrx_word' id='word_1_824' title='bbox 2366 5178 2723 5231; x_wconf 79' lang='lat' dir='ltr'><strong>Ecclesiastici</strong></span> <span class='ocrx_word' id='word_1_825' title='bbox 2772 5176 3060 5245; x_wconf 83' lang='lat' dir='ltr'><strong>scriptores</strong></span> <span class='ocrx_word' id='word_1_826' title='bbox 3124 5183 3379 5245; x_wconf 89' lang='lat' dir='ltr'><strong>usurpant</strong></span> <span class='ocrx_word' id='word_1_827' title='bbox 3426 5176 3678 5245; x_wconf 70' lang='lat' dir='ltr'><strong>desertum</strong></span> 
     </span>
    </p>
   </div>
   <div class='ocr_carea' id='block_1_132' title="bbox 2102 5244 3678 5317">
    <p class='ocr_par' dir='ltr' id='par_1_132' title="bbox 2102 5244 3678 5317">
     <span class='ocr_line' id='line_1_137' title="bbox 2102 5244 3678 5317; baseline -0.004 -13"><span class='ocrx_word' id='word_1_828' title='bbox 2102 5249 2374 5317; x_wconf 85' lang='lat' dir='ltr'><strong>singulare</strong></span> <span class='ocrx_word' id='word_1_829' title='bbox 2405 5256 2459 5301; x_wconf 91' lang='lat' dir='ltr'><strong>et</strong></span> <span class='ocrx_word' id='word_1_830' title='bbox 2488 5244 2899 5317; x_wconf 69' lang='lat' dir='ltr'><strong>subsmntiium,</strong></span> <span class='ocrx_word' id='word_1_831' title='bbox 2932 5255 2990 5300; x_wconf 94' lang='lat' dir='ltr'><strong>ut</strong></span> <span class='ocrx_word' id='word_1_832' title='bbox 3012 5244 3371 5317; x_wconf 22' lang='lat' dir='ltr'><strong>Tertullian‘us</strong></span> <span class='ocrx_word' id='word_1_833' title='bbox 3392 5252 3445 5297; x_wconf 89' lang='lat' dir='ltr'><strong>et</strong></span> <span class='ocrx_word' id='word_1_834' title='bbox 3466 5244 3678 5317; x_wconf 71' lang='lat' dir='ltr'><strong>S.__llie~</strong></span> 
     </span>
    </p>
   </div>
   <div class='ocr_carea' id='block_1_133' title="bbox 2103 5314 3678 5389">
    <p class='ocr_par' dir='ltr' id='par_1_133' title="bbox 2103 5314 3678 5389">
     <span class='ocr_line' id='line_1_138' title="bbox 2103 5314 3678 5389; baseline -0.004 -17"><span class='ocrx_word' id='word_1_835' title='bbox 2103 5314 2383 5389; x_wconf 59' lang='lat' dir='ltr'><strong>ran&#39;ymus.</strong></span> <span class='ocrx_word' id='word_1_836' title='bbox 2437 5316 2650 5389; x_wconf 76' lang='lat' dir='ltr'><strong>I’rolani</strong></span> <span class='ocrx_word' id='word_1_837' title='bbox 2691 5317 3025 5389; x_wconf 78' lang='lat' dir='ltr'><strong>antiquiores</strong></span> <span class='ocrx_word' id='word_1_838' title='bbox 3055 5314 3234 5389; x_wconf 86' lang='lat' dir='ltr'><strong>dicunt</strong></span> <span class='ocrx_word' id='word_1_839' title='bbox 3276 5314 3492 5389; x_wconf 80' lang='lat' dir='ltr'><strong>deserta.</strong></span> <span class='ocrx_word' id='word_1_840' title='bbox 3522 5314 3678 5366; x_wconf 86' lang='lat' dir='ltr'><strong>Vete-</strong></span> 
     </span>
    </p>
   </div>
   <div class='ocr_carea' id='block_1_134' title="bbox 2104 5384 3678 5455">
    <p class='ocr_par' dir='ltr' id='par_1_134' title="bbox 2104 5384 3678 5455">
     <span class='ocr_line' id='line_1_139' title="bbox 2104 5384 3678 5455; baseline -0.003 -13"><span class='ocrx_word' id='word_1_841' title='bbox 2104 5404 2190 5443; x_wconf 86' lang='lat' dir='ltr'><strong>res</strong></span> <span class='ocrx_word' id='word_1_842' title='bbox 2208 5384 2552 5455; x_wconf 55' lang='lat' dir='ltr'><strong>grammatici</strong></span> <span class='ocrx_word' id='word_1_843' title='bbox 2588 5388 2799 5455; x_wconf 80' lang='lat' dir='ltr'><strong>tradunt</strong></span> <span class='ocrx_word' id='word_1_844' title='bbox 2840 5385 2941 5437; x_wconf 84' lang='lat' dir='ltr'><strong>diei</strong></span> <span class='ocrx_word' id='word_1_845' title='bbox 2978 5396 3136 5452; x_wconf 91' lang='lat' dir='ltr'><strong>posse</strong></span> <span class='ocrx_word' id='word_1_846' title='bbox 3168 5385 3270 5435; x_wconf 87' lang='lat' dir='ltr'><strong>duo</strong></span> <span class='ocrx_word' id='word_1_847' title='bbox 3311 5398 3405 5451; x_wconf 90' lang='lat' dir='ltr'><strong>pro</strong></span> <span class='ocrx_word' id='word_1_848' title='bbox 3437 5384 3591 5455; x_wconf 79' lang='lat' dir='ltr'><strong>duos.</strong></span> <span class='ocrx_word' id='word_1_849' title='bbox 3626 5394 3678 5438; x_wconf 91' lang='lat' dir='ltr'><strong>ct</strong></span> 
     </span>
    </p>
   </div>
   <div class='ocr_carea' id='block_1_135' title="bbox 2104 5454 3680 5523">
    <p class='ocr_par' dir='ltr' id='par_1_135' title="bbox 2104 5454 3680 5523">
     <span class='ocr_line' id='line_1_140' title="bbox 2104 5454 3680 5523; baseline -0.003 -11"><span class='ocrx_word' id='word_1_850' title='bbox 2104 5458 2404 5511; x_wconf 79' lang='lat' dir='ltr'><strong>Fridericus</strong></span> <span class='ocrx_word' id='word_1_851' title='bbox 2431 5454 2695 5508; x_wconf 84' lang='lat' dir='ltr'><strong>Besselius</strong></span> <span class='ocrx_word' id='word_1_852' title='bbox 2733 5454 3023 5507; x_wconf 83' lang='lat' dir='ltr'><strong>Misccllan.</strong></span> <span class='ocrx_word' id='word_1_853' title='bbox 3055 5463 3319 5523; x_wconf 84' lang='lat' dir='ltr'><strong>syntagm.</strong></span> <span class='ocrx_word' id='word_1_854' title='bbox 3353 5469 3471 5523; x_wconf 82' lang='lat' dir='ltr'><strong>pug.</strong></span> <span class='ocrx_word' id='word_1_855' title='bbox 3495 5454 3598 5508; x_wconf 69' lang='lat'><strong>9.06</strong></span> <span class='ocrx_word' id='word_1_856' title='bbox 3627 5457 3680 5508; x_wconf 85' lang='lat' dir='ltr'><strong>in</strong></span> 
     </span>
    </p>
   </div>
   <div class='ocr_carea' id='block_1_136' title="bbox 2102 5523 3605 5594">
    <p class='ocr_par' dir='ltr' id='par_1_136' title="bbox 2102 5523 3605 5594">
     <span class='ocr_line' id='line_1_141' title="bbox 2102 5523 3605 5594; baseline -0.002 -14"><span class='ocrx_word' id='word_1_857' title='bbox 2102 5527 2321 5594; x_wconf 81' lang='lat' dir='ltr'><strong>Vegetio</strong></span> <span class='ocrx_word' id='word_1_858' title='bbox 2343 5593 2350 5594; x_wconf 14' lang='grc' dir='ltr'>ί</span> <span class='ocrx_word' id='word_1_859' title='bbox 2371 5524 2604 5576; x_wconf 87' lang='lat' dir='ltr'><strong>restituit</strong></span> <span class='ocrx_word' id='word_1_860' title='bbox 2627 5538 2692 5577; x_wconf 81' lang='lat' dir='ltr'><strong>cs</strong></span> <span class='ocrx_word' id='word_1_861' title='bbox 2726 5538 2879 5588; x_wconf 90' lang='lat' dir='ltr'><strong>mss.,</strong></span> <span class='ocrx_word' id='word_1_862' title='bbox 2918 5523 3275 5594; x_wconf 79' lang='lat' dir='ltr'><strong>Quadraginta</strong></span> <span class='ocrx_word' id='word_1_863' title='bbox 3303 5526 3406 5575; x_wconf 87' lang='lat' dir='ltr'><strong>duo</strong></span> <span class='ocrx_word' id='word_1_864' title='bbox 3435 5526 3605 5594; x_wconf 82' lang='lat' dir='ltr'><strong>pedes.</strong></span> 
     </span>
    </p>
   </div>
   <div class='ocr_carea' id='block_1_137' title="bbox 2171 5592 3677 5665">
    <p class='ocr_par' dir='ltr' id='par_1_137' title="bbox 2171 5592 3677 5665">
     <span class='ocr_line' id='line_1_142' title="bbox 2171 5592 3677 5665; baseline 0 -18"><span class='ocrx_word' id='word_1_865' title='bbox 2171 5592 2293 5649; x_wconf 78' lang='lat'><strong>708.</strong></span> <span class='ocrx_word' id='word_1_866' title='bbox 2338 5593 2518 5659; x_wconf 68' lang='lat' dir='ltr'><strong>Prag.,</strong></span> <span class='ocrx_word' id='word_1_867' title='bbox 2550 5608 2638 5665; x_wconf 74' lang='lat' dir='ltr'><strong>nec</strong></span> <span class='ocrx_word' id='word_1_868' title='bbox 2669 5607 2765 5663; x_wconf 87' lang='lat' dir='ltr'><strong>pro</strong></span> <span class='ocrx_word' id='word_1_869' title='bbox 2788 5609 2911 5648; x_wconf 88' lang='lat' dir='ltr'><strong>non.</strong></span> <span class='ocrx_word' id='word_1_870' title='bbox 2948 5592 3184 5664; x_wconf 83' lang='lat' dir='ltr'><strong>Undique</strong></span> <span class='ocrx_word' id='word_1_871' title='bbox 3213 5602 3410 5663; x_wconf 86' lang='lat' dir='ltr'><strong>septum</strong></span> <span class='ocrx_word' id='word_1_872' title='bbox 3436 5592 3501 5649; x_wconf 76' lang='lat' dir='ltr'><strong>ex</strong></span> <span class='ocrx_word' id='word_1_873' title='bbox 3536 5595 3677 5665; x_wconf 71' lang='lat' dir='ltr'><strong>Virg.</strong></span> 
     </span>
    </p>
   </div>
   <div class='ocr_carea' id='block_1_138' title="bbox 2099 5663 2652 5731">
    <p class='ocr_par' dir='ltr' id='par_1_138' title="bbox 2099 5663 2652 5731">
     <span class='ocr_line' id='line_1_143' title="bbox 2099 5663 2652 5731; baseline -0.009 -11"><span class='ocrx_word' id='word_1_874' title='bbox 2099 5665 2191 5720; x_wconf 89' lang='lat' dir='ltr'><strong>lib.</strong></span> <span class='ocrx_word' id='word_1_875' title='bbox 2232 5681 2280 5719; x_wconf 82' lang='lat' dir='ltr'><strong>is</strong></span> <span class='ocrx_word' id='word_1_876' title='bbox 2306 5706 2321 5731; x_wconf 92' lang='lat'><strong>,</strong></span> <span class='ocrx_word' id='word_1_877' title='bbox 2358 5676 2499 5717; x_wconf 89' lang='lat' dir='ltr'><strong>vers.</strong></span> <span class='ocrx_word' id='word_1_878' title='bbox 2533 5663 2652 5718; x_wconf 66' lang='lat'><strong>785.</strong></span> 
     </span>
    </p>
   </div>
  </div>
