4090 6192
504 314 607 369 9'19

503 426 606 480 710
679 424 903 496 Oppida,
932 436 1222 494 mercatus,
1253 437 1307 485 et
1332 429 1709 498 conciliabuia,
1741 441 1793 485 et
1815 432 1974 485 urbes

677 517 1031 587 Respuerant,
1065 519 1210 590 largo
1235 521 1473 576 contenti
1493 521 1744 591 dogmate
1768 522 1935 578 vesci.

679 607 840 662 Multa
871 609 1043 663 virum
1075 618 1246 666 strato
1284 611 1493 667 fervent
1517 612 1767 667 convivia
1796 613 1942 668 feuo.

676 691 1119 757 Centenos'simul
1142 704 1417 759 accubitus
1439 704 1607 761 iniere
1636 706 1870 770 sodales,

679 792 857 863 Seque
884 807 977 862 per
997 794 1305 850 innumeras
1323 797 1606 852 infundunt
1621 798 1830 867 agmina
1847 811 2083 862 mensas,

500 883 606 939 7l5
681 884 958 939 Pisciculis
986 886 1117 955 (jam
1149 886 1310 941 crede
1329 886 1520 957 Deum)
1544 887 1835 943 saturanda
1852 888 2081 954 duobus,

681 975 747 1028 Et
776 976 956 1043 paucis
986 986 1262 1033 crescente
1293 976 1414 1033 cibo
1447 992 1541 1045 per
1575 978 1835 1047 fragmina
1864 977 2079 1033 crustis.

675 1068 923 1124 Ambesis
952 1069 1180 1139 dapibus
1204 1070 1515 1126 cumulatim
1544 1082 1758 1142 aggesta
1785 1071 2086 1127 redundant

672 1166 835 1239 565
867 1165 1112 1233 Fercula,
1148 1168 1227 1223 bis
1256 1182 1415 1224 senos
1438 1168 1697 1223 micarum
1727 1168 1959 1223 molibus
1985 1169 2082 1222 im-

1843 1258 2010 1331 [plent

678 1349 805 1404 Post
826 1363 1037 1423 cmnam
1067 1348 1354 1419 cophinos,
1387 1350 1584 1404 crudus
1610 1350 1833 1405 conviva
1865 1351 2083 1406 resudat

501 1438 607 1497 720
677 1440 993 1511 Congeriem
1016 1441 1239 1506 ventris,
1262 1442 1428 1511 gemit
1451 1450 1505 1496 et
1526 1442 1625 1497 sub
1653 1442 1796 1496 fasce
1817 1442 2079 1497 minister.

674 1531 807 1597 Quis
828 1532 1102 1586 cumulare
1131 1540 1303 1602 potest
1329 1532 1514 1597 epulas
1537 1532 1590 1586 in
1612 1533 1831 1601 grandia
1860 1533 2083 1602 parvas?

676 1626 830 1693 Quis,
861 1625 962 1679 uisi
998 1625 1085 1694 qui
1118 1639 1335 1694 corpus,
1378 1633 1715 1695 pastumque,
1758 1635 1812 1679 et
1840 1627 2082 1693 corporis

1773 1717 2009 1789 [omnem

679 1808 932 1864 Condens
960 1824 1023 1864 ex
1058 1808 1223 1863 nihilo
1252 1809 1395 1863 nulla
1421 1809 1689 1864 existente
1713 1811 1917 1865 creavit

680 1899 933 1953 Mundum
966 1899 1228 1954 materia?
1256 1898 1371 1955 Non
1412 1900 1550 1955 sicut
1589 1901 1830 1971 sculptor
1851 1903 1919 1959 ab
1956 1903 2080 1958 teris

500 1989 605 2046 725
677 1990 840 2063 466
867 1990 1082 2048 Ruderc
1111 1992 1387 2048 decoctam
1409 1994 1714 2050 consuescit
1742 1994 1921 2051 vivere
1944 2010 2083 2052 mas-

1850 2085 2008 2158 [sam.

1628 313 1905 370 AURELll
1945 312 2308 370 PRUDENTII
2349 312 2669 369 CARMINA.

2109 432 2162 489 Δ

2118 1827 2166 1887 Β

3667 334 3763 392 980

2363 433 2467 487 Sed
2489 433 2635 485 Deus
2656 430 2996 498 omnipotens
3016 430 3201 487 orbem
3230 432 3346 490 sine
3368 435 3573 491 semine
3594 440 3755 496 tinxit.

2366 521 2447 577 Nil
2476 530 2593 577 erat
2618 537 2796 590 omne,
2821 520 2961 591 quod
2992 532 3075 577 est
3100 540 3113 575 :
3144 523 3218 577 nil
3269 523 3343 589 id,
3370 526 3683 595 procedere,
3712 540 3759 584 et

3534 618 3692 689 [esse.

2365 708 2538 777 Atque
2575 720 2769 761 novum
2812 706 2959 771 ﬁeri,
3007 722 3128 761 mox
3171 716 3225 763 et
3266 711 3623 779 grandescere
3658 711 3763 779 jus-

3437 798 3573 871 [sum
3598 812 3696 855 est.

2372 890 2598 945 Parvum
2640 890 2710 945 de
2750 889 2916 945 nihilo
2957 890 3184 958 primum
3219 891 3355 947 fuit:
3386 893 3567 950 addita
3606 910 3763 964 parvo

2188 978 2289 1036 750
2363 982 2694 1037 Incrementa
2720 981 2893 1036 modis
2918 994 3183 1037 auxerunt
3202 984 3381 1038 omnia
3415 984 3604 1046 plenis.

2364 1072 2505 1142 Ergo
2550 1087 2667 1141 ego,
2702 1086 2825 1127 cum
2868 1072 3078 1127 videam
3122 1073 3368 1129 manibus
3410 1075 3487 1130 sic
3526 1090 3763 1133 crescere

3481 1166 3701 1238 [Christi

2366 1256 2531 1311 Parva
2589 1256 2841 1335 alimenta
2888 1256 3187 1324 hominum,
3236 1272 3456 1327 possum
3503 1260 3760 1328 dubitare,

3384 1350 3502 1423 [per
3529 1355 3698 1423 ipsum

2367 1438 2597 1508 Exiguas
2623 1454 2802 1494 rerum
2834 1441 3067 1509 species,
3100 1441 3473 1512 elementaque
3497 1446 3680 1499 mundi

2367 1534 2443 1588 Ex
2490 1532 2656 1588 nihilo
2707 1533 2935 1603 primum
2988 1534 3219 1598 modica,
3275 1544 3332 1589 et
3379 1550 3500 1590 mox
3550 1536 3765 1604 grandia

3478 1626 3699 1697 [sensim

2366 1714 2633 1780 Crovissc,
2649 1730 2710 1770 ex
2730 1715 2952 1770 modicis
2974 1730 3093 1785 qua:
3105 1725 3473 1770 consummata
3497 1716 3768 1771 videmus?

2368 1808 2446 1861 Ac
2474 1822 2541 1862 ne
2586 1816 2704 1876 post
2742 1807 3013 1860 hominum
3060 1816 3244 1874 pastus
3270 1806 3470 1860 calcata
3512 1807 3767 1875 perirent,

2365 1904 2509 1959 Neve
2534 1903 2718 1958 relicta
2738 1901 2896 1969 lupis,
2926 1910 3017 1954 aut
3038 1900 3307 1969 vulpibus,
3333 1901 3607 1969 exiguisve

2369 1995 2609 2049 Muribus
2639 1995 2690 2047 in
2736 1992 2970 2063 prmdam
2999 1994 3145 2047 nullo
3174 1993 3395 2048 custode
3415 1994 3665 2062 iacerent
3689 2010 3704 2046 :

2369 2087 2458 2143 Bis
2487 2102 2581 2143 sex
2608 2087 2857 2158 appositi,
2888 2086 3201 2142 cumulatim
3232 2087 3322 2157 qui
3344 2086 3483 2142 bona
3502 2084 3706 2141 Christi

2186 1717 2292 1773 755

1794 2223 2081 2282 GLOSSE
2121 2225 2460 2284 VETERES.

569 2366 693 2421 710.
726 2361 1123 2430 Conciliabula,
1154 2360 1241 2416 ubi
1269 2362 1488 2416 concilia
1515 2360 1820 2433 agebantur,
1855 2361 1973 2416 Vat.
2010 2363 2074 2417 A.

505 2441 588 2495 ubi
614 2436 830 2489 concilia
863 2434 1265 2495 celebrabantur,
1299 2434 1336 2486 I.

572 2506 698 2560 712.
747 2506 955 2566 Virum,
987 2506 1233 2559 virorum.
1270 2502 1310 2557 1.

574 2578 699 2630 7'l7.
742 2574 989 2638 Maesta.
1021 2573 1298 2632 cumulata.
1327 2571 1368 2625 1.

573 2647 700 2701 718.
733 2645 985 2699 Micarum
1016 2642 1269 2702 molibus,
1304 2644 1625 2712 fragmentis.
1656 2644 1696 2697 i.

574 2717 699 2772 719.
729 2715 958 2769 Crudus.
996 2713 1194 2777 plenus.
1229 2723 1394 2780 satur,
1428 2714 1731 2783 indigestus,
1760 2714 2004 2775 rusticus,
2042 2715 2083 2769 l.

575 2787 696 2846 720.
732 2786 1071 2851 Congeriem,
1102 2784 1406 2851 satietatem,
1434 2783 1552 2837 Vat.
1585 2785 1649 2838 A.
1678 2815 1747 2824 —
1766 2783 2085 2850 Congeriem

508 2858 725 2921 Ventris,
755 2857 1097 2909 saturitatem.
1129 2884 1197 2892 —
1220 2853 1329 2907 Sub
1362 2855 1522 2917 fasce,
1548 2856 1903 2923 cophinorum,
1936 2854 1977 2909 l.

574 2929 697 2987 721.
735 2925 988 2987 Grandia,
1018 2925 1069 2978 in
1100 2933 1206 2977 tam
1225 2924 1551 2994 multiplicia,
1579 2924 1619 2979 l.

574 3000 697 3060 725.
729 2997 1025 3066 Existentc,
1054 3006 1306 3062 manente,
1336 2993 1374 3049 l.

2264 2360 2388 2416 725.
2421 2360 2656 2423 Rudere,
2691 2361 2831 2413 mina
2852 2378 2883 2414 a
2915 2369 3068 2429 terra,
3100 2359 3187 2413 ubi
3211 2375 3280 2413 res
3310 2359 3527 2427 tollitur,
3557 2358 3599 2413 l.

2261 2432 2385 2486 726.
2418 2431 2655 2495 Semine,
2682 2432 2914 2496 materia,
2948 2430 2986 2485 1.

2264 2502 2387 2556 727.
2425 2501 2742 2564 Procedere,
2767 2502 2902 2553 unde
2934 2502 3277 2567 processisset.
3312 2500 3351 2553 l.

2262 2572 2388 2627 728.
2417 2572 2533 2626 Mox
2558 2581 2611 2626 et
2640 2572 3013 2641 grandescere,
3046 2588 3148 2624 non
3178 2586 3276 2636 quo
3301 2570 3474 2641 omnia
3500 2586 3620 2638 gnte
3650 2571 3783 2625 Dens

2192 2645 2396 2764 grearit',
2432 2639 2667 2714 perfecta:
2697 2642 2899 2710 pietatis
2929 2658 3027 2696 non
3055 2642 3267 2712 fuissent
3296 2639 3445 2712 (sic),
3474 2642 3562 2695 sed
3592 2656 3709 2714 pact
3732 2659 3783 2693 re

2232 2716 2342 2764 icit.
2402 2753 2415 2764 .

2194 2716 2342 2773 dicit,
2376 2716 2415 2766 Ι.

2262 2786 2387 2839 755.
2420 2784 2824 2844 Consummata.
2858 2782 3101 2852 perfecta.
3131 2779 3172 2835 l.

2262 2854 2384 2909 756.
2416 2855 2651 2915 Calcata.
2686 2854 2993 2922 fragmenta,
3032 2851 3148 2906 Vat.
3178 2851 3243 2906 Α.

2260 2925 2387 2981 759.
2421 2920 2692 2992 Appositi,‘
2707 2924 2901 2977 scilicet
2928 2933 3043 2977 sunt
3071 2922 3262 2988 corbes,
3288 2922 3342 2976 id
3362 2933 3435 2977 est
3465 2921 3720 2991 apostoli,
3745 2920 3787 2978 l.

2204 2995 2283 3051 De
2312 2997 2557 3066 apostolis
2586 2996 2679 3050 hoc
2705 2994 2953 3065 intellige,
2982 2992 3101 3049 Vat.
3132 2993 3197 3048 A.

1853 3127 2411 3186 COMMENTARIUS.

576 3245 701 3301 710.
742 3242 1100 3299 Conciliabula
1138 3250 1262 3297 sunt
1288 3240 1439 3311 pagi,
1473 3239 1622 3304 sive,
1667 3248 1722 3294 ut
1768 3241 1857 3295 alii
1899 3241 2083 3305 aiunt,

508 3315 856 3372 conciliabula
896 3322 1050 3379 sunt,
1082 3312 1147 3367 ad
1190 3328 1310 3381 qure
1338 3312 1520 3366 rustici
1561 3311 1771 3365 emendi
1817 3320 1911 3365 avt
1956 3328 2087 3366 veu-

510 3388 667 3442 dendi
712 3400 871 3440 causa
920 3386 973 3438 in
1011 3384 1142 3437 viris
1173 3393 1226 3439 et
1274 3383 1417 3451 agris
1447 3382 1795 3436 conveniunt.
1852 3381 2010 3437 Alex.
2054 3397 2082 3434 a

509 3457 741 3513 secunda
775 3470 963 3517 manu,
986 3462 1037 3508 et
1067 3452 1223 3515 Urh.,
1254 3459 1521 3506 mercatos.

581 3526 704 3581 718.
734 3524 788 3576 1η
820 3524 940 3576 Rat.
976 3522 1071 3575 fuit
1104 3524 1361 3585 mollibus,
1406 3522 1564 3583 male,
1590 3538 1682 3589 pro
1710 3522 1962 3578 molibus:
1990 3523 2089 3576 nisi

512 3597 669 3660 velis,
702 3592 877 3647 mollia
910 3593 1159 3645 micarum
1189 3591 1290 3645 dici
1333 3605 1432 3659 pro
1466 3591 1610 3643 micis
1643 3592 1898 3657 mollibus,
1948 3595 2090 3656 quod

511 3682 619 3720 non
647 3673 729 3719 est
754 3662 1066 3720 absurdum.
1095 3669 1148 3715 ct
1176 3662 1311 3714 favet
1336 3661 1533 3721 glossa.
1563 3660 1777 3731 Cham.,
1819 3666 2091 3731 mollibus;

513 3736 607 3792 sed
641 3737 691 3789 in
721 3731 1178 3797 interpretatione,
1206 3730 1531 3784 multitudine
1555 3730 1981 3799 fragmentorum.

582 3807 703 3861 719.
740 3804 795 3858 1η
826 3804 958 3858 Mar.
992 3817 1022 3854 a
1050 3802 1216 3871 prima
1249 3814 1426 3863 manu,
1463 3816 1663 3871 coenas;
1698 3801 1749 3853 in
1779 3802 1897 3857 Vat.
1934 3807 1973 3857 A
2009 3821 2094 3861 re-

515 3876 651 3930 renti
684 3889 839 3929 manu
866 3870 1063 3927 factum
1091 3888 1304 3938 caenam,
1333 3871 1537 3925 abrasis
1574 3870 1843 3939 prioribus
1876 3874 2088 3931 litteris.

514 3947 614 4003 Alii
642 3962 858 4000 canam.

584 4017 708 4073 720.
738 4016 916 4083 Prag.,
949 4013 1201 4075 ministra,
1230 4022 1335 4083 non
1364 4011 1520 4069 bene.

585 4086 708 4140 721.
740 4082 1001 4140 Cauchius
1025 4082 1342 4155 conjiciebat
1366 4084 1426 4155 in
1460 4088 1677 4154 prandia
1708 4102 1889 4155 parvas
1915 4101 2011 4151 pro
2041 4087 2093 4140 in

515 4158 734 4215 arnndia
756 4170 974 4225 parras:
1002 4154 1143 4223 quod
1175 4154 1598 4223 nequelleinsio,
1624 4154 1792 4229 neque
1822 4157 1949 4211 mihi
1974 4173 2097 4227 pro-

515 4229 695 4285 batur.

587 4298 713 4351 722.
744 4296 901 4355 Man.
934 4294 1153 4359 Weitz.,
1204 4309 1384 4357 omne;
1422 4295 1531 4360 alii,
1580 4316 1796 4352 omnem.
1846 4297 2096 4351 Heinsius

516 4370 817 4437 suspicatur
849 4375 1048 4433 pastum
1078 4382 1274 4434 quoque
1313 4368 1543 4437 corporis
1572 4384 1800 4433 omnem;
1831 4368 1911 4422 vel
1944 4368 2099 4421 intel-

518 4434 853 4508 ligi'omnem
887 4434 1696 4508 materiam,quoduvorabttlum
1738 4438 2000 4504 sequitur.
2040 4437 2096 4493 Si

520 4504 895 4561 mittatioessct
921 4506 1237 4569 invehenda,
1257 4504 1470 4577 mallem
1503 4508 1648 4573 Quis,
1674 4509 1773 4562 nisi
1792 4510 2096 4577 quicorpus,

519 4588 569 4634 et
616 4588 819 4647 pastum
864 4577 1091 4647 corporis
1125 4593 1320 4629 onmem
1350 4574 1585 4631 Condens
1620 4596 1683 4632 ea:
1732 4579 1910 4637 nihilo.
1956 4574 2101 4633 nulla

521 4645 761 4702 existente
782 4648 966 4699 crearit
993 4645 1042 4698 Μ
1050 4648 1244 4699 undam
1270 4647 1519 4701 materia?
1540 4647 1592 4701 In
1620 4648 1941 4703 carminibus
1968 4648 2098 4702 Pru-

522 4718 686 4773 dentii
718 4732 861 4787 saepe
887 4730 1096 4787 errores
1137 4716 1204 4770 ah
1246 4715 1327 4771 his
1376 4717 1573 4771 inducti
1615 4727 1758 4782 sunt,
1791 4718 1880 4787 qui
1928 4728 2102 4786 poetae

2193 3242 2421 3303 sepultos
2463 3251 2519 3296 ut
2554 3243 2721 3297 redire
2768 3243 3091 3304 insuesceret,
3131 3239 3271 3309 quod
3325 3240 3471 3307 prius
3518 3239 3788 3296 Alcimum

2195 3312 2410 3369 Avitum
2442 3314 2707 3382 cogitasse
2747 3313 2820 3366 ait
2881 3309 3399 3382 lleinsiuskohlittrs,
3434 3309 3790 3382 Prudentium

2194 3379 2548 3451 antiquiorem
2588 3399 2709 3438 esse
2750 3384 2926 3445 Avito,
2968 3382 3068 3435 nisi
3098 3380 3265 3451 voluit
3310 3379 3558 3451 Heinsius
3603 3382 3789 3435 dicere

2121 3449 2168 3512 C
2203 3449 2463 3509 Alcimum
2499 3454 2765 3509 Prndrntii
2798 3454 2937 3508 hunc
2960 3452 3134 3506 loeum
3167 3450 3331 3504 fuisse
3358 3449 3655 3505 imitatum.
3686 3450 3789 3505 Sed

2194 3526 2502 3581 monendum
2547 3526 2668 3588 (ait)
2710 3525 2850 3583 prius
2888 3523 3141 3575 Alcimum
3197 3521 3398 3574 Avitum
3446 3520 3576 3573 libro
3623 3524 3790 3591 primo

2194 3607 2479 3670 poematum
2524 3596 2631 3648 hate
2679 3593 2951 3670 Prudentii
2984 3594 3247 3670 cogitasse,
3295 3607 3592 3670 quanquam
3634 3608 3789 3670 sensu

2195 3661 2430 3721 nonnihil
2483 3679 2724 3726 DIVERSO,
2775 3666 2881 3732 agit
2932 3661 3066 3715 enim
3116 3662 3179 3714 de
3219 3662 3474 3713 creatione
3522 3661 3791 3732 hominis:

2197 3738 2325 3792 Inde
2366 3737 2451 3789 ubi
2501 3737 2733 3802 perfectis
2785 3730 3067 3787 consuescit
3122 3733 3281 3785 vivere
3329 3731 3565 3783 membris
3624 3730 3789 3785 Totus

2195 3810 2365 3861 homo.
2398 3807 2618 3861 Ponitur
2646 3806 2803 3858 rudus
2833 3805 2948 3856 (ιη-ξε
2994 3820 3089 3869 pro
3117 3818 3224 3856 tere
3255 3802 3487 3854 nondum
3531 3812 3787 3856 excocto.

2196 3880 2286 3932 Sic
2318 3876 2515 3947 hymno
2545 3879 2599 3947 S.
2633 3875 2900 3947 Laurentii
2932 3890 3074 3928 vers.
3104 3874 3211 3947 189
3242 3873 3491 3947 :__.dnrunt
3530 3874 3677 3939 quod
3704 3890 3791 3922 ar-

2196 3942 2369 4002 denter
2410 3948 2519 4000 sitis
2554 3946 2729 4014 E/fosa
2760 3946 2972 4015 giqnunt
3014 3945 3221 3997 rudera.
3263 3942 3396 4015 lliuc
3440 3952 3589 4015 porta
3625 3953 3790 4015 atrata

2198 4018 2381 4072 Romre
2424 4018 2735 4070 raudusculo
2761 4013 2906 4068 dicta
2939 4024 3040 4074 est,
3084 4016 3205 4077 quia
3256 4014 3418 4065 rndus
3457 4013 3540 4063 vel
3586 4014 3791 4064 raudus

2200 4090 2414 4153 proprie
2442 4096 2524 4140 est
2548 4088 2688 4139 mris.
2724 4086 2840 4139 Jam
2872 4086 3030 4137 vivere
3058 4084 3124 4138 de
3150 4083 3339 4137 statuis
3378 4081 3584 4135 ali‘abre
3632 4082 3791 4135 factis

2197 4160 2324 4219 dici,
2361 4174 2389 4207 η
2416 4158 2539 4211 uitis
2577 4155 2837 4221 exemplis
2873 4155 3154 4208 confirmat
3198 4153 3471 4216 Heinsius,
3518 4160 3574 4203 et
3624 4166 3789 4205 nemo

2198 4238 2283 4283 est
2309 4229 2397 4296 qui
2429 4236 2643 4281 reVncet
2671 4228 2721 4279 in
2754 4226 2994 4279 dubium.
3057 4224 3159 4296 Pro
3188 4224 3349 4276 vivere
3378 4223 3559 4296 legunt
3589 4223 3790 4290 fingere

2200 4293 2385 4358 Weit.,
2420 4298 2553 4353 Mar.
2580 4313 2607 4349 a
2638 4296 2835 4349 recenti
2876 4310 3058 4359 manu,
3091 4293 3214 4348 Rat.
3267 4294 3693 4354 vetustissimus,
3734 4302 3788 4347 et

2201 4369 2415 4437 quidem
2445 4368 2561 4422 sine
2602 4368 2706 4421 ulla
2740 4366 2891 4418 litura
2912 4405 2925 4429 ,
2963 4366 3081 4437 Vat.
3111 4367 3175 4430 Ο.
3207 4362 3602 4437 Chamillardus
3633 4379 3786 4416 more

2202 4434 2300 4496 suo
2340 4438 2615 4493 Heinsium
2666 4438 2774 4490 fere
2813 4436 3087 4499 exscrihit,
3136 4435 3273 4503 quod
3319 4434 3622 4486 mirandum
3679 4449 3786 4485 tmn

2201 4520 2320 4566 est:
2348 4525 2466 4563 nam
2497 4509 2548 4561 in
2582 4507 2892 4575 pra‘fatione
2935 4508 3125 4559 fatetur
3165 4504 3456 4575 segﬂeinsii
3494 4504 3780 4575 lectiones,

2202 4589 2456 4648 quantum
2498 4582 2550 4633 in
2584 4572 2650 4631 se
2681 4580 2800 4648 erit.
2844 4585 3172 4648 secuturum.
3217 4572 3432 4648 Teolius
3463 4573 3540 4625 ait
3581 4572 3783 4624 lleinsii

2202 4644 2483 4705 lcetionem
2511 4665 2574 4704 ex
2625 4647 3055 4701 membranarum
3097 4644 3197 4697 lide
3232 4644 3387 4697 unice
3418 4657 3601 4694 veram
3635 4657 3781 4703 esse,

2203 4732 2257 4776 et
2284 4722 2503 4788 gloriam
2521 4719 2636 4785 ejus
2664 4717 2907 4788 lectionis
2934 4717 3190 4788 restituta:
3221 4722 3382 4788 totam
3409 4711 3780 4788 lleinsiiesse.

522 4786 962 4869 consuetudinem
990 4784 1320 4868 ignorarunt,
1351 4796 1404 4839 et
1434 4789 1588 4869 metri
1611 4780 1869 4869 rationem
1900 4780 2097 4844 habere
2130 4808 2178 4869 ο
2202 4780 2312 4846 Sed
2341 4780 2664 4869 monendum
2705 4780 2899 4868 plured
2932 4786 3145 4869 cotlfes
3177 4785 3487 4869 variareLut
3519 4781 3781 4869 vidimus,

521 4858 786 4921 volentes,
814 4871 985 4924 neque
1021 4856 1150 4909 satis
1194 4857 1324 4909 artis
1354 4858 1575 4921 poetica:
1618 4859 1870 4923 scientes,
1915 4875 2096 4913 veram

522 4928 809 4999 lectionem
842 4936 1211 4999 corruperunt.
1252 4926 1308 4981 Si
1340 4928 1542 4995 legatur
1579 4945 1781 4992 corpus.
1815 4939 1860 4981 et
1896 4938 2098 4999 pastum

523 4999 708 5051 ultima
755 4997 805 5048 in
851 5011 1033 5064 corpus
1078 4998 1549 5066 rationecazsuraa
1586 4997 1916 5065 producitur,
1956 5000 2097 5066 quo'l

526 5066 814 5122 Prudentio
842 5075 925 5119 est
972 5065 1247 5121 familiare.
1275 5065 1431 5135 Cell.,
1464 5078 1518 5123 et
1545 5069 1698 5124 Teol.
1742 5069 1941 5123 lleinsii
1971 5065 2099 5125 eon-

520 5142 780 5210 iet-turam
796 5136 973 5210 secuti
995 5147 1137 5190 sunt.

594 5207 713 5263 724.
746 5207 1012 5262 (ὶίςθιῑηιιε
1028 5222 1147 5260 cum
1173 5207 1537 5262 Daventrieusi
1566 5209 1653 5265 ed.
1688 5208 1811 5277 legit
1838 5225 1937 5261 non
1964 5209 2092 5261 sicut

521 5281 748 5346 sculptor
777 5277 837 5329 ab
864 5294 963 5331 tere
992 5277 1235 5339 Crudum,
1267 5286 1312 5330 ct
1346 5279 1659 5331 inexcoctam
1695 5280 1973 5332 consuescit
2001 5279 2096 5342 ﬁn-

523 5348 1016 5418 gercntassant:qui
1047 5349 1248 5416 putavit
1282 5348 1456 5401 minus
1479 5349 1612 5405 bene
1639 5349 1742 5403 dici
1766 5350 1927 5402 rudus
1957 5350 2095 5401 teris.

528 5417 670 5483 ML,
696 5419 838 5481 Put.,
863 5417 1097 5481 'l‘huan.,
1143 5419 1339 5478 υκοη..
1384 5418 1529 5482 Rot.,
1566 5429 1675 5473 tres
1709 5419 1884 5477 Torr..
1920 5420 2097 5487 Egm.,

526 5490 664 5553 PaL,
691 5490 821 5543 Mar.
854 5503 881 5538 a
916 5487 1081 5553 prima
1116 5504 1296 5551 manu,
1327 5489 1561 5542 Vaticani
1585 5489 1794 5555 Optimi,
1826 5507 1927 5542 non
1966 5491 2096 5541 sicut

524 5562 747 5625 sculptor
789 5559 850 5610 ab
887 5559 1001 5609 reris
1044 5557 1242 5611 findere
1297 5559 1552 5611 decoctam
1605 5562 1885 5612 consuescit
1948 5561 2109 5612 vivere

527 5646 766 5681 mussant.
800 5626 1017 5680 Scilicet
1046 5629 1323 5680 consuescit
1372 5644 1464 5693 pro
1493 5631 1824 5696 consuefacit,
1860 5638 1915 5683 ut
1954 5630 2042 5682 lib.
2092 5645 2104 5682 ι

526 5706 709 5748 multra
754 5699 929 5764 Syut.,
972 5712 1114 5750 vers.
1150 5697 1274 5757 511,
1309 5700 1551 5751 assuescit
1592 5716 1777 5761 supero
1825 5699 2018 5765 pollere
2053 5700 2103 5749 in

530 5767 715 5821 sa‘cula
740 5783 912 5835 regno,
938 5776 990 5821 et
1022 5767 1217 5833 hymno
1247 5769 1277 5822 9
1306 5768 1457 5823 Catii.
1488 5769 1639 5823 Omni
1668 5772 1814 5833 liora,
1837 5785 1976 5825 vers.
2010 5769 2098 5831 95,

2203 4870 2257 4916 et
2279 4862 2387 4929 jam
2419 4870 2543 4914 ante
2575 4852 2923 4929 lleinsiumin
2953 4855 3089 4908 Ald)
3119 4863 3171 4909 et
3197 4855 3316 4908 aliis
3337 4852 3499 4929 editis
3522 4852 3626 4929 legi
3657 4867 3785 4929 con-

2202 4922 2388 4986 suescit
2415 4932 2611 4983 vivere:
2642 4942 2812 4996 neque
2857 4928 2928 4980 ita
2959 4936 3157 4979 certam
3189 4940 3308 4978 esse
3350 4922 3557 4996 lleinsii
3595 4922 3786 4996 lectio-

2205 5018 2348 5061 nem,
2390 5009 2448 5054 ut
2486 5000 2589 5053 alia
2637 4992 2885 5053 sustineri
2927 5012 3033 5049 non
3075 4996 3260 5062 possit,
3312 5008 3434 5047 nam
3467 4994 3679 5059 ﬁngere
3723 4992 3791 5043 de

2204 5072 2473 5138 scalptore
2500 5084 2603 5122 non
2628 5066 2857 5138 absurde
2886 5066 3098 5125 dicitur,
3126 5078 3298 5138 neque
3321 5063 3467 5138 satis
3502 5063 3619 5113 huic
3670 5062 3683 5112 Ι
3725 5075 3790 5111 eo

2205 5133 2449 5209 congruit
2491 5140 2708 5193 laudare
2748 5136 2989 5205 peritiam
3038 5133 3441 5209 artiﬁcisLQuia
3486 5147 3693 5209 corpus
3726 5146 3789 5209 cx

2205 5202 2424 5265 matoria
2458 5211 2718 5264 existente
2748 5202 2938 5260 factum
2968 5215 3070 5262 est.
3099 5220 3240 5271 saepe
3271 5203 3587 5257 Prudentius
3620 5202 3794 5253 verba

2207 5281 2401 5352 ﬁngere
2430 5282 2597 5352 utitur
2625 5278 2690 5331 ad
2720 5276 2835 5343 ejus
2870 5275 3237 5352 formationem
3271 5273 3671 5352 explicandum.
3722 5272 3792 5321 Ita

2207 5344 2350 5405 nunc
2403 5351 2594 5419 ﬁngere
2638 5344 3312 5419 ntassant_non_(ledecet.
3342 5344 3470 5419 ⁸Ιιηο
3516 5354 3793 5393 nomn-mu

2208 5414 2725 5475 existimat'omniuo
2755 5417 3141 5485 prmferendum
3178 5429 3300 5467 esse
3327 5414 3513 5485 ﬁngere
3541 5426 3792 5462 massam.

2208 5491 2265 5545 In
2292 5492 2464 5551 glossa
2490 5492 2629 5541 mina
2654 5482 2953 5553 pro‘fodina
2977 5501 3075 5538 vox
3107 5492 3189 5537 est
3213 5483 3367 5536 medii
3395 5482 3512 5534 arvi.

2280 5562 2404 5614 751.
2429 5561 2609 5624 Ρττιιι,,
2642 5561 2768 5612 Mar.
2795 5574 2819 5607 a
2856 5557 3023 5624 prima
3053 5569 3233 5613 manu.
3257 5569 3350 5625 age
3376 5567 3469 5621 pro
3491 5566 3601 5620 ego.

2280 5632 2405 5685 752.
2434 5630 2487 5683 lu
2519 5631 2643 5684 Mar.
2680 5629 2777 5682 fuit
2802 5628 3063 5685 cla-menta,
3098 5625 3255 5677 male.

2280 5700 2402 5756 756.
2433 5700 2549 5754 Vat.
2583 5700 2648 5765 A,
2681 5700 2742 5751 At
2780 5714 2870 5763 ne;
2895 5697 3099 5760 caeteri,
3127 5712 3188 5748 ac
3216 5709 3299 5748 nc.
