4090 6192
367 375 461 429 981

1779 368 2219 426 APOTIIEOSIS.

3508 368 3612 422 95%

363 483 469 536 740
542 484 849 545 Servarent,
880 480 1109 550 gravidis
1147 482 1328 549 proCul
1374 489 1635 536 ostentata
1664 481 1929 535 canistris.
1958 488 2012 547 Δ
2037 480 2141 537 755
2216 480 2323 535 Nec
2362 493 2531 545 mora,
2554 480 2813 536 “funereus
2849 479 3104 536 revolutis
3153 477 3370 550 rupibus
3422 480 3609 534 horror

534 573 637 628 Sed
662 572 787 641 quid
817 587 916 640 ego
944 571 1058 625 haec
1085 580 1263 625 autem
1285 572 1533 626 titubanti
1560 586 1689 627 voce
1719 582 1924 637 retexo,

538 665 789 733 Indignus
819 664 905 732 qui
934 671 1115 716 sancta
1145 662 1367 717 canam?
1410 663 1641 731 procede
1685 662 1928 731 sepulcro

538 756 692 826 467
718 756 946 819 Lazare;
978 754 1083 819 die,
1107 754 1257 822 cujus
1280 768 1466 809 vocem
1491 754 1676 808 tellure
1699 753 1796 808 sub
1826 753 1929 807 ima

540 847 784 903 Audieris
811 864 824 901 :
858 862 974 916 quae
1004 846 1082 899 vis
1104 846 1460 913 penetraverit
1488 844 1665 899 abdita
1697 844 1863 899 letbi?

361 939 467 995 745
537 937 687 1005 Quod
727 953 848 991 cum
894 945 946 990 te
983 932 1228 990 Christus
1268 934 1478 1005 penitus
1523 934 1765 1004 nigrante
1803 948 1930 1003 pro-

1634 1024 1829 1097 [fundo

540 1126 851 1179 ltnmersum
906 1127 1079 1183 vocat,
1122 1127 1181 1171 ut
1227 1117 1435 1184 redeas,
1488 1130 1586 1172 ceu
1639 1116 1930 1185 proximus,

1668 1206 1861 1278 [audis,

539 1306 645 1361 Nec
669 1312 967 1359 remoratus
990 1302 1153 1356 ades?
1181 1316 1301 1371 quae
1321 1309 1425 1355 tam
1445 1300 1619 1355 vicina
1642 1298 1934 1369 Charybdis

542 1396 720 1465 Regna
748 1394 1087 1448 tenebrarum
1122 1391 1266 1445 tenui
1294 1390 1543 1445 distantia
1582 1392 1685 1445 ﬁne

545 1484 1096 1555 Conjungitsuperis?
1128 1482 1214 1535 ubi
1240 1490 1435 1535 taznara
1463 1481 1630 1534 tristia
1664 1488 1813 1534 vasto

367 1580 471 1635 750
543 1577 597 1631 ln
627 1587 862 1645 praeceps
891 1573 1096 1642 deiecta
1127 1571 1284 1636 chao,
1310 1571 1608 1625 latebrosus
1634 1580 1684 1625 et
1717 1570 1806 1625 ille

544 1666 727 1720 Amnis
749 1663 1030 1731 inexpletis
1055 1662 1273 1715 volvens
1304 1662 1544 1716 incendia
1575 1660 1740 1729 ripis?

544 1758 680 1811 Ante
707 1756 846 1810 fores
874 1752 1079 1817 tumuli,
1106 1768 1237 1822 quas
1265 1767 1392 1807 saxa
1421 1752 1670 1806 immania
1695 1752 1828 1806 duro

542 1848 723 1915 Objice
753 1846 1092 1909 damnarant,
1125 1844 1361 1913 scopulis
1387 1844 1687 1898 substructa
1710 1842 1932 1910 cavatis,
1969 1852 2015 1910 Β

544 1941 653 1994 Stat
691 1938 966 2004 Dominus,
1010 1949 1309 2005 nomenque
1338 1934 1444 1990 ciet
1487 1934 1727 2005 frigentis
1755 1934 1931 1987 amici.

2216 572 2430 625 Evomit
2465 572 2741 642 exsequias
2768 570 3042 642 gradiente
3072 573 3330 627 cadavere
3367 572 3537 628 vivas.

2214 663 2376 734 (‘68
2410 663 2616 719 Solvite
2657 664 2769 735 jam
2809 665 2945 721 1:131:13
2980 666 3278 722 redolentia
3306 667 3476 721 vincla
3521 680 3608 719 so-

3344 758 3533 827 [rores,

2209 842 2367 899 Solus
2395 843 2531 899 odor
2556 846 2728 914 sparsi
2758 844 3027 914 spiramen
3064 846 3317 901 aromatis
3344 847 3507 914 efflat,

2215 934 2323 991 Nec
2345 935 2411 990 de
2437 951 2700 1006 corporeo
2732 936 2970 992 nidorem
2997 937 3214 992 sordida
3242 938 3364 992 tabo

2196 1027 2354 1099 ,Aura
2378 1027 2561 1093 refert,
2586 1027 2773 1082 oculos
2792 1027 2940 1082 sanie
2970 1028 3202 1083 stillante
3230 1028 3432 1085 solutos

2217 1118 2474 1173 Pristinus
2518 1120 2571 1173 in
2606 1119 2881 1188 speculum
2904 1118 3064 1175 decor
3085 1120 3302 1187 excitat,
3331 1130 3383 1177 et
3429 1130 3608 1191 putre-

3352 1211 3540 1285 [f‘actas
3608 1234 3613 1237 η

2211 1301 2396 1355 Tincta
2444 1301 2639 1357 rubore
2668 1316 2833 1373 genas
2880 1303 3132 1371 paulatim
3168 1318 3399 1374 purpura
3428 1305 3603 1360 vestit.

2212 1390 2341 1458 Quis
2368 1392 2533 1460 potuit
2560 1392 2731 1447 ﬂuidis
2747 1394 2976 1448 animam
2994 1396 3299 1454 suffundere
3322 1398 3606 1451 membris?

2211 1481 2467 1535 Nimirum
2490 1483 2577 1550 qui
2624 1483 2860 1537 membra
2899 1483 3086 1537 dedit:
3120 1486 3207 1553 qui
3254 1485 3426 1540 fictilis
3474 1488 3609 1541 ulva:

2213 1570 2458 1626 Perilavit
2486 1588 2673 1627 venam
2706 1572 3006 1627 madidam:
3035 1573 3121 1629 cui
3154 1575 3327 1628 tabida
3356 1576 3507 1645 gleba

2209 1662 2392 1716 Traxit
2420 1664 2739 1733 sanguineos
2766 1662 2961 1719 infecto
2990 1663 3212 1721 humore
3237 1666 3467 1720 colores.

2214 1754 2258 1810 Ο
2284 1768 2446 1819 mors,
2475 1755 2661 1809 auritis
2684 1755 2794 1824 jam
2818 1756 2961 1812 mitis
2991 1758 3229 1827 legibus!
3262 1774 3294 1813 ο
3322 1761 3485 1826 mors,

2224 1843 2391 1899 Surda
2425 1846 2590 1914 prius,
2619 1845 2731 1915 jam
2766 1846 2922 1903 docta
2946 1849 3121 1918 sequi,
3144 1850 3497 1920 quodcunque
3521 1852 3607 1921 ju-

3344 1942 3540 2014 [betur,

2037 1026 2139 1081 760

2041 1571 2140 1627 765

1668 2045 1952 2101 GLOSSZE
1992 2046 2322 2104 VETERES.

440 2166 561 2219 7M).
594 2162 856 2227 Gravidis,
889 2160 1069 2231 plenis.
1110 2186 1177 2200 —
1212 2158 1400 2231 Procul
1443 2167 1723 2231 ostentata,
1761 2174 1933 2231 prope

368 2229 939 2306 dispersn,prtepnrata
962 2230 1028 2283 ad
1054 2229 1418 2300 reponendum.
1451 2258 1518 2268 —
1546 2229 1823 2295 Canistris,
1850 2244 1935 2282 va-

367 2302 463 2373 sis,
493 2302 741 2373 cephiuis,
771 2302 810 2355 Ι.

441 2369 563 2429 714.
596 2372 807 2431 Abdita,
835 2382 1043 2435 secreta,
1073 2369 1112 2422 1.

443 2446 562 2497 747.
580 2440 895 2519 Charybdis,
912 2438 1192 2519 Charybdis
1213 2439 1486 2519 secundum
1508 2436 1939 2519 fabulamfemiua

371 2516 467 2583 fuit
496 2530 643 2581 quam
670 2509 920 2583 Hercules
949 2511 1001 2562 in
1031 2525 1168 2562 mare
1206 2509 1561 2583 prajcipitavit,
1590 2509 1706 2575 quia
1728 2510 1941 2583 feretris;

371 2578 516 2646 erat,
531 2592 574 2634 et
600 2582 767 2634 adhuc
794 2580 1005 2648 o/ﬁcium
1032 2594 1176 2632 suum
1200 2578 1359 2643 facit;
1385 2579 1502 2646 quia
1528 2595 1673 2632 naves
1699 2578 1939 2632 venientes

372 2654 611 2714 devorat;
641 2652 729 2704 sed
757 2664 930 2702 revera
956 2659 1096 2712 petra
1124 2656 1216 2712 est,
1247 2657 1291 2700 et
1308 2649 1389 2700 hic
1416 2664 1505 2715 pro
1529 2650 1726 2714 inferno
1752 2649 1941 2717 posuit,

372 2725 459 2791 qui
487 2739 653 2775 omnes
683 2722 830 2791 aJise
860 2719 1105 2772 venientes
1136 2717 1187 2769 in
1210 2727 1449 2770 retentam
1474 2718 1625 2770 trahit
1655 2718 1939 2787 voraginem

372 2790 417 2844 et
442 2794 717 2853 interitum,
752 2790 790 2841 I.

443 2861 565 2914 748.
595 2860 782 2922 Tenui,
801 2866 1036 2927 angusto,
1058 2857 1097 2911 I.

445 2932 568 2984 749.
596 2930 834 2996 Superis,
863 2924 1004 2981 nivis.
1046 2956 1115 2968 —
1152 2925 1410 2996 Trenara,
1445 2924 1555 2979 lora

375 3001 593 3066 inferna,
623 2994 1004 3053 lamentationes
1034 3012 1253 3059 reorum,
1278 2994 1355 3049 vel
1377 2996 1486 3066 loca
1512 2996 1802 3065 infernalia,
1827 2997 1867 3050 l.

448 3070 565 3125 750.
592 3070 855 3137 Praeceps,
885 3068 940 3121 in
964 3066 1321 3137 praecipitium.
1345 3064 1590 3130 —Chao,
1615 3067 1874 3137 voragine,
1900 3065 1934 3120 l.

1597 2926 1832 2994 panalia,
1865 2926 1945 2981 vel

2110 2161 2233 2216 751.
2270 2192 2335 2238 -_—
2366 2162 2845 2238 Am_nis,_Cocytus.
2879 2195 2949 2206 —
2979 2165 3283 2238 inexpletis,
3314 2168 3610 2222 insat'abili-

2003 2224 2008 2229 ’
2043 2231 2165 2304 bus_.
2189 2224 2736 2304 _—‘lttccndia,—ignes:
2761 2236 2799 2289 1.

2115 2301 2235 2353 755.
2268 2301 2612 2368 Datnnarunt,
2635 2306 2946 2365 clauserunt,
2978 2305 3082 2361 lso.

2115 2370 2240 2492 ὗες.
2272 2372 2407 2439 Ciet,
2441 2378 2605 2441 vocat,
2650 2376 2779 2429 Mar.
2810 2404 2881 2415 —
2919 2375 2959 2430 F
2963 2376 3203 2447 rigentis,
3243 2377 3609 2448 quatriduauus

2043 2455 2173 2504 erat,
2202 2455 2240 2495 ι.

2268 2509 2538 2581 ISidorem,
2569 2516 2795 2581 fetorem,

2265 2580 2491 2651 Eluidis,
2521 2576 2757 2651 putridis,
2783 2576 3071 2650 dissolutis,
3092 2576 3163 2641 1.⁴

2115 2648 2237 2723 764.
2268 2648 2489 2723 Fictilis,
2521 2648 2891 2722 imaginabilis.
2934 2683 3005 2696 ——
3047 2648 3210 2718 Ulvm,
3253 2666 3433 2721 teme;
3474 2659 3607 2723 ulva,

2045 2718 2197 2796 Iterba
2220 2720 2488 2796 palustris;
2508 2723 2595 2775 sed
2619 2718 2699 2776 Iiic
2727 2741 2817 2796 pro
2838 2724 2928 2777 illo
2949 2726 3071 2779 limo
3092 2728 3280 2796 posuit,
3314 2718 3445 2781 unde
3464 2718 3611 2783 homo

2047 2788 2313 2859 factus‘vel
2343 2791 2586 2859 formatus
2614 2803 2706 2853 est,
2728 2788 2831 2846 'lso.

2118 2858 2238 2913 765.
2286 2858 2503 2937 Veliam,
2553 2863 2865 2937 sanguinem.
2898 2893 2967 2904 —
2995 2864 3110 2929 Cui,
3143 2866 3205 2919 ab
3249 2866 3359 2931 illo,
3397 2869 3472 2921 vel
3527 2882 3611 2937 per

2045 2942 2212 2999 quem.
2242 2957 2313 2999 τ
2335 2928 2555 2995 Tabida,
2582 2928 2747 2999 pigra,
2780 2933 2884 2986 lso.

2273 2998 2491 3071 infecto,
2522 2997 2769 3071 immisso,
2802 3003 2837 3054 l.
2873 3001 3146 3071 Corrupto,
3175 3003 3292 3059 Vat.
3314 3005 3379 3061 Λ.

2118 3068 2238 3123 767.
2270 3068 2491 3133 Auritis,
2519 3070 2581 3123 ab
2606 3086 2748 3138 aure,
2777 3086 2890 3140 qua:
2917 3068 3087 3138 audis,
3120 3072 3161 3127 Ι.

1719 3194 2263 3253 COMMENTARIUS.

448 3336 569 3392 741.
616 3336 719 3392 Sed
745 3336 864 3402 quid
905 3349 993 3403 ego
1030 3333 1343 3403 hazcautem,
1396 3329 1540 3390 Maro
1571 3328 1741 3403 l_ib._tt
1784 3328 1934 3396 ΑΞη..
1964 3331 2010 3395 C

375 3424 519 3462 vers.
548 3408 666 3461 101.
703 3397 767 3459 Ιιί
786 3406 901 3457 Vat.
930 3397 980 3456 Ἀ
1002 3401 1332 3456 desideratur
1359 3407 1545 3452 autem.
1577 3398 1632 3450 In
1673 3397 1815 3466 Rat.,
1844 3417 1938 3453 au-

372 3480 498 3541 ότι-τ,
527 3492 591 3530 ex
623 3477 955 3530 correctione
993 3471 1214 3526 alterius
1256 3483 1465 3533 manus,
1511 3468 1707 3523 veteris
1740 3479 1935 3525 tamen.

374 3547 488 3602 Non
518 3546 701 3602 probo.

447 3561 755 3669 ζῖιὲἷοὲἕῦτ.
789 3622 843 3668 et
866 3613 1002 3667 Gis..
1033 3620 1189 3665 tanta.
1216 3608 1383 3663 Codd.
1420 3622 1570 3674 mss.,
1596 3618 1649 3661 et
1674 3609 1758 3662 alii
1789 3609 1935 3675 editi,

374 3694 573 3739 sancta.
616 3685 918 3738 Victorinus
963 3680 1313 3737 Pictaviensis
1356 3696 1369 3731 :
1416 3675 1646 3731 Procede
1685 3680 1936 3747 sepulcro,

374 3755 587 3821 Lazare,
618 3755 826 3807 clamat.

446 3817 580 3878 743.
624 3823 942 3877 Prudentius
984 3819 1226 3889 producit
1268 3818 1491 3887 primam
1539 3818 1591 3871 in
1639 3817 1850 3880 Lazare.
1886 3829 1940 3875 ct

372 3896 603 3967 corripit
628 3893 935 3967 secundum,
968 3888 1041 3945 uti
1086 3891 1209 3943 fecit
1244 3888 1635 3967 etiamnhymn.
1679 3889 1936 3967 9nCatlt.,

372 3957 627 4018 vers.'s7.
655 3965 781 4017 llinc
802 3962 1081 4026 confirmo,
1112 3974 1215 4012 non
1242 3968 1386 4012 recte
1414 3957 1701 4026 lleittsittm,
1726 3957 1935 4023 Charm,

374 4035 551 4095 Tenl.,
578 4042 630 4087 et
657 4033 788 4086 Cell.
823 4046 917 4100 pro
949 4025 1170 4083 Eleazar
1191 4029 1435 4097 posuisse
1458 4025 1643 4078 Lazari
1674 4042 1809 4082 vers.
1839 4028 1941 4083 154

373 4102 556 4175 hymni
590 4102 835 4175 [00³111.
880 4169 910 4175 __
1167 4167 1201 4175 η
1282 4167 1293 4175 _
1449 4166 1477 4175 __
1541 4165 1552 4175 .
1633 4165 1687 4175 ω

448 4171 569 4225 744.
600 4172 744 4236 Rat.,
786 4169 1058 4233 audieras;
1106 4167 1319 4235 reliqui,
1356 4165 1596 4219 audieris.
1628 4165 1762 4235 Gis.,
1792 4183 1941 4235 perte-

372 4244 524 4296 trarit
553 4242 640 4294 ad.
674 4240 817 4305 Ald.,
844 4240 1053 4303 intima;
1075 4239 1187 4301 alii,
1213 4238 1401 4290 abdita.

446 4312 568 4364 749.
613 4302 812 4378 Prag,
842 4310 924 4362 ubi
972 4308 1133 4361 tristia
1180 4316 1393 4359 tartara.
1421 4306 1550 4378 Vat.
1713 4302 1936 4378 Widm.,

374 4382 565 4449 Bong..
583 4375 735 4443 Man,
756 4380 899 4440 Ral.,
924 4378 1131 4439 Urbin.,
1151 4387 1352 4449 tranare
1366 4377 1547 4449 tristia.
1565 4375 1690 4437 Alsi,
1710 4376 1937 4449 thenara,

373 4452 455 4503 vel
486 4445 675 4503 lienam
696 4448 973 4503 tristia.|so
999 4448 1205 4501 videtur
1232 4445 1674 4512 legisset/trenara
1692 4462 1717 4496 a
1742 4446 1941 4500 threnis

374 4536 468 4574 seu
503 4519 767 4573 lamentis.
796 4517 1000 4572 Tcenari
1027 4532 1132 4570 vox
1163 4516 1417 4582 accipitur
1448 4530 1543 4582 pro
1584 4514 1789 4581 inferis,
1819 4516 1939 4584 quia

376 4592 429 4642 in
460 4598 639 4641 monte
665 4588 889 4641 Taenaro
918 4602 1107 4655 specus
1137 4593 1251 4638 erat
1279 4585 1420 4638 hiatu
1446 4584 1725 4655 profundo.

444 4659 567 4713 751.
593 4653 1082 4744 ‘Vat.imple:cis.
1116 4655 1268 4744 δξξιέη
1300 4654 1599 4744 inexpletis,
1613 4653 1710 4744 ‘se‘d
1966 4686 2015 4744 Ι)

367 4740 531 4781 manu
561 4736 605 4781 et
630 4728 861 4795 expletis.
894 4723 1085 4782 Verum
1109 4732 1189 4777 est
1216 4723 1503 4795 inea'pletis,
1538 4724 1636 4775 hoc
1664 4732 1765 4783 est,
1798 4725 1937 4775 insa-

370 4797 647 4855 tiabilibus.
673 4791 812 4863 quod
837 4806 921 4850 est
944 4795 1214 4860 epitheton
1246 4791 1533 4863 inferorum
1569 4797 1859 4863 proprium.

444 4867 565 4921 755.
600 4862 814 4927 Weilz.,
844 4866 948 4929 Iso,
992 4865 1150 4929 Mar.,
1192 4864 1369 4930 Prag.,
1417 4862 1560 4924 Kuh,
1604 4862 1928 4917 damnarunt.

371 4934 550 5003 I’rag.,
581 4935 755 5005 Egm.,
778 4934 1059 5005 substracta
1079 4935 1160 4989 vel
1177 4930 1448 4986 subtracta.
1478 4931 1620 4995 Rat.,
1644 4933 1931 4997 substricta,

369 5007 546 5060 minus
578 5003 729 5072 bene,
756 5020 850 5072 pro
877 5003 1178 5057 substructa.

442 5076 565 5129 754.
598 5069 767 5128 Recte
787 5084 937 5127 notat
956 5069 1342 5128 Chamillardus
1362 5086 1425 5125 ex
1456 5070 1556 5124 Fes
1583 5084 1633 5133 o,
1663 5072 1791 5125 ciere
1816 5085 1935 5126 esse

368 5160 582 5207 vocare,
617 5154 671 5197 ut
702 5143 837 5213 apud
868 5143 1161 5213 Virgilium,
1192 5140 1324 5213 dire
1344 5142 1473 5213 ciere
1495 5142 1645 5194 viros.

442 5216 565 5268 7.3;”).
600 5213 715 5267 Vat.
737 5211 812 5277 Ἀ,
845 5212 1100 5284 {utiereiy
1122 5211 1328 5284 melius
1341 5211 1598 5284 funereus.

439 5285 563 5337 757.
599 5278 896 5352 Alloquitur
924 5282 1140 5337 Mariam
1180 5279 1539 5349 Magdalcnam
1567 5291 1620 5335 et
1650 5278 1929 5351 Martham,

365 5368 582 5407 sorores
614 5353 817 5406 Lazari.
854 5352 982 5405 Vide
1004 5352 1161 5407 Joan.
1194 5366 1268 5404 xl.

440 5422 561 5475 759.
596 5422 1017 5476 Etmenhorsxius
1044 5422 1099 5477 in
1122 5424 1251 5474 Arn.
1282 5434 1401 5487 pag.
1432 5418 1553 5482 116,
1583 5434 1645 5472 ex
1676 5420 1776 5473 hoc
1804 5419 1933 5473 Pru-

366 5494 532 5546 duntii
565 5494 682 5546 loco
704 5502 755 5546 et
784 5507 845 5545 ex
873 5493 1071 5561 hymno
1161 5490 1376 5561 Perist.,
1400 5505 1551 5561 fvers.
1578 5490 1701 5551 588,
1728 5490 1933 5544 Collatis

366 5564 485 5616 aliis
512 5563 838 5626 auctoribus,
864 5559 1012 5628 plura
1042 5560 1195 5613 habet
1228 5559 1294 5614 de
1323 5559 1517 5623 nidore,
1543 5561 1627 5627 qui
1655 5563 1831 5629 gravis
1854 5570 1935 5613 est

364 5634 497 5686 odor
526 5632 815 5699 praesertim
843 5631 1247 5685 sacrificiorum.

435 5697 557 5755 76f.
591 5703 665 5756 Ex
698 5716 822 5756 vero
845 5699 1003 5754 simili
1032 5699 1195 5753 refert
1228 5705 1400 5765 poeta,
1434 5697 1687 5750 Lazarum
1715 5697 1933 5755 snecqu

366 5775 643 5840 pristinnm
674 5774 924 5828 decorem
952 5771 1187 5826 vidisse:
1214 5769 1314 5823 nisi
1356 5770 1509 5823 malis
1542 5769 1609 5821 ita
1642 5768 1929 5836 explicare,
1986 5788 2013 5809 -

2040 3331 2223 3454 ocpltlts
2253 3331 2444 3453 itierum
2474 3330 2593 3386 vitae
2615 3330 2852 3386 redditos
2880 3331 3066 3400 fuisse,
3098 3342 3151 3389 et
3182 3337 3230 3387 in
3264 3349 3467 3391 morem
3489 3352 3608 3409 spc-

2040 3415 2143 3454 cut
2188 3417 2291 3454 ucu
2312 3416 2393 3454 os.

2039 3415 2143 3455 Cllll
2170 3415 2393 3457 illClthS.

2109 3470 2231 3525 762.
2265 3470 2395 3528 Mar.
2428 3471 2678 3525 mendum
2705 3484 2734 3524 a
2760 3470 2925 3541 prima
2949 3487 3125 3537 manu,
3160 3474 3317 3528 tincta
3338 3475 3538 3531 robore.

2112 3541 2241 3617 765.
2266 3541 2410 3607 Ald.,
2438 3543 2525 3612 qui
2537 3557 2561 3608 -;
2589 3542 2792 3608 caeteri,
2815 3542 2947 3611 quis,
2982 3542 3161 3614 Prag.,
3193 3544 3390 3600 Widm.
3427 3562 3607 3617 supra,

2038 3610 2141 3678 di/f
2139 3612 2347 3665 undere.

2111 3680 2233 3734 764.
2273 3682 2508 3756 Latinius
2546 3682 2597 3756 i_n
2638 3681 2769 3756 Bibl.
2802 3682 2901 3756 sel.
2951 3683 3077 3748 legit
3103 3684 3275 3752 ﬁctilis
3303 3702 3463 3740 urna'.
3495 3703 3611 3756 qum

2041 3764 2148 3804 non
2174 3759 2255 3806 est
2283 3751 2517 3806 absurda
2561 3752 2740 3817 lectio,
2781 3754 2880 3806 nisi
2908 3751 3251 3811 contramss.
3286 3751 3525 3811 Starentf
3555 3759 3609 3811 ln

2040 3836 2199 3874 versu
2248 3836 2362 3890 seq.
2417 3836 2511 3887 pro
2562 3837 2738 3875 venam
2804 3823 3071 3877 nonnullae
3120 3824 3380 3879 editiones
3416 3827 3611 3881 habent

2040 3900 2247 3955 vestam,
2280 3889 2533 3945 mendose
2560 3904 2666 3959 :gex
2709 3905 2813 3959 quo
2850 3892 3040 3959 aliquis
3070 3892 3297 3958 conjecit
3326 3906 3526 3959 vestmt,
3557 3907 3610 3950 ut

2040 3973 2232 4034 corpus
2254 3960 2457 4013 dicatur
2480 3958 2690 4034 madida
2714 3958 2875 4034 vestis
2902 3958 3079 4034 fictilis
3096 3977 3277 4034 Διιι-ηειτε.
3322 3962 3463 4017 Urna
3492 3958 3611 4034 pro-

2042 4030 2152 4097 prie
2179 4045 2263 4081 vas
2299 4036 2373 4082 est
2413 4028 2548 4098 quod
2576 4045 2667 4098 pro
2706 4029 2978 4082 condendis
3016 4030 3389 4098 defunctorum,
3429 4028 3610 4087 cineri-

2042 4100 2133 4151 bus
2175 4098 2403 4172 adhiberi
2444 4099 2693 4172 solet,_t_le
2721 4114 2834 4172 quo
2863 4108 3051 4172 poeta:
3092 4099 3227 4153 Ctelo
3277 4103 3478 4169 tegitur,
3521 4107 3609 4172 qui

2041 4184 2141 4219 non
2170 4167 2313 4290 heaéwt
2352 4185 2555 4222 urnam.
2610 4167 2733 4221 llaec
2771 4167 3008 4222 Isidorus
3054 4179 3233 4224 noster
3288 4167 3371 4224 m
3428 4167 3605 4243 Etyiu.

2041 4250 2157 4290 can.
2261 4278 2273 4290 .

2040 4250 2157 4304 cap.
2184 4240 2273 4291 26.

2115 4307 2237 4361 767.
2280 4306 2393 4362 Gis.
2428 4309 2480 4361 in
2508 4315 2790 4372 contextu,
2819 4308 3045 4373 auditis;
3087 4309 3153 4363 ad
3184 4324 3355 4374 oram,
3384 4313 3565 4365 auritis
3591 4354 3605 4375 ,

2042 4377 2183 4444 quod
2232 4378 2425 4431 habent
2464 4378 2578 4431 alii.
2610 4378 2815 4431 Sensus
2847 4378 3018 4445 magis
3049 4380 3362 4434 commodus
3398 4382 3607 4435 videtur

2042 4460 2161 4519 esse
2184 4462 2303 4500 cum
2326 4449 2513 4501 auditis
2539 4462 2695 4515 quam
2720 4461 2837 4519 cum
2860 4448 3061 4519 auritis,
3094 4464 3267 4515 neque
3296 4452 3437 4503 enim
3465 4453 3606 4519 leges

2042 4518 2322 4588 audierunt
2368 4525 2615 4588 mortem,
2659 4517 2753 4570 sed
2805 4531 2949 4588 mors
2989 4517 3135 4588 leges
3173 4519 3378 4573 Domini
3420 4517 3608 4588 praeci-

2044 4586 2256 4651 pientis.
2284 4586 2401 4640 Vat.
2426 4587 2490 4652 ρ.
2519 4600 2822 4656 perperam,
2845 4586 3036 4639 haustis
3050 4586 3150 4656 pro
3162 4589 3368 4641 auditis.
3394 4586 3609 4645 Teolius

2042 4657 2116 4726 ait
2160 4670 2346 4709 omnes
2377 4656 2517 4709 Vatt.
2557 4655 2752 4726 habere
2792 4656 2995 4719 auritis,
3037 4655 3178 4711 inter
3204 4673 3336 4726 quos
3371 4659 3476 4713 duo
3509 4660 3608 4713 ha-

2043 4725 2166 4778 bent
2198 4726 2332 4779 hanc
2374 4725 2864 4793 interpretationem
2904 4728 3105 4790 auritis,
3143 4725 3243 4782 hoc
3273 4737 3355 4782 est
3396 4731 3610 4783 exaudi-

2040 4796 2174 4849 bilis.
2228 4795 2472 4849 Fortasse
2498 4803 2650 4861 poeta
2684 4796 2929 4864 intelligit
2960 4796 3106 4862 leges
3152 4799 3338 4852 mortis
3368 4813 3489 4855 esse
3514 4817 3609 4854 au-

2039 4864 2262 4947 ritaunln
2280 4864 2431 4947 titan,
2463 4866 2596 4917 mitis
2609 4868 2753 4936 jam:
2779 4866 2832 4918 in
2850 4865 2979 4947 aliis
2995 4872 3112 4947 jam
3133 4868 3289 4947 mitis.

2111 4934 2232 5007 768.
2264 4934 2414 5007 rFabr
2443 4975 2456 5000 ,
2499 4934 2794 5007 quacunque
2830 4934 3051 5005 juberis,
3106 4938 3246 5007 quod
3300 4938 3515 4993 Heinsio
3555 4949 3610 4995 et

2041 5005 2167 5074 mihi
2223 5006 2478 5073 placeret,
2532 5006 2575 5058 si
2624 5020 2717 5074 per
2763 5021 2891 5060 mss.
2947 5005 3148 5061 liceret}
3190 5007 3333 5069 Ald.,
3372 5009 3606 5074 Thuan.,

2040 5073 2211 5147 onn.
2267 5085 2321 5128 et
2362 5074 2472 5138 alii,
2511 5073 2809 5147 quacunque
2850 5078 3083 5147 jubetur.
3132 5078 3246 5130 Vat.
3296 5078 3355 5144 Β,
3397 5073 3603 5141 Noms.,

2042 5143 2229 5211 Bong.,
2262 5143 3022 5214 quazcunquejubentur.‘80L,
3054 5146 3274 5209 Cauelt.,
3310 5143 3607 5214 quocunque

2031 5214 2262 5283 jubetur.
2313 5213 2541 5268 l'rzefero
2573 5229 2693 5268 eum
2730 5214 2878 5279 Put.,
2934 5215 3113 5283 Prag.,
3169 5213 3326 5276 Rau,
3353 5214 3497 5280 Vat.,
3535 5219 3603 5275 A,

2041 5283 2192 5348 Mar.,
2243 5283 2459 5349 Weitz.,
2500 5283 2662 5347 G.ill.,
2702 5284 2939 5337 Tornms.
2986 5291 3040 5336 et
3085 5283 3223 5349 aliis,
3270 5283 3602 5353 quodcunque

2030 5354 2259 5423 jubetur.
2314 5352 2425 5406 Gis.
2478 5353 2529 5404 in
2573 5360 2842 5423 contextu,
2884 5368 3188 5420 quacunque
3226 5352 3603 5423 jubeutur;'ad

2036 5420 2227 5490 inarg.,
2259 5438 2555 5489 quocunque
2576 5420 2810 5483 iubetur;
2832 5424 2899 5471 al.
2923 5420 3237 5487 quacunque;
3266 5421 3441 5481 Siclt.,
3467 5438 3603 5487 qum.

2037 5508 2231 5558 cunque
2247 5491 2509 5557 jubentur.
2544 5490 2850 5560 Gallandins
2884 5492 3070 5542 Aldutn
3103 5492 3279 5544 laudat
3313 5506 3407 5559 pro
3439 5493 3602 5560 quod-

2038 5576 2228 5630 cunque
2272 5561 2515 5628 }ubetur;
2565 5560 2655 5611 sed
2699 5558 2867 5630 Aldus
2914 5561 3041 5612 mihi
3083 5559 3239 5630 habet
3284 5558 3599 5630 quacunque,

2038 5627 2285 5696 idemque
2323 5632 2439 5698 lego
2488 5631 2538 5683 in
2576 5627 2866 5696 exemplari
2919 5630 3037 5683 Aldi
3079 5628 3130 5683 in
3163 5627 3476 5684 biblibtlieca
3504 5629 3602 5685 Sa-

2038 5701 2265 5769 pientim.
