4090 6192
503 314 609 371 983

504 518 607 575 770
684 518 815 571 Esse
844 516 1030 582 Deum,
1058 514 1201 569 solus
1235 513 1327 584 qui
1361 528 1445 570 me
1473 514 1566 569 tibi
1590 513 1851 584 prmripit,
1881 513 2079 569 Iesum.

676 608 827 664 Abde
848 615 1129 677 negatores
1154 604 1374 673 Christi,
1408 620 1564 662 nemo
1590 605 1811 672 invidet,
1835 606 2005 661 abde:

676 699 840 755 Utere
867 708 1012 754 sorte
1043 706 1150 762 tua,
1184 697 1515 768 blasphemis
1545 707 1701 755 nocte
1730 698 1978 755 tenendis

674 791 939 859 Perpetua
967 807 978 842 :
1005 789 1211 859 plebem
1230 790 1497 860 iustorum
1530 798 1682 860 capta
1704 790 1936 858 resolve,

674 880 774 947 Qui
823 890 1021 935 norunt
1068 881 1362 950 hominem,
1400 890 1561 951 atque
1606 882 1770 936 Deum
1800 881 1878 935 sic
1902 880 2082 936 dicere

1687 970 2009 1044 [Christum,

676 1064 743 1120 Ut
770 1079 950 1131 verus,
978 1078 1327 1134 summusque
1359 1064 1502 1120 Deus
1530 1065 1775 1119 mortalia
1804 1071 2003 1135 gestet.

674 1154 691 1209 1
698 1172 793 1226 pse
807 1155 967 1225 gerit,
983 1155 1125 1224 quod
1138 1154 1355 1221 struxit,
1371 1168 1526 1223 opus,
1542 1168 1640 1209 nec
1663 1154 1800 1209 ferre
1815 1151 2078 1221 pudescit,

676 1247 871 1302 Factor
927 1244 1067 1316 quod
1123 1244 1601 1315 peperittcorpns
1655 1244 1865 1313 loquor,
1920 1252 2081 1312 atque

1640 1333 1853 1404 [animae
1877 1334 2007 1388 vim.

678 1429 933 1483 Finxerat
962 1428 1062 1484 hoc
1077 1427 1282 1497 digitis,
1306 1426 1537 1481 animam
1558 1427 1866 1481 sufﬂaverat
1893 1442 2005 1482 ore.

674 1519 867 1574 Totum
900 1519 1167 1574 hominem
1196 1519 1335 1574 Deus
1374 1518 1640 1574 assumit:
1669 1520 1792 1590 quia
1833 1528 1976 1574 tutus
2013 1519 2082 1575 ab

1740 1610 1881 1682 [ipso
1906 1618 2007 1674 est,

500 1703 604 1759 780
679 1704 744 1759 Et
774 1711 941 1759 totum
972 1703 1210 1770 redimit,
1238 1716 1397 1772 quem
1442 1712 1767 1771 sumpserat,
1796 1716 1954 1756 onme
1985 1716 2077 1756 re-

1762 1792 2003 1865 [ducens,

676 1888 941 1960 Quidquid
995 1889 1158 1944 homo
1194 1896 1279 1943 est
1312 1903 1326 1941 :
1361 1884 1506 1941 istud
1549 1885 1786 1947 tumulis,
1826 1892 1910 1936 ast
1944 1882 2077 1938 illud

1771 1976 2005 2047 [abysso.

500 1064 603 1120 775

1634 308 1912 366 AURELII
1952 309 2315 366 PRL‘DENTII
2356 312 2686 368 CARMINA.

675 422 839 496 469
860 424 957 480 Cui
982 432 1183 480 tantum
1214 423 1281 479 de
1326 434 1379 480 te
1404 422 1584 479 licuit?
1610 424 1850 479 convicta
1884 423 2075 492 latere,
2108 429 2159 487 Α

3669 322 3771 377 984

2435 424 2600 496 470
2637 427 2884 482 Occurrit
2932 427 3184 486 dubitans
3218 429 3305 488 hic
3350 432 3684 499 dissertator,
3721 447 3775 492 et

3547 525 3700 597 [illud

2362 605 2556 676 Objicit
2592 623 2607 660 τ
2650 608 2804 662 Anne
2833 607 2966 663 ﬁdes
2996 611 3157 680 capit,
3183 620 3240 666 ut
3264 612 3581 682 substantia,
3612 617 3778 674 ﬂante

2361 696 2618 766 lnspirata
2650 697 2782 763 Deo,
2810 699 3106 755 cruciatum
3129 703 3347 769 sentiat,
3384 715 3547 775 atque

2364 789 2559 845 Inferni
2587 798 2736 860 petat
2768 791 2872 845 ima
2913 791 3043 861 poli,
3076 792 3442 866 barathroque
3481 802 3778 869 coquatur?

2363 879 2556 948 Crede,
2607 879 2841 935 animam
2895 896 3004 936 non
3051 896 3174 939 esse
3224 884 3391 941 Deum
3424 887 3561 943 :sed
3588 889 3775 955 crede,

3488 977 3704 1047 [creatis

2361 1061 2458 1132 Maj
2486 1078 2611 1118 irem
2633 1064 2841 1118 cunctis
2861 1081 2872 1117 :
2893 1064 3060 1133 ipsam
3087 1081 3301 1138 quoque
3329 1068 3492 1124 crede
3513 1079 3773 1125 creatam.

2366 1154 2613 1210 Formata
2666 1166 2751 1210 est
2802 1170 3036 1226 namque
3064 1172 3161 1213 ore
3192 1158 3310 1224 Dei,
3354 1174 3475 1229 qum
3521 1175 3627 1215 non
3657 1170 3777 1215 erat

3514 1248 3659 1319 [ante
3682 1268 3698 1303 :

2361 1333 2466 1390 Sed
2488 1333 2715 1390 formata
2733 1336 2915 1392 habitu
2932 1336 3321 1408 pulcherrima,
3338 1338 3584 1410 pictaque
3610 1344 3776 1397 rebus

2363 1424 2587 1491 Divinis,
2620 1436 2674 1481 et
2703 1427 2859 1496 plena
2890 1427 3023 1495 Deo,
3051 1428 3348 1499 similisque
3378 1433 3606 1487 creanti.

2359 1516 2475 1572 Non
2491 1525 2665 1573 tamen
2685 1520 2797 1589 ipsa
2816 1519 2952 1575 Deus
2968 1539 2980 1574 :
2995 1522 3248 1591 quoniam
3263 1527 3535 1593 generatio
3549 1542 3655 1581 non
3667 1538 3776 1595 est,

2357 1607 2463 1664 Sed
2491 1607 2690 1664 factura
2723 1610 2816 1665 Dei
2840 1621 2941 1666 est.
2977 1611 3135 1667 Solus
3164 1613 3232 1668 de
3259 1614 3420 1670 corde
3438 1619 3671 1684 parentis

2360 1698 2523 1754 Filius
2553 1700 2772 1755 emicuit
2796 1719 2807 1754 :
2833 1716 2991 1758 verus
3012 1702 3154 1759 Deus
3180 1703 3292 1760 ille.
3319 1703 3424 1761 Sed
3453 1705 3592 1762 istud

2360 1790 2518 1862 47],
2550 1791 2814 1848 Collatum
2846 1803 2928 1849 est
2952 1795 3169 1863 animat,
3199 1795 3376 1852 subito
3419 1808 3478 1851 ut
3501 1812 3621 1868 quae
3664 1815 3770 1853 nun

3360 1886 3518 1959 [erat,
3533 1903 3695 1945 esset.

2186 1973 2293 2030 795
2367 1974 2460 2030 Ille
2488 1982 2789 2032 coaeternus
2837 1974 3008 2031 Patris
3033 1986 3137 2045 est,
3189 1986 3245 2033 et
3271 1993 3486 2049 semper
3512 1980 3566 2035 in
3608 1980 3772 2051 ipso:

2186 789 2289 845 785

2188 1423 2290 1479 790

1806 2068 2090 2126 GLOSSIE
2134 2067 2472 2124 VETERES.

569 2171 693 2227 769.
725 2170 800 2226 De
820 2179 895 2235 te,
916 2170 971 2224 in
993 2179 1055 2225 te.
1083 2168 1186 2222 lso.

570 2244 693 2296 771.
726 2240 897 2306 Abde,
930 2240 1201 2304 absconde,
1226 2238 1264 2292 l.

571 2313 693 2367 775.
724 2311 912 2382 Capta,
945 2328 977 2364 a
1016 2308 1242 2376 Christo,
1267 2308 1305 2361 I.

568 2383 693 2437 776.
729 2381 898 2447 Ge’rit,
928 2390 1117 2449 portat,
1150 2381 1186 2432 l.

568 2455 692 2508 780.
722 2448 1056 2520 Sumpserat,
1086 2452 1136 2503 in
1158 2466 1240 2515 se,
1273 2448 1313 2503 Ι.

569 2524 695 2578 781.
746 2515 917 2585 Istud,
945 2537 1149 2589 carpas.
1182 2548 1248 2559 -—
1273 2517 1429 2583 Illud,
1484 2518 1732 2589 animam.
1756 2515 2077 2589 ——7Abysso,

498 2595 737 2661 abyssum
764 2600 908 2645 uocat
945 2587 1125 2661 caelum
1156 2605 1174 2642 :
1203 2591 1324 2661 quia
1363 2589 1495 2661 sicut
1516 2587 1733 2661 dicimus
1763 2588 1939 2661 altum
1966 2603 2079 2639 ma-

496 2658 580 2729 re,
606 2665 680 2716 sic
707 2663 861 2716 etiam
877 2660 1190 2730 profundum
1211 2658 1411 2713 caelum.
1438 2659 1525 2730 Sic
1547 2658 1954 2730 etiantabysstnn
1984 2672 2081 2730 cae:

497 2726 605 2788 lum
650 2726 891 2786 dicimus.
919 2726 990 2769 -ὲ
1018 2728 1094 2781 De
1140 2738 1323 2783 natura
1372 2729 1557 2782 anima:
1583 2744 1601 2781 :
1645 2727 1831 2780 Dicunt
1858 2726 2081 2779 lum-elici

496 2804 722 2859 quintam
766 2811 964 2872 partem
1015 2815 1122 2854 esse
1151 2799 1268 2854 Dei.
1307 2799 1606 2854 Subslantia
1635 2798 1797 2853 omnis
1822 2798 2078 2868 trifariam

2189 2162 2456 2236 dividitur,
2485 2163 2539 2214 in
2567 2159 2733 2215 Deum
2759 2162 3003 2236 animam.
3025 2179 3211 2236 corpus
3254 2166 3461 2219 scilicet.
3501 2164 3598 2221 Vel
3616 2168 3773 2236 siqui~

2188 2234 2302 2286 dem
2328 2231 2464 2287 Deus
2485 2247 2737 2306 summum
2786 2233 2971 2306 bonum
3000 2244 3096 2297 est,
3123 2235 3293 2306 anima
3313 2253 3551 2306 magnum
3582 2231 3773 2293 bonum

2186 2312 2496 2377 esthorpus
2519 2302 2776 2371 quoddam
2803 2301 2984 2355 bonum
3004 2319 3022 2356 :
3044 2306 3149 2357 sine
3173 2304 3252 2377 his
3278 2301 3436 2360 tribus
3464 2306 3590 2361 nihil
3613 2320 3707 2377 est,
3732 2311 3772 2364 Ι.

2258 2373 2381 2446 78ζ3.
2424 2373 2771 2446 Dissr_rtalor,
2796 2384 3129 2446 concertator,
3171 2375 3478 2446 disputator,
3511 2377 3551 2432 1.

2260 2444 2383 2498 785.
2413 2442 2627 2511 Objicit,
2660 2443 2891 2509 apponit,
2928 2446 2967 2499 I.

2259 2513 2387 2568 784.
2414 2513 2699 2582 lus-pirata,
2720 2513 2911 2568 anima.
2942 2544 3014 2554 ——
3045 2513 3175 2576 Deo,
3200 2531 3233 2567 a
3263 2513 3390 2581 Deo,
3425 2514 3468 2569 I.

2259 2584 2387 2639 785.
2417 2579 2545 2648 Ima,
2579 2579 2848 2657 Canopum
2868 2585 3009 2657 dicit,
3040 2579 3478 2657 quemiantipodcs
3506 2588 3665 2644 nostri
3690 2588 3766 2640 ri-

2188 2654 2339 2719 dent;
2368 2656 2624 2719 infernum
2650 2655 2825 2706 dicunt
2850 2655 3156 2723 aliquiesse,
3188 2656 3230 2711 1.

2259 2726 2383 2781 789.
2410 2726 2680 2795 Pictaque,
2713 2724 3013 2795 imaginata,
3048 2725 3088 2779 Ι.

1849 2889 2218 2947 COMMENTA
2228 2888 2399 2945 RIUS.

567 2990 691 3047 769.
746 2988 913 3045 Aldus
951 2988 1243 3044 excuderet
1273 2985 1503 3040 convicto
1525 2985 1716 3054 fetere:
1749 2984 1800 3038 in
1826 2984 2078 3054 emenda-

496 3062 734 3116 tionibus
760 3060 998 3115 correxit
1027 3061 1302 3129 conjuncta
1316 3058 1477 3129 fatere
1504 3053 1643 3129 novo
1667 3070 1872 3111 errore.
1904 3053 2078 3124 Virgi-

492 3132 617 3197 lius,
649 3133 828 3197 Iib.vt,
855 3130 950 3185 Cui
975 3125 1173 3184 tantum
1198 3129 1261 3181 de
1289 3125 1335 3183 te
1356 3125 1539 3197 licuit?

563 3158 617 3197 ἰδ’
650 3158 738 3187 ΙΙυο
758 3158 828 3197 Vl,
855 3158 949 3185 υυῑ
975 3158 1173 3184 tantum
1198 3158 1260 3181 uc
1289 3158 1333 3183 ιε
1356 3158 1494 3180 "puts
1515 3158 1529 3180 .’
1951 3158 1975 3166 ’-

563 3204 689 3256 Ἰῖυ.
718 3201 937 3267 Weitz.,
968 3200 1140 3266 Sich.,
1165 3199 1321 3266 Man,
1357 3194 1546 3266 Prag.,
1576 3209 1683 3267 esse
1700 3194 1863 3249 Deum
1889 3196 2074 3265 solum,
2105 3192 2150 3257 C

491 3273 899 3346 qui.rAIii,_essc
948 3271 1133 3346 Deum,
1166 3268 1442 3346 solus_qui.
1475 3266 2077 3346 [ineptissitt_ia_est_cor-

492 3336 661 3397 rectio
716 3336 895 3396 addita
952 3336 1355 3405 Ratisboncnsi,
1397 3336 1769 3404 erasa’priori
1820 3336 2075 3401 lectione,

494 3411 622 3466 Esse
650 3413 832 3474 Deum,
884 3412 970 3480 qui
999 3428 1078 3465 me
1108 3410 1196 3463 tibi
1224 3410 1454 3480 prwripil
1501 3422 1652 3476 unus,
1697 3406 1894 3473 Iesum,
1929 3409 2076 3477 quasi

491 3482 648 3536 aliter
670 3498 775 3536 non
797 3491 1069 3535 constaret
1096 3494 1335 3535 carmen.

563 3552 689 3606 772.
745 3550 897 3605 Utere
945 3561 1078 3603 sorte
1122 3560 1230 3613 tua,
1260 3544 1625 3616 Virgiliuslib.
1655 3561 1748 3612 xtl,
1779 3560 1923 3600 vers.
1947 3546 2073 3603 952.

492 3621 613 3675 Vat.
646 3623 714 3686 A,
743 3619 1063 3686 blasphemas
1090 3628 1233 3672 nocte
1247 3619 1434 3672 tenenti
1455 3626 1720 3687 perpetua.
1746 3616 1894 3682 Ald.,
1932 3616 2071 3672 Valt.

488 3691 554 3756 Β,
586 3692 652 3759 ρ.
684 3691 837 3754 Man,
859 3690 1003 3757 Rat.,
1026 3689 1509 3759 blasphemisnocle
1523 3687 1753 3759 tenendis
1782 3697 2076 3759 perpetuam

491 3757 687 3831 plebem
714 3764 997 3831 justorum.
1032 3757 1144 3813 Hoc
1194 3758 1436 3831 sequitur
1463 3757 1722 3831 W_eitzius
1762 3759 1831 3811 ita
1873 3757 2075 3831 distin-

529 3846 677 3898 uens,
714 3827 873 3886 Utere
929 3840 1065 3885 sorte
1117 3839 1227 3900 tua
1259 3827 1564 3900 blasphemis
1615 3836 1763 3900 nocte
1803 3829 2073 3900 tenendis!

543 3897 1381 3983 crpetuamnplebem.‘lweitzius
1419 3897 1662 3983 agnoscit
1702 3897 1923 3983 probam
1955 3913 2074 3983 esse

489 3969 773 4028 lectionrm
805 3969 1022 4026 Giseliui
1044 3970 1351 4039 blasphemis
1382 3978 1523 4022 nocte
1553 3969 1781 4039 tenendis
1794 3978 2071 4039 perpetua;

490 4041 587 4098 sed
612 4045 706 4110 ait,
732 4042 987 4112 refragari
1016 4037 1166 4104 ΑΜ..
1201 4039 1384 4112 Fabia.
1407 4041 1583 4112 Egm.,
1604 4037 1806 4112 Widm.
1833 4038 1886 4091 In
1914 4040 2069 4112 Egtll.

491 4121 548 4167 et
577 4112 713 4179 PaL,
766 4109 905 4167 necte
958 4112 1188 4166 tenentis.
1242 4110 1491 4164 Heinsius
1519 4109 1619 4164 huc
1671 4110 1787 4164 loco
1816 4111 2065 4177 cessavit,

490 4182 786 4237 Giselinum
817 4191 1056 4245 secutus,
1088 4194 1151 4235 ac
1179 4179 1309 4234 nihil
1353 4190 1563 4233 notans.
1623 4179 1746 4233 Mihi
1780 4180 1951 4248 placet
1997 4181 2070 4234 lt:-

485 4254 596 4306 ctio
608 4252 807 4317 Vat.A,
836 4253 1153 4319 blasphemas
1180 4262 1323 4303 nocte
1354 4250 1544 4319 tenenti
1568 4248 1847 4318 Perpetua,
1878 4250 2069 4319 plebem

480 4320 737 4389 juslorum
754 4332 901 4393 capta
914 4318 1120 4377 resolve.
1151 4320 1256 4376 Sed
1286 4334 1393 4374 non
1423 4318 1670 4388 diSpIicet
1694 4322 1847 4374 lectio
1871 4318 1983 4375 Gis.
2015 4330 2070 4376 et

487 4394 666 4459 Prag.,
688 4408 844 4461 quam
868 4407 1082 4461 sequor.

558 4458 683 4518 777.
707 4458 868 4530 Man,
891 4458 1166 4529 animavit;
1189 4469 1245 4518 et
1271 4475 1371 4531 pro
1398 4459 1505 4515 div.
1530 4458 1678 4525 lecL,
1720 4459 1907 4513 anima:
1944 4462 2064 4527 vim,

484 4548 605 4603 qua:
632 4533 966 4603 praeferenda
993 4541 1097 4587 est.

484 4671 671 4728 Patres
700 4674 803 4729 hoc
823 4671 1170 4728 'vocabulum
1214 4672 1578 4743 assumptionis
1606 4671 1901 4743 praesertim
1934 4684 2055 4725 cum

483 4752 735 4799 concreto
762 4745 913 4797 homo
945 4744 1227 4799 noluerunt
1251 4739 1531 4811 usurpare,
1554 4741 1705 4809 Quasi
1739 4739 1788 4794 id
1815 4740 2058 4795 Nestorto

484 4812 705 4867 faveret.
740 4813 840 4867 Alii
865 4814 991 4868 illud
1014 4815 1394 4869 adhibuerunt.
1429 4813 1755 4880 Augustinus
1795 4811 1885 4865 lih.
1914 4827 1962 4864 ιι
1990 4812 2058 4867 de

481 4882 641 4935 Civil.
675 4881 792 4945 Dei,
837 4897 956 4951 cap.
1010 4885 1066 4951 2,
1118 4884 1326 4936 homine
1364 4893 1645 4951 assumpto,
1679 4897 1778 4934 non
1805 4881 1908 4934 Deo
1931 4898 2056 4935 cort-

481 4961 707 5022 sumpto.
729 4952 858 5006 Vide
885 4953 1065 5022 plures
1087 4954 1225 5020 apud
1254 4954 1549 5019 Patavium,
1572 4961 1701 5005 tom.
1729 4951 1976 5022 IV,7part.
2006 4955 2058 5016 1,

480 5024 575 5077 lib.
601 5021 637 5079 ll
661 5022 728 5077 de
761 5021 1026 5077 Incarnat.
1052 5039 1170 5091 cap.
1200 5026 1249 5092 l,
1283 5033 1338 5078 et
1366 5023 1552 5077 Patres
1578 5021 1791 5076 concilii
1822 5021 2063 5077 Toletani

479 5111 530 5148 tv
560 5105 613 5148 et
643 5111 714 5159 VI,
752 5104 807 5147 ut
835 5093 968 5147 alios
996 5094 1323 5149 recentiores
1346 5097 1610 5148 omittam.

550 5166 675 5219 781.
703 5164 813 5219 lloc
843 5163 963 5218 loco
991 5165 1203 5234 abyssus
1226 5163 1486 5233 accipitur
1504 5161 1739 5234 prosede
1763 5162 2061 5234 animarum

479 5245 600 5303 post
625 5235 849 5289 obitum.
887 5235 997 5289 Vos
1024 5232 1386 5291 ecclesiastica
1408 5243 1489 5287 est
1521 5246 1614 5297 pro
1660 5232 1864 5286 inferis.
1890 5232 2051 5286 Isido-

477 5321 569 5360 rus
598 5305 691 5361 lib.
718 5321 815 5359 sui
848 5305 1048 5375 Etym.,
1073 5321 1192 5375 cap.
1217 5304 1286 5358 20
1311 5306 1384 5358 ait
1408 5302 1695 5375 :Abyssus,
1728 5304 2050 5375 profunditas

476 5391 726 5445 aquarum
752 5374 1166 5441 impenetrabilis,
1201 5380 1302 5430 sive
1330 5374 1583 5445 spelunca:
1609 5388 1860 5445 aquarum
1884 5374 2049 5426 laten-

477 5443 622 5517 tium.
674 5446 732 5501 S.
770 5445 1121 5517 Hieronymus
1173 5451 1251 5517 in,
1281 5443 1482 5517 EcCles.
1514 5458 1581 5517 ιλεΔ
1609 5443 1755 5496 Ilanc
1793 5446 2051 5517 matricem

476 5516 713 5585 abyssum
746 5513 997 5567 tartarum
1025 5528 1167 5570 vocat
1215 5516 1368 5570 Plato
1422 5516 1472 5568 in
1514 5513 1796 5570 Pthone.
1836 5514 2051 5567 Troilus

478 5587 704 5653 explicat
731 5587 973 5655 abyssum
1007 5587 1075 5640 de
1109 5587 1250 5641 cmlo
1280 5601 1400 5641 cum
1425 5585 1622 5654 glussa.
1655 5585 1764 5653 Ego
1787 5586 2047 5654 intelligo,

475 5669 664 5720 corpus
690 5670 721 5709 e
749 5654 971 5715 tumulo,
1002 5656 1230 5708 animatn
1263 5673 1324 5710 ex
1355 5657 1549 5723 abysso
1579 5654 1806 5708 extrahi.

549 5725 669 5777 782.
720 5726 867 5790 ΑΜ..
912 5726 1078 5794 Man,
1126 5725 1245 5780 llat.
1292 5737 1345 5780 ct
1398 5724 1883 5836 codditeiusiaui
1930 5740 2100 5797 cum.

555 4568 1213 4675 ἧὸἶ“ἵῗᾶξ.’ξ“α’ὶεῖῗιῖἱρεει.
1246 4602 1374 4666 Alii,
1414 4602 1647 4675 assumit.
1672 4599 1923 4675 Nonnulli
1955 4600 2053 4656 ss.
2092 4568 2143 4628 D

2189 2983 2382 3037 Wcitz.
2415 2993 2471 3039 et
2514 2983 2635 3039 aliis
2664 2984 2805 3054 vulg.
2837 2983 3037 3039 habent
3062 2982 3204 3039 hunc
3231 2984 3440 3040 titulum
3476 2985 3551 3040 De
3581 2999 3772 3041 natura

2184 3056 2391 3121 anima’,
2423 3069 2580 3128 quem
2614 3057 2981 3128 auferendum
3014 3070 3135 3111 esse
3167 3067 3314 3125 putat
3343 3058 3612 3120 lleinsius,
3642 3062 3769 3128 quia

2187 3134 2236 3177 et
2256 3126 2541 3195 sequentia
2563 3124 2629 3178 ad
2655 3126 3070 3195 disputationem
3101 3124 3285 3181 contra
3320 3124 3768 3187 llomuncionilas

2184 3193 2372 3249 referri
2400 3209 2495 3264 par
2517 3204 2617 3249 est.
2649 3193 2762 3251 Gis.
2780 3197 2843 3249 ad
2870 3212 3040 3263 oram,
3063 3198 3259 3250 Anima:
3282 3210 3486 3252 natura.
3518 3199 3575 3253 In
3608 3200 3767 3257 Alex.

2182 3274 2237 3320 et
2288 3265 2408 3319 aliis
2436 3276 2610 3320 exstat
2652 3268 2792 3322 idem
2827 3267 3011 3320 titulus
3042 3268 3114 3320 De
3163 3280 3346 3321 natura
3387 3270 3598 3321 animat.
3638 3270 3769 3327 Vide

2182 3345 2295 3389 not.
2354 3350 2470 3403 seq.
2513 3346 2568 3391 et
2619 3352 2738 3406 quae,
2784 3352 2943 3406 supra
2974 3337 3039 3390 ad
3072 3351 3210 3391 vers.
3245 3339 3348 3393 118
3377 3339 3656 3393 admonui.
3691 3342 3768 3397 De

2178 3420 2312 3461 voce
2351 3407 2650 3461 dissertator
2688 3406 2794 3461 dixi
2827 3422 2966 3461 vers.
2998 3408 3067 3461 ‘28
3092 3407 3295 3475 praefat.
3318 3410 3375 3462 2.

2252 3476 2374 3531 785.
2401 3475 2723 3531 Prudentius
2746 3493 2889 3546 SthP.
2917 3479 2992 3531 ait
3010 3478 3242 3531 animam
3258 3493 3381 3534 esse
3408 3494 3437 3532 a
3469 3478 3580 3534 Deo
3606 3479 3767 3536 ﬂante

2180 3545 2511 3615 inspiratam,
2566 3551 2677 3601 oris
2713 3545 2873 3601 divini
2906 3563 3026 3603 esse
3049 3564 3206 3617 Opus,
3237 3559 3291 3603 et
3322 3549 3542 3611 similia,
3578 3560 3638 3603 ut
3684 3552 3766 3603 ia-

2182 3628 2310 3671 nuat
2361 3632 2481 3672 esse
2513 3618 2866 3688 Spiritualem,
2897 3634 3016 3671 nam
3050 3619 3267 3684 Spiritus
3296 3627 3349 3673 et
3379 3620 3536 3673 tlatus
3573 3622 3763 3675 eadem

2178 3698 2302 3758 sunt
2336 3687 2739 3757 significatione.
2769 3687 2964 3742 Contra
2995 3690 3188 3743 asserit
3228 3704 3421 3758 corpus
3459 3690 3645 3758 digitis
3669 3692 3765 3747 Dei

2181 3756 2401 3823 factum,
2436 3768 2493 3811 ut
2520 3768 2730 3813 constet
2761 3775 2824 3814 ex
2858 3760 3077 3813 materia
3110 3756 3374 3815 existente
3414 3756 3762 3827 productum,

2176 3842 2284 3879 non
2312 3829 2488 3882 denuo
2516 3838 2777 3883 creatum.
2814 3830 2962 3883 Nunc
2990 3846 3119 3899 ergo
3142 3830 3295 3885 diluit
3324 3841 3641 3899 argumenta
3666 3834 3765 3884 ad-

2182 3900 2561 3969 versariorum,
2611 3899 2702 3969 qui
2731 3899 2946 3953 aiebant
2977 3900 3090 3954 lieri
3142 3915 3247 3954 non
3276 3914 3436 3967 posse
3484 3909 3543 3954 ut
3581 3903 3764 3955 attima

2175 3968 2468 4039 spiritualis
2499 3980 2550 4024 et
2581 3970 2898 4038 incorporea
2936 3971 3108 4039 pmnis
3134 3970 3359 4026 infernis
3392 3980 3760 4038 torqueretur.

2178 4037 2325 4093 Ilanc
2370 4041 2719 4107 quaestionem
2741 4037 2953 4108 agitant
2973 4040 3029 4095 S.
3061 4042 3388 4109 Augustinus
3415 4037 3618 4109 aliique
3650 4040 3756 4095 Pa-

2177 4116 2287 4163 tres
2311 4118 2366 4162 et
2405 4111 2658 4180 theologi.
2694 4110 3016 4165 Prudentius
3050 4112 3324 4180 d:sputare
3372 4110 3587 4165 videtur
3632 4127 3761 4166 con-

2177 4188 2253 4249 tra
2285 4182 2573 4248 gnosdcos,
2620 4182 2708 4249 qui
2740 4183 2971 4234 animam
3003 4194 3205 4249 partem
3237 4182 3331 4235 Dei
3356 4196 3484 4235 esse
3519 4181 3759 4235 afﬁrma-

2176 4247 2331 4314 bant;
2358 4250 2599 4319 adeoque
2627 4247 2732 4304 non
2766 4252 2905 4306 male
2932 4247 3180 4304 diversus
3204 4253 3391 4305 titulus
3422 4252 3714 4306 adhibetur
3741 4270 3755 4305 :

2174 4333 2297 4375 nam
2329 4320 2857 4375 llumuncionitarum
2883 4322 3018 4375 alius
3044 4329 3160 4376 erat
3188 4337 3360 4375 error.

2245 4389 2369 4445 784.
2407 4390 2623 4457 Wcitz.,
2657 4389 2794 4455 Gis.,
2837 4390 2953 4444 Val.
2992 4392 3048 4455 Β,
3083 4391 3239 4454 Man,
3275 4391 3455 4459 Prag.,
3491 4390 3642 4453 Rat.,
3674 4403 3753 4444 at-

2171 4475 2283 4526 que.
2314 4462 2457 4525 Ald.,
2484 4463 2634 4529 Egm.
2656 4464 2793 4528 I’al.,
2819 4471 2871 4516 et
2896 4465 3089 4516 vetusti
3123 4460 3397 4516 lleinsiaui
3420 4478 3541 4516 cuni
3572 4465 3754 4527 Alex.,

2175 4529 2325 4591 Urh.,
2355 4532 2473 4585 Vat.
2504 4535 2569 4597 ρ,
2601 4542 2772 4600 utque.

2239 4602 2361 4656 786.
2378 4602 2645 4656 Giselinus
2674 4603 2755 4655 his
2779 4602 2917 4656 duoh
2933 4616 2995 4656 us
3016 4601 3259 4658 versibus
3287 4611 3370 4657 ter
3390 4602 3572 4671 posuit
3598 4602 3747 4656 credo

2164 4684 2259 4739 pro
2281 4673 2428 4727 crede
2455 4686 2750 4740 perperam.

2235 4741 2357 4795 791.
2391 4744 2541 4809 Quod
2575 4743 2643 4795 ait
2674 4742 2933 4812 grneratio
2959 4759 3061 4795 non
3090 4751 3185 4808 est,
3236 4740 3485 4812 intelligit
3512 4743 3747 4798 animum

2162 4824 2267 4864 non
2296 4826 2417 4867 esse
2445 4812 2609 4866 ﬁlium
2641 4812 2753 4867 Dei.

2237 4883 2363 4938 795.
2392 4882 2532 4937 Editi
2561 4892 2685 4937 ante
2742 4881 3037 4946 IIcinsium,
3098 4879 3271 4935 Filius
3317 4883 3548 4950 emicuit,
3604 4898 3747 4936 retas

2171 4949 2305 5007 Deus
2327 4954 2434 5019 ille,
2469 4954 2558 5006 sed
2603 4954 2759 5007 istud.
2796 4953 2849 5005 In
2883 4953 3042 5007 Alex.
3072 4966 3376 5020 perperam,
3416 4969 3565 5006 verus
3606 4969 3748 5005 verus

2170 5022 2308 5077 Deus
2328 5023 2436 5089 ille,
2453 5026 2542 5077 sed
2572 5024 2727 5076 istud.
2762 5023 3008 5077 llcinsins
3039 5037 3157 5075 cum
3185 5024 3300 5076 Put.
3329 5034 3384 5074 et
3410 5023 3647 5086 'I'huan.,
3669 5040 3755 5074 se-

2168 5109 2276 5156 rus,
2310 5110 2453 5146 verus
2489 5094 2622 5146 Deus
2654 5095 2756 5148 ille.
2786 5093 3043 5148 Collatum
3071 5101 3169 5150 est.
3193 5104 3298 5147 etc.
3318 5092 3540 5147 Tcolius
3571 5093 3749 5158 sequi-

2171 5170 2256 5216 tur
2289 5164 2585 5228 Ileinsinm,
2614 5175 2665 5217 et
2701 5179 2860 5216 unum
2894 5174 3093 5216 tantum
3123 5161 3238 5215 Vat.
3271 5163 3465 5231 allegat
3499 5177 3594 5229 pro
3644 5164 3750 5213 alia

2168 5232 2421 5288 lectione.
2448 5233 2552 5289 Sed
2588 5234 2637 5287 in
2668 5234 2797 5287 Mar.
2835 5243 2888 5289 et
2916 5232 3111 5286 nostris
3136 5233 3276 5300 aliis,
3310 5242 3367 5287 ut
3401 5233 3453 5287 in
3485 5233 3611 5287 edd.
3654 5248 3758 5283 an-

2157 5305 2340 5369 tiquis.

2233 5373 2359 5429 791.
2390 5374 2447 5427 ln
2480 5373 2774 5437 exemplari
2804 5372 2945 5434 Aldi,
2972 5371 3111 5439 quod
3138 5381 3313 5426 exstat
3340 5374 3390 5425 in
3422 5370 3748 5426 biblimln‘ca

2158 5444 2466 5511 Sapientiae,
2494 5452 2577 5499 est
2606 5455 2726 5497 nota
2751 5458 2873 5499 tus..
2905 5440 3197 5509 Con/lutum
3224 5452 3294 5495 est
3318 5445 3526 5510 animm,
3554 5443 3747 5494 schicct

2157 5516 2492 5584 spiraculum.
2526 5516 2628 5584 Sed
2658 5529 2779 5567 vera
2814 5514 2968 5584 lectio
2990 5514 3252 5584 collatum.

2231 5586 2354 5639 795.
2388 5586 2531 5649 IUL,
2559 5583 2778 5645 Wettz.,
2811 5583 3001 5650 Ilong.,
3033 5581 3170 5643 Gis.,
3200 5581 3363 5637 Patri.
3402 5580 3648 5649 Plerique
3686 5590 3747 5635 et

2163 5656 2501 5719 vetustiores,
2542 5655 2727 5707 Patris.
2755 5655 2915 5724 Bung.
2930 5694 2942 5718 ,
2968 5654 3019 5706 in
3037 5654 3143 5723 ipso
3157 5662 3250 5722 est,
3271 5654 3413 5725 quod
3427 5666 3548 5707 cum
3576 5653 3744 5706 Tom.

2160 5726 2379 5781 retinuit
2411 5726 2740 5780 Gallandins.
