4120 6196
331 345 433 401 089

1535 556 1734 629 [gatum
1758 568 1841 613 est

1152 665 1165 700 :
1212 660 1334 701 nam
1375 648 1612 713 condita,
1648 658 1699 703 et
1748 660 1900 705 aucta

1529 737 1827 810 [probatura

495 833 693 902 Collige
711 832 777 888 de
798 831 975 896 simili,
1002 831 1139 886 sitne
1155 830 1269 886 lucc
1286 829 1484 885 factura
1512 849 1525 884 :
1549 833 1749 886 creavit

496 926 697 993 Nempe
711 939 896 978 manus
922 924 1129 977 Domini
1148 938 1341 991 corpus
1359 925 1607 987 mortale,
1625 924 1900 992 lutumque

495 1015 804 1083 Composuit
831 1014 1007 1083 digitis
1040 1030 1053 1066 :
1090 1012 1326 1081 nunquid
1360 1028 1547 1067 manus
1578 1013 1895 1067 articulatim

495 1107 587 1161 Est
639 1105 843 1173 digesta
902 1104 1297 1173 Deiinunquid
1338 1104 1490 1159 vola?
1552 1104 1788 1173 nunquid
1845 1114 1901 1159 et

1605 1194 1829 1266 [ungues

490 1286 652 1357 476
680 1283 940 1341 Clauderc
968 1285 1265 1342 flexibiles?
1289 1286 1521 1356 patulam
1559 1302 1651 1341 seu
1678 1285 1895 1341 tendere

1539 1378 1824 1450 [μαιωτιιῖ

496 1469 600 1524 Ista
623 1468 787 1540 figura
816 1483 1003 1524 manus
1029 1477 1226 1524 nostra:
1266 1479 1368 1535 est,
1397 1485 1554 1539 quam
1602 1485 1704 1522 non
1737 1467 1897 1523 habet

1661 1560 1740 1632 [in
1766 1575 1825 1615 se

496 1652 989 1723 [incircumscriptus
1019 1654 1271 1710 Dominus
1305 1653 1438 1711 :sed
1480 1653 1671 1709 tradita
1726 1654 1891 1708 forma

1692 1742 1817 1815 [est,

488 1835 743 1890 Humanis
758 1850 874 1904 qua:
899 1844 1021 1889 nota
1049 1834 1241 1888 animis
1256 1833 1407 1889 daret
1432 1833 1780 1889 intellectum.

493 1928 559 1984 Ut
586 1944 679 1998 per
707 1942 1015 1996 corpoream
1053 1928 1286 1995 speciem
1342 1927 1633 1996 plasmasse
1691 1927 1891 1982 feratur

486 2019 739 2087 Corporis
760 2018 985 2089 efﬁgiem
1020 2035 1033 2072 :
1063 2018 1141 2073 sic
1162 2028 1241 2074 est
1271 2019 1533 2087 plasmata
1557 2019 1788 2074 vicissim

488 2109 642 2163 Flatu
667 2110 983 2178 incorporeo
1013 2124 1098 2165 res
1126 2108 1461 2175 ﬂabilis,oris
1481 2117 1536 2165 et
1564 2125 1685 2165 esse

498 650 709 717 Omnia,
762 648 961 703 factura
1017 655 1099 703 est

318 1108 420 1162 8in

313 1929 419 1984 863

1711 356 1933 413 APOTII
1944 359 2147 415 EOSIS.

328 465 431 519 855
502 463 640 531 lam,
670 462 752 519 cui
780 470 959 518 certus
990 464 1129 520 inest
1158 464 1365 531 modus,
1414 472 1468 520 et
1484 465 1567 520 cui
1612 480 1771 523 nosse
1800 484 1895 524 ne-
1923 477 1977 534 Α

3474 379 3577 435 090

2182 473 2369 528 Fertur
2397 487 2549 543 opus,
2575 478 2749 531 tenuis
2772 493 2865 547 per
2881 480 3019 549 quod
3032 491 3331 539 conSIructa
3373 490 3581 546 refulsit

2181 566 2368 620 Forma
2399 566 2610 633 animae,
2640 577 2800 637 atque
2849 571 2964 624 rudi
3013 571 3201 629 factam
3254 590 3313 631 se
3360 594 3580 637 munere

3300 666 3505 737 [sensit.

2181 747 2234 803 Si
2264 765 2367 803 non
2398 756 2479 803 est
2498 749 2700 805 factura
2728 767 2914 808 manus
2937 769 3062 810 caro
3120 766 3324 825 nostra,
3353 777 3449 815 nec
3470 764 3580 818 oris

2180 840 2274 893 Est
2296 839 2495 893 factura
2524 840 2721 907 anima,
2774 844 2921 909 ﬂatu,
2956 856 3008 899 et
3064 849 3352 915 spiramine
3383 864 3577 921 coepti,

2173 930 2336 1000 luque
2359 931 2530 985 locum
2574 931 2797 987 deducta
2829 935 3094 1005 aliquem;
3148 955 3375 1010 namque
3397 958 3575 1010 omne,

3188 1030 3348 1100 [quod
3379 1032 3505 1086 hora

2174 1112 2375 1167 Natalis
2404 1115 2626 1181 profert,
2656 1116 2803 1171 locus
2852 1120 3065 1188 accipit,
3124 1130 3177 1177 et
3232 1124 3378 1179 locus
3439 1127 3578 1180 ullus

2176 1205 2323 1270 Quod
2372 1206 2626 1261 cohibere
2680 1218 2875 1277 potest,
2921 1212 3185 1267 modicum
3235 1224 3336 1279 est,
3383 1231 3483 1271 nec
3526 1218 3577 1272 in

3077 1302 3277 1374 [omnia
3307 1306 3502 1361 fusum.

2180 1384 2244 1440 Et
2294 1385 2434 1454 quod
2466 1394 2571 1441 tam
2622 1389 2887 1444 modicum
2936 1401 3037 1459 est,
3083 1404 3138 1448 ut
3162 1405 3303 1450 certa
3334 1399 3459 1454 sede
3501 1402 3577 1453 lo-

3305 1486 3502 1558 [cetur,

2178 1565 2292 1620 Jam
2322 1566 2551 1622 titubare
2570 1576 2781 1635 potest;
2814 1580 2867 1624 et
2891 1573 3031 1640 quod
3080 1574 3404 1642 titubaverit,
3439 1581 3576 1637 intra

2179 1656 2427 1709 Naturam
2457 1656 2569 1711 vitii
2599 1667 2710 1723 est;
2735 1660 2982 1715 vitiosum
3033 1663 3263 1734 denique
3294 1670 3495 1725 tristem

2172 1745 2331 1818 477
2364 1748 2570 1803 θεοῖἀίῑ
2618 1750 2669 1803 in
2720 1766 2961 1820 plenam;
2994 1755 3132 1809 Deus
3160 1758 3280 1823 hoc,
3312 1760 3439 1815 mihi
3463 1778 3579 1818 ere-

3092 1842 3241 1914 [dite,
3266 1862 3369 1901 non
3401 1859 3502 1903 est.

2175 1926 2301 1991 Aut,
2332 1925 2376 1979 si
2398 1926 2649 1995 maiestas
2678 1928 2853 1983 anima
2884 1939 2986 1995 εει,
3029 1934 3294 1990 ostendite
3320 1939 3445 2006 quid
3474 1941 3576 2001 sit,

2000 2015 2106 2073 880
2178 2018 2329 2081 Quod
2376 2017 2601 2086 lapsam,
2642 2017 2941 2097 Christique
2987 2021 3198 2093 inopem
3255 2041 3387 2081 nova
3410 2032 3576 2098 gratia

3242 2115 3505 2187 [mundat,

2006 748 2108 803 870

1997 1382 2103 1438 875

1620 2198 1907 2256 CLOSSJB
1947 2197 2284 2253 VETERES.

382 2288 507 2344 835.
538 2288 633 2342 Cui
660 2303 839 2352 nosse,
863 2288 949 2351 qui
961 2303 1112 2341 sensu
1139 2287 1283 2341 hebes
1305 2297 1398 2349 est,
1423 2288 1479 2341 id
1500 2295 1592 2351 est,
1608 2290 1725 2357 quia
1748 2292 1891 2343 nulla

312 2369 475 2425 potest
498 2370 730 2413 creatura
758 2357 1039 2428 intelligere
1066 2374 1263 2412 onmem
1282 2360 1601 2427 sapientiam,
1634 2360 1732 2412 nisi
1752 2361 1891 2415 solus

319 2430 479 2493 Deus,
512 2430 551 2482 I.

386 2500 510 2554 856.
542 2499 787 2561 Factura,
817 2497 931 2559 Dei,
966 2498 1007 2551 1.

384 2571 511 2624 857.
538 2569 758 2638 Collige,
786 2567 1106 2637 intellige.—
1128 2567 1203 2622 De
1230 2566 1411 2635 simili,
1440 2568 1727 2624 ratione.—
1740 2568 1890 2624 Sitne

310 2638 424 2695 [nec
456 2639 677 2703 factura,
704 2649 873 2692 utrum
895 2639 961 2691 sit
982 2639 1089 2692 hac
1109 2640 1329 2707 factura,
1371 2656 1439 2691 an
1476 2641 1613 2692 non?
1634 2651 1887 2705 creatura,

307 2729 372 2763 an
399 2712 633 2764 creator?
656 2712 695 2764 Ι.

380 2782 507 2836 858.
532 2780 733 2845 Manus,
761 2796 942 2834 manus
958 2787 1060 2834 tua:
1080 2780 1303 2850 fecerunt
1326 2793 1422 2843 me,
1447 2786 1493 2830 et
1508 2779 1888 2847 plasmaverunt

305 2868 406 2915 me,
439 2852 475 2905 Ι.

375 2921 501 2976 860.
536 2918 771 2989 Digesta,
794 2922 1050 2975 ordinata.
1078 2951 1150 2962 —
1175 2919 1327 2985 Vola,
1370 2917 1611 2989 medietas
1660 2918 1843 2987 palmte
1871 2935 1890 2974 :

302 2992 423 3045 inde
450 2988 674 3044 involare
688 2992 924 3057 dicimus,
952 2993 1075 3061 quia
1102 2990 1350 3060 quidquid
1372 2988 1673 3055 involamus,
1697 2991 1751 3042 in
1772 2990 1889 3059 pal-

302 3078 387 3115 m2
410 3062 752 3124 recondimus,
782 3078 897 3132 qua:
927 3063 1100 3115 Greece
1127 3076 1338 3132 TllENAlt
1366 3061 1572 3132 dicitur,
1602 3061 1640 3112 Ι.

373 3132 497 3186 861.
521 3127 804 3197 Claudere,
835 3132 1123 3185 claudebat.
1177 3159 1249 3169 —
1272 3129 1533 3194 Tendere,
1564 3127 1814 3193 tendebat,
1844 3128 1883 3181 Ι.

373 3202 499 3256 865.
542 3201 1053 3269 lncirCumscriptus,
1079 3200 1333 3269 inlocalis,
1372 3198 1411 3253 I.

372 3273 501 3326 805.
529 3272 795 3340 Speciem,
821 3272 1062 3340 ﬁguram,
1098 3271 1135 3324 Ι.

372 3341 498 3396 867.
549 3338 721 3405 Flatu,
771 3338 1039 3412 insit/ﬂavit
1086 3342 1137 3395 in
1183 3340 1362 3409 faciem
1404 3340 1515 3409 ejus
1570 3338 1885 3412 spirac_alum

295 3414 450 3478 vitae,
475 3412 621 3483 quasi
649 3427 735 3465 ore
756 3410 1133 3467 Deus‘animam
1162 3412 1461 3481 ittsuﬁlasset
1495 3412 1708 3474 homini,
1734 3410 1772 3463 Ι.

2070 2288 2191 2343 870.
2226 2287 2279 2360 Si
2311 2301 2413 2360 non
2446 2296 2545 2354 est,
2576 2296 2705 2355 etc.,
2750 2296 3101 2360 consequentia
3135 2296 3233 2349 ista
3286 2299 3360 2350 sic
3400 2302 3575 2353 meliul

1998 2360 2203 2433 legitur,
2222 2358 2269 2433 _si
2293 2358 2357 2433 de
2388 2361 2701 2433 antecedenti
2736 2362 2824 2429 ﬁat
2855 2358 3159 2433 consequens
3189 2366 3284 2419 hoc
3315 2370 3505 2423 modo:
3532 2373 3575 2424 si

1997 2431 2191 2507 animo,
2215 2428 2497 2497 inspirante
2519 2428 2623 2482 Deo
2664 2428 2819 2507 facta,
2851 2448 2949 2485 non
2979 2428 3049 2485 est
3076 2437 3275 2502 factura
3298 2439 3399 2490 oris
3447 2441 3576 2507 [lan—

1998 2501 2061 2551 tis
2087 2497 2199 2579 Dei,
2245 2514 2404 2591 neque
2423 2513 2543 2552 caro
2566 2497 2736 2553 nostra
2760 2506 2959 2591 factura
3011 2497 3101 2591 est"
3131 2522 3311 2585 manus
3342 2497 3577 2591 Deilfor-

1997 2570 2205 2646 mantis.
2241 2568 2345 2623 Sed
2371 2580 2684 2646 cttronostra
2713 2568 3005 2646 estfactum
3049 2573 3153 2646 ﬂei
3196 2591 3395 2628 manus.
3438 2568 3573 2646 Ergo

1997 2647 2043 2692 et
2064 2641 2233 2691 anima
2257 2649 2429 2691 nostra
2450 2650 2518 2691 est
2544 2642 2743 2707 factura
2772 2641 2862 2693 Dei
2891 2644 3013 2696 oris.
3046 2642 3111 2698 Ut
3138 2645 3202 2698 sit
3230 2644 3370 2699 locus
3390 2647 3459 2700 ad
3488 2641 3573 2699 tle-

1996 2708 2283 2781 dttct‘ionem
2313 2710 2677 2781 consequentis,
2706 2710 2860 2781 Prag.

2068 2779 2194 2833 871.
2224 2779 2437 2847 Cmpta,
2467 2779 2728 2844 inchoata,
2760 2780 2800 2833 Ι.

1935 2827 1984 2907 /
2065 2827 2193 2919 sic;
2224 2827 2943 2919 insatiatus;“situm”,
2980 2851 3023 2905 t.

2065 2916 2187 2971 874.
2219 2918 2505 2981 Cohibcre,
2556 2916 2880 2985 claudereJ.

2067 2990 2191 3043 876.
2218 2989 2493 3051 Titttbare,
2520 3005 2709 3051 errare,
2746 2989 2786 3042 l.

2065 3059 2192 3112 877.
2231 3058 2511 3123 Vitiosum,
2551 3059 2756 3123 animat,
2782 3059 2823 3115 Ι.

2062 3128 2186 3182 878.
2214 3127 2441 3190 Decidit,
2494 3130 2651 3193 cadit,
2679 3130 2718 3183 Ι.

1914 3223 1960 3286 C
2218 3198 2483 3286 maiestas,
2509 3197 2624 3281 [ξεί.
2652 3198 2843 3286 Deitas.
2863 3228 2931 3283 -ς
2949 3200 3224 3286 Ostendite
3251 3245 3264 3268 ,
3297 3203 3470 3286 dicite,
3496 3209 3543 3286 _l.

2064 3270 2209 3343 880._
2236 3269 2483 3343 Lapsam,
2528 3270 2580 3323 in
2626 3282 2851 3341 peccata,
2903 3274 2956 3326 in
3002 3269 3546 3343 peccatis.—-Gratia

1994 3336 2047 3392 in
2073 3340 2390 3408 baptismate,
2422 3339 2460 3392 Ι.

1631 3497 2189 3556 COMMENTARIUS.

374 3594 499 3648 855.
532 3593 711 3663 Prag.,
743 3608 849 3649 non
878 3593 1033 3658 bene,
1068 3610 1213 3657 posse
1240 3608 1338 3665 pro
1368 3610 1533 3665 nosse.

379 3666 506 3718 857.
538 3662 675 3719 Vati.
707 3667 842 3731 A,Q,
875 3665 1017 3729 Rat.,
1049 3665 1224 3733 Egm..
1246 3662 1467 3731 'Palm.,
1515 3663 1644 3718 Urb.
1670 3706 1683 3727 ,
1731 3662 1885 3715 dissi-

301 3734 471 3802 milis,
505 3734 713 3789 scilicet
756 3736 957 3805 collige,
988 3736 1270 3805 _dissimilis
1323 3736 1453 3787 sitne
1517 3738 1625 3805 [nec
1668 3733 1887 3805 factura.

302 3804 492 3858 Metius
510 3805 691 3873 collige
713 3805 774 3857 de
792 3803 966 3867 simili,
986 3803 1088 3859 hoc
1111 3814 1193 3859 est
1213 3805 1435 3870 ratione,
1459 3812 1516 3857 ut
1534 3804 1617 3857 lso
1647 3804 1887 3871 exponit.

304 3874 425 3944 Vat.
452 3879 493 3928 Α
519 3884 699 3928 contra
732 3876 983 3929 carminis
1027 3876 1256 3942 regulas,
1300 3876 1475 3944 futura
1528 3888 1622 3944 pro
1670 3874 1887 3940 factura.

304 3942 361 3997 In
396 3944 544 4009 Rat.,
595 3946 809 3998 creanti.
839 3946 895 3999 ln
928 3946 1050 4000 eod.
1092 3947 1210 3998 Itat.
1240 3942 1530 4013 replicatur
1573 3943 1658 3995 hic
1682 3956 1888 4004 versus,

298 4014 435 4067 utin
462 4015 727 4082 plerisque
784 4016 1001 4083 optimis
1029 4018 1316 4077 iuventur,
1376 4023 1427 4067 et
1484 4014 1669 4066 eadem
1705 4026 1887 4063 manu.

299 4083 560 4155 lfitnirum
601 4084 795 4155 Collige
823 4087 1085 4139 dissimilis
1127 4086 1258 4137 sitne
1274 4086 1380 4137 haec
1419 4084 1622 4155 factura
1671 4083 1887 4155 creanti.

301 4153 498 4225 Collige
519 4156 582 4206 de
608 4151 786 4217 simili,
820 4156 951 4208 sitne
976 4156 1083 4208 Ita'c
1114 4159 1335 4224 factura,
1370 4154 1598 4225 creavit;
1629 4160 1691 4225 et
1712 4153 1759 4203 in
1790 4151 1892 4225 hoc

299 4220 537 4277 secundo
565 4239 725 4293 supra
755 4227 939 4279 creavit
967 4220 1123 4279 aliter
1143 4226 1355 4277 creanti.
1374 4223 1547 4287 Alex.,
1574 4222 1754 4290 collige
1783 4220 1891 4293 dis-

299 4294 469 4359 simili,
504 4295 615 4363 lege
632 4290 701 4347 de
722 4296 897 4349 simili.
922 4296 1304 4362 Argumentum
1330 4310 1394 4346 ne
1424 4308 1581 4347 suum
1614 4300 1696 4347 est
1728 4306 1743 4363 ξ
1776 4290 1886 4363 {ic-

300 4374 359 4437 ut
396 4359 590 4437 corpus
630 4366 817 4437 digitis
834 4366 934 4437 Dei
970 4359 1288 4437 (quilamen
1328 4364 1536 4429 proprie
1572 4377 1678 4437 non
1733 4359 1891 4437 habet

299 4429 527 4504 digitos)
550 4429 763 4488 formari
791 4429 1025 4501 dicitur;
1052 4434 1275 4503 ideoque
1302 4437 1499 4501 [actura
1531 4442 1633 4495 est,
1663 4431 1732 4504 ita
1778 4429 1892 4483 ani-

299 4500 411 4567 ma,
446 4500 562 4573 qua:
581 4506 682 4558 oris
712 4506 865 4559 divini
888 4500 1050 4575 fertur
1102 4500 1247 4575 opus,
1279 4500 1392 4573 pari
1446 4505 1654 4558 ratione
1687 4500 1890 4569 [actura

301 4582 407 4628 εει.

373 4644 501 4715 860.
548 4642 603 4698 In
659 4644 949 4715 exemplari
993 4644 1253 4715 editionis
1291 4643 1497 4697 Aldinae
1538 4641 1891 4715 bibliotheca:

301 4711 1033 4784 Sapientiazsciolus'aliquis
1077 4714 1303 4778 monuit,
1348 4730 1440 4781 pro
1466 4712 1580 4766 vola
1610 4711 1888 4784 legendum

301 4777 439 4849 sola,
472 4783 573 4837 hoc
600 4794 701 4850 est,
727 4777 950 4839 terram:
978 4785 1220 4838 lnvolare
1244 4777 1296 4835 a'
1321 4777 1433 4836 vola
1472 4777 1697 4845 dictum,
1748 4777 1890 4850 quod

300 4855 513 4936 aitnlsp,
532 4849 751 4936 tradidit
778 4857 937 4936 etiam
959 4854 1193 4936 lsidorus
1222 4854 1312 4907 lib.
1342 4869 1447 4907 xvtt
1474 4855 1669 4936 E-tym:
1695 4849 1887 4936 capi.
1920 4877 1970 4936 υ

374 4922 504 4976 863.
526 4924 671 4998 _Put.,
704 4926 1250 4998 incircuminscriptus,
1278 4919 1595 4998 ηοω-[ποῶ.
1617 4922 1675 4998 8..
1702 4919 1890 4998 llierp-

300 5009 501 5063 nymus
525 4996 575 5047 in
610 4995 851 5048 Lament.
884 4997 1079 5049 Jerem.
1112 5009 1231 5056 cap.
1262 5009 1315 5047 t:
1371 4992 1601 5045 Membra
1644 4992 1883 5049 hominis,

297 5067 430 5118 sicut
457 5072 506 5116 el
524 5064 737 5130 affectus
764 5066 970 5117 humani
1020 5066 1210 5132 tropice
1255 5063 1359 5117 Deo
1402 5064 1745 5125 ascribuntur,
1790 5073 1890 5109 non

296 5136 534 5206 proprie,
564 5136 682 5201 quia
709 5135 1203 5202 incircumsrriptum
1225 5134 1414 5206 lumen.
1440 5146 1485 5186 et
1508 5135 1756 5206 immensa
1777 5143 1888 5179 ma-

293 5203 473 5280 iestas
498 5205 811 5280 lineamentis
832 5208 1058 5280 corporis
1089 5204 1434 5280 circumscribi
1462 5219 1559 5257 non
1588 5203 1745 5255 novit.

372 5273 503 5327 864.
541 5274 719 5341 Prag.,
746 5275 905 5327 oculis
924 5290 943 5339 ;
964 5274 1141 5327 caueri
1162 5275 1369 5328 animis.

370 5345 501 5399 860.
530 5343 850 5399 Prudentius
891 5344 1101 5397 videtur
1151 5346 1389 5409 accipere
1436 5344 1581 5397 rudis
1613 5357 1707 5413 pro
1734 5360 1886 5409 novo,

299 5415 514 5469 recenti.
547 5414 945 5484 Videhymnum
974 5416 1007 5468 5
1026 5413 1207 5478 Cath.,
1236 5428 1378 5468 vers.
1414 5415 1533 5468 155.

372 5485 503 5539 8⁵11.
532 5485 738 5552 Aliquis
760 5485 882 5538 addi
932 5485 1135 5537 volebat
1160 5493 1208 5536 et
1242 5496 1360 5551 post
1409 5487 1605 5551 anima,
1635 5492 1691 5536 ut
1719 5496 1889 5542 metro

300 5556 635 5611 consulatur.
660 5554 888 5608 Carmen
922 5564 1065 5608 recte
1091 5555 1207 5607 sine
1227 5564 1272 5606 et
1296 5555 1552 5621 procedit.

375 5625 504 5679 875.
538 5623 593 5676 lu
626 5625 755 5679 Mar.
783 5624 987 5679 videtur
1011 5638 1134 5677 esse
1154 5625 1277 5689 quid
1290 5633 1412 5680 tam.

376 5696 503 5749 877.
536 5694 681 5759 Ald.,
714 5696 872 5761 triste,
907 5695 1113 5761 corrige
1144 5695 1352 5747 tristem.

378 5764 505 5821 878.
565 5765 708 5829 Ald.,
764 5765 881 5820 Vat.
926 5766 968 5820 A
1008 5807 1023 5829 ,
1080 5764 1328 5820 meliores
1360 5763 1657 5832 lleiusiani,
1701 5762 1883 5830 Fabr.,

1997 3590 2214 3672 ξῖεξὶιῑ2
2243 3592 2419 3672 Egnn,
2448 3592 2645 3672 Recidit
2670 3596 2721 3649 in
2738 3613 2955 3672 plenam.
2977 3599 3113 3667 Gis.,
3140 3603 3326 3672 Bong..
3348 3605 3548 3660 Widm.

1995 3663 2139 3715 Vatt.
2175 3664 2235 3731 Β,
2266 3664 2507 3742 ρεβεετ,
2544 3663 2937 3742 Ρτθε.,’άρείάὶι
2962 3673 3013 3723 in
3059 3663 3278 3742 plenum:
3318 3663 3481 3736 illam,
3524 3678 3574 3730 in

1992 3749 2192 3801 plenam
2218 3735 2415 3811 recidit.
2448 3734 2564 3811 N_on
2595 3738 2732 3811 male
2759 3742 2937 3811 recidit
2959 3742 3009 3793 in
3032 3734 3251 3811 partam.
3301 3734 3571 3799 Articulus

1993 3818 2049 3855 re
2064 3816 2223 3882 _s:rpe
2282 3802 2590 3882 producitur
2628 3806 3000 3882 jn_rcdu_ccre,
3032 3802 3309 3882 'refugere,
3334 3817 3573 3879 recidere,

1994 3878 2206 3938 referre,
2230 3883 2284 3927 et
2311 3873 2592 3943 similibus.
2628 3871 2759 3929 Vide
2787 3878 3053 3932 Gifaninm
3088 3871 3198 3935 Ind.
3232 3871 3385 3937 Lucr.
3418 3887 3466 3935 in
3498 3871 3573 3943 re:

1994 3951 2046 4020 et
2076 3942 2126 3995 in
2161 3943 2405 4020 recidere,
2432 3942 2691 4020 reducere,
2717 3948 2963 4020 re[ugere.
2997 3950 3174 4014 Alex.,
3206 3953 3359 4020 L‘rb.,
3385 3964 3436 4007 et
3480 3942 3571 4007 alii

1998 4012 2175 4078 legunt
2207 4013 2441 4065 reccidit.
2478 4010 2613 4065 Malo
2639 4010 2849 4071 decidit:

2064 4082 2214 4156 879._
2241 4081 2455 4156 Weitz.,
2490 4085 2807 4156 vetustiores
2839 4087 3131 4150 llcinsiatti,
3166 4086 3275 4143 Gis.
3309 4091 3372 4144 ad
3403 4106 3573 4156 oram,

1993 4150 2149 4274 lbitur”
2182 4151 2328 4273 fiat"
2367 4152 2695 4215 animw;alii
2722 4156 2894 4209 anima
2916 4172 3034 4211 cum
3074 4160 3225 4213 Alex.
3253 4202 3265 4226 ,
3300 4162 3437 4230 quod
3463 4150 3576 4216 me;

2018 4235 2095 4273 tus
2112 4238 2177 4274 nu
2205 4236 2258 4274 o.

2018 4235 2095 4273 tus
2112 4230 2258 4285 puto.

2066 4291 2190 4346 880.
2218 4292 2336 4363 Ald.
2364 4302 2413 4346 et
2440 4295 2617 4358 plures
2642 4292 2961 4363 illeinsiani,
3019 4300 3265 4363 mundat;
3316 4300 3405 4353 alii
3456 4315 3575 4355 cum

1994 4360 2398 4438 Put_._,-_T_ltuan.,
2426 4362 2993 4438 Wid.,_Gis._,.‘Weit.,
3041 4378 3097 4420 ut
3136 4360 3283 4438 puto,
3333 4371 3573 4423 inundat.

1996 4430 2053 4483 In
2082 4428 2283 4484 Widm.
2314 4448 2493 4501 supra,
2519 4434 2711 4486 nudat:
2730 4435 2907 4501 Alex.,
2931 4428 3164 4491 mundat:
3190 4428 3310 4492 Vat.
3330 4440 3394 4504 Q,
3422 4441 3575 4502 lavat,

1996 4511 2327 4576 repugnante
2355 4504 2744 4576 metrosQuod
2794 4508 2868 4576 ait
2912 4505 3251 4575 Prudentius,
3309 4519 3427 4576 post
3450 4510 3577 4563 Ada:

1994 4571 2199 4648 lapsum
2242 4588 2422 4625 noram
2444 4574 2663 4648 gratiam
2685 4573 2871 4648 Christi
2892 4578 3158 4642 mundare,
3213 4571 3437 4647 arguere
3484 4595 3578 4648 po-

1994 4648 2101 4717 test
2139 4644 2314 4717 ipsum
2350 4644 2644 4717 credidisse
2672 4644 2877 4717 A_damo
2920 4648 3207 4710 priestitam
3254 4644 3419 4702 fuisse
3457 4644 3577 4717 gra-

1998 4711 2143 4784 tiam,
2176 4713 2316 4780 quod
2352 4728 2455 4765 non
2485 4713 2745 4784 solutus.
2803 4715 3073 4782 Augustini
3122 4720 3385 4784 principiis
3433 4711 3578 4772 valde

1993 4782 2230 4855 colueret,
2279 4794 2331 4855 ut
2364 4784 2438 4855 ait
2482 4783 2780 4855 TeoLLsed
2828 4785 2995 4855 etiam
3046 4786 3111 4839 ad
3151 4782 3398 4855 dogmata
3456 4789 3577 4843 fidei

1998 4853 2247 4923 pertinet.
2283 4853 2463 4906 Gratia
2493 4868 2620 4905 vero
2642 4854 2837 4906 Christi
2890 4869 3025 4908 nova
3073 4865 3155 4910 est
3182 4853 3245 4911 et
3288 4858 3575 4923 inundans,

1996 4920 2125 4995 quia
2144 4922 2332 4995 major,
2356 4924 2601 4986 validior,
2653 4923 2941 4989 efficacior,
2987 4928 3253 4991 potentior
3307 4937 3389 4982 est
3418 4920 3573 4995 quam

1996 4993 2161 5057 gratia
2186 4992 2390 5046 Adatuo
2418 5002 2541 5047 ante
2575 5006 2845 5059 peccatum
2877 4995 3092 5049 collata.
3112 4997 3244 5053 Cum
3268 4999 3410 5052 enim
3438 4992 3577 5051 libe-

1998 5075 2114 5113 rum
2142 5063 2418 5133 arbitrium
2454 5065 2672 5117 minime
2715 5064 2932 5133 quidem
2980 5068 3259 5131 amissum,
3291 5077 3344 5121 et
3372 5069 3575 5121 exstin-

1997 5139 2141 5183 ctum
2176 5131 2333 5186 fuerit
2362 5133 2412 5186 iu
2439 5131 2879 5199 pttcvaricaiione
2911 5138 3121 5199 Adami,
3158 5139 3248 5191 sed
3278 5138 3477 5189 viribus
3500 5147 3575 5189 ta-

1998 5215 2122 5255 men
2150 5205 2406 5257 manserit
2427 5214 2756 5257 attenuatum
2778 5215 2830 5259 et
2880 5206 3208 5267 inclinatum,
3242 5220 3575 5273 consequens

1996 5281 2078 5323 est
2106 5282 2160 5325 ut
2182 5274 2480 5327 necessaria
2554 5278 2626 5326 sit
2665 5274 2834 5340 major
2869 5276 3034 5341 gratia
3086 5276 3137 5327 in
3184 5285 3321 5327 statu
3374 5284 3575 5327 natura:

1996 5341 2161 5409 lapsae
2183 5358 2338 5409 quam
2369 5347 2419 5399 in
2448 5352 2586 5395 statu
2622 5353 2823 5397 natura:
2850 5344 3089 5411 integrae.
3111 5344 3231 5397 Ηωο
3247 5344 3390 5397 clara
3413 5354 3571 5399 sunt:

1997 5426 2169 5477 neque
2194 5413 2259 5465 ad
2301 5412 2644 5466 Prudentium
2687 5412 3058 5465 illustrandum
3110 5423 3441 5481 opportunus
3491 5425 3573 5467 est

1996 5481 2336 5535 difficillimus
2368 5482 2425 5536 S.
2486 5482 2924 5549 Augustinilocus
2954 5497 3016 5535 ex
3046 5483 3135 5536 lib.
3160 5485 3227 5536 de
3251 5483 3491 5549 Corrept.
3522 5497 3573 5536 et

1996 5552 2169 5616 Grut,
2201 5551 2337 5617 quod
2372 5551 2541 5621 primo
2567 5550 2769 5604 homini
2788 5551 2966 5604 datum
2988 5552 3083 5607 fuit
3110 5554 3453 5621 adjuturiutn,
3482 5568 3574 5621 per

1995 5620 2134 5692 quod
2168 5628 2366 5687 posset,
2390 5634 2450 5673 ac
2477 5619 2593 5692 sine
2640 5634 2744 5688 quo
2790 5635 2895 5692 non
2942 5633 3124 5689 posset
3170 5619 3501 5692 permanere,
3528 5626 3572 5676 si

1991 5689 2173 5755 vellet,
2208 5702 2312 5741 non
2340 5704 2446 5757 quo
2474 5689 2643 5755 fieret,
2675 5698 2731 5743 ut
2753 5690 2911 5745 vellet
2935 5708 2948 5744 :
2980 5708 3120 5748 nunc
3142 5689 3269 5747 vero
3290 5708 3383 5761 per
3406 5691 3571 5746 Chri-

1993 5768 2130 5813 stum
2158 5761 2310 5815 datur
2340 5760 2686 5831 adjutorium,
2716 5761 2829 5817 sine
2845 5777 2951 5833 quo
2979 5760 3303 5833 permanere
3325 5779 3428 5819 non
3453 5778 3572 5834 pos-
