4090 6192
320 343 424 399 99')

498 542 957 614 ﬁ79lnviolatus
969 545 1094 612 agit,
1113 560 1207 598 nec
1220 544 1506 615 quidquam
1522 547 1893 601 sentitacerbi.

508 636 790 690 Exsortem
803 633 887 687 dic
907 647 1027 688 esse
1038 635 1272 689 animam
1290 637 1489 701 crucis,
1504 646 1663 707 atque
1678 637 1899 705 doloris,

492 726 547 782 Si
569 726 742 796 culpa:
762 721 1076 794 immunem,
1096 742 1422 798 vacuamque
1437 744 1468 784 a
1487 730 1711 785 crimine
1726 730 1890 785 nosti.

315 818 420 872 900
494 818 621 884 Quae
647 830 871 887 peccare
893 816 1057 883 valet,
1085 817 1227 872 valet
1246 827 1297 873 et
1318 821 1665 876 succumbere
1694 835 1889 891 pacare.

502 908 618 974 Ipsa
658 905 869 978 quidem
906 906 1114 961 sincera
1145 907 1271 974 fuit,
1298 908 1424 963 dum
1456 909 1704 965 conditur
1736 910 1897 977 olim,

495 999 625 1065 Quae
651 998 846 1054 collata
878 997 1065 1052 rudem
1096 997 1220 1053 fecit
1250 1000 1508 1056 viviscere
1535 1000 1756 1068 limum;

500 1092 567 1147 Ut
595 1099 719 1162 pote
747 1090 815 1147 de
838 1091 1041 1159 liquido
1063 1099 1268 1146 natura:
1292 1092 1497 1147 semine
1525 1091 1726 1162 primos

498 1184 781 1253 Accipiens
813 1182 1042 1249 habitus,
1072 1197 1376 1254 superoque
1402 1198 1656 1254 expressa
1683 1200 1899 1243 sereno.

314 1278 423 1337 90Ξὶ
501 1277 605 1333 Sex
632 1292 754 1332 mox
775 1320 789 1345 ,
830 1286 887 1331 ut
916 1276 1136 1346 gravido
1160 1277 1308 1345 iussa
1348 1284 1430 1330 est
1458 1277 1718 1333 innectier
1749 1292 1897 1345 arvo,

498 1368 766 1425 Suavibus
789 1367 1056 1423 illecebris
1079 1366 1301 1421 nimium
1331 1366 1569 1422 blandita
1595 1368 1826 1440 refrixit,

495 1460 676 1530 Deque
705 1459 997 1514 volutabris
1022 1458 1315 1527 pretiosum
1348 1458 1540 1527 polluit
1568 1462 1744 1529 ignem
1763 1503 1777 1527 ,

502 1551 632 1605 Dum
650 1559 977 1620 transgressa
999 1550 1092 1605 Dei
1110 1552 1338 1618 positum
1355 1549 1432 1605 fas
1446 1549 1687 1619 improha
1706 1551 1894 1607 calcat.

500 1641 622 1696 llaec
651 1641 822 1711 prima
860 1648 941 1696 est
966 1648 1152 1695 natura
1184 1640 1399 1707 animae,
1422 1641 1501 1695 sic
1520 1641 1733 1696 condita
1772 1641 1900 1697 sim-

1630 1730 1644 1784 1

1630 1732 1644 1784 1
1682 1747 1714 1785 x

311 1825 417 1879 910
493 1823 696 1880 Decidit
725 1823 777 1878 in
810 1823 995 1879 vitium
1026 1836 1122 1892 per
1152 1820 1367 1877 sordida
1394 1732 1822 1878 fmdertltpeirtiis.

1714 343 2157 401 APOTIIEOSIS.

498 451 676 516 Solus,
705 461 757 507 et
777 460 1031 522 exceptus
1058 460 1384 508 tormentum
1413 454 1693 510 admittere
1726 457 1894 523 triste,
1926 462 1976 521 Α

3485 367 3586 424 991

2181 458 2313 513 Exin
2347 460 2505 515 tincta
2536 463 2677 519 malo
2708 468 3013 534 peccamine
3039 470 3296 543 principis
3324 475 3476 535 Adae.

2184 549 2555 621 Infecitgenus
2574 570 2733 610 omne
2747 556 3041 625 hominum,
3056 564 3195 632 quod
3212 567 3433 633 pullulat
3446 571 3585 638 inde,

2183 641 2252 695 Et
2281 649 2424 697 tenet
2448 644 2713 713 ingenuitas
2738 649 3037 706 animarum
3061 653 3281 711 infantia
3310 657 3363 712 in
3390 669 3510 716 ortu

2184 733 2349 805 480
2378 736 2541 791 Primi
2583 738 2812 796 hominis
2854 745 3117 811 maculas,
3163 764 3261 803 nec
3302 753 3583 824 quisquam

3019 832 3278 905 [nascitur
3308 840 3516 899 insons.

2005 909 2112 969 915
2187 913 2452 972 Vitandus
2474 926 2651 975 tamen
2677 935 2828 976 error
2852 924 2975 992 erit,
3011 942 3075 979 ne
3099 929 3317 985 traduce
3341 936 3521 988 carnis

2180 1007 2503 1065 Transfundi
2528 1013 2579 1065 in
2600 1014 2839 1069 sobolem
2867 1017 3118 1073 credatur
3140 1019 3262 1076 ibas
3287 1023 3582 1080 animarum

2182 1098 2471 1171 Sanguinis
2484 1105 2749 1174 exemplo;
2767 1107 2851 1161 cui
2867 1116 3007 1163 texta
3022 1114 3313 1180 propagine
3328 1129 3460 1169 vena
3480 1128 3584 1171 est.

2178 1188 2295 1244 Non
2325 1192 2530 1247 animas
2557 1195 2751 1250 anima:
2783 1198 3027 1265 pariunt;
3059 1200 3153 1255 sed
3186 1202 3301 1274 lege
3330 1204 3513 1260 latenti

2182 1278 2379 1335 Fundit
2401 1298 2534 1352 opus
2553 1294 2740 1341 natura
2762 1303 2941 1357 suum,
2964 1304 3070 1361 quo
3089 1296 3306 1360 parvula
3332 1298 3587 1353 anhelent

2003 1364 2110 1421 920
2186 1368 2434 1438 Vascula,
2458 1372 2741 1443 vitalisque
2767 1377 2908 1433 adsit
2936 1378 3168 1434 scintilla
3198 1386 3416 1438 coactis.

2181 1458 2312 1527 Qum
2363 1465 2608 1532 quamvis
2664 1466 2838 1522 infusa
2894 1484 3091 1526 novum
3148 1485 3393 1542 penetret
3452 1492 3586 1535 no~a

3280 1564 3515 1635 [semper

2178 1639 2340 1714 48],
2371 1643 2731 1713 Figmentum,
2759 1655 2912 1704 vetus
2938 1649 3029 1705 illa
3061 1659 3237 1708 tamen
3267 1653 3335 1708 de
3363 1656 3585 1711 crimine

3291 1760 3510 1800 avorum

3291 1760 3510 1800 avorum

2177 1821 2401 1877 Ducitur
2434 1840 2450 1878 :
2481 1823 2630 1880 illato
2659 1824 2912 1896 quoniam
2941 1840 3195 1887 concreta
3226 1742 3447 1891 vt[2terno
3476 1846 3579 1894 est.

1612 1912 1895 1970 GLOSSE
1935 1911 2276 1968 VETERES.

380 2007 505 2061 896.
526 2008 813 2077 Exceptus,
839 2014 1194 2077 sequestratus,
1225 2014 1507 2077 separatus,
1540 2004 1579 2059 1.

379 2078 835 2201 897.llnviolatus,
859 2076 1056 2131 insons.
1079 2105 1150 2115 —
1168 2076 1310 2146 Agit,
1334 2076 1484 2143 valet,
1513 2076 1650 2143 vivit,
1680 2093 1894 2131 conver-

379 2155 479 2201 tur.
533 2188 547 2201 .

306 2155 479 2210 satur,
508 2155 547 2201 l.

379 2217 504 2272 898.
540 2218 818 2287 Exsortem
844 2256 860 2283 ,
906 2227 1185 2287 expertem.
1231 2244 1301 2256 —-—
1328 2216 1516 2271 Crucis
1540 2260 1555 2285 ,
1607 2218 1891 2286 passionis,

301 2288 565 2339 cruciatus
581 2328 596 2351 ,
629 2286 667 2340 1.

376 2356 501 2411 899.
530 2356 847 2425 Immunem,
879 2372 1133 2421 securam,
1163 2356 1457 2425 incapacem
1476 2399 1489 2421 ,
1516 2357 1555 2412 l.

376 2426 502 2496 902.
534 2426 756 2492 Collata,
785 2428 1076 2496 conjuncta,
1110 2444 1140 2478 a
1175 2426 1278 2479 Deo
1307 2437 1497 2480 creata.

375 2495 502 2550 905.
552 2496 615 2552 Ut
643 2508 787 2562 pote,
832 2495 1004 2567 sicuti,
1044 2497 1212 2567 quasi.
1235 2526 1304 2535 —
1330 2497 1552 2567 Liquido
1572 2538 1587 2563 ,
1617 2513 1767 2567 puro.
1816 2528 1884 2538 —

298 2564 534 2630 Naturae,
572 2568 872 2630 divinitatis,
906 2566 947 2619 1.

376 2636 501 2707 904.
535 2637 775 2697 Habitus,
808 2645 1041 2707 ornatus.
1070 2666 1139 2676 —
1170 2635 1502 2707 Superoqne,
1534 2638 1596 2693 de
1636 2654 1880 2707 superno.

296 2730 371 2746 -—
400 2704 623 2772 Sereno,
660 2708 951 2766 serenitate.
985 2705 1026 2759 1.

372 2775 497 2829 905.
522 2774 688 2839 Arvo,
724 2786 890 2838 terrw,
921 2775 962 2830 1.

373 2844 499 2900 906.
534 2844 820 2910 lllecebris,
852 2845 1299 2909 delectationibus,
1332 2844 1373 2899 1.

373 2916 496 2971 907.
529 2915 848 2983 Volutabris,
876 2917 1127 2970 sordibus.
1155 2947 1225 2957 —
1247 2917 1449 2986 Ignem,
1478 2913 1726 2985 animam,
1758 2917 1799 2971 l.

1922 2011 1968 2071 Β
2220 2004 2381 2085 βξῖη3
2404 2004 2605 2060 deinde.
2628 2008 2934 2085 ‘—_'l‘in_cta,
2962 2011 3157 2085 po’lata
3177 2026 3402 2085 peccato,
3440 2018 3477 2072 Ι.

2068 2075 2193 2146 912.
2220 2076 2425 2146 Ινηΐθνίι,
2468 2078 2765 2141 maculavit,
2798 2075 3022 2146 violavit,
3056 2082 3095 2137 Ι.

2068 2145 2193 2199 915.
2225 2145 2377 2214 Ortu,
2411 2148 2461 2198 in
2493 2149 2771 2212 nativitate,
2809 2149 2848 2202 1.

2216 2216 2909 2294 Iraduce,_tran_smissione,
2932 2221 3147 2291 origine,
3169 2224 3503 2294 traductione,
3532 2229 3572 2283 l.

2066 2284 2187 2339 916.
2218 2285 2378 2351 Fons,
2419 2286 2581 2354 origo,
2609 2286 2727 2341 Vat.
2763 2290 2825 2342 A.

2062 2354 2187 2435 917.
2215 2355 2525 2435 Sanguinis,
2555 2358 2783 2435 seminis.
2815 2388 2884 2397 —
2930 2361 3050 2435 Cui,
3077 2365 3346 2435 sanguini,
3378 2370 3570 2435 generi.

1984 2453 2053 2465 —-
2070 2423 2393 2497 Propagine,
2417 2429 2759 2497 generatione,
2793 2423 3235 2497 procreationefl.

2054 2494 2177 2564 918.
2214 2494 2452 2559 Parimtt,
2486 2496 2719 2564 gignunt,
2755 2497 2792 2550 1.

2054 2563 2181 2645 919.
2206 2564 2425 2626 Natura.
2456 2563 2673 2645 animm;
2707 2567 3229 2645 _Deus._—_—_Suum_,
3280 2576 3563 2645 proprium.

1982 2634 2420 2706 —_Quo,bopere.
2449 2664 2521 2675 —
2545 2635 2831 2699 Anhelcnt,
2865 2639 3170 2706 desiderent,
3205 2634 3243 2696 IV.

2059 2704 2186 2780 990.
2212 2702 2466 2780 vascula,
2519 2721 2757 2780 corpora.
2789 2736 2857 2780 -_—
2886 2708 3126 2774 Coactis,
3157 2702 3399 2769 membris
3424 2756 3440 2780 ,
3470 2733 3560 2771 va-

1987 2775 2164 2840 sculis,
2194 2775 2492 2844 corporibus
2515 2776 2772 2843 solidatis,
2799 2778 2840 2830 1.

2200 2844 2558 2924 ﬁgmentum,
2579 2862 2784 2914 corpus,
2800 2846 2918 2899 Vat.
3022 2878 3093 2888 —
3107 2850 3219 2919 Illa,
3234 2856 3510 2924 peccatrix,
3529 2857 3568 2911 Ι.

2060 2914 2185 2969 925.
2213 2915 2467 2981 Veterno,
2499 2924 2656 2984 peste,
2688 2927 2894 2986 peccato
2915 2956 2929 2983 ,
2963 2916 3006 2972 1.

1642 3006 2205 3063 COMMENTARIUS.

368 3099 495 3156 896.
528 3101 584 3156 In
640 3102 758 3156 Vat.
788 3102 829 3156 Δ
872 3111 1141 3156 corrector
1219 3100 1486 3169 antiquus,
1528 3110 1582 3156 et
1632 3100 1876 3169 ejusdem

292 3169 412 3226 fere
441 3174 563 3237 aevi,
586 3173 751 3227 erasis
783 3172 1067 3241 prioribus,
1093 3171 1271 3241 posuit
1317 3171 1545 3242 Spiritus
1583 3182 1629 3224 et
1644 3180 1873 3235 sanctus,

288 3248 352 3296 et
377 3257 535 3310 supra
550 3244 857 3297 charactere
880 3244 1234 3297 minutissima
1251 3243 1389 3296 solus
1406 3251 1453 3295 et
1476 3249 1734 3311 exceptus,
1753 3254 1874 3295 cum

288 3314 495 3381 glossa,
514 3323 799 3383 separatus,
835 3320 1196 3383 sequestratus.

367 3383 495 3437 897.
525 3381 642 3437 vat.
668 3389 731 3447 Α,
761 3384 950 3444 sensit;
982 3382 1191 3445 melius,
1216 3381 1387 3434 sentit.

366 3450 495 3523 898.
526 3453 689 3523 Egm.
713 3468 741 3507 a
765 3468 922 3505 manu
954 3454 1145 3521 prima,
1176 3450 1311 3504 disce
1342 3465 1436 3518 pro
1456 3449 1559 3505 die.

366 3521 489 3575 899.
521 3519 718 3577 Iu'Ald.
743 3523 894 3576 deest
913 3519 1087 3590 a‘post
1107 3537 1432 3589 vacuamque.
1457 3519 1710 3585 Quamvis
1732 3520 1873 3575 enim

288 3600 515 3657 propter
541 3591 675 3647 duas
701 3601 1060 3646 consonantes
1081 3590 1330 3645 dictionis
1355 3591 1630 3659 sequentis
1655 3590 1872 3656 produci

288 3670 480 3728 posset
502 3677 617 3730 que,
650 3671 825 3716 tamen
851 3677 981 3716 mss.
1010 3662 1165 3715 codd.
1196 3661 1393 3730 habent
1417 3677 1449 3712 a
1474 3661 1702 3714 crimine.

363 3732 492 3786 900.
512 3729 687 3801 Prag.,
707 3732 803 3795 Qui
825 3748 1054 3802 peccare;
1070 3729 1247 3786 caueri
1267 3746 1402 3801 quae,
1425 3730 1652 3795 scilicet,
1672 3730 1869 3802 anima,

285 3815 416 3871 nam
441 3803 681 3871 sequitur
702 3803 814 3871 ipsa
836 3817 991 3856 versu
1021 3816 1135 3866 seq.

367 3869 495 3923 901.
520 3869 729 3925 Εειιεη.
751 3872 838 3925 ed.
870 3873 925 3937 2,
961 3872 1216 3929 conditor.
1248 3870 1407 3925 male.

361 3939 488 3994 902.
505 3940 765 4003 Potiores,
783 3942 1043 4005 viviscere;
1058 3942 1168 4003 alii,
1184 3942 1449 3995 vivescere.
1466 3939 1666 3992 Rudem
1688 3938 1869 3994 limum

282 4008 446 4081 dicit,
478 4018 537 4063 nt
561 4026 722 4081 supra
753 4026 895 4065 vers.
926 4011 1051 4073 869,
1081 4012 1203 4064 rudi
1230 4027 1436 4064 munere
1467 4024 1563 4078 pro
1589 4024 1736 4062 novo.

359 4080 486 4135 905.
515 4080 659 4146 Rat,
689 4089 897 4146 natura,
924 4081 1095 4145 male,
1128 4097 1222 4147 pro
1250 4088 1467 4133 naturae.

363 4150 486 4221 904.
520 4151 637 4221 {aldi
668 4166 819 4205 error
847 4160 930 4205 est
964 4168 1213 4221 superque
1234 4167 1490 4221 expressa.

360 4219 490 4274 907.
531 4220 813 4274 Volutabra
840 4232 963 4275 sunt
994 4219 1109 4276 loca
1130 4219 1375 4284 arenosa,
1403 4220 1490 4274 ubi
1516 4233 1643 4273 sues
1670 4228 1721 4273 et
1752 4221 1866 4286 apri

280 4289 615 4360 volutantur.
650 4291 827 4360 Ignem
862 4299 1015 4346 vocat
1050 4292 1242 4346 animae
1278 4291 1557 4360 puritatem
1592 4298 1647 4345 et
1680 4290 1862 4360 splen-

280 4359 499 4424 dorem,
528 4370 583 4413 ut
609 4359 751 4430 saepe
777 4360 929 4415 alias.

358 4430 488 4485 9H.
518 4428 799 4503 Peccatum
814 4431 1094 4501 originale,
1125 4430 1263 4503 quod
1288 4428 1559 4500 Pelagiani
1578 4430 1864 4500 negabant,

281 4499 437 4555 clare
458 4502 687 4557 exnlicat
712 4510 765 4556 et
794 4499 1007 4557 astruit.

361 4569 489 4625 915.
518 4569 741 4625 Notatur
768 4586 921 4626 error
955 4586 1139 4628 eorum
1181 4571 1268 4640 qui
1299 4569 1565 4626 docebant
1593 4581 1867 4637 peccatum

281 4640 546 4709 originale
574 4655 637 4696 ea
667 4644 872 4697 ratione
900 4642 949 4697 in
983 4641 1172 4697 Adami
1204 4653 1447 4709 posteros
1472 4641 1698 4704 traduci,
1725 4644 1865 4711 quod

280 4725 392 4764 non
416 4712 587 4764 solum
628 4724 855 4779 corpus,
887 4713 979 4767 sed
1010 4714 1172 4767 etiam
1202 4715 1393 4765 anima:
1416 4726 1478 4765 ex
1503 4712 1708 4781 Adamn
1748 4728 1867 4781 pro-

1984 3098 2039 3153 In
2069 3099 2312 3179 versibus
2341 3098 2598 3179 edi-tionis
2630 3099 2935 3179 lleinsianae
2964 3103 3171 3179 nullum
3201 3106 3449 3162 mendum
3482 3118 3563 3179 ty-

1981 3172 2365 3237 pographicum
2408 3170 2759 3237 deprehendo
2799 3188 2811 3221 :
2858 3171 2909 3225 in
2955 3175 3095 3225 notis
3125 3189 3252 3228 vero
3293 3191 3448 3231 error
3489 3170 3566 3239 ést

1982 3255 2199 3314 corpora
2230 3253 2326 3314 pr_o
2352 3240 2597 3314 vascula,
2631 3243 2721 3314 qui
2747 3240 2808 3314 ad
2851 3257 2964 3314 rem
2992 3244 3059 3297 de
3090 3259 3190 3311 qua
3222 3246 3427 3314 agimus
3463 3265 3566 3310 non

1979 3311 2230 3376 pertinet.
2268 3308 2335 3379 Et
2363 3309 2610 3363 lleinsius
2639 3311 2754 3379 ipse
2787 3311 2838 3363 in
2864 3311 2967 3366 ﬁne
2992 3308 3129 3366 notae
3152 3308 3325 3377 aitfio
3350 3316 3561 3374 Thuan.

1980 3393 2077 3453 pro
2098 3380 2300 3453 vascula
2329 3378 2428 3453 legi
2453 3378 2675 3453 vincula,
2708 3382 2846 3453 quod
2879 3392 3024 3453 recte
3050 3384 3125 3438 illi
3149 3385 3409 3453 displicet.
3440 3389 3558 3444 .lam

1983 3449 2184 3503 Heinsii
2218 3463 2334 3519 mos
2367 3449 2418 3501 in
2453 3451 2592 3503 notis
2636 3451 2967 3519 explicandis
3007 3461 3120 3518 est,
3169 3449 3245 3508 ut'
3275 3454 3563 3514 lectionem

1979 3533 2135 3587 quam
2162 3519 2214 3591 in
2238 3518 2490 3591 ,Giselino
2518 3518 2750 3591 reperit,
2784 3522 3012 3589 primum
3046 3534 3238 3591 ponat,
3288 3537 3396 3578 tum
3443 3544 3566 3586 eam

1980 3599 2070 3661 aut
2099 3590 2337 3656 rejiciat,
2371 3598 2462 3642 aut
2508 3588 2795 3644 defendat.
2832 3591 2942 3645 Hoc
2989 3588 3148 3661 igitur
3185 3594 3300 3647 loco
3328 3596 3407 3650 sic
3435 3600 3509 3652 ait
3552 3619 3567 3655 :

1977 3658 2093 3722 Ovo
2119 3674 2356 3714 mavors
2388 3676 2684 3724 ANIIELENT,
2710 3661 2780 3713 sic
2800 3662 2960 3715 nostri
2976 3658 3146 3717 omnes
3165 3680 3182 3726 ;
3204 3675 3253 3716 at
3281 3666 3333 3718 in
3366 3671 3566 3723 duobus

1980 3728 2285 3783 Wcitzianis
2306 3744 2509 3803 ,“QL'OD
2540 3746 2840 3803 squLENr,
2868 3733 3020 3802 idque
3049 3735 3327 3803 marginem
3375 3741 3563 3792 editio-

1975 3815 2127 3877 num__
2154 3798 2517 3877 noun-nullarum
2562 3802 2839 3877 occupavit
2885 3798 3179 3877 Δε’ᾐρνρὸίεξ
3213 3805 3288 3858 sic
3333 3822 3489 3877 supra
3543 3824 3565 3864 :

1987 3868 2155 3922 Variis
2200 3870 2349 3945 Siloa
2387 3868 2924 3945 refunditnMomeutis
2954 3868 3163 3945 latices,
3207 3890 3297 3945 nec
3344 3868 3560 3945 ﬂuctum

1974 3954 2170 4013 semper
2198 3938 2423 4013 anhelat.
2454 3940 2981 4013 etc._(;hamillardus
3026 3943 3236 4013 legitet
3268 3938 3552 4013 legendum

1973 4008 2220 4080 ait‘quod
2260 4007 2527 4071 anhelent,
2574 4009 2734 4080 idque
2766 4007 3397 4080 marginemf'editiontim
3432 4033 3563 4071 non-

1975 4077 2237 4131 nullarum
2261 4080 2627 4145 occupavisse.
2661 4077 3285 4136 Teolius'aitWeitzium
3316 4085 3555 4142 voluisse
3626 4103 3632 4108 ‘

1972 4162 2089 4224 quo
2126 4162 2403 4224 sanatam
2428 4188 2444 4212 ,
2498 4148 2575 4201 uti
2601 4148 2776 4224 __et_iant
2815 4149 2997 4224 habent
3024 4151 3291 4224 editiones
3336 4154 3556 4224 aliquot.

1972 4216 2231 4293 Weitzius
2262 4217 2720 4293 ita__certe_edidi_t_
2738 4260 2753 4283 ,
2787 4220 2926 4289 quod
2958 4221 3124 4293 etiam
3155 4233 3339 4293 exstat
3364 4216 3561 4293 in'ple-

1975 4289 2158 4369 risque
2185 4288 2454 4369 veteribus
2482 4288 2811 4369 editionihus
2833 4330 2847 4352 ,
2878 4290 2971 4344 sed
3002 4290 3137 4369 duos
3163 4292 3378 4348 codices
3414 4288 3557 4369 indi-

1973 4358 2132 4421 cavit,
2166 4358 2253 4411 uhi
2282 4359 2473 4427 legitur
2492 4359 2629 4428 quod
2657 4358 2916 4426 anhelent,
2939 4370 2993 4414 et
3015 4360 3065 4414 id
3090 4376 3275 4416 revera
3306 4367 3558 4422 exstabat

1972 4436 2098 4498 ante
2134 4428 2407 4482 Heinsium
2437 4430 2487 4481 in
2517 4428 2757 4498 margine
2799 4430 3177 4485 nonnullarum
3233 4433 3553 4489 editionum.

1971 4497 2235 4552 Caeterum
2258 4513 2443 4552 verum
2473 4497 2687 4567 quidem
2714 4508 2817 4565 est,
2847 4499 3091 4554 anhelare
3120 4517 3239 4555 cum
3263 4506 3553 4561 accusandi

1971 4582 2099 4621 casu
2140 4568 2365 4637 reperiri
2416 4570 2556 4637 apud
2614 4569 2959 4624 Prudentium
3000 4580 3054 4625 et
3097 4572 3261 4638 alios;
3308 4574 3401 4627 sed
3443 4590 3549 4631 non

1971 4652 2122 4705 aeque
2151 4646 2354 4693 certum
2376 4679 2389 4701 ,
2422 4641 2522 4691 hoc
2543 4639 2661 4693 loco
2690 4649 2899 4707 poetam
2927 4642 3211 4695 accusandi
3239 4658 3420 4697 casum
3454 4660 3549 4699 vo-

1974 4707 2155 4783 luisse,
2186 4723 2305 4762 nam
2333 4709 2605 4783 sequitur:
2628 4709 2896 4781 vitalisque
2916 4712 3049 4764 adsit
3080 4712 3308 4767 scintilla
3338 4718 3551 4783 coactis,

281 4791 626 4848 pagarentur.
657 4775 769 4849 Qua
802 4775 853 4835 in
884 4781 1249 4836 controversia
1282 4782 1436 4835 valde
1477 4780 1666 4834 dubius
1708 4775 1863 4838 hazsit
1894 4775 1945 4835 D
1970 4778 2302 4849 scilicetkquo
2334 4778 2490 4849 adsit.

376 4851 719 4919 Augustinus,
750 4852 889 4921 quod
918 4853 1137 4930 dillicile
1161 4852 1259 4930 ipsi
1285 4853 1657 4930 videreturput
1686 4853 1863 4930 anima

280 4921 336 4991 in
366 4934 594 4989 corpore
624 4932 873 4991 tanquam
916 4922 968 4975 in
1000 4937 1127 4977 vase
1162 4922 1459 4991 vitiaretur,
1492 4921 1594 4974 nisi
1640 4921 1754 4989 ipsa
1787 4922 1866 4976 vi-

279 4990 419 5042 tiosa
450 5005 515 5044 ex
564 4990 767 5045 Adamo
810 4991 1133 5047 traheretur.
1167 4990 1317 5046 Nunc
1345 5000 1552 5046 certum
1596 5000 1680 5045 est
1725 4992 1864 5060 apud

278 5075 473 5114 omnes
499 5060 812 5127 catholicos,
845 5063 1051 5115 animas
1079 5077 1182 5115 non
1204 5061 1499 5116 transfundi
1528 5075 1593 5115 ex
1622 5062 1859 5130 Adamo,

281 5140 566 5201 peceatum
598 5146 725 5186 vero
747 5133 1004 5200 originale
1046 5132 1127 5186 vel
1158 5148 1224 5186 ex
1252 5146 1320 5186 eo
1366 5133 1536 5201 solum
1585 5133 1864 5201 contrahi,

275 5200 424 5279 quod
458 5200 705 5257 homines
736 5217 800 5279 est
832 5203 1039 5279 semine
1073 5202 1198 5256 Adae
1247 5200 1522 5271 prepagati
1553 5200 1862 5269 nascuntur,

276 5272 331 5323 in
365 5284 473 5341 quo
494 5281 742 5338 tanquam
776 5272 828 5326 in
851 5273 1025 5341 capite
1055 5286 1241 5326 omnes
1276 5279 1651 5338 peccaverunt.

355 5339 485 5412 919ἐ
513 5341 685 5407 Sich.,
717 5342 833 5397 Gis.
868 5344 889 5396 1
920 5339 1055 5396 edit.
1084 5343 1150 5397 ad
1179 5357 1360 5406 oram,
1390 5342 1511 5395 Vat.
1541 5340 1609 5406 Q,
1651 5340 1860 5412 Heins.,

274 5408 420 5481 φοι..
444 5410 622 5476 Teol.,
650 5412 863 5475 Cham.,
883 5412 1019 5476 PaL,
1042 5413 1207 5479 Bong.
1228 5428 1255 5464 a
1291 5412 1458 5477 prima
1496 5426 1676 5476 manu,
1698 5408 1857 5481 quod.

277 5480 557 5535 Heinsiani
587 5497 797 5546 omnes,
830 5484 1059 5550 itemque
1083 5482 1251 5536 nostri
1281 5497 1411 5536 mss.
1441 5493 1492 5536 et
1521 5482 1670 5547 editi,
1698 5487 1859 5539 etiam

275 5551 463 5617 Alex.,
494 5564 548 5608 et
593 5551 747 5614 Urb.,
773 5569 893 5621 quo.
922 5552 1140 5607 Teolius
1179 5552 1596 5606 Chamillardnm
1620 5563 1859 5619 accusat,

274 5622 421 5690 quod
458 5625 839 5693 typographico
888 5624 1190 5678 lleins‘antn
1236 5624 1488 5679 editionis
1528 5624 1721 5693 mendo
1766 5623 1874 5677 de-

274 5690 621 5759 ceptus'nihil
647 5694 731 5748 hic
760 5694 969 5748 videzit.
1019 5695 1216 5747 Contra
1247 5708 1346 5763 ego
1377 5703 1502 5762 puto
1541 5690 1861 5747 Chamillar-

275 5763 404 5817 dum
430 5766 630 5830 optime
659 5764 855 5819 vidisse
884 5763 1026 5831 quod
1057 5766 1108 5818 in
1143 5764 1365 5819 Heinsno
1385 5764 1642 5831 scriptum
1659 5772 1858 5818 exstat.

2040 4846 2162 4903 922.
2190 4847 2264 4903 De
2292 4863 2422 4903 voce
2460 4848 2754 4919 ﬁgmentum
2785 4849 2933 4918 plura
2966 4848 3230 4909 Cellarius
3256 4854 3309 4908 in
3343 4853 3548 4911 Latini-

1970 4924 2078 4994 tate
2116 4918 2374 4994 restituta
2395 4918 2615 4994 saeculo
2634 4934 2787 4994 aeneo
2828 4922 3156 4994 ex_Apu|eio
3179 4965 3195 4990 ,
3230 4926 3512 4980 Ammiano
3533 4967 3550 4994 ,

1967 4986 2257 5061 Qypriano,
2303 4988 2678 5061 gula-Gellio,
2712 4986 3018 5061 AMact‘obio,
3076 4986 3304 5049 Minucio
3349 4986 3547 5061 Felice,

1970 5058 2266 5133 Lactantio,
2301 5060 2656 5133 Tertulliano,
2703 5058 2993 5133 Spartiano
3026 5080 3040 5117 :
3072 5079 3174 5131 qua
3199 5080 3329 5119 voce
3369 5081 3465 5133 pto
3489 5058 3548 5120 re

1969 5126 2106 5199 facta
2145 5139 2202 5184 et
2230 5139 2407 5183 creata
2445 5131 2717 5199 eleganter
2752 5126 2920 5185 rusum
2958 5126 3302 5187 Prudentium
3345 5126 3548 5189 monet.

1966 5198 2177 5266 Allegat
2200 5200 2358 5253 etiam
2386 5198 2657 5268 antiquius
2686 5202 3047 5256 testimonium
3072 5205 3286 5257 Ascenii
3309 5202 3545 5258 Pediani.

2040 5269 2164 5325 923.
2192 5270 2337 5335 Ald.,
2366 5270 2508 5337 Put.,
2533 5270 2731 5335 ()xun.,
2752 5272 2926 5332 Alex.,
2954 5272 3161 5324 dicitur.
3181 5272 3279 5325 Vat
3303 5276 3364 5331 Α,
3388 5273 3545 5339 Man,

1967 5337 2089 5394 Rat.
2114 5355 2142 5393 a
2174 5341 2341 5407 prima
2370 5354 2549 5404 manu,
2588 5340 2741 5399 Url).,
2776 5340 2990 5403 Weitz.,
3022 5341 3245 5393 ducitur.
3294 5337 3544 5397 Heinsius

1967 5412 2267 5479 suspicatur
2296 5410 2511 5461 diditur.
2537 5409 2774 5464 Gifanius
2799 5409 2911 5462 Ind.
2938 5408 3153 5464 Lucret.
3180 5427 3300 5477 pag.
3325 5412 3449 5478 456,
3479 5414 3547 5467 de

1967 5479 2229 5534 incisione
2260 5494 2351 5533 seu
2384 5479 2555 5533 inciso
2584 5480 2830 5546 loquens,
2865 5494 2926 5531 ex
2951 5487 3058 5533 vet.
3090 5482 3211 5535 eod.
3246 5483 3371 5548 legit
3418 5483 3547 5535 diei-

1965 5560 2046 5602 tur
2072 5550 2251 5613 illata,
2293 5549 2431 5615 quod
2489 5550 2846 5602 rectissimum
2889 5558 3059 5616 putat.
3113 5551 3267 5616 Man,
3298 5554 3351 5606 in
3398 5553 3545 5613 loco;

1964 5620 2113 5683 Rat.,
2145 5622 2196 5671 in
2221 5620 2326 5670 toto
2358 5632 2454 5686 pro
2488 5619 2540 5671 in
2574 5621 2702 5681 lu'o,
2735 5629 2788 5671 ut
2816 5621 3047 5687 explicat
3075 5622 3377 5677 Mariettus.
3419 5636 3541 5675 nam

1963 5704 2108 5758 saepe
2153 5704 2183 5741 ο
2214 5688 2373 5740 habet
2420 5703 2514 5756 pro
2546 5706 2594 5741 u.
2632 5690 2807 5756 Egon,
2843 5690 3012 5742 iltuto.
3067 5690 3197 5744 Urb.
3227 5701 3280 5743 et
3308 5693 3461 5745 Alex.
3514 5707 3544 5747 a

1966 5767 2136 5830 prima
2169 5773 2351 5827 manu,
2385 5760 2434 5811 in
2467 5759 2597 5814 lato.
2655 5761 2821 5814 Metro
2843 5770 3100 5831 repugnat
3147 5763 3199 5814 in
3226 5762 3357 5825 luto,
3390 5762 3543 5819 Ales.
