4120 6196
579 366 682 423 995

578 563 682 617 925
754 564 963 618 Natura:
991 564 1227 627 illuvies,
1250 563 1543 632 iterumque
1573 566 1902 619 renascimur
1932 565 2075 620 intus

755 656 980 720 Perfusi,
1029 663 1086 710 ut
1133 664 1365 710 veterem
1414 656 1707 726 splendens
1754 658 1932 712 anima
1983 666 2146 713 emat

1770 791 1778 799 .
1855 746 2070 818 [Adam.

749 838 898 904 Quae,
927 839 1048 908 quia
1072 838 1346 894 materiam
1372 840 1574 907 peccati
1597 853 1662 894 ex
1695 839 1876 895 fomite
1902 841 2077 894 carnis

746 926 1059 983 Cousociata
1091 928 1272 994 trahit,
1306 943 1512 985 necnon
1539 930 1698 983 simul
1727 930 1840 999 ipsa
1863 929 2031 983 sodali

753 1021 845 1075 E31
874 1021 1196 1077 incentivum
1224 1022 1568 1090 peccaminis,
1603 1021 1840 1090 implicat
1867 1021 2050 1075 ambas

577 1111 680 1167 950
753 1114 954 1168 Vindex
980 1129 1132 1182 poena
1164 1128 1315 1177 reas,
1365 1121 1650 1182 peccantes
1677 1121 1854 1168 mente
1884 1113 1985 1166 sub
2014 1127 2142 1178 una,

755 1205 1121 1274 Peccandique
1153 1213 1355 1257 cremat
1391 1205 1563 1259 socias
1591 1202 1914 1258 cruciatibus
1954 1203 2140 1270 :equis.

748 1294 910 1365 482
980 1295 1072 1349 llis
1140 1294 1389 1349 crucibus
1459 1293 1704 1348 Christus
1757 1307 1854 1346 nos
1905 1291 2143 1357 liberat,

1728 1381 2075 1454 [iucorruptzn

749 1477 951 1538 Matris,
977 1483 1032 1529 et
1056 1474 1266 1528 innorui
1297 1482 1534 1542 gestator
1565 1473 1832 1540 corporis.
1860 1471 2007 1526 Unus

749 1565 997 1619 Naturam
1029 1578 1202 1633 paena:
1239 1563 1534 1631 expositam
1556 1605 1568 1625 ,
1612 1561 1713 1616 sed
1765 1576 1869 1616 non
1902 1561 2146 1615 vitiorum

580 1656 684 1710 955
757 1654 1005 1708 Naturam
1043 1652 1334 1720 expositam
1389 1651 1720 1705 contactibus
1759 1651 1907 1704 indui
1947 1651 2090 1705 lesus
2131 1667 2145 1704 :

754 1751 925 1814 Atque
952 1743 1071 1797 ideo
1097 1757 1267 1810 paen-1a
1295 1740 1366 1795 nil
1405 1741 1586 1796 debuit
1618 1757 1631 1792 :
1657 1740 2005 1795 intemeratus
2025 1782 2040 1805 ,

1682 361 1950 418 AURELll
1994 361 2124 417 ΡΜ]
2137 361 2356 417 DENTH
2394 362 2697 417 CARMINA
2710 405 2724 417 .

760 473 884 528 inde
907 472 1134 528 secunda
1166 473 1300 527 redit
1323 473 1616 543 generatio,
1641 484 1694 528 et
1717 475 1839 528 inde
1868 475 2074 528 lavatur
2172 482 2226 538 Λ

3719 371 3824 426 99G

2427 475 2560 542 Quid
2596 474 2794 530 Christi
2831 475 2883 529 in
2915 477 3170 533 membris
3207 481 3411 548 peccati
3440 496 3579 536 swva
3608 485 3826 542 satelles

2427 563 2590 620 Poena
2634 564 2848 634 ageret?
2875 566 3000 636 quid
3037 582 3179 622 mors
3205 569 3436 626 hominis
3465 572 3580 626 sine
3601 576 3828 631 crimine

3517 663 3755 735 [posset't

2426 744 2687 800 Nimirum
2714 746 2881 801 cassis
2905 747 3202 814 conatibus,
3234 757 3286 803 et
3316 749 3431 804 sine
3456 752 3637 806 nervis

2427 835 2766 903 Concideret,
2799 837 2996 892 sterilis
3023 841 3220 906 peccati
3251 838 3435 895 fomite
3456 843 3620 898 nullo.

2431 925 2573 980 Mors
2601 927 2759 980 alitur
2787 928 2942 994 culpa
2974 943 2988 979 :
3019 928 3226 997 culpam
3253 930 3342 998 qui
3373 946 3477 984 non
3503 932 3685 1000 habet,
3711 935 3829 1005 ipso

2427 1015 2617 1070 Pastus
2644 1016 2852 1070 delectu
2884 1026 3110 1072 mortem
3136 1021 3403 1074 consumit
3425 1022 3658 1078 inanem.

2431 1105 2522 1161 Sic
2568 1121 2716 1164 mors
2758 1107 2812 1162 in
2860 1107 3069 1163 Domini
3104 1121 3420 1180 consumpta
3467 1121 3550 1167 est
3601 1128 3828 1184 corpore

3496 1201 3716 1274 [Christi

2424 1288 2515 1344 Sic
2533 1288 2709 1358 periit,
2733 1289 2947 1343 solitum
2971 1288 3094 1344 dum
3116 1306 3222 1346 non
3246 1291 3407 1348 habet
3424 1294 3568 1348 arida
3594 1305 3824 1362 pastum.

2425 1379 2650 1448 Suspice
2680 1390 3005 1450 quapropter
3029 1380 3199 1434 solum
3238 1381 3558 1451 inculpabile
3587 1400 3824 1452 numen,

2424 1467 2585 1539 483
2611 1468 2870 1524 Virtutem
2895 1468 3086 1538 Patris,
3117 1480 3170 1525 et
3196 1469 3484 1540 Christi,et
3501 1473 3610 1542 jam
3638 1474 3827 1531 desine

3534 1562 3586 1633 [η
3594 1574 3755 1618 ostra:

2425 1649 2680 1706 Invidiam
2720 1649 2955 1707 conﬂare
2990 1651 3214 1720 anima),
3252 1653 3393 1723 quod
3423 1653 3493 1708 sit
3536 1653 3698 1720 Deus,
3735 1667 3824 1711 aut

3587 1745 3752 1816 [quod

2251 563 2355 619 940

2250 1105 2357 1162 915

754 1836 962 1890 Ftaude
985 1848 1195 1898 carens,
1219 1833 1362 1886 omni
1385 1833 1660 1900 culparum
1683 1833 1964 1901 aspergine
1993 1832 2147 1886 liber.
2182 1838 2223 1897 Β
2254 1831 2359 1890 950
2434 1833 2612 1890 Portio
2640 1849 2807 1904 parva
2838 1834 2955 1903 Dei,
2981 1848 3101 1890 cum
3131 1835 3344 1892 Christo
3368 1836 3644 1892 abscidere
3671 1838 3824 1905 quid-

758 1925 893 1993 Quid
926 1932 1263 1995 peccatorum
1294 1923 1535 1994 prosapia
1566 1937 1790 1992 corpore
1820 1922 1872 1976 in
1904 1922 2030 1986 illo,

3551 1941 3752 2000 inuam.

1853 2011 2138 2067 CLUSSIE
2179 2009 2511 2067 VETERES.

640 2109 764 2162 924.
789 2108 934 2170 lude,
961 2109 1022 2161 de
1043 2107 1357 2173 baptismate.
1388 2133 1456 2144 —
1478 2103 1782 2167 Generatio,
1814 2102 2073 2173 baptismi,
2103 2101 2142 2156 1.

641 2179 764 2232 9‘25.
801 2179 1032 2242 llluvies,
1057 2171 1396 2240 immunditia,
1430 2173 1676 2244 pollutio,
1709 2172 1931 2238 macula,
1965 2171 2006 2226 Ι.

641 2247 766 2302 9°26.
802 2248 1024 2310 l’erlusi,
1054 2263 1198 2300 sacro
1223 2246 1446 2307 lavacro,
1487 2243 1524 2296 1.

642 2319 766 2371 9'27.
794 2317 1086 2378 Materiam,
1114 2317 1443 2379 occasionem,
1476 2313 1517 2366 1.

641 2388 764 2441 928.
796 2385 998 2457 Sodali,
1031 2387 1250 2457 corpori,
1279 2385 1439 2457 carni,
1470 2383 1512 2436 Ι.

639 2457 764 2511 929.
796 2450 1156 2522 incentivum,
1200 2455 1510 2509 incendium.
1540 2480 1607 2493 —
1630 2450 1860 2519 Ambas,
1909 2458 2143 2519 naturas,

573 2528 754 2578 anima:
773 2534 818 2578 et
846 2526 1088 2593 corporis,
1122 2525 1164 2580 l.

641 2596 763 2649 950.
791 2589 966 2648 Mente
997 2595 1096 2648 sub
1124 2609 1247 2658 una,
1280 2592 1369 2644 sub
1401 2607 1503 2646 una
1531 2591 1808 2656 voluntate,
1839 2589 1878 2644 1.

642 2665 767 2717 959..
795 2663 1070 2732 Crucibus,
1093 2667 1273 2732 poenis,
1306 2661 1347 2715 l.

641 2733 764 2787 955.
791 2732 933 2785 lnnm
954 2731 1036 2798 ui,
1059 2729 1178 2800 quia
1198 2731 1336 2785 solus
1365 2730 1452 2783 ille
1479 2730 1587 2784 sine
1618 2740 1818 2796 pecea'o
1843 2730 1960 2800 fuit,
1993 2729 2034 2784 1.

639 2802 762 2858 954.
795 2802 1118 2871 Exp'tsitatn,
1149 2803 1544 2869 manifestatum,
1581 2801 1862 2863 liberatam,
1893 2800 1932 2853 l.

638 2873 760 2928 955.
795 2872 1096 2940 Expositatn
1124 2911 1140 2936 ,
1192 2872 1388 2934 datam,
1434 2883 1723 2939 expertem,
1759 2871 1833 2924 vel
1872 2873 2142 2939 jactatam.

2252 2133 2324 2147 -υ
2346 2102 2708 2174 Contactibus,
2733 2103 3125 2174 pollutionibus,
3154 2107 3198 2161 Ι.

2325 2174 2447 2245 950.
2483 2173 2851 2245 intemeratus,
2876 2175 3156 2245 integertl.

2326 2241 2450 2296 958.
2481 2243 2752 2312 Prosapia,
2775 2241 3056 2313 generatio,
3091 2244 3130 2297 l.

2321 2313 2446 2367 959.
2481 2313 2730 2376 Satelles,
2757 2329 2966 2378 sequax,
2998 2314 3036 2367 I.

2309 2382 2447 2505 311.
2475 2382 2678 2505 fassis,
2701 2384 2890 2450 vacuis,
2917 2383 3170 2438 inanibus.
3201 2413 3270 2423 —
3289 2382 3509 2452 Nervis,
3531 2385 3640 2441 sine
3677 2387 3822 2456 forti-

2346 2467 2442 2505 me.
2505 2491 2520 2505 .

2251 2453 2442 2514 tudine,
2478 2453 2520 2508 Ι.

2324 2521 2447 2575 942.
2469 2520 2809 2593 Concideret,
2832 2522 3051 2577 caderet.
3067 2553 3137 2562 —
3158 2519 3391 2592 Sterilis,
3413 2524 3602 2593 inanis,
3630 2526 3824 2582 scilicet

2249 2591 2345 2644 illa
2374 2606 2529 2644 mors.
2559 2618 2631 2630 —
2660 2590 2883 2653 Fomitc,
2915 2594 3220 2647 nutrimento
3239 2633 3254 2658 ,
3284 2595 3326 2649 l.

2472 2661 2662 2715 Pastus
2682 2701 2697 2721 .
2727 2663 2942 2732 genitus,
2973 2662 3012 2716 Ι.

2316 2730 2440 2784 946.
2477 2731 2658 2800 Arida,
2682 2730 2817 2784 mors
2836 2770 2850 2794 ,
2883 2731 2922 2785 1.
2945 2761 3016 2771 -
3043 2731 3280 2798 Pastum,
3308 2743 3588 2800 peccatum,
3615 2733 3747 2788 Mar.

2317 2800 2443 2876 947.
2472 2799 2716 2876 Suscipe,
2747 2800 2965 2876 lionora.
2991 2831 3061 2876 τ-
3084 2799 3426 2876 lnculpabile,
3453 2804 3565 2858 sine
3587 2805 3761 2876 culpa,
3778 2803 3819 2858 l.

2317 2871 2441 2927 9t9.
2485 2870 3107 2944 lnvidiam,injustitiam.
3142 2871 3186 2928 l.

1915 2976 2472 3035 COMMENTARIUS.

571 3113 596 3150 s
625 3095 851 3150 secunda
871 3108 1027 3149 manu
1055 3095 1218 3148 illato.
1243 3095 1298 3149 In
1326 3093 1441 3149 Vat.
1470 3093 1509 3148 Β
1535 3101 1666 3156 erat,
1694 3094 1896 3148 ducitur
1923 3094 1977 3147 in
2003 3094 2130 3160 tuto,
2168 3097 2212 3160 C
2246 3093 2447 3149 sciolus
2479 3107 2575 3162 pro
2607 3093 2753 3148 Iesus
2783 3094 2957 3160 posuit
2987 3093 3115 3162 ipse.

535 3211 540 3214 .
570 3166 663 3221 sed
709 3167 902 3220 factum
951 3167 1140 3218 dicitur
1178 3167 1230 3218 in
1259 3165 1384 3226 luto,
1421 3167 1470 3218 in
1498 3164 1620 3217 Vat.
1655 3164 1729 3231 Ω,
1779 3165 1945 3229 illata,
1991 3166 2131 3231 quod

572 3239 800 3301 retineo,
824 3252 852 3288 a
882 3237 1046 3290 verbo
1085 3235 1234 3299 illuc,
1267 3251 1296 3288 a
1324 3225 1428 3302 quo
1456 3235 1613 3287 etiam
1645 3225 1726 3286 est
1753 3225 1951 3287 illuvies
1982 3225 2138 3301 paulo

570 3315 723 3375 post,
774 3306 1015 3373 quamvis
1047 3308 1369 3375 recentiores
1416 3304 1793 3375 malinti'toto.
1847 3304 1945 3375 Pro
1992 3304 2139 3357 itluto

574 3372 814 3428 nonnulli
845 3376 1084 3429 scribunt
1129 3375 1312 3428 inluta.
1346 3374 1401 3427 ltt
1432 3373 1665 3427 Arnobzo
1696 3373 1788 3426 πει).
1829 3388 1844 3426 t
1882 3372 2139 3427 adversus

570 3454 756 3563 gbente?
786 3445 998 3563 ltegitur,
1031 3445 1129 3510 Qui
1157 3459 1246 3513 per
1273 3444 1544 3498 altissimos
1565 3444 1788 3513 gurgites
1813 3446 1987 3512 pedem
2006 3444 2137 3513 fere-

607 3524 656 3563 αι
679 3530 727 3563 m
753 3530 784 3563 u
801 3530 915 3563 .um.

574 3516 656 3567 bat
679 3515 915 3565 inlutum.

645 3583 767 3635 924.
802 3583 1132 3647 Pelagianos,
1166 3589 1418 3649 negantes
1441 3589 1712 3648 peccatum
1740 3579 2012 3647 originale,
2045 3596 2134 3635 re-

573 3651 704 3704 fell'.t
730 3666 793 3705 ex
818 3651 1100 3720 baptismo,
1125 3666 1230 3720 quo
1255 3653 1604 3715 renascimur,
1634 3655 1813 3718 utique
1832 3652 2019 3704 mortui
2045 3665 2139 3719 per

573 3730 883 3788 peccatum,
931 3721 1069 3786 quod
1124 3737 1190 3775 ex
1237 3720 1424 3774 Adami
1475 3720 1698 3775 crimine
1751 3721 2135 3776 contraximus.

573 3790 706 3843 Vide
735 3790 789 3844 S.
825 3791 1176 3859 Augustinum
1207 3800 1260 3843 et
1290 3789 1583 3858 theologos.

641 3859 764 3914 927.
798 3858 988 3914 Fontes
1018 3863 1216 3928 peccati
1244 3859 1297 3912 in
1321 3873 1482 3913 carne
1507 3867 1609 3924 est,
1636 3867 1688 3912 et
1710 3858 1761 3912 in
1791 3872 1951 3913 carne
1974 3859 2134 3912 etiam

570 3940 690 3998 post
717 3929 1046 3998 baptismatis
1094 3929 1367 3983 lustratum
1400 3931 1594 3982 undam
1649 3937 1906 3982 remanet.
1957 3928 2134 3982 Nihilo

570 4008 744 4054 tamen
776 3999 951 4053 minus
995 3998 1168 4052 anima
1209 4000 1320 4067 ipsa
1350 4008 1568 4066 peccat,
1610 4001 1854 4067 quamvis
1879 4014 1908 4051 a
1940 4012 2137 4052 concu-

569 4069 840 4132 piscentiae
882 4069 1146 4123 illecebris
1190 4069 1254 4122 ad
1286 4077 1557 4137 peccatum
1596 4069 1839 4121 trahatur
1877 4069 2041 4136 :qnia
2084 4077 2136 4121 ct

572 4139 739 4192 libere
785 4147 972 4204 peccat
997 4179 1012 4202 ,
1053 4147 1106 4191 et
1135 4153 1274 4208 saepe
1303 4138 1747 4208 concupiscentia:
1773 4137 1878 4208 vim
1907 4137 2048 4190 acuit
2085 4146 2139 4190 et

571 4208 830 4261 accendit.
863 4209 994 4262 llinc
1028 4223 1183 4276 poena
1211 4206 1422 4276 corpori
1453 4218 1507 4262 et
1535 4207 1726 4260 animae
1763 4206 2031 4275 sapienter
2055 4216 2138 4262 est

571 4280 875 4330 constituta.

640 4347 764 4401 928.
796 4347 849 4399 ln
874 4345 1053 4415 Prag.,
1089 4346 1293 4408 sodale;
1324 4346 1372 4399 in
1401 4346 1542 4409 ηιμ,
1573 4346 1784 4399 sodalis.

639 4417 765 4470 929.
800 4417 854 4470 1η
886 4414 1154 4470 nonnullis
1195 4417 1343 4479 edd.,
1375 4415 1615 4482 impleat;
1643 4420 1850 4475 corrige
1878 4414 2124 4484 implicat.

571 4483 885 4538 Incentivum
923 4485 1238 4552 adjectivum
1292 4486 1544 4539 Varronis
1588 4494 1698 4549 est,
1740 4483 2126 4538 snbstantivnm

570 4558 798 4609 auctoris
849 4557 1148 4624 panegyrici
1177 4555 1528 4609 Constantino
1575 4555 1738 4618 dicti,
1787 4554 2128 4623 llieronymi,

569 4625 892 4693 Symmachi,
924 4626 1210 4678 Ammiani.

639 4696 763 4748 951.
789 4696 1031 4746 Animam
1062 4696 1179 4761 igne
1205 4695 1436 4762 torqueri
1463 4735 1477 4757 ,
1514 4693 1753 4760 quamvis
1777 4690 1845 4745 sit
1883 4691 2132 4759 spiritua-

570 4763 658 4826 lis,
703 4764 891 4816 docent
921 4765 1018 4817 SS.
1046 4763 1229 4816 Patres
1253 4774 1306 4817 et
1338 4764 1590 4831 theologi,
1623 4777 1922 4830 quanquam
1949 4763 2130 4815 nescio

571 4847 664 4883 cur
695 4833 806 4883 huic
835 4833 1162 4892 consuetudo
1188 4834 1424 4894 invaluit,
1459 4844 1510 4885 ut
1541 4834 1820 4900 theologos
1849 4846 1875 4883 a
1898 4833 1995 4886 SS.
2035 4832 2133 4885 Pa-

575 4902 741 4954 lt‘ibUs
763 4900 1126 4953 dascernamus
1147 4941 1161 4963 ,
1193 4917 1292 4956 nec
1320 4903 1681 4970 theologorum
1724 4901 1936 4955 nomine
1978 4901 2132 4970 vulgo

571 4969 670 5024 SS.
701 4971 882 5022 Patres
911 4972 1425 5036 comprehendamus
1459 4988 1470 5024 :
1507 4969 1624 5024 nam
1672 4971 1725 5024 lii
1775 4970 2000 5024 maxime
2023 4969 2131 5024 veri

572 5049 696 5093 siint
728 5039 978 5106 theologi.
1006 5039 1131 5101 Sed,
1161 5048 1218 5091 nt
1245 5041 1472 5104 aiebam,
1505 5041 1855 5106 qumstioncm
1894 5040 1960 5093 de
2015 5040 2133 5107 igne

569 5125 675 5177 quo
705 5109 896 5161 anima:
934 5107 1236 5161 cruciantur
1291 5111 1502 5176 utrique
1530 5112 1766 5176 agitant,
1801 5119 1854 5162 ct
1892 5110 2132 5162 nonnihil

566 5195 594 5232 a
621 5179 772 5232 nobis
797 5193 856 5231 ea
888 5177 954 5232 de
985 5194 1040 5231 re
1067 5177 1263 5231 dictum
1297 5187 1378 5231 est
1407 5181 1456 5231 in
1488 5179 1687 5247 proleg.
1723 5194 1866 5231 num.
1894 5179 2016 5232 167.

636 5251 758 5302 952.
783 5247 837 5301 ln
865 5248 980 5301 Vat.
1006 5248 1047 5299 A
1071 5257 1212 5302 recte
1234 5247 1425 5301 laetum
1449 5248 1680 5301 crucibus
1705 5264 1770 5301 ex
1798 5248 2128 5315 cruciatibus,

566 5333 682 5385 qum
705 5329 785 5371 cst
808 5318 1005 5386 glossa.
1038 5315 1165 5370 Nam
1198 5333 1397 5369 crucem
1422 5358 1437 5384 ,
1470 5327 1524 5372 et
1553 5318 1685 5387 afﬁgi
1715 5319 1852 5370 cruci
1881 5332 1978 5386 pro
2017 5335 2133 5371 cru-

565 5394 700 5441 riatu
751 5397 802 5441 et
833 5388 1045 5458 cruciari
1072 5387 1272 5458 accipi,
1309 5387 1482 5458 dicam
1519 5387 1583 5441 ad
1618 5391 1871 5458 hymnum
1899 5390 1956 5441 S.
1992 5387 2134 5442 Lau-

564 5460 742 5518 rentii,
772 5472 911 5515 vers.
957 5457 1045 5510 21.
1075 5457 1279 5516 Heins..
1307 5457 1494 5512 Cham.
1533 5457 1782 5512 mendum
1819 5473 1910 5512 nos
1958 5458 2131 5514 librat.

564 5595 608 5649 Ν
633 5528 756 5580 955.
781 5524 1015 5580 Gilanius
1040 5542 1106 5581 ex
1131 5531 1290 5583 veteri
1314 5528 1498 5583 codice
1519 5537 1745 5598 gestatur
1769 5541 1865 5596 pro
1887 5537 2129 5598 gestator.

613 5613 677 5648 Ott
705 5609 919 5649 sequor.

613 5613 677 5648 on
705 5609 919 5664 sequor.

632 5664 752 5716 935.
789 5665 964 5729 Prag..
1009 5665 1288 5731 expositam
1317 5667 1688 5730 contractibus,
1748 5676 1803 5723 ut
1832 5681 1972 5722 vers.
2002 5666 2129 5722 989.

564 5733 750 5786 Melius
779 5733 1088 5787 contacibus
1142 5749 1241 5798 pro
1283 5737 1619 5802 contagione.
1666 5738 1721 5790 ln
1772 5740 1891 5792 Itat.
1941 5750 2131 5792 recens

2313 3165 2439 3234 958.
2470 3163 2626 3217 Adest
2649 3164 2733 3218 hic
2754 3179 2940 3219 versus
2962 3166 3012 3218 in
3038 3166 3189 3228 illam,
3224 3163 3341 3217 Vat.
3362 3163 3426 3231 Q,
3453 3163 3630 3234 Prag.,
3667 3164 3814 3231 Rat.,

2243 3233 2532 3304 etquidem
2562 3234 2680 3304 sine
2722 3234 2891 3304 litura
2925 3243 2975 3288 et
3007 3234 3193 3288 eadem
3223 3250 3379 3288 manu
3404 3274 3419 3292 .
3463 3235 3513 3287 in
3544 3233 3816 3304 plerisque

2244 3301 2478 3370 Weitzii,
2509 3303 2560 3356 in
2591 3301 2827 3356 Giselino
2855 3312 2908 3358 et
2936 3303 3074 3356 aliis.
3109 3305 3290 3357 Abest.
3333 3317 3362 3356 a
3405 3304 3504 3356 Put
3531 3301 3556 3368 ,ί
3577 3301 3814 3367 Thuan..

2241 3373 2441 3438 Oxon.,
2472 3373 2600 3428 Tor.
2629 3373 2856 3439 duobus,
2888 3373 3034 3438 Ald.,
3061 3373 3196 3434 PaL,
3224 3371 3380 3434 lirb.,
3403 3374 3556 3427 Alex.

2312 3443 2437 3497 959.
2479 3442 2608 3496 Alex
2641 3486 2656 3512 ,
2687 3442 2932 3512 quidquid
2958 3443 3011 3496 in
3044 3442 3294 3507 membris,
3322 3442 3542 3497 fortasse
3567 3443 3812 3513 quidquid

2246 3521 2291 3567 et
2320 3513 2371 3564 in
2398 3513 2653 3566 membris.

2312 3581 2435 3636 940.
2468 3581 2684 3644 Weitz.,
2713 3580 2850 3645 Gis.,
2897 3580 3062 3645 Gall.,
3093 3580 3372 3646 Tornaesq
3400 3580 3544 3644 Rat.,
3595 3581 3810 3635 homini.

2242 3650 2485 3719 Plerique
2499 3651 2903 3720 etvetuﬁstiores,
2920 3651 3158 3713 hominis,
3177 3651 3314 3720 quod
3333 3651 3486 3720 longe
3504 3651 3695 3704 melius
3706 3662 3782 3704 est
3795 3692 3809 3702 .

2312 3721 2437 3776 942.
2471 3720 2644 3788 Egm.,
2679 3719 2823 3786 Put.,
2851 3731 2905 3775 et
2931 3721 3066 3784 PaL,
3098 3719 3411 3774 conciderent
3433 3719 3648 3785 steriles,
3674 3722 3813 3789 quod

2243 3804 2347 3844 non
2374 3791 2630 3859 intelligo.
2671 3789 2796 3855 Alii,
2847 3791 3163 3853 concideret,
3191 3791 3376 3844 sterilis
3395 3793 3587 3858 peccati
3634 3791 3813 3858 fontite

2240 3859 2406 3925 nullo,
2439 3859 2538 3914 hoc
2563 3870 2644 3914 est
2671 3875 2848 3930 mors,
2878 3875 2995 3930 qum
3021 3860 3133 3928 ipsa
3178 3859 3367 3913 sterilis
3396 3860 3588 3914 dicitur
3622 3877 3634 3912 :
3689 3875 3812 3914 nam

2242 3930 2481 3997 sequitur
2507 3945 2642 3984 mors
2671 3927 2831 3982 alitur
2859 3927 3030 3996 culpa.

2312 4001 2436 4053 945.
2467 3998 2537 4054 Ut
2560 4013 2716 4066 supra
2740 3999 2937 4068 hymno
2961 3999 3360 4068 Exsequiarum,
3392 4013 3531 4052 vers.
3559 3997 3623 4052 l7
3645 4007 3700 4053 et
3722 3999 3810 4060 18.

2241 4068 2442 4191 qutere
2467 4078 2677 4123 mortem
2696 4107 2711 4132 ,
2745 4069 2816 4122 ita
2848 4085 2984 4123 nunc
3011 4080 3222 4123 mortem
3254 4069 3483 4123 consumi
3510 4070 3564 4121 in
3602 4083 3815 4139 corpore

2301 4147 2449 4191 mstt.

2301 4139 2449 4193 tristi.

2311 4207 2436 4261 947.
2468 4207 2586 4261 Vat.
2617 4207 2658 4262 A
2688 4213 2743 4261 et
2772 4207 2830 4272 Β,
2859 4208 3074 4272 suscipe.
3099 4208 3252 4266 Man.
3274 4208 3420 4274 Ald.,
3447 4205 3667 4270 Weitz.,
3699 4205 3813 4262 Gts.

2239 4283 2295 4400 3t
2321 4277 2557 4346 plerique
2577 4278 2792 4346 suspice,
2827 4278 2964 4346 quod
2987 4278 3163 4333 sensui
3210 4279 3377 4346 magis
3407 4284 3705 4346 congruere
3735 4279 3816 4329 vi—

2276 4357 2415 4400 etur.

2276 4357 2415 4401 eltll'.

2309 4417 2433 4471 918.
2459 4415 2580 4470 Pnt.
2605 4429 2700 4485 pro
2723 4416 2955 4483 virtutem
2983 4415 3140 4471 habet
3165 4425 3422 4470 naturam.
3456 4415 3655 4485 contra
3673 4423 3814 4469 stant

2159 4457 2208 4516 ι)
2236 4457 2415 4548 Alex:
2446 4457 2580 4539 Urb:
2607 4457 2662 4539 ἱι
2687 4485 2775 4538 alii
2802 4478 2968 4540 nostri
3001 4457 3119 4540 οιῖηἶ
3152 4486 3269 4541 Vat.
3301 4457 3354 4549 ῤ’
3367 4493 3422 4539 et
3442 4484 3620 4538 editis.

2307 4554 2433 4609 950.
2461 4554 2732 4609 lleinsiani
2755 4570 2940 4609 omnes
2959 4557 3292 4620 vetustiores,
3311 4555 3440 4618 Git.,
3459 4555 3638 4615 Alex.,
3655 4553 3809 4621 Urh.,

2237 4623 2354 4677 Vat.
2385 4626 2450 4691 Q.
2483 4624 2630 4688 Rat.,
2659 4623 2875 4689 Weilz.,
2907 4625 3180 4678 abscidere.
3206 4625 3329 4688 Alii,
3361 4623 3686 4677 abscindere.
3723 4625 3809 4677 Ni-

2234 4693 2307 4748 lnl
2352 4696 2552 4764 minus,
2575 4694 2953 4764 cogitaveram,
2996 4709 3151 4764 quam
3185 4702 3243 4747 ut
3274 4697 3374 4764 hoc
3400 4693 3520 4747 loco
3546 4693 3615 4746 de
3639 4695 3804 4753 cultu,

2231 4773 2287 4832 et.
2337 4765 2470 4819 testo
2493 4763 2590 4819 SS.
2625 4761 2815 4818 Cordis
2838 4761 3028 4826 Jesns,
3047 4764 3185 4831 quod
3239 4763 3443 4832 publica
3492 4765 3810 4815 auctorita'e

2233 4831 2414 4886 Roma:
2467 4832 2864 4900 innumerisqne
2892 4834 3012 4886 aliis
3040 4834 3092 4886 ii
3125 4831 3441 4886 dioacesibus
3487 4832 3806 4894 celebratur,

2233 4903 2392 4956 verba
2425 4903 2549 4955 mihi
2583 4910 2764 4957 essent
2801 4902 3061 4967 facienda,
3095 4905 3392 4969 praesertim
3420 4916 3540 4954 cum
3564 4901 3677 4968 jam
3705 4902 3808 4969 pri-

2234 4973 2353 5028 dem
2383 4986 2540 5026 causa
2568 4973 2709 5025 ﬁnita
2743 4973 2834 5024 sit.
2866 4973 2971 5025 Sed
3020 4973 3239 5026 omnino
3293 4981 3470 5024 lacere
3517 4985 3626 5024 non
3663 4971 3809 5033 licet,

2238 5041 2664 5110 quandoquidem
2689 5055 2874 5095 recens
2899 5041 3164 5107 interpres
3190 5041 3328 5093 male
3352 5040 3699 5094 Prudentium
3735 5043 3812 5093 in-

2237 5111 2465 5174 tellexit,
2519 5110 2756 5178 subjecta
2786 5110 2884 5164 hac
2936 5120 3061 5164 nota
3090 5111 3268 5164 verbis
3293 5111 3419 5172 illis,
3445 5124 3547 5164 cut
3585 5123 3812 5164 cuatsro

2236 5196 2520 5234 sascrnsns
2565 5195 2826 5242 oumouau
2861 5178 3049 5245 :IIaac,
3096 5181 3289 5248 inquit,
3320 5180 3488 5242 velim,
3542 5180 3810 5232 attendant

2235 5251 2467 5303 nonnulli
2523 5267 2585 5304 ea;
2639 5250 2894 5302 hodiernis
2934 5250 3040 5304 SS.
3071 5249 3254 5302 Cordis
3273 5249 3400 5302 Jesu
3425 5249 3726 5313 cultoribus,
3753 5264 3813 5301 ne

2235 5319 2357 5372 dum
2382 5320 2670 5373 vividtorem
2692 5321 2741 5370 in
2770 5335 2821 5370 se
2846 5319 2968 5388 ipsis
2993 5329 3040 5372 et
3063 5319 3115 5371 in
3142 5320 3258 5371 aliis
3280 5334 3401 5388 erga
3431 5316 3692 5372 Christum
3722 5318 3813 5370 Je-

2235 5405 2347 5441 sum
2373 5388 2609 5456 affectum
2633 5389 2853 5441 excitare
2891 5387 3118 5452 student,
3144 5387 3348 5452 corpus
3376 5392 3508 5456 ejus,
3536 5396 3582 5439 et
3609 5403 3812 5440 carnem

2236 5458 2542 5521 dividentes,‘
2560 5469 2601 5511 et
2626 5459 2677 5510 in
2705 5458 2871 5526 frusta
2899 5467 3146 5520 secantes,
3181 5459 3438 5524 oculisque
3459 5457 3809 5517 subiicientes.

2233 5529 2432 5606 vict-ttat
2458 5528 2676 5606 unitatis
2695 5537 2740 5580 et
2769 5529 3072 5606 integritatis
3079 5527 3172 5606 “rei
3189 5538 3516 5606 peraguntur.
3544 5526 3657 5594 Ego
3687 5539 3814 5580 vero

2237 5599 2468 5654 maxime
2496 5595 2716 5651 attendo
2756 5606 2811 5650 ct
2855 5595 3032 5662 video,
3077 5595 3420 5650 Prudentium
3475 5608 3810 5663 nequaquam

2237 5679 2396 5733 agere
2421 5667 2488 5719 de
2510 5665 2705 5720 Christi
2736 5680 2980 5732 corpore,
3029 5666 3126 5720 sed
3148 5666 3337 5720 Christi
3366 5665 3584 5719 nomine
3620 5665 3811 5719 intelli-

2235 5749 2364 5802 gere
2421 5735 2674 5801 Vcrbum,
2724 5745 2778 5790 et
2828 5734 3182 5803 divinitatem,
3216 5744 3274 5788 ut
3299 5750 3441 5790 vers.
3468 5735 3536 5791 9.9
3567 5737 3799 5802 Apella:
