4090 6192
274 290 372 343 997

449 397 511 450 Ει
539 406 783 448 resecare
816 392 923 445 Deo
945 398 1167 459 partem,
1194 388 1275 443 vel
1304 402 1521 457 carpere
1548 397 1748 441 tantum

448 487 652 540 Numen
676 499 781 536 non
808 482 987 545 liceat,
1006 482 1215 547 plenum
1241 480 1339 533 sibi
1361 494 1592 547 semper,
1610 489 1662 533 et
1688 480 1736 531 in
1762 492 1839 532 se.

520 577 611 630 Est
626 588 801 641 opera:
818 573 1043 641 pretium
1063 570 1303 625 nebulosi
1324 570 1583 639 dogmatis
1603 578 1705 621 um‘
1731 582 1846 621 ram

449 665 612 738 484
646 663 903 729 Prodere,
948 677 1108 732 quam
1156 671 1342 715 tenues
1381 660 1542 715 atomi
1591 672 1847 727 compage

1554 751 1776 823 [minuta

275 851 380 905 θῖὶὸ
458 847 742 901 instituunt
768 860 781 895 :
810 842 903 897 sed
935 855 1083 896 cassa
1113 841 1275 909 cadit,
1307 850 1569 911 ventoque
1607 840 1848 911 liquescit

454 937 740 1003 Assimilis,
770 937 918 989 ﬂuxu
950 949 1049 988 nec
1079 949 1138 989 se
1166 942 1430 989 sustentat
1457 933 1622 987 inani.

457 1031 671 1086 Aerium
703 1027 1024 1081 Manichmus
1048 1026 1121 1079 ait
1146 1027 1261 1081 sine
1283 1041 1507 1093 corpore
1529 1040 1653 1079 vero

460 1120 811 1175 Pervolitasse
860 1118 1046 1179 Deum,
1096 1116 1320 1170 mendax
1371 1118 1715 1183 phantasma,
1761 1128 1847 1168 ca-

1534 1208 1779 1278 [vamque

459 1302 710 1371 Corporis
735 1298 987 1368 efﬁgiem,
1014 1298 1086 1352 nil
1116 1298 1500 1353 contrectabile
1540 1298 1845 1352 habentem.

460 1396 536 1448 Ac
564 1392 787 1461 primum
819 1401 1019 1457 Specta,
1050 1404 1115 1442 au
1145 1388 1332 1442 deceat
1373 1389 1655 1457 quidquam
1687 1388 1849 1442 simu-

459 1483 741 1550 Assignare
766 1480 897 1544 Deo,
920 1479 1072 1545 cujus
1096 1494 1239 1533 mera
1267 1480 1433 1547 gloria
1462 1478 1581 1532 falsi
1660 1478 1847 1550 [latum

465 1573 543 1627 Nil
578 1571 764 1639 recipit
789 1588 800 1622 :
826 1570 1079 1624 membris
1102 1569 1187 1622 hic
1212 1583 1269 1623 se
1299 1568 1574 1623 fallacibus
1595 1578 1781 1637 aptans

464 1664 708 1729 Fingeret
730 1674 846 1714 esse
874 1659 1140 1713 hominem
1164 1667 1386 1713 ventosa
1412 1658 1668 1713 subdolus
1700 1658 1850 1714 arte?

460 1752 705 1809 Mentitus
731 1751 908 1813 toties,
932 1764 1050 1804 cum
1074 1750 1294 1818 diceret,
1331 1749 1644 1804 inveteratis

279 1394 387 1450 960

1659 282 1697 332 Α
1710 276 2101 334 POTIIEOSIS.

1884 1742 1934 1802 B

3409 275 3512 334 993

1859 394 1912 453 Α
1937 390 2039 445 965
2115 389 2189 443 Do
2219 389 2423 443 veniam
2457 387 2678 452 morbis,
2719 388 2878 442 simul
2907 396 2961 444 et
2987 398 3200 457 peccata
3234 391 3471 445 remitto.

2125 478 2286 549 485
2316 478 2479 533 Filius
2520 486 2602 532 est
2648 476 2900 541 hominis,
2944 488 3146 547 pestem
3189 479 3279 548 qui
3318 480 3518 549 pellere

3226 569 3444 642 [cat-nis,

2124 662 2188 715 Et
2208 660 2468 715 scelerum
2500 674 2667 716 nexus
2696 661 2906 728 laxare,
2931 676 2993 716 ae
3022 662 3231 717 solvere
3257 664 3441 731 possit.

2120 750 2289 819 Surge
2312 749 2517 817 valens,
2541 764 2700 820 surge
2732 754 3016 820 innocuus,
3041 752 3149 822 jam
3179 754 3306 808 tolle
3327 753 3514 823 graba-

3287 847 3444 918 [tum,

2126 934 2288 989 Filius
2316 933 2416 989 hoc
2446 936 2678 990 hominis
2703 936 2881 1005 iubeo.
2914 935 3183 1005 Dignusne
3213 936 3443 1000 videtur,

1949 1024 2055 1080 970
2128 1024 2228 1090 Qui
2261 1025 2407 1079 testis
2430 1027 2531 1081 sibi
2557 1026 2648 1091 sit,
2680 1041 2867 1095 seque,
2899 1040 2961 1080 ac
3002 1040 3095 1079 sua
3122 1041 3313 1080 carnea
3341 1028 3519 1081 norit?

2123 1114 2281 1180 Quid,
2305 1130 2423 1168 cum
2453 1115 2761 1183 discipulos,
2792 1114 3021 1170 hominis
3046 1116 3170 1184 quid
3195 1116 3357 1169 Filius
3378 1126 3523 1171 esset

2127 1206 2405 1269 Passurus,
2440 1205 2546 1261 ﬁdo
2573 1207 2681 1274 jam
2716 1207 2967 1274 praescius
2992 1222 3086 1261 ore
3118 1209 3400 1261 monebat?

2130 1295 2318 1350 Nonne
2345 1296 2627 1361 fatebatur,
2659 1311 2716 1349 se
2755 1310 2874 1349 cum
2908 1297 3102 1350 virtute
3130 1306 3349 1364 paterna

2130 1384 2261 1439 Esse
2298 1384 2566 1439 hominem
2598 1387 2810 1439 verum?
2839 1385 2976 1453 quod
3009 1385 3054 1438 si
3084 1401 3190 1438 non
3235 1385 3418 1446 credo.
3448 1386 3523 1441 le-

3275 1475 3451 1546 [felliL

1954 1568 2060 1623 975
2132 1567 2190 1624 Si
2221 1578 2406 1622 natura
2442 1566 2531 1620 Dei
2562 1580 2681 1634 quae
2707 1565 2794 1631 sit,
2827 1563 3135 1631 Manichmc,
3160 1565 3420 1635 requiris:

2129 1658 2297 1712 Omne
2325 1655 2465 1725 quod
2494 1664 2595 1721 est,
2631 1670 2813 1710 verum
2845 1663 2963 1721 est;
2996 1670 3115 1709 nam
3162 1654 3205 1708 si
3237 1654 3526 1709 mendosus

3159 1746 3285 1818 [agit
3308 1746 3454 1815 quid,

1576 1837 1857 1895 GLOSSAS
1895 1835 2228 1893 VETERES.

357 1933 483 1988 955.
524 1932 711 2000 Opera:
743 1932 991 2000 pretium,
1027 1944 1220 1983 necesse
1244 1936 1323 1986 vel
1341 1943 1647 2000 congruum,
1684 1928 1724 1982 Ι.

356 2004 479 2058 954.
524 1999 770 2063 Prodere,
804 2001 1044 2069 detegere.
1076 2028 1144 2037 —-
1172 1999 1374 2069 Atomi,
1405 2000 1579 2069 dicunt
1611 1999 1853 2062 hwretici,

282 2075 421 2144 quod
446 2073 753 2144 omniaun
780 2078 915 2144 sunt,
960 2085 1022 2122 ex
1058 2068 1149 2120 illa
1191 2068 1433 2120 inanitate
1456 2068 1692 2144 formata
1740 2078 1854 2144 sunt

283 2137 397 2209 qua:
425 2152 530 2194 erat
560 2141 627 2192 ibi
659 2141 742 2191 ubi
767 2139 1135 2209 utotlorestaer,
1160 2146 1205 2189 et
1224 2154 1285 2190 ea:
1309 2137 1493 2189 atomis
1515 2147 1727 2209 quatuor
1752 2138 1854 2191 ele-

284 2207 459 2266 menta
504 2212 741 2279 formata.
804 2208 869 2260 Et
916 2208 1037 2279 inde
1078 2222 1226 2259 omne
1275 2222 1465 2279 corpus
1513 2207 1853 2279 phantasma,

285 2276 777 2346 mumm'appareo;
821 2279 936 2330 inde
982 2277 1338 2347 phantasmata
1392 2276 1539 2347 falsa:
1590 2277 1854 2347 imagines,

286 2368 399 2421 qua:
428 2345 1001 2421 hominibusapparem.
1028 2375 1099 2387 —
1126 2345 1344 2414 Minuta,
1372 2346 1570 2415 gracili,
1604 2345 1644 2399 l.

359 2420 484 2475 955.
517 2418 675 2473 Cassa
708 2418 921 2483 inutilis,
947 2415 989 2468 Ι.

2035 1926 2158 1981 961.
2194 1926 2358 1990 Mera,
2391 1941 2541 1996 pura.
2565 1955 2635 1965 —
2664 1924 2826 1990 Falsi,
2857 1924 3118 1994 falsitatis,
3148 1926 3188 1979 l.

2035 1996 2154 2051 962.
2187 1996 2457 2057 Membris,
2487 2013 2575 2057 an,
2602 1996 2640 2048 l.

2032 2066 2154 2119 965.
2194 2066 2438 2128 Ventosa,
2471 2066 2633 2128 inani,
2659 2064 2780 2118 Vat.
2813 2064 2876 2119 Β.

2028 2134 2154 2189 964.
2198 2135 2528 2199 lnveteratis,
2561 2136 2613 2186 in
2638 2137 2785 2187 veteri
2806 2134 3007 2189 homine
3032 2136 3304 2204 conceptis,
3341 2136 3379 2189 Ι.

2035 2206 2159 2259 970.
2189 2207 2413 2269 (.Iarnea,
2443 2204 2684 2267 membra,
2713 2204 2752 2256 Ι.

2031 2275 2157 2329 972.
2189 2273 2339 2346 Fide,
2369 2275 2551 2327 veraci.
2580 2304 2653 2313 —-
2680 2274 2943 2346 Munebat,
2975 2274 3330 2346 interrogabat,
3373 2278 3408 2330 Ι.

2033 2346 2157 2400 975.
2190 2344 2435 2411 Paterna,
2459 2359 2700 2414 superna,
2730 2342 2770 2397 l.
2873 2350 2891 2361 ‘

1635 2501 2189 2559 COMMENTARIUS.

296 2600 407 2652 Hoc
440 2598 565 2651 vidit
597 2598 827 2668 princeps
854 2595 1083 2668 generosi
1110 2595 1311 2668 seminis
1345 2594 1554 2668 Abram,
1599 2592 1719 2645 Jam
1745 2603 1851 2647 tum

287 2671 487 2737 dignati
526 2662 681 2720 terras
712 2662 922 2719 inuisere
937 2662 1147 2737 _Chr_isti
1172 2662 1381 2737 Hospes
1411 2665 1580 2726 homo,
1617 2670 1671 2717 et
1707 2677 1849 2731 Stepe

287 2730 442 2792 alias.
486 2737 678 2791 Probat
717 2744 890 2789 autem
936 2732 1253 2787 Prudentius
1302 2736 1527 2786 animam
1568 2746 1670 2785 non
1732 2730 1851 2787 esSe

288 2809 591 2877 portionem
637 2806 751 2870 Dei,
795 2820 904 2857 cum
935 2802 1133 2877 Christo
1161 2800 1420 2855 abscidere
1446 2803 1737 2877 quidquam,
1785 2801 1850 2855 Et

288 2870 519 2931 resecare
560 2875 663 2928 Deo
713 2882 925 2943 partem,
955 2873 1031 2926 vel
1059 2886 1263 2943 carpere
1291 2880 1484 2943 tantum
1514 2870 1719 2923 Numen
1750 2886 1850 2923 non

288 2948 463 3000 liceat.
486 2946 581 2999 Hic
603 2942 742 2999 enim
765 2953 881 2996 erat
901 2942 1249 3011 quorumdam
1283 2942 1653 3011 liter-eticorum
1676 2955 1847 3004 error,

288 3019 522 3069 animam
550 3029 673 3068 esse
695 3009 1255 3080 partem‘substantite
1295 3009 1409 3077 Dei,
1450 3009 1541 3077 qui
1583 3024 1848 3080 nunquam

288 3086 625 3165 somniarunt
671 3079 959 3167 afﬁrmare
982 3079 1208 3167 auimam
1239 3091 1359 3167 esse
1399 3079 1706 3167 particulam
1740 3093 1852 3167 cor-
1878 3104 1924 3167 ρ

290 3157 438 3223 poris
459 3162 548 3207 aut
568 3152 742 3206 carnis
771 3150 983 3205 Christi.
1024 3150 1185 3217 Igitur
1206 3158 1295 3201 aut
1320 3148 1587 3202 Prudentii
1620 3158 1850 3223 mentem

290 3217 482 3279 recens
513 3225 771 3288 interpres
804 3235 907 3273 non
932 3226 1011 3272 est
1039 3226 1334 3288 assecutus,
1357 3226 1449 3288 aut
1479 3226 1585 3271 tota
1616 3217 1729 3288 ejus
1760 3231 1847 3288 ar-

289 3293 621 3362 gumentatio
652 3285 753 3344 huc
788 3289 1013 3362 denique
1050 3287 1238 3340 recidit
1270 3305 1281 3339 :
1314 3287 1643 3362 Prudentius
1659 3285 1853 3362 _ait_di-

293 3355 475 3416 vinam
507 3369 746 3415 naturam
775 3355 1000 3413 resecari
1025 3372 1127 3409 non
1146 3370 1328 3424 posse;
1359 3371 1484 3424 ergo
1506 3357 1590 3424 qui
1613 3355 1854 3410 SS.Cor-

291 3434 347 3487 di
370 3434 493 3485 Jesu
523 3431 719 3483 cultum
748 3428 1019 3490 exhibent,
1051 3436 1102 3479 et
1128 3427 1245 3493 ejus
1292 3426 1548 3492 imagines
1588 3425 1769 3491 quales
1799 3424 1849 3477 in

292 3500 534 3557 ecclesiis
549 3499 779 3553 ﬁdelium
800 3495 1126 3551 venerationi
1141 3504 1491 3563 exponuntur,
1510 3496 1849 3560 autpingunt,

293 3583 387 3625 aut
410 3572 553 3639 pingi
580 3569 785 3639 iubent,
806 3577 894 3639 aut
925 3567 995 3618 ita
1022 3565 1191 3639 pictas
1219 3564 1459 3627 adorant,
1487 3564 1854 3639 corpusntlhri-

293 3642 362 3695 sti
394 3633 450 3692 et
483 3633 694 3692 carnem
721 3636 979 3700 dividunt,
1012 3644 1065 3687 et
1093 3634 1142 3685 in
1169 3633 1332 3686 frusta
1362 3643 1543 3687 secant
1582 3633 1854 3702 oculisque

293 3709 605 3777 subjiciunt,
661 3706 910 3777 adeoque
945 3704 1166 3777 violatm_
1210 3704 1425 3777 unitatis
1462 3712 1513 3756 et
1541 3704 1855 3777 integritatis

293 3780 370 3832 rei
395 3771 572 3846 ili-regi
605 3771 847 3846 possunt}
871 3773 1056 3837 Nemo,
1084 3771 1291 3846 ορίηον»
1325 3771 1447 3825 huic
1481 3772 1852 3846 .είξ““θ⁰.¹¹ι¹⁰-¹Ρί

295 3841 649 3909 ΐίινὲὺὶιξηίἐί
676 3844 721 3899 si
749 3843 900 3897 malae
921 3856 1094 3896 causae
1120 3841 1266 3909 pejus
1294 3842 1644 3910 patrocinium
1679 3844 1725 3892 in
1758 3842 1853 3894 ali-

293 3931 403 3985 quo
429 3916 686 3969 advocato
716 3922 985 3985 quaeratur
1015 3928 1028 3965 :
1055 3926 1175 3964 nam
1215 3910 1490 3985 theologus
1536 3918 1849 3985 praeceptor,

294 3980 388 4053 qui
412 3999 505 4038 sua
536 3986 706 4037 studia
733 3980 851 4053 cum
878 3981 1146 4053 Advocato
1174 3980 1475 4053 coniungit,
1509 3981 1726 4053 minime
1758 3994 1855 4053 po-

295 4048 397 4109 t'uit
427 4054 738 4122 discipulum
767 4051 964 4122 docere
1007 4051 1141 4122 hanc
1166 4048 1422 4122 arguendi
1440 4049 1719 4122 rationem.
1758 4049 1856 4122 Ve:

299 4139 418 4178 rum
446 4118 735 4186 hmc'satis,
767 4121 908 4190 quod
929 4120 1115 4173 attinet
1142 4118 1207 4171 ad
1238 4119 1578 4190 Prudentium
1612 4133 1627 4190 ς
1653 4118 1754 4190 alia
1788 4118 1856 4187 (si

295 4196 428 4247 tanti
482 4202 562 4246 est
617 4187 951 4258 semisopitas
998 4190 1325 4258 quaestiones
1367 4187 1626 4255 excitare)
1658 4187 1858 4241 dabunt

294 4263 550 4316 Tetamus
578 4270 631 4315 et
657 4256 1220 4327 Marquezius,’quibus
1245 4256 1533 4327 adjungere
1559 4258 1688 4311 libet
1713 4258 1855 4310 Moz-

294 4334 437 4385 zium
479 4332 531 4385 in
565 4344 727 4398 opere
768 4326 872 4397 quo
911 4327 1030 4398 SS,
1051 4327 1237 4398 Cordis
1262 4326 1384 4379 Jesu
1415 4327 1612 4398 cultum
1640 4337 1857 4398 strenue

297 4396 709 4453 νίηᾱίνενὶιὶυὶ)
738 4396 983 4466 auspiciis
1011 4396 1327 4466 ﬁdelissima:
1354 4399 1548 4464 reginze
1578 4397 1858 4451 Lusitaniae

1958 2603 2071 2646 rent
2098 2592 2267 2657 facile.
2324 2592 2431 2647 Sed
2472 2590 2712 2646 Gifanitts
2740 2590 2854 2662 ipse
2897 2593 3110 2662 agnovit
3140 2593 3393 2648 Lucilium
3427 2596 3515 2654 lib,

1957 2677 2100 2734 xxvn
2132 2662 2230 2734 hac
2257 2675 2386 2716 voce
2409 2676 2563 2734 nsum
2588 2662 2778 2734 fuisse:
2802 2661 2976 2734 Idola,
3006 2673 3371 2734 atqueatomos
3402 2666 3532 2734 Epi-

1956 2733 2292 2805 curi_vinc_ere
2321 2733 2500 2805 velim.
2522 2730 2855 2805 Gra'cissans,
2886 2733 3053 2805 inquit
3073 2730 3338 2805 :Gil'anius.
3373 2737 3427 2787 id
3449 2730 3531 2805 Ῑε-

1956 2802 2023 2853 cit
2056 2800 2323 2853 Lucilius:
2354 2803 2502 2869 quasi
2528 2816 2654 2854 vero
2678 2816 2779 2854 vox
2836 2802 3018 2855 Latina
3042 2803 3111 2855 sit
3138 2811 3355 2859 atomus.
3386 2800 3529 2859 Prm-

1958 2877 2103 2924 tereo
2134 2872 2447 2935 AuSonium,
2482 2871 2836 2938 Apollinarem
2859 2870 3155 2935 Sidonium,
3186 2872 3443 2939 aliosque,
3474 2877 3527 2929 in

1955 2955 2177 3010 quorum
2201 2940 2525 2993 carminibus
2544 2939 2595 3010 id
2619 2955 2809 2994 nomen
2835 2940 3106 3010 inseritur.
3130 2941 3375 3010 Nontmlli
3407 2959 3522 3010 pro-

1955 3009 2117 3062 sodiae
2147 3010 2437 3075 scriptores
2483 3026 2514 3060 a
2552 3009 2603 3061 in
2633 3018 2830 3062 atomus
2880 3009 3094 3076 longum
3124 3009 3355 3063 ittdlCattt
3386 3009 3519 3066 :alii

1957 3092 2062 3148 non
2102 3080 2270 3132 solum
2324 3079 2484 3133 breve
2538 3081 2897 3148 pronuntiant,
2937 3079 3031 3132 sed
3069 3094 3255 3148 veram
3289 3083 3523 3148 regulam

1958 3147 2186 3219 tradunt,
2210 3151 2258 3200 in
2274 3149 2579 3219 compositis
2592 3146 2791 3219 Graecis
2810 3147 3237 3219 praepositionem
3256 3165 3285 3201 a
3304 3146 3515 3219 corripi,

1952 3226 2010 3269 ut
2060 3218 2111 3270 in
2157 3221 2349 3277 atheos.
2396 3217 2627 3285 apathos.
2678 3217 2868 3270 Putant
2895 3219 3053 3286 aliqui
3092 3218 3302 3271 Judmos
3345 3217 3517 3273 dictos

1951 3287 2163 3352 apellas,
2198 3287 2345 3354 quasi
2369 3289 2483 3340 sine
2508 3287 2661 3355 pelle,
2696 3296 2750 3339 et
2785 3287 3131 3341 nihilominus
3156 3297 3300 3341 recte
3321 3290 3516 3355 corripi

1953 3357 2174 3421 primam
2216 3356 2283 3409 ab
2324 3356 2560 3416 Horatio,
2590 3354 2773 3409 Credat
2812 3355 3029 3410 Judwus
3072 3357 3267 3423 Apella.
3317 3354 3524 3424 Oppor-

1953 3424 2131 3479 tunius
2170 3425 2308 3478 idem
2350 3423 2591 3479 Gifatiius
2641 3426 2891 3479 observat
2924 3437 3133 3479 atomos
3174 3443 3204 3479 e
3252 3423 3515 3483 sententia

1956 3493 2339 3561 Epicureorum
2400 3509 2519 3549 esse
2566 3496 2733 3561 prima
2765 3510 2941 3548 rerum
2970 3510 3215 3562 corpora,
3241 3512 3359 3563 qua:
3392 3514 3524 3551 nun-

1954 3577 2110 3631 quam
2136 3564 2243 3616 sint
2265 3566 2397 3629 visa,
2420 3573 2541 3618 sunt
2565 3573 2763 3627 tamen,
2792 3573 2845 3618 et
2866 3564 3032 3617 instar
3053 3565 3526 3622 ininutissimornm

1956 3632 2389 3699 pulvisculorum,
2422 3635 2471 3688 in
2495 3633 2607 3687 sole
2630 3637 2950 3698 vagantium,
2985 3634 3035 3687 in
3063 3634 3202 3687 inani
3229 3636 3521 3701 jact..ntur,

1957 3716 2061 3755 noo
2095 3716 2221 3755 vero
2253 3714 2373 3756 sunt
2405 3713 2645 3757 ramenta
2679 3703 2765 3756 illa
2786 3720 2901 3770 qua:
2933 3706 2984 3755 in
3007 3704 3120 3759 sole
3141 3706 3383 3758 militant.

2026 3770 2150 3825 956.
2175 3772 2301 3824 Mar.
2334 3787 2363 3824 a
2396 3774 2563 3838 prima
2597 3787 2776 3834 manu,
2799 3786 2851 3823 at
2882 3773 3083 3834 simi/is,
3119 3775 3274 3825 male.

2026 3840 2147 3893 958.
2180 3839 2365 3893 Canam
2383 3856 2477 3908 pro
2500 3842 2665 3907 inani,
2687 3841 2924 3909 pulchre.
2946 3843 3193 3897 Paulinus
3220 3843 3397 3911 Epith.
3427 3844 3521 3898 Ju-

1957 3908 2124 3980 lian“,
2148 3925 2268 3980 cat'a
2298 3911 2481 3980 mundi
2498 3908 2691 3980 gloria.
2821 3939 2832 3950 -

2033 3979 2155 4031 960.
2184 3978 2340 4048 Prag
2369 4017 2383 4041 ,
2415 3979 2482 4030 ad
2500 3978 2745 4048 primum.
2780 3980 2918 4048 Lege
2948 3997 3026 4033 ac.

2027 4048 2150 4102 763.
2182 4047 2299 4100 Vat.
2324 4051 2390 4112 A,
2421 4047 2605 4116 ﬁxerit,
2623 4051 2779 4115 male,
2803 4047 2896 4118 pro
2916 4049 3143 4121 ﬁngeret.
3176 4048 3362 4116 Aldus,
3378 4067 3521 4106 metu

1959 4117 2109 4181 dose,
2143 4128 2309 4171 ventos
2330 4134 2390 4169 ac
2413 4134 2507 4185 pro
2530 4128 2753 4171 ventosa.
2805 4117 2818 4118 ί
2919 4117 2923 4118 ⁷
2991 4117 3009 4121 ⁷
3530 4126 3536 4132 ’

2029 4187 2151 4241 964.
2187 4188 2352 4242 llat.a
2373 4188 2604 4242 secunda
2633 4203 2812 4255 manu,
2856 4189 3160 4243 inveteratis.
3196 4188 3374 4259 Prag.,
3399 4192 3521 4244 dum

1959 4271 2055 4326 pro
2081 4273 2217 4326 cum.

2030 4325 2154 4381 965.
2189 4326 2406 4381 Peccata
2434 4330 2682 4382 remittere
2708 4328 2914 4396 phrasis
2940 4327 3296 4383 ecclesiastica
3312 4345 3373 4382 ex
3404 4330 3491 4382 vul
3508 4360 3522 4372 ο

1959 4406 2079 4463 gata
2108 4399 2350 4451 versione
2370 4398 2682 4464 Bibliurum,
2708 4410 2761 4454 et
2784 4398 3022 4468 analogia
3044 4397 3319 4464 similium,
3351 4406 3521 4453 remit-

293 4470 663 4536 Mariaz,cujns
688 4464 1028 4536 pientissimze
1048 4464 1258 4519 [culinae
1284 4466 1336 4519 in
1369 4467 1619 4519 hoccultu
1645 4482 1854 4533 promo-
1888 4464 1936 4524 D
1964 4476 2066 4520 tere
2095 4483 2310 4536 pinnam,
2338 4477 2439 4522 etc.

296 4540 474 4593 vendo
505 4539 775 4607 pietatem,
804 4536 1111 4607 clarissimis
1140 4536 1497 4607 monumentis
1527 4544 1771 4607 testatam
1804 4545 1859 4589 et

295 4605 855 4677 praestantissimorum
892 4606 1153 4660 artiﬁcum
1180 4605 1420 4659 manibus
1466 4605 1856 4675 consignatam,

296 4676 439 4730 nulla
470 4677 664 4731 delebit
688 4676 908 4730 oblivio.

370 4747 495 4799 955.
528 4749 663 4799 Ante
694 4749 831 4799 hunc
858 4760 1070 4799 versum
1103 4744 1287 4798 titulus
1313 4753 1397 4799 est
1427 4744 1674 4796 Adversus
1702 4748 1865 4812 phan-

292 4819 609 4878 tasnwticos,
631 4817 717 4885 qui
749 4814 1003 4867 Christum
1030 4825 1211 4883 negant
1244 4830 1417 4885 verum
1441 4814 1865 4885 hominiscorpus

293 4886 550 4938 habuisse.
602 4882 672 4939 Ita
706 4884 821 4936 Vat.
874 4884 932 4948 Β,
964 4882 1117 4947 illam,
1153 4885 1295 4949 llat.,
1326 4884 1470 4947 Ald.,
1495 4882 1607 4936 Gis.
1664 4883 1862 4946 ludit”

292 4954 556 5009 Weitzius
577 4965 629 5008 et
657 4954 766 5007 alii.
793 4956 845 5007 ln
878 4957 1026 5007 Alex.
1054 4964 1107 5007 et
1140 4954 1253 5006 Vat.
1284 4959 1317 5005 Α
1345 4956 1494 5007 deest
1520 4954 1755 5005 hominis.
1803 4953 1858 5006 In

293 5025 452 5089 Urb.,
483 5024 707 5092 Erplicit
738 5023 1029 5091 Apotheosis
1052 5026 1291 5075 adversus
1319 5039 1488 5075 onmes
1520 5023 1749 5087 haereses,
1784 5024 1864 5075 in-

294 5096 422 5159 cipit
452 5091 689 5146 adversus
729 5092 1054 5145 Manichwos.
1090 5092 1194 5145 Alii
1240 5092 1569 5160 simpliciter,
1606 5091 1857 5145 Adversus

296 5163 763 5221 Phantasmaticos,
782 5165 919 5230 quod
952 5163 1170 5230 margini
1193 5161 1510 5216 Giscliuus?
1534 5163 1660 5214 edit.
1694 5177 1861 5231 appo-

291 5234 423 5287 suit.
460 5233 534 5286 De
552 5232 959 5285 Manichmorum
982 5233 1169 5285 haeresi
1192 5232 1353 5284 multa
1384 5231 1639 5300 historici,
1672 5240 1865 5299 etpas-

292 5304 397 5355 sim
445 5303 501 5357 S.
528 5306 850 5369 Augustinus
890 5303 942 5353 in
985 5301 1133 5354 lihris
1174 5302 1427 5354 adversus
1454 5300 1689 5352 eosdem.
1722 5301 1863 5354 Inter

295 5375 428 5424 alios
459 5373 597 5424 hunc
625 5386 864 5424 errorem
904 5369 1278 5437 defendebant,
1305 5384 1463 5439 quem
1489 5384 1630 5422 nunc
1661 5371 1863 5424 descri-

293 5442 372 5495 bit
390 5451 442 5494 et
462 5446 652 5495 evertit
681 5440 1018 5493 Prudentius.

364 5512 490 5563 954.
515 5510 756 5565 Gil‘anius
778 5511 831 5562 in
862 5509 1039 5564 Indice
1061 5508 1298 5575 Lucret.,
1334 5508 1494 5563 verbo
1523 5508 1717 5573 A'rom,
1768 5509 1866 5564 mi-

291 5590 463 5640 ratur.
490 5590 595 5633 tam
629 5579 864 5632 studiose
888 5580 1086 5633 vitasse
1111 5579 1282 5632 Titum
1324 5579 1620 5632 Lucretium
1652 5586 1751 5632 huc
1782 5580 1857 5632 uti

295 5650 559 5703 vocabulo
583 5667 597 5702 :
621 5647 802 5715 Credo,
833 5648 925 5716 ait,
972 5650 1089 5716 quia
1117 5665 1287 5702 versus
1316 5649 1447 5716 leges
1477 5666 1574 5702 non
1626 5649 1859 5703 admitte-

2035 4535 2159 4590 966.
2192 4536 2345 4604 Saepe
2377 4538 2427 4590 in
2463 4536 2748 4604 Evangelio
2769 4535 3008 4590 Christus
3037 4536 3175 4603 ﬁlius
3197 4537 3415 4591 hominis
3441 4539 3523 4591 di-

1964 4604 2121 4659 citur.
2177 4605 2306 4675 cur,
2356 4606 2524 4675 inquit
2570 4607 2907 4672 Prudentius,
2943 4608 3043 4661 nisi
3089 4616 3144 4659 ut
3194 4621 3315 4661 eum
3353 4623 3528 4665 verunt

1967 4690 2087 4729 esse
2118 4674 2381 4729 hominem
2407 4676 2791 4744 intelligamus?

2037 4744 2159 4798 967.
2186 4744 2329 4809 Ald.,
2353 4744 2486 4808 Gis.,
2519 4746 2669 4809 Maia,
2702 4757 2746 4798 et
2774 4747 2982 4801 solvere.

2041 4813 2165 4867 968.
2200 4813 2330 4867 Vide
2358 4814 2519 4867 Marc.
2576 4830 2690 4881 cap.
2721 4831 2779 4868 ll.

2042 4884 2165 4937 971.
2192 4881 2243 4936 1η
2269 4882 2385 4937 Vat.
2419 4885 2461 4937 A
2492 4884 2605 4937 hinc
2633 4898 2791 4937 voces
2820 4884 3038 4937 hominis
3077 4885 3198 4953 quid
3223 4886 3363 4954 ﬁlius
3410 4896 3543 4942 esset

1967 4952 2158 5007 addita:
2204 4961 2327 5005 sunt
2372 4956 2573 5007 recenti
2625 4970 2804 5019 manu,
2878 4952 3143 5022 prioribus
3185 4952 3414 5011 at‘rasis.
3479 4963 3531 5013 lu

1969 5022 2199 5089 Thuan.,
2255 5023 2388 5091 quod
2440 5024 2599 5092 ﬁlius.
2653 5023 2704 5076 ld
2734 5024 2951 5079 Heinsio
2984 5028 3241 5091 place-bat,
3272 5029 3391 5093 quia
3415 5029 3529 5092 jam

1969 5096 2239 5160 praecessit
2286 5094 2428 5160 quid.
2468 5094 2667 5157 Nostri,
2718 5097 2894 5156 Δίρκη
2943 5096 3091 5158 Urb.,
3138 5095 3251 5145 Vat.
3288 5098 3330 5159 ρ
3362 5106 3413 5148 et
3441 5096 3530 5151 alii

1968 5162 2089 5230 quid
2115 5162 2335 5224 habent;
2368 5177 2463 5215 nec
2494 5164 2681 5216 mutari
2707 5179 2920 5218 necesse
2942 5175 3041 5216 ρδι.

2039 5231 2161 5284 973.
2193 5232 2363 5296 8ἱι·ίι.,
2398 5233 2593 5286 Widm.
2620 5247 2799 5299 supra,
2833 5234 2995 5298 Bong.
3027 5231 3091 5283 ad
3120 5246 3266 5284 oram
3292 5245 3528 5296 superna.

1970 5302 2072 5356 Alii
2106 5302 2313 5362 melius,
2352 5313 2585 5369 paterna.
2613 5300 2734 5354 Ald.
2775 5314 2828 5354 et
2864 5303 3124 5366 'l‘ornms.,
3172 5302 3331 5366 male,
3362 5316 3528 5353 secum

1973 5386 2069 5440 pro
2098 5386 2151 5423 se
2173 5387 2306 5440 curn.

2191 5438 2382 5493 Weitz.
2415 5438 2595 5493 etGis.
2626 5437 3108 5506 distinguuntquod
3133 5439 3176 5492 si
3204 5454 3336 5505 non;
3358 5440 3530 5505 credo,

2048 5525 2074 5559 e
2119 5519 2175 5559 ll.

1997 5510 2175 5563 'efellit.

2034 5512 2052 5536 ρ
2126 5512 2133 5520 .

1975 5512 2175 5631 fe’glilii.’
2199 5577 2340 5637 Put.,
2367 5575 2666 5642 Manichaee,
2696 5576 2936 5641 requires.

2044 5648 2166 5702 976.
2195 5646 2389 5714 Scripti
2418 5656 2472 5701 et
2499 5645 2627 5700 editi
2652 5648 2772 5716 agit.
2809 5647 2973 5702 Aldus
3004 5652 3094 5714 ait,
3134 5650 3274 5719 quod
3303 5665 3407 5707 non
3434 5651 3545 5709 dis-
