4120 6196
597 323 705 379 999

1710 317 1982 374 Αυηειιι
2026 317 2384 374 PRUDENTII
2425 320 2748 377 CARMINA.

3718 322 3852 377 1000

774 434 880 489 Nec
908 432 1046 488 Deus
1076 444 1186 497 eSt;
1214 429 1460 485 mendum
1486 428 1698 485 divinus
1724 448 1827 485 non
1856 432 1999 501 capit
2017 446 2165 496 usus,
2202 437 2246 494 Α
2277 435 2381 491 990
2454 437 2796 504 Multimodis,
2828 436 3205 506 hominemqite
3227 435 3458 494 hominis
3485 435 3554 492 de
3580 451 3755 491 more
3780 439 3854 492 le.

772 527 971 595 Objicis
997 536 1199 579 :eterno
1234 522 1475 588 Domino,
1509 522 1649 593 quod
1700 524 1937 578 lubricus
1975 524 2041 577 ad
2074 539 2171 577 nos

774 615 1334 683 Venerit,assimnlans
1358 614 1523 678 aliud,
1545 630 1701 684 quam
1731 630 1891 670 verus
1913 617 2165 670 habebat.

772 708 1128 772 Obmutesce,
1179 704 1366 760 furor:
1399 705 1631 776 linguam
1655 742 1673 773 ,
1715 707 1867 761 canis
1904 706 2165 775 improbe,

1891 797 2100 869 [morde

772 891 887 959 Ipse
915 900 1080 952 tuam,
1121 891 1299 945 lacero
1322 905 1643 945 consumens
1667 891 1828 945 verba
1860 892 2060 960 palato.

771 982 1006 1036 Latranti
1038 981 1248 1036 obsistit
1279 981 1569 1045 Mattheus,
1603 982 1910 1051 rab‘emque
1940 980 2167 1036 refellit:

772 1074 935 1145 486
971 1073 1071 1140 Qui
1103 1081 1252 1128 notat
1294 1087 1451 1129 omne
1486 1087 1654 1142 genus
1696 1073 1927 1128 carnalis
1966 1073 2168 1143 stirpis,

1824 1162 1911 1235 [ad
1935 1178 2102 1233 usque

767 1255 1093 1322 Corporeum
1120 1254 1413 1319 Christum,
1446 1269 1540 1323 per
1564 1269 1657 1310 sex
1685 1264 1905 1325 septena
1930 1256 2171 1312 virorum

597 1348 701 1404 985
772 1346 995 1401 Nomina
1022 1346 1373 1411 descendens,
1405 1356 1460 1403 et
1485 1362 1675 1402 venam
1702 1349 1978 1418 sanguinis
2006 1350 2100 1404 alti

770 1439 847 1493 Ex
871 1439 1037 1493 atavis
1060 1438 1218 1507 longo
1249 1447 1434 1492 texens
1459 1452 1554 1506 per
1584 1445 1865 1495 stemmata
1897 1438 2006 1495 lilo.

768 1532 1038 1600 Septimus
1066 1529 1417 1584 hebdomadaz
1440 1529 1590 1583 venit
1615 1530 1976 1600 superaddere
2002 1541 2169 1587 sexta:

769 1622 920 1677 Hunc
947 1635 1229 1677 numerum
1260 1620 1504 1675 CIIfislllS
1528 1638 1540 1673 :
1566 1620 1836 1691 placidum
1882 1622 1970 1691 qui
1999 1624 2168 1677 conti.

1776 1714 1849 1767 cit
1875 1729 2093 1779 annum,

1776 1714 1849 1767 cit
1875 1729 2063 1768 annum

766 1801 967 1858 Cuncta
1000 1802 1359 1857 remittentem
1388 1713 2063 1874 contracttbu-zrillaqueata

595 709 701 765 980

2204 1802 2252 1862 Β

3523 527 3780 599 [vantem.

2452 619 2794 687 Imperfectus
2822 620 2965 675 enim
2998 620 3157 675 limus
3183 618 3423 674 mortalis
3450 628 3567 675 erat
3589 630 3715 675 tunc
3739 638 3754 672 :

2451 709 2609 784 487
2645 712 2736 767 Vir
2762 711 2907 767 solus
2936 712 3206 782 perlectus
3233 712 3419 779 adest,
3457 723 3615 782 atque
3652 716 3860 784 integer

3557 803 3739 873 [Iesus
3775 825 3790 859 :

2449 893 2551 949 Cui
2575 893 2703 949 nihil
2740 908 2807 950 ex
2838 903 3043 964 septem
3074 894 3308 963 septenis
3337 893 3533 957 defult,
3555 908 3620 949 ex
3646 909 3754 963 quo

2459 985 2746 1042 Perﬁceret
2774 988 2997 1042 mortale
3020 1002 3189 1057 genus
3217 987 3413 1042 virtute
3443 987 3687 1056 perenni.
3772 995 3785 1005 '

2311 1074 2417 1133 995
2460 1077 2557 1131 llic
2587 1077 2677 1132 ille
2706 1087 2807 1145 est,
2830 1078 2982 1133 nobis
3002 1079 3090 1147 qui
3115 1078 3339 1148 septima
3363 1077 3580 1130 sabbata
3602 1076 3857 1146 complet,

2454 1168 2523 1225 Ut
2550 1184 2674 1225 caro
2702 1181 2882 1226 nosua
2913 1171 3024 1226 Deo
3047 1171 3258 1227 tandem
3279 1172 3481 1227 sociata
3508 1186 3541 1241 q
3566 1171 3749 1225 :iescat
3766 1212 3783 1236 ,

2450 1259 2619 1326 Quam
2651 1260 2731 1314 bis
2758 1268 2907 1315 terna
2932 1260 3085 1314 malis
3106 1262 3370 1315 vexabant
3398 1261 3617 1314 sabbata
3644 1260 3823 1313 noxis.

2454 1350 2743 1407 Curramus
2774 1352 2913 1405 notis
2938 1350 3190 1420 gradibus
3208 1392 3223 1414 ,
3254 1363 3548 1420 regumque
3570 1363 3861 1417 sequamur

2452 1441 2767 1512 Progeniem
2818 1441 3136 1496 :Cbristum
3181 1442 3421 1495 invenies
3464 1439 3533 1493 de
3566 1452 3731 1492 carne
3769 1452 3863 1506 pa-

3536 1527 3785 1599 [rentum

2279 1622 2418 1679 1000
2462 1622 2752 1677 Emuxisse
2780 1620 3088 1685 hominum;
3119 1620 3206 1690 qui
3236 1620 3309 1675 sit
3334 1619 3402 1675 de
3429 1620 3637 1674 semine
3660 1619 3856 1684 David,

2452 1712 2632 1784 Stirpe
2658 1713 2919 1767 recensita
2959 1711 3319 1765 numerandus
3348 1710 3619 1780 sanguinis
3663 1711 3857 1763 haeres.

2454 1803 2616 1872 Quid,
2642 1818 2763 1859 cum
2780 1803 3148 1873 sanctiloquus
3172 1802 3414 1857 revoluto
3430 1801 3670 1872 germine
3690 1799 3859 1855 Lucas

1878 1912 2165 1971 GLOSSAE
2205 1914 2549 1971 VETERES.

664 2006 787 2063 977.
811 2006 1080 2066 Mendnm,
1117 2005 1306 2073 falsum
1351 2005 1432 2056 hic
1458 2019 1549 2069 pro
1580 2004 1861 2058 msndacio.
1895 2004 1999 2059 Sed
2033 2023 2176 2061 men-

595 2080 713 2130 dam
745 2079 795 2130 in
828 2080 1103 2146 scriptura;
1133 2076 1267 2128 unde
1292 2075 1561 2130 emendare
1588 2075 1820 2139 dicimus,
1850 2077 2082 2130 mendam
2110 2079 2174 2131 de

599 2150 725 2203 libro
748 2146 942 2204 tollere.
975 2148 1015 2198 l.

672 2217 797 2271 978.
833 2217 1111 2280 Lubricus,
1139 2230 1369 2280 serpens,
1396 2212 1513 2267 Vat.
1538 2214 1602 2267 A.

667 2288 792 2341 980.
828 2285 1016 2350 Furor,
1042 2285 1263 2348 insania,
1299 2284 1338 2338 Ι.

667 2359 791 2410 981.
827 2355 1047 2419 Lact-ro,
1081 2355 1321 2419 lacerato,
1350 2352 1391 2407 1.

666 2426 790 2479 932.
817 2426 1075 2491 Latranti,
1112 2424 1222 2486 tibi,
1256 2424 1293 2476 I.

665 2499 789 2549 983.
824 2498 997 2558 Notat,
1033 2494 1230 2556 scribit,
1265 2495 1301 2545 I.

671 2564 795 2634 984.
816 2564 917 2634 Sex
943 2576 1287 2630 septena,sea:
1310 2571 1516 2634 septem,
1542 2564 1883 2634 quadraginta
1912 2577 1957 2622 et
1981 2567 2106 2631 duo,
2132 2566 2167 2620 l.

672 2633 796 2689 985.
825 2633 1045 2696 Venam,
1081 2633 1331 2694 ordinem,
1358 2631 1395 2685 Ι.

668 2704 795 2760 986.
824 2702 1135 2773 Stemmata,
1162 2702 1529 2773 generationes,
1555 2702 1631 2755 vel
1659 2702 1899 2761 circulos.
1922 2735 1993 2746 -—
2030 2705 2167 2773 Filo,

600 2791 636 2897 η
669 2776 883 2897 sitlione;
910 2769 1053 2841 ﬁlum
1073 2769 1299 2841 appellat
1320 2773 1668 2843 genealogiam
1697 2774 1862 2844 ipsam
1891 2769 2172 2830 hebdoma;

603 2863 700 2897 us.
742 2885 757 2897 .

603 2853 700 2903 (Its,
721 2853 757 2899 Ι.

671 2916 795 2969 988.
825 2910 948 2982 Qui,
980 2926 1237 2964 numerus.
1267 2938 1329 2950 -
1364 2910 1598 2979 Annum,
1621 2912 1912 2983 jubilarum,
1946 2914 1985 2970 1.

2352 2006 2478 2064 989.
2508 2004 2903 2066 Contractibus,
2932 2002 3165 2072 peccatis.
3192 2033 3262 2042 --
3284 2001 3590 2069 "laqueata,
3624 2002 3716 2055 de:
3747 2012 3855 2071 pta,

2281 2094 2395 2144 qua:
2432 2078 2666 2129 diabolus
2706 2071 3087 2143 illaqueaaerat,
3129 2071 3359 2126 Christus
3393 2072 3591 2125 aniens
3636 2074 3857 2125 remisit.

2282 2148 2478 2302 5.0990.
2513 2214 2919 2302 llominemiue,
2953 2227 3147 2265 onmem
3183 2211 3461 2264 hominem.
3493 2240 3562 2251 —
3589 2209 3858 2275 Hominis,

2280 2286 2708 2417 clgiislltdallmus,
2760 2354 2983 2405 humana
3032 2368 3167 2416 caro,
3217 2352 3336 2416 quia
3387 2349 3616 2404 nondum
3643 2351 3863 2418 septima

2282 2426 2602 2478 hebdomada
2624 2428 2876 2493 completa
2905 2432 3015 2476 erat
3044 2424 3096 2474 in
3125 2422 3347 2476 Christo.
3380 2450 3449 2461 —
3477 2420 3737 2485 Mortalis,
3768 2437 3860 2489 per

2282 2502 2568 2567 peccatum,
2595 2496 2633 2549 l.

2353 2568 2477 2619 995.
2520 2560 2758 2632 Septem,
2782 2564 2834 2616 in
2862 2562 3077 2631 srptima
3097 2560 3287 2629 requie,
3312 2560 3352 2615 1.

2354 2635 2479 2690 995.
2520 2628 2771 2696 Sabbata,
2796 2628 3173 2701 requiem,quia
3197 2633 3402 2685 sabbato
3414 2628 3647 2684 Christus
3658 2629 3863 2697 requie-

2283 2706 2366 2786 vit.
2386 2707 2438 2786 in
2479 2704 2748 2786 sepulcro;
2782 2718 2869 2774 per
2896 2704 3029 2772 quod
3061 2700 3293 2771 perennis
3318 2701 3513 2769 requies
3567 2700 3761 2755 tradita
3786 2709 3865 2752 cst

2399 2789 2422 2824 s
2504 2812 2518 2826 .

2280 2775 2492 2898 ﬂagitii}
2520 2842 2717 2910 Quam,
2749 2858 2971 2896 carnem.
2993 2870 3064 2881 —
3086 2841 3175 2896 Bis
3202 2851 3375 2909 terna,
3406 2856 3513 2908 scas,
3536 2840 3575 2895 l.

2352 2915 2511 2969 1001.
2555 2915 2857 2979 lieceitsita,
2890 2924 3182 2978 numerata,
3211 2911 3254 2967 1.

1983 3023 2537 3083 COMMENTARIUS.

610 3144 768 3213 plicet
797 3154 955 3195 :nam
985 3138 1050 3193 de
1087 3136 1366 3194 mendacio
1379 3137 1572 3207 agitur,
1588 3145 1643 3192 et
1674 3138 1830 3208 paulo
1866 3148 1993 3196 ante
2023 3140 2176 3197 Non-
2204 3145 2249 3207 c
2284 3157 2562 3197 numerum
2590 3141 2869 3213 mysticum
2899 3138 3158 3205 assumit,
3191 3146 3250 3192 ut
3279 3137 3429 3193 locus
3456 3136 3527 3191 sit
3548 3136 3869 3208 allegorica:

608 3232 671 3272 ue
700 3215 969 3281 fatebatur.
1006 3220 1112 3264 etc.

682 3277 807 3337 978.
841 3282 895 3335 1η
924 3280 1079 3347 Man,
1111 3277 1266 3332 obicis
1296 3291 1416 3331 cum
1457 3277 1616 3333 unico
1645 3278 1682 3332 i.
1707 3279 1780 3333 Ita
1812 3277 1910 3333 fuit
1938 3280 1990 3335 in
2022 3279 2181 3344 Aldo,

615 3354 703 3422 qui
737 3361 918 3421 postea
948 3349 1173 3422 mutavit
1203 3349 1254 3401 in
1282 3347 1479 3422 objicis.
1513 3349 1623 3422 lloc
1652 3351 1770 3422 loco
1789 3349 2020 3422 lubricus
2042 3353 2182 3422 valet

615 3418 982 3491 phantasticus,
1008 3426 1070 3491 ut
1101 3418 1242 3471 illico
1266 3418 1577 3491 explicatur.
1595 3419 1695 3491 Pro
1725 3420 1917 3491 fallaci.
1935 3419 2185 3488 Virgilius

624 3493 718 3545 lib.
743 3507 794 3543 χι
823 3508 835 3541 :
870 3488 1221 3553 Nequidquam
1247 3487 1439 3556 patrias
1466 3490 1664 3541 tentasti
1709 3487 1929 3543 lubricus
1955 3487 2110 3544 artes.

688 3560 812 3614 980.
846 3558 994 3616 ΑΜ..
1031 3557 1146 3608 \‘at.
1178 3556 1244 3620 A,
1271 3556 1562 3611 obmutisce.
1587 3557 1756 3612 Aldus
1784 3559 2031 3613 secundis
2044 3562 2187 3615 curis

619 3627 924 3694 reformavit
941 3626 1239 3679 obmutesce.

691 3699 815 3753 982.
839 3697 1024 3751 Audax
1039 3704 1306 3748 corrector
1323 3694 1373 3748 in
1402 3695 1531 3749 Rat.
1558 3696 1683 3750 fecit
1700 3695 1956 3752 Mattheus
1978 3697 2187 3754 latranti

621 3770 804 3829 obstat,
836 3766 1048 3836 putabat
1068 3764 1444 3836 scribidebere
1471 3765 1765 3831 Matt/imus,
1795 3777 1851 3821 ut
1882 3783 2067 3823 revera
2102 3780 2186 3824 est

622 3840 677 3893 in
702 3833 855 3901 Aldo,
881 3834 1091 3899 Cham.,
1122 3833 1325 3899 Teolio,
1355 3835 1447 3889 sed
1478 3845 1661 3889 contra
1696 3844 1949 3891 metrum.
1976 3838 2077 3891 Alii
2099 3854 2185 3891 er-

618 3924 689 3977 go
715 3923 833 3960 cum
866 3904 983 3959 Val.
1002 3905 1079 3977 Ω,
1112 3903 1346 3977 Conanti
1373 3905 1566 3977 obsis'it
1597 3904 1875 3972 Mattheus,
1904 3907 2191 3977 rabiemque

620 3973 826 4048 refellit,
876 3984 935 4029 ut
984 3973 1326 4048 dissyllabum
1365 3978 1433 4028 sit
1480 3974 1918 4048 blaﬁttheusLMar.
1952 3992 1981 4030 a
2022 3973 2190 4043 prima

620 4045 803 4111 manu,
834 4048 995 4111 Bong.
1020 4059 1048 4096 a
1074 4045 1240 4111 prima
1266 4059 1441 4108 manu,
1473 4046 1618 4099 Siclt.
1646 4056 1700 4100 et
1720 4045 1941 4111 Wtdm.,
1966 4049 2188 4102 obsistet.

622 4118 750 4171 Mar.
777 4132 805 4169 a
830 4117 995 4183 prima
1011 4124 1188 4183 manu,
1206 4114 1425 4183 refellat.
1450 4114 1719 4171 Giselinus
1736 4116 1863 4170 edit.
1887 4117 2000 4171 2ad
2018 4134 2187 4183 oram,

620 4181 855 4241 Latranti
881 4185 1072 4237 obsistit
1097 4181 1388 4245 Matutinus,
1413 4195 1459 4237 et
1487 4201 1577 4236 ora
1591 4186 1800 4254 refellit,
1819 4187 1997 4239 invitis
2028 4181 2188 4241 codd.

623 4273 752 4311 mss.
785 4257 840 4309 lu
891 4255 1311 4325 Hamart.__vers.
1361 4254 1467 4308 MM
1496 4254 1742 4309 similiter
1788 4256 2070 4325 legendum
2107 4266 2193 4311 est

622 4326 947 4388 Chananeus,
969 4338 1074 4376 non
1101 4320 1441 4383 Chnnanazus.
1464 4334 1516 4377 ut
1550 4339 1763 4379 carmen
1787 4320 2012 4380 constet.

691 4398 816 4451 986.
845 4395 1022 4461 Prag.,
1052 4393 1186 4448 stilo.
1223 4400 1279 4447 et
1305 4406 1461 4461 supra
1491 4393 1691 4462 glossa,
1722 4395 1777 4447 id
1804 4406 1897 4459 est,
1933 4398 2040 4461 ﬁlo.
2074 4395 2185 4450 Huc

621 4480 803 4521 verum
826 4474 939 4525 est;
973 4477 1094 4515 nam
1122 4476 1335 4515 carmen
1384 4479 1487 4517 non
1521 4466 1715 4530 patitur
1741 4463 1880 4518 stilo.
1922 4467 1995 4520 De
2022 4473 2188 4521 stem-

618 4546 759 4589 mate
782 4536 898 4588 vide
930 4539 1178 4603 hymnum
1201 4534 1229 4584 7
1260 4531 1436 4595 Cath.,
1469 4547 1606 4586 vers.
1640 4534 1729 4603 81.

689 4607 814 4659 987.
839 4601 1008 4666 εἰοιιζ,
1042 4601 1229 4655 Weitz.
1260 4610 1313 4655 et
1358 4603 1522 4656 nostri
1548 4646 1563 4671 ,
1612 4602 1957 4657 hebdomadis.
1989 4602 2175 4668 Aldus,

619 4675 888 4731 Giselinus
936 4681 990 4727 et
1032 4673 1118 4724 alii
1143 4711 1161 4736 ,
1191 4672 1493 4725 hebdomadi
1518 4712 1533 4735 ,
1560 4673 1701 4741 quod
1728 4675 1864 4742 apud
1896 4672 2179 4729 Weitziunt

622 4745 781 4798 habet
810 4745 979 4797 Palat.
1021 4742 1341 4796 Prudentius
1385 4757 1484 4796 sex
1532 4753 1747 4809 septena
1796 4744 2031 4796 virorum
2083 4760 2181 4797 no-

620 4818 781 4875 mina,
811 4829 930 4880 quae
958 4812 1233 4865 Matthams
1264 4819 1530 4877 numerat,
1563 4814 1736 4880 interp
1768 4823 1942 4867 etatur
1968 4829 2062 4868 sex
2092 4816 2185 4867 he-

620 4884 908 4935 bdomadas
934 4896 997 4933 ex
1016 4890 1238 4947 septem.
1254 4884 1443 4947 quibus
1459 4897 1631 4935 annus
1654 4883 1855 4948 jubilazi
1871 4882 2179 4940 constabat:

616 4952 859 5005 Christus
888 4951 1099 5020 additus
1129 4950 1405 5016 septimam
1440 4951 1826 5020 hebdomadam
1870 4953 2179 5020 complevit.

617 5022 859 5091 Mattluei
877 5019 1037 5091 verba
1062 5028 1187 5091 sunt
1215 5032 1333 5085 cap.
1363 5034 1400 5083 I,
1437 5021 1537 5091 17ζ
1567 5019 1750 5091 Omnes
1778 5022 1947 5089 itaque
1975 5019 2185 5091 genera-

617 5092 779 5144 tiones
812 5090 874 5142 ab
913 5087 1171 5161 Abraham
1197 5103 1353 5161 usque
1391 5090 1459 5141 ad
1494 5087 1661 5161 David
1684 5087 2028 5161 generationes
2053 5108 2187 5161 qutt-

617 5161 894 5214 lum-decim
912 5174 931 5213 :
949 5167 995 5211 et
1021 5158 1088 5209 ad
1113 5157 1274 5209 David
1300 5173 1456 5228 usque
1477 5158 1543 5210 ad
1564 5157 2189 5228 transmigrationem'lia-

617 5229 813 5294 bylonis
836 5227 1587 5299 generationes‘quatuordecim
1601 5237 1678 5281 :et
1692 5245 1725 5280 a
1747 5227 2191 5299 transmigratione

616 5295 888 5368 Babylonis
910 5313 1065 5368 usque
1082 5298 1148 5349 ad
1161 5295 1416 5350 Christum
1430 5299 1773 5367 generationes
1788 5295 2187 5367 quatuordecim.

618 5371 711 5423 lla:
738 5380 862 5423 sunt
912 5385 1005 5423 sex
1033 5372 1687 5439 septentegeuerat‘iones,
1713 5383 1805 5425 seu
1835 5384 1931 5423 sex
1964 5380 2185 5439 septena

618 5440 834 5493 nomina
881 5440 1135 5491 virorum.
1188 5437 1296 5491 Sed
1343 5437 1633 5492 notandum
1664 5448 1863 5505 tamen,
1895 5455 1924 5493 a
1954 5437 2185 5495 SIMat-

619 5510 757 5563 ιιιωο
786 5508 955 5562 solum
983 5508 1247 5561 recenseri
1275 5508 1343 5560 ab
1375 5508 1675 5562 Abrahamo
1714 5509 1779 5562 ad
1810 5510 2077 5563 Christum
2117 5512 2187 5565 40

617 5581 792 5642 viros;
832 5579 944 5650 sive
970 5578 1227 5650 exciderit
1270 5577 1442 5650 aliqua
1485 5579 1775 5646 generatio,
1811 5591 1867 5634 ut
1892 5580 2053 5650 aliqui
2086 5596 2183 5647 pu-

618 5658 815 5713 tarunt,
848 5647 959 5701 sive
984 5645 1311 5719 idemhomo
1339 5646 1427 5719 bis
1446 5645 1755 5719 censeatur,
1782 5645 2028 5719 tanquam
2060 5645 2184 5705 linis

620 5718 773 5770 unius
814 5716 1177 5783 generationis
1202 5755 1215 5782 ,
1258 5724 1312 5768 et
1354 5716 1667 5785 principium
1714 5716 1955 5775 alterius.
2018 5720 2184 5774 Poeta

2289 3212 2737 3274 interpretationi.

2357 3282 2480 3337 988.
2510 3283 2952 3352 Ριοτίψιθηηιεεη
3008 3278 3284 3352 placidum.
3310 3277 3432 3352 Vat.
3462 3275 3509 3352 ρ
3533 3318 3552 3352 ,_
3575 3276 3865 3352 placitum.

2286 3352 2504 3407 Teolius
2531 3367 2594 3406 ex
2625 3347 2731 3405 uno
2756 3351 2876 3405 Vat.
2909 3351 3141 3416 glossam
3182 3349 3359 3413 adiicit
3408 3364 3423 3401 :
3464 3347 3746 3416 Jubiltpuns
3767 3392 3784 3416 ,
3812 3349 3869 3399 in

2286 3439 2387 3491 quo
2415 3439 2502 3489 per
2529 3422 2785 3475 Christum
2811 3414 2980 3491 omnia
3007 3427 3208 3486 peccata
3230 3418 3570 3491 dimittuntur.
3596 3414 3870 3491 Ciseliitus

2290 3486 2455 3555 notat,
2482 3492 2929 3562 Chrysostomtttn
2954 3487 3457 3562 interpretationem
3481 3486 3863 3562 Prndentiange

2289 3562 2576 3616 assimilem
2598 3557 2674 3614 'ad
2704 3558 2932 3614 Matthxi
2981 3560 3152 3611 locum
3182 3561 3277 3611 cit.
3308 3558 3593 3610 attulisse:
3631 3571 3757 3610 nam
3786 3557 3867 3609 al-

2289 3631 2519 3695 legorice
2564 3644 2813 3685 numeros
2859 3628 3189 3696 septenarios
3234 3629 3395 3680 trahit
3440 3626 3519 3696 ad
3557 3640 3657 3678 sex
3706 3628 3867 3693 d:es,

2289 3703 2482 3769 quibus
2506 3710 2716 3755 creatus
2743 3708 2825 3755 est
2853 3699 3018 3760 orbis,
3050 3711 3184 3769 quos
3212 3696 3443 3769 appellat
3473 3695 3589 3749 dies
3612 3710 3867 3769 operum,

2292 3766 2489 3825 laboris
2517 3780 2569 3825 et
2599 3769 2929 3824 miseriarum
2949 3808 2963 3832 ,
2992 3781 3019 3819 a
3048 3767 3241 3835 quibus
3268 3766 3508 3819 Christus
3535 3779 3634 3818 nos
3665 3766 3866 3819 liberat

2290 3850 2345 3895 et
2387 3841 2634 3895 exsolvit.
2686 3838 2856 3894 Jud.i:i
2894 3837 3242 3891 celebrabant
3266 3836 3404 3889 diem
3434 3835 3751 3902 septimum,
3781 3835 3874 3903 qui

2292 3912 2567 3964 sabbatum
2608 3919 2742 3973 erat,
2772 3922 2968 3961 annum
3012 3909 3319 3974 septimum,
3349 3905 3436 3974 qui
3468 3905 3876 3974 anunssabbac

2292 3981 2426 4034 ticus
2456 3980 2750 4042 dicebatur,
2799 3986 2854 4033 et
2878 3973 3083 4031 annum
3113 3975 3339 4043 jubilrei,
3371 3973 3497 4027 sive
3526 3973 3877 4027 remissionis

2292 4048 2624 4103 hebdomade
2671 4050 2893 4117 septima
2921 4046 3438 4117 annorttmLSeilicet
3458 4057 3609 4117 anno
3638 4044 3879 4117 quadra-

2294 4121 2497 4186 gesimo
2528 4132 2667 4173 nono
2694 4113 2876 4173 mense
2905 4115 3316 4186 septimo._Vitle
3345 4114 3512 4186 Levit.
3545 4127 3671 4186 xxv.
3710 4113 3878 4186 Putat

2292 4182 2559 4243 nonnemo
2583 4198 2794 4258 poetam
2817 4182 3088 4254 respicere
3108 4184 3171 4237 ad
3200 4199 3393 4258 annum
3423 4182 3689 4258 placidum
3711 4183 3870 4258 Isaia

2294 4273 2401 4321 ut,
2432 4260 2487 4312 2.
2523 4252 2599 4311 Ιίεὶ
2623 4274 2655 4325 q
2679 4257 2834 4311 iidem
2864 4252 3092 4319 censeo;
3134 4255 3227 4308 sed
3258 4256 3325 4325 ab
3340 4255 3467 4325 ipso
3501 4252 3632 4325 lsaia
3662 4252 3880 4325 indica:

2293 4320 2395 4380 turi
2429 4342 2601 4380 annus
2637 4320 2916 4395 iubilazus,
2964 4325 3053 4395 qui
3093 4334 3249 4394 typus
3279 4320 3531 4376 fuit’anui
3571 4320 3879 4375 Christiani

2294 4410 2390 4452 seu
2420 4400 2676 4464 temporis
2694 4396 3007 4464 evangelici.

2368 4466 2492 4522 992.
2536 4458 2654 4520 Rat.
2686 4466 2802 4520 sine
2827 4458 3004 4527 litura,
3042 4464 3127 4517 ille
3151 4475 3250 4531 pro
3273 4460 3439 4515 Iesus.
3474 4458 3758 4531 Mariettus
3807 4458 3877 4531 ad

2214 4547 2262 4605 ι)
2291 4550 2433 4591 vers.
2465 4536 2603 4591 1058
2628 4546 2842 4591 veretur
2866 4525 3092 4603 ineptias
3120 4525 3355 4605 recentis
3380 4530 3704 4585 correctoris
3722 4568 3739 4592 ,
3774 4525 3871 4597 qni

2286 4621 2350 4661 ex
2386 4606 2494 4661 lllC
2517 4606 2668 4660 facile
2690 4605 2888 4674 protuit
2918 4602 3098 4657 facere
3122 4602 3231 4655 ille.

2356 4676 2480 4731 9.15.
2524 4666 2802 4731 Sabbaium
2861 4674 3051 4743 accipit
3089 4687 3197 4743 pro
3237 4669 3589 4743 hebdomada.
3638 4666 3862 4720 Perstat

2286 4745 2428 4800 enim
2458 4746 2509 4800 in
2542 4746 2724 4800 eadem
2750 4740 2999 4810 allegoria
3029 4743 3095 4797 de
3121 4740 3453 4795 hebdomada
3482 4747 3634 4794 sexta
3662 4747 3717 4792 et
3736 4753 3867 4804 sep-

2291 4816 2442 4882 tima,
2472 4831 2631 4885 quam
2659 4814 2907 4869 Christus
2934 4813 3236 4885 complevet.

2362 4878 2504 4940 9318f
2534 4890 2687 4950 l’rag.
2716 4929 2731 4950 ,
2765 4886 2923 4937 noctis
2951 4878 3234 4951 pro'notis.
3266 4878 3412 4948 Ald.,
3446 4887 3641 4947 tergunt
3671 4888 3769 4946 pro
3796 4890 3876 4929 re-

2293 4971 2415 5025 gum
2437 4972 2456 5008 :
2479 4957 3128 5025 mendosumgutrumque.

2366 5024 2491 5079 999.
2538 5026 2653 5078 Put.
2672 5064 2687 5088 ,
2712 5035 2765 5078 et
2796 5023 2947 5091 Egm.
2974 5014 3258 5077 asecunda
3288 5032 3449 5072 manu
3470 5060 3485 5085 ,
3514 5016 3695 5071 minus
3714 5014 3882 5078 bene,

2295 5096 2358 5148 de
2379 5099 2529 5147 corde
2554 5110 2651 5162 pro
2673 5095 2735 5148 de
2758 5109 2925 5146 carne.
3021 5161 3051 5164 _
3214 5157 3257 5164 _
3424 5157 3437 5164 _
3587 5156 3599 5164 _
3710 5154 3722 5164 ,

2368 5164 2525 5220 1000.
2557 5156 2687 5217 Ἰιίιι.
2717 5205 2730 5226 .
2762 5165 2932 5218 Oxon.
2962 5201 2978 5222 ,
3021 5161 3143 5215 Rot.
3174 5200 3189 5223 ,
3214 5157 3372 5211 Torr.
3406 5157 3511 5211 duo
3534 5197 3549 5218 ,
3580 5156 3885 5213 hominem;

2300 5248 2405 5288 non
2460 5236 2633 5303 placet
2665 5234 2903 5288 Heinsio.
2946 5232 3130 5303 Melius
3167 5237 3315 5303 certe
3340 5236 3425 5303 est
3451 5226 3717 5279 hominum
3756 5238 3889 5280 cum

2296 5297 2531 5372 Optimis.
2563 5305 2615 5356 In
2658 5305 2807 5357 Alex.
2842 5312 3016 5355 tamen
3040 5300 3298 5372 homines,
3331 5297 3419 5366 qui
3443 5307 3524 5350 εει
3554 5309 3779 5372 error.“

2372 5373 2527 5429 1001.
2570 5373 2816 5427 Nonnulli
2837 5382 3044 5425 veteres
3073 5370 3311 5423 scribunt
3338 5363 3611 5423 recenseta.
3647 5374 3708 5417 ut
3734 5363 3891 5416 Vatt.

2300 5443 2341 5497 Β
2374 5484 2387 5505 ,
2419 5446 2463 5509 Q
2486 5483 2501 5505 ,
2533 5442 2659 5497 Mar.
2690 5483 2704 5506 ,
2750 5443 2868 5495 Rat.
2921 5442 2991 5494 Ita
3020 5441 3180 5495 etiam
3216 5438 3381 5509 Aldus
3406 5436 3696 5509 extenderat
3728 5450 3743 5485 :
3788 5437 3891 5489 sed

2299 5504 2603 5568 emendavit
2652 5504 2920 5566 recensita.
2974 5512 3027 5564 lii
3073 5509 3189 5563 Vat.
3222 5508 3299 5573 Q,
3344 5504 3723 5569 numerandos;
3764 5517 3892 5557 Cur.

2304 5594 2478 5637 runte.

2372 5598 2478 5649 pte.

2368 5651 2523 5706 1002.
2568 5651 2745 5721 Prag..
2772 5651 2930 5721 male.
2956 5649 3125 5719 quod;
3164 5650 3277 5716 lege
3302 5645 3463 5721 quid:
3493 5644 3613 5699 Ald.
3644 5683 3659 5703 .
3691 5642 3885 5711 Egm.,

2294 5720 2501 5786 Nums.,
2531 5716 2791 5777 vocabulo
2814 5716 3010 5775 Graeco
3041 5722 3247 5779 Latino.
3281 5716 3592 5785 sanctilogus
3632 5728 3733 5783 pro
3762 5731 3901 5767 sul-
