4120 6196
299 173 429 230 1001

1694 168 2138 225 APOTHEOSIS.

3426 165 3561 222 1002

473 282 695 338 Sursum
721 294 907 336 versus
940 281 1047 352 agit
1076 281 1266 336 seriem
1292 324 1308 346 ,
1337 280 1624 336 scandente
1651 284 1862 352 nepotis
1900 289 1942 345 Α
1981 282 2112 336 1020
2164 280 2225 333 Et
2258 278 2381 349 quid
2417 278 2521 347 agit
2549 278 2792 332 Christus
2817 316 2834 345 ,
2862 278 2905 332 si
2936 292 3019 334 me
3049 293 3154 333 non
3184 280 3437 347 suscipit?
3470 290 3560 334 aut

470 375 639 446 483
655 374 908 443 Corpore,
926 388 1122 443 perque
1148 383 1329 427 atavos
1352 386 1566 428 cursum
1601 374 1870 441 relegente

1505 463 1810 534 [votusuosi

307 559 444 616 1005
481 558 742 624 Septenos
772 554 949 608 decies
976 553 1280 608 conscendit
1310 552 1551 607 Christus
1599 554 1657 607 in
1689 564 1836 606 ortus
1863 599 1876 618 ,

486 647 546 699 Et
569 646 705 704 duo;
740 658 859 697 nam
894 643 1113 695 totidem
1144 642 1391 696 doctores
1415 644 1561 696 misit
1590 644 1638 695 in
1663 644 1882 699 orbein;

488 739 779 789 Descensos
806 732 1073 787 nascendo
1097 732 1292 802 gradus
1311 770 1325 795 ,
1355 732 1629 786 redeundo
1648 733 1847 786 retexit

488 828 653 881 Actus
672 826 736 879 ad
764 841 928 893 usque
952 824 1154 891 apicem
1189 824 1387 878 terreni
1415 822 1656 892 corporis
1688 824 1883 877 Adam.

492 916 616 970 Inde
643 929 835 985 parens
867 913 1043 968 Deitas
1073 914 1259 982 recipit
1286 927 1401 981 sua,
1432 923 1723 981 nostraque
1750 910 1887 964 mix-

1649 1003 1775 1075 [tim
1801 1041 1818 1067 ,

322 1098 457 1153 1010
496 1096 683 1166 Fitque
722 1097 814 1151 Dei
841 1096 1031 1150 summi
1067 1110 1160 1164 per
1202 1094 1470 1150 Christum
1503 1094 1643 1149 titius
1688 1094 1884 1151 Adam.

498 1187 701 1245 Restat.
727 1194 784 1238 ut
800 1187 995 1238 aeriam
1014 1184 1180 1253 ﬁngas
1202 1185 1269 1239 ab
1285 1186 1486 1253 origine
1510 1195 1743 1252 gentem,

499 1277 688 1331 Aerios
714 1298 724 1343 ι
747 1292 983 1344 roeeres,
1014 1276 1199 1341 Levin,
1231 1277 1444 1342 Iudam,
1464 1278 1792 1339 Simeonem.

501 1371 715 1425 Aeriam
751 1369 933 1430 David,
966 1383 1271 1436 magnorum
1296 1382 1519 1437 corpora
1544 1384 1725 1436 regum

506 1462 659 1516 Aetia
683 1501 697 1524 ,
717 1470 874 1526 atque
896 1461 1060 1528 ipsam
1093 1460 1331 1514 fecunlm
1356 1460 1577 1529 virginis
1609 1460 1785 1512 alvum

334 1553 473 1607 101?;
511 1557 649 1607 Aere
673 1553 872 1617 fallaci,
897 1552 1228 1621 nebulisque,
1253 1560 1307 1606 et
1337 1553 1477 1607 nube
1501 1560 1814 1606 tumentem.

516 1646 770 1700 VaneSeat
791 1646 1005 1714 sanguis
1036 1646 1323 1713 perﬂabilis
1348 1662 1360 1697 :
1390 1659 1513 1699 ossa
1537 1644 1833 1714 liquescant

514 1736 684 1789 Mollia
718 1754 730 1786 :
761 1751 1042 1790 nervorum
1073 1744 1253 1805 pereat
1277 1744 1484 1790 textura
1503 1736 1797 1788 volantum.

512 1827 703 1892 (lunae,
730 1826 869 1895 quod
901 1836 980 1880 est
1000 1836 1239 1896 gestum,
1265 1835 1420 1881 notus
1444 1827 1647 1880 auferat
1678 1826 1858 1877 irritus
1891 1842 1904 1877 :

854 1986 865 1995 .
1666 1915 1841 1988 [aurai

522 2011 831 2079 Dispergant
856 2022 1058 2075 tenues,
1074 2011 1139 2063 sit
1155 2007 1492 2079 fabula,quod
1509 2021 1695 2063 sumus
1708 2021 1915 2060 omnes.

3335 387 3366 424 (1
3373 389 3402 424 ll

3335 387 3402 424 (υ

2165 462 2384 519 Liberet
2407 461 2698 527 inﬁrmum,
2730 464 2774 516 si
2805 462 3121 531 dedignatur
3141 370 3318 517 adire[
3351 388 3366 441 l
3406 387 3492 427 em

2162 554 2356 610 Carnis
2400 567 2537 609 onus
2569 594 2585 620 ,
2618 569 2974 624 manuumque
3006 556 3189 610 horret
3224 566 3565 612 monumenta

3242 645 3497 698 suarum?

3242 645 3497 698 suarum?

2164 739 2331 810 489
2373 738 2723 809 lndignumne
2774 744 2924 808 putat
2974 736 3176 792 luteum
3201 644 3569 793 {consciscere

3252 828 3499 902 [corpus,

2165 918 2265 986 Qui
2324 934 2429 973 non
2492 918 2761 991 indignum
2838 921 3101 990 quondam
3175 919 3274 974 sibi
3346 918 3569 973 credidit

3297 1010 3504 1082 [ipsum

1997 1097 2134 1153 1025
2169 1099 2257 1154 Per
2272 1107 2501 1154 tractare
2520 1104 2709 1167 lutum,
2735 1116 2854 1157 cum
2883 1116 2973 1156 vas
3003 1113 3347 1169 componeret
3375 1117 3504 1155 arvo

2178 1189 2419 1243 Nondum
2455 1193 2735 1246 viscereo:
2768 1194 2857 1248 sed
2892 1194 3075 1248 inertis
3097 1194 3297 1261 glutine
3319 1194 3466 1257 limi,

2179 1281 2548 1352 lin-pressoque
2580 1294 2755 1350 putres
2801 1286 2897 1339 sub
2931 1286 3120 1353 pollice
3146 1285 3367 1342 duceret
3394 1286 3574 1340 artus!

2182 1373 2384 1428 Tantus
2405 1388 2554 1427 amor
2584 1384 2762 1439 terrm1
2796 1384 2934 1427 tanta
2967 1385 3049 1429 est
3070 1376 3283 1431 dilectio
3308 1379 3506 1431 nostri!

2180 1465 2435 1533 Dignatur
2457 1466 2780 1533 pralpinguis
2795 1466 2938 1518 humi
2953 1468 3337 1534 cmuprendere
3360 1468 3576 1522 mollem

2006 1554 2151 1610 1030
2190 1555 2391 1608 Divinis
2414 1556 2621 1624 glebam
2647 1555 2843 1625 digitis.
2872 1572 2967 1610 nec
2985 1557 3198 1611 sordida
3232 1568 3417 1613 censet

2186 1644 2449 1698 "torculis
2476 1659 2666 1699 massa:
2684 1647 2951 1715 contagia.
2981 1647 3240 1715 iusserat,
3271 1656 3328 1701 ut
3355 1648 3444 1703 lux

2185 1734 2491 1790 Contieret:
2528 1735 2661 1789 facta
2692 1746 2771 1791 est
2801 1776 2816 1800 ,
2842 1746 2901 1791 ut
2924 1738 3188 1805 jusserat;
3220 1741 3396 1793 omnia
3435 1740 3586 1809 jussu

2190 1826 2531 1895 lmperitante
2561 1841 2730 1881 novas
2756 1835 3030 1882 traxerunt
3059 1830 3197 1884 edita
3229 1830 3443 1884 formas.

2192 1917 2353 1971 Solus
2382 1917 2542 1970 homo
2577 1920 2797 1971 erm-ruit
2841 1918 3047 1972 Domini
3087 1920 3368 1975 formabile
3403 1921 3586 1977 dextra

2022 2007 2157 2062 1055
2193 2006 2264 2062 Os
2294 2023 2507 2078 capere,
2540 2016 2591 2063 ct
2616 2008 2763 2062 fabro
2795 2007 3013 2063 Dcilalls
3040 2010 3251 2079 ligmiu‘e
3280 2012 3444 2066 nasci.

1628 2120 1914 2177 GLOSSAE
1957 2121 2287 2178 VETERES.

421 2216 575 2271 1003.
617 2215 822 2269 St-riem
848 2255 863 2278 ,
890 2213 1140 2283 ordinem.
1174 2242 1242 2253 —
1288 2212 1531 2282 Nepotis,
1571 2210 1794 2283 Christi;
1832 2213 1921 2283 qni

353 2291 446 2358 {ait
473 2281 1094 2358 iteposjirophetarant_,'et
1124 2281 1554 2358 patriarcharum,
1585 2282 1621 2335 ι.

427 2356 581 2479 1003'.
620 2356 880 2423 Septenos
909 2353 1110 2419 decies,
1141 2355 1331 2423 septeni
1371 2354 1530 2407 drcies
1552 2361 1678 2406 sunt
1717 2360 1919 2424 septua-

427 2437 515 2479 lla.
576 2464 589 2476 .

386 2428 515 2489 iuta,
548 2428 589 2479 l.

356 2446 515 2498 gtma,
549 2446 589 2479 ι.

426 2497 585 2552 1007.
626 2493 857 2558 Retexit,
891 2492 1052 2545 Lucas
1077 2493 1299 2563 aperuit,
1330 2493 1366 2547 Ι.

429 2565 585 2619 1008.
625 2566 812 2624 Actus.
845 2565 1050 2625 ductus,
1077 2563 1178 2616 lso.

432 2635 587 2689 1009.
627 2635 849 2695 Mixtim,
875 2633 1173 2701 copuletim,
1194 2634 1235 2688 l.

437 2707 590 2759 1018.
630 2704 839 2767 Irritus,
863 2716 1050 2766 vanus,
1079 2702 1117 2757 1.

433 2775 592 2828 10‘20.
633 2774 743 2834 Me,
769 2773 1044 2837 hominem,
1075 2773 1115 2827 1.

438 2845 597 2899 1022.
637 2844 996 2912 Monumenta,
1026 2842 1425 2908 recordameuta,
1455 2846 1728 2913 facturam,
1754 2841 1861 2899 lso.

2101 2215 2255 2271 1023.
2299 2215 2538 2280 Luteum,
2566 2215 2818 2277 letlnvum,
2842 2216 2894 2268 id
2917 2226 2988 2270 est
3012 2217 3247 2272 mortale.
3275 2248 3341 2259 —
3370 2217 3591 2276 Consci-

2027 2298 2196 2348 scere,
2226 2284 2476 2353 adipisci,
2504 2290 2580 2339 vel
2603 2301 2876 2350 assumere,
2912 2286 2947 2340 Ι.

2102 2356 2257 2425 1025.
2299 2354 2404 2425 Yas
2423 2371 2654 2425 [corpus
2674 2357 2817 2409 Adin.
2852 2386 2917 2395 -
2939 2358 3107 2424 Arvo,
3136 2374 3171 2411 a
3200 2367 3362 2425 terra,
3388 2358 3524 2420 luto.
3546 2358 3591 2414 l.

2106 2424 2265 2479 1020.
2307 2423 2520 2489 Inertis,
2545 2427 2751 2489 mortui,
2772 2426 2809 2479 Ι.

2106 2494 2265 2549 1029.
2306 2494 2492 2558 Humi,
2528 2495 2653 2559 limi,
2685 2496 2723 2547 Ι.

2107 2563 2263 2617 1051.
2306 2563 2585 2626 ilazrentis,
2607 2566 2894 2633 glutinosa’,
2929 2565 2966 2619 l.

2108 2633 2263 2688 1055.
2307 2633 2475 2701 Edita,
2506 2642 2695 2701 creata,
2723 2635 2760 2687 Ι.

2295 2677 2883 2781 ἒξῒΐαᾶξῆξξί-ἇνηαε
2902 2747 2916 2769 ,
2949 2707 3252 2781 vulturus-7
3274 2704 3473 2781 Fabro,
3512 2711 3598 2781 fa-

2038 2773 2179 2854 brili.
2199 2801 2270 2854 ὴ·-
2290 2773 2536 2854 Γξβηὲίηρ
2560 2812 2575 2840 ,
2622 2774 2924 2843 formatione
2950 2816 2966 2841 ,
2998 2777 3036 2830 Ι.
3067 2804 3135 2815 ·-
3157 2776 3327 2832 Fabro
3345 2816 3362 2843 ,
3390 2773 3601 2849 fabrili,

1964 2837 2012 2899 ε
2042 2837 2396 2915 magister-inti,
2420 2843 2542 2895 Rat.

1738 2956 2295 3012 COMMENTARIUS.

369 3046 639 3115 ctiloqitus.
665 3043 1061 3115 Sich.re5tituit
1080 3043 1321 3113 germine,
1340 3054 1465 3115 cum
1488 3042 1681 3115 alicubi
1707 3042 1939 3115 invenis-

371 3129 455 3171 set
476 3112 737 3185 sanguine.
769 3114 959 3185 Aldus
978 3112 1188 3182 quidem
1219 3113 1440 3185 germine
1463 3112 1772 3185 escuderat.
1803 3114 1941 3169 linc-

372 3200 541 3254 usque
572 3182 742 3237 liabet
792 3182 905 3254 γει.
937 3183 997 3247 Β,
1032 3192 1223 3236 caetera
1254 3183 1466 3254 desunt.
1499 3182 1555 3254 In
1588 3182 1809 3254 Marietti
1852 3200 1942 3237 eo-

2049 3046 2365 3100 Prudentius
2402 3043 2453 3097 in
2493 3042 2737 3112 gignendi
2790 3057 2916 3098 casu
2942 3044 3162 3100 dixisset
3204 3046 3361 3113 Αιιω,
3400 3058 3457 3103 ut
3485 3051 3607 3108 alibi

2050 3115 2196 3169 Abra:
2219 3158 2230 3180 ,
2262 3114 2476 3167 Abraha:
2504 3123 2556 3167 et
2579 3113 2721 3167 Adte.

2118 3184 2274 3238 1011.
2319 3184 2371 3236 1n
2404 3183 2547 3245 ΑΜ..
2569 3184 2628 3235 ob
2674 3183 2863 3254 menda
2882 3192 2963 3238 est
2991 3199 3085 3252 pro
3119 3187 3202 3247 ab,
3232 3186 3425 3250 ()xon.,
3459 3189 3605 3254 Ald.,

375 3252 491 3312 dice
515 3264 596 3307 est
616 3252 868 3323 glossula,
890 3268 1007 3321 qua:
1038 3254 1146 3324 fore
1164 3252 1398 3324 evanuit,
1423 3255 1514 3305 sed
1539 3252 1774 3324 indicare
1800 3254 1945 3307 vide—
2045 3253 2157 3309 Gis.
2193 3256 2243 3306 in
2273 3262 2438 3317 textu,
2479 3254 2672 3322 aliique
2704 3253 2919 3322 vulgati,
2952 3255 3151 3324 pingas.
3185 3255 3383 3324 Nostri,
3417 3252 3602 3323 Weit.,

376 3335 483 3391 tur,
516 3321 696 3395 plures
725 3337 880 3392 quam
908 3322 1247 3395 septuaginta
1266 3336 1297 3373 a
1323 3321 1461 3395 Luca
1491 3323 1778 3376 recenseri.
1816 3325 1946 3377 Pru-

377 3392 591 3449 dentius
636 3401 885 3459 setiteuos
914 3392 1093 3446 decies
1126 3401 1182 3445 et
1218 3392 1382 3455 duos,
1415 3392 1463 3443 id
1503 3400 1588 3445 est
1612 3395 1945 3461 septuaginta

379 3466 515 3518 duos
545 3464 740 3516 Christi
767 3465 1130 3529 progenitores
1150 3476 1215 3515 ex
1248 3460 1387 3514 Luca
1411 3460 1821 3528 colligitfuisse.
1868 3463 1950 3515 lti-

382 3534 536 3589 venio
566 3539 742 3586 autem
776 3536 826 3583 in
870 3530 1008 3585 Luca
1044 3530 1375 3599 septuaginta
1424 3530 1658 3599 quinque
1699 3548 1725 3582 a
1756 3534 1815 3586 8.
1860 3531 1949 3585 ,ιον

384 3604 552 3671 scpho
603 3604 668 3656 ad
720 3600 979 3654 Adamum
1020 3616 1187 3670 usque
1219 3638 1233 3665 ,
1286 3613 1513 3671 utroque
1563 3603 1952 3671 comprehenso

387 3670 543 3743 poeta
569 3711 601 3743 ,ί
636 3680 711 3743 ut
739 3671 1015 3743 mysticam
1057 3670 1543 3743 interpretationem
1584 3670 1953 3743 adbiberetde

386 3738 458 3796 Ἡ.
474 3741 746 3809 discipulis
776 3738 828 3793 in
855 3741 953 3792 hoc
975 3738 1207 3793 numero
1224 3740 1481 3793 constitit.
1506 3738 1752 3794 Fortasse
1779 3742 1835 3796 S.
1862 3740 1956 3794 Jo-

388 3814 616 3880 sephum
642 3817 695 3865 et
712 3810 967 3864 Adamum
994 3809 1156 3862 noluit
1186 3809 1287 3863 hoc
1305 3823 1528 3880 numero
1549 3809 1953 3875 comprehendi,

392 3879 566 3950 neque
581 3880 818 3950 Cainain,
849 3894 876 3931 a
901 3880 1044 3950 Mose
1072 3880 1353 3950 omissum,
1373 3879 1439 3950 de
1459 3893 1564 3950 quo
1586 3880 1864 3950 disputant
1879 3880 1959 3932 in-

394 3948 674 4019 terpretes.
705 3949 763 4003 8.
788 3949 1111 4017 Augustinus
1139 3964 1300 4002 serm.
1330 3948 1420 4019 85,
1451 3949 1703 4019 1111³515,
1728 3949 1793 4001 de
1825 3948 1959 4003 Vera

398 4017 493 4075 bisi
509 4020 714 4073 Domini
738 4025 790 4071 in
819 4019 956 4071 Luca
975 4059 990 4081 ,
1021 4020 1087 4071 ’Π
1107 4018 1474 4087 generationes
1496 4032 1526 4072 a
1552 4017 1763 4071 Christo
1793 4033 1961 4087 usque

397 4092 465 4145 ad
496 4090 662 4143 Adam
691 4091 882 4142 astruit
908 4128 923 4151 ,
958 4098 1013 4140 ut
1032 4102 1100 4141 ex
1126 4092 1225 4141 hoc
1250 4102 1471 4141 numero
1488 4088 1763 4157 mysticam
1790 4088 1961 4152 expli-

399 4161 662 4215 cationem
713 4159 1012 4213 conﬁrmet.
1064 4157 1138 4211 De
1168 4160 1284 4225 ipso
1315 4157 1692 4225 discipulorum
1738 4172 1964 4210 numero

402 4230 627 4283 diiersae
658 4238 780 4281 sunt
806 4228 1083 4281 sententiae
1102 4267 1119 4291 ,
1159 4242 1278 4280 nam
1308 4227 1397 4281 alii
1426 4236 1479 4281 et
1510 4226 1827 4281 Prudentius
1850 4228 1964 4295 ipse

404 4301 459 4354 in
485 4299 775 4352 Dittochazo
800 4298 866 4350 70
892 4299 1051 4351 fuisse
1088 4298 1290 4351 dicunt.

2048 3324 2229 3378 lleins.
2250 3366 2263 3384 ,
2294 3324 2480 3391 ﬁngas.

2121 3394 2276 3465 1012)..
2320 3390 2672 3465 Aldusdgevi,
2704 3390 2860 3457 Juda,
2896 3392 3202 3448 Simeonem.
3235 3394 3362 3450 Mar.
3408 3405 3462 3451 et
3502 3398 3611 3465 alii,

2051 3462 2226 3523 Levia,
2250 3464 2278 3512 J
2288 3464 2441 3514 udam
2458 3504 2476 3530 ,
2506 3461 2765 3517 Simeona.

2124 3532 2287 3603 1016.
2323 3534 2377 3585 In
2418 3532 2685 3586 nonnullis
2727 3531 2948 3602 vulgatis
2980 3573 2996 3599 ,
3041 3547 3316 3601 perperam
3344 3575 3358 3598 ,
3412 3537 3619 3603 sanguis

2052 3602 2356 3672 perstabilis.

2128 3673 2284 3726 1020.
2326 3671 2523 3726 Widm.
2557 3685 2737 3737 supra,
2766 3680 2850 3723 aut
2880 3672 3025 3738 quid.

2129 3742 2283 3795 1023.
2322 3742 2466 3813 Rat.,
2491 3740 2854 3813 indignamque
2883 3750 3042 3806 putet.
3069 3741 3256 3798 Glossa
3288 3742 3466 3813 inepta
3497 3752 3579 3799 cst
3605 3762 3618 3796 :

2059 3811 2247 3864 luteum
2286 3811 2425 3863 enim
2459 3824 2487 3861 a
2512 3810 2618 3861 luto
2647 3810 2857 3861 dicitur.

2132 3878 2285 3931 102‘s.
2329 3878 2576 3931 Heinsius
2614 3877 2799 3931 scribit
2827 3884 3144 3944 pertrectare.

2132 3948 2286 3999 1026.
2329 3947 2447 4000 Rat.
2469 3986 2485 4010 ,
2514 3948 2736 3998 nondum
2764 3961 3003 4015 corporeo
3046 3961 3073 3999 a
3109 3949 3271 4014 prima
3304 3964 3481 4004 manu.

2136 4017 2292 4071 10:28.
2336 4016 2604 4087 Virgilius,
2630 4030 2768 4087 vers.
2796 4016 2903 4087 501
2929 4015 3019 4087 lib.
3048 4030 3083 4069 lt
3113 4017 3415 4087 GeorgiCmn
3452 4038 3464 4071 :
3499 4019 3629 4073 Tan~

2065 4096 2145 4141 tus
2168 4103 2312 4139 amor
2341 4098 2505 4139 terrae.
2546 4084 2931 4138 Animadvertit
2961 4085 3233 4139 Weitzius.
3259 4084 3340 4141 Ἀρ
3368 4102 3497 4142 sane
3526 4106 3556 4142 c
3577 4105 3631 4141 e-

2065 4172 2194 4226 gans
2218 4157 2420 4210 esthoc
2440 4155 2790 4227 epiphonema
2812 4194 2825 4217 ,
2852 4154 3017 4207 multo
3040 4171 3165 4209 vero
3192 4158 3359 4227 magis
3387 4158 3432 4211 si
3462 4158 3634 4225 Virgi-

2070 4223 2223 4281 liauis
2249 4227 2454 4290 verbis,
2486 4239 2589 4277 non
2620 4225 2668 4276 in
2702 4223 2837 4277 hunc
2860 4239 3010 4294 usum
3037 4226 3255 4294 prolatis
3274 4223 3303 4289 ,⁷
3322 4223 3633 4294 expressum

2074 4295 2489 4349 consideremus.
2518 4294 2761 4348 Petavius
2779 4293 2845 4346 de
2875 4294 2955 4344 bis
2980 4292 3245 4348 Prudentii
3267 4292 3506 4349 versibus
3533 4310 3635 4349 non

477 4333 635 4421 100.“;
669 4367 865 4431 Aldus,
895 4369 990 4430 ait,
1023 4382 1125 4419 non
1150 4337 1303 4431 bene,
1320 4380 1415 4435 pro
1441 4366 1568 4436 agit.
1600 4364 1785 4435 Prag.,
1807 4365 1967 4433 male,
1998 4333 2051 4395 θ
2077 4365 2325 4436 8811851111
2354 4372 2593 4427 constat;
2628 4373 2754 4436 tom.
2782 4362 2798 4415 1
2824 4401 2839 4425 ,
2896 4363 3051 4436 libari
3075 4403 3091 4428 ,
3115 4379 3231 4432 cap.
3268 4366 3324 4429 1,
3355 4365 3429 4418 ait
3469 4333 3637 4436 vitiati

408 4429 633 4505 nepotes.
668 4437 791 4504 Legi
821 4429 983 4489 debet
1008 4437 1223 4507 nepotis.

485 4506 641 4561 1004.
687 4503 937 4575 1111111118.
970 4503 1287 4574 eseinplaris
1314 4506 1441 4560 edit.
1484 4503 1696 4575 Colon.,
1730 4520 1819 4575 per
1841 4520 1971 4574 quit.

410 4577 716 4646 Legendum
762 4586 846 4629 est
888 4574 1091 4645 ptrque.
1134 4577 1288 4645 titan,
1341 4576 1457 4628 Vat.
1509 4574 1573 4638 A,
1618 4574 1798 4644 Prag.,
1831 4576 1975 4642 Rat.,

414 4664 595 4710 cursu;
618 4648 806 4699 melius
826 4662 1050 4699 cursum.

488 4717 644 4771 1008.
666 4718 745 4771 Ad
762 4731 925 4783 marg.
949 4718 1077 4769 edit.
1101 4714 1308 4779 Colon.,
1333 4722 1514 4768 auctus
1539 4713 1797 4783 adusque,
1815 4713 1976 4767 male.

492 4786 649 4839 1009.
691 4786 838 4849 Ald.,
866 4787 1108 4846 mixtum;
1133 4785 1244 4848 alii,
1274 4784 1488 4837 mixtim.

492 4856 651 4909 1010.
690 4855 858 4908 Adam
882 4856 1020 4922 ﬁlius
1042 4852 1138 4907 Dei
1178 4869 1271 4922 per
1308 4854 1576 4907 Christum
1624 4859 1767 4906 recte
1787 4866 1818 4905 a
1845 4849 1981 4904 Pru-

368 4936 383 4947 ‘
420 4927 604 4981 dentio
633 4925 871 4979 dicitur:
917 4940 1036 4978 nam
1085 4936 1290 4977 certum
1338 4933 1421 4977 est
1463 4923 1687 4975 salutem
1728 4931 1980 4975 aeternam

422 5004 765 5050 consecutum
798 4995 980 5047 inissa.
1007 4994 1178 5061 Aliqtii
1212 4993 1310 5046 hac
1343 4993 1548 5061 ratione
1587 5000 1802 5045 tuentur
1842 4989 1982 5059 quod

425 5068 476 5119 in
507 5067 824 5132 quibusdam
857 5066 1037 5117 Bibliis
1060 5060 1228 5119 Adam
1272 5063 1408 5128 ﬁlius
1448 5060 1541 5132 Dei
1568 5062 1618 5132 iu
1645 5067 1987 5132 generatiOue

425 5129 622 5189 Christi
650 5135 944 5187 enarranda
968 5142 1203 5186 vocatur.
1221 5133 1323 5186 Sed
1336 5146 1457 5184 vera
1488 5130 1644 5184 lectio
1670 5139 1774 5194 est,
1797 5129 1981 5194 Adam,

426 5206 513 5272 qui
543 5205 638 5273 fuit
666 5202 780 5265 Dei,
812 5203 911 5257 hoc
929 5212 1034 5268 est,
1063 5217 1099 5273 a7
1124 5204 1231 5256 Deo
1250 5200 1367 5255 solo
1393 5210 1699 5273 creatus,‘et
1724 5214 1833 5273 non
1853 5202 1989 5253 alte-

429 5268 552 5328 rins'
587 5274 811 5327 hominis
854 5273 1011 5326 ﬁlius.
1062 5272 1210 5325 Hunc
1252 5284 1463 5325 versum
1505 5272 1573 5322 ita
1601 5269 1792 5338 aliquis
1822 5268 1988 5321 inter-

432 5351 671 5411 pretatus
693 5351 776 5396 est
802 5338 1019 5411 :Fitque
1052 5339 1145 5393 Dei
1170 5341 1353 5411 summi
1381 5338 1591 5409 (Filius)
1620 5337 1708 5411 per
1735 5337 1993 5391 Christum

433 5409 571 5483 ﬁlius
601 5413 795 5477 Adam;
838 5409 960 5479 quia
1005 5412 1205 5465 scilicet
1234 5409 1461 5483 Verbum
1495 5422 1629 5483 caro
1656 5410 1848 5483 factum
1877 5415 1990 5483 est,

435 5476 495 5536 et
518 5494 704 5536 natura
735 5476 963 5535 humana
993 5490 1173 5535 evecta
1200 5489 1285 5534 est
1326 5479 1393 5533 ad
1423 5478 1671 5532 unionem
1700 5476 1994 5545 liypOstati-

435 5568 576 5606 eam.
628 5551 732 5606 Sed
782 5561 1128 5620 praiterquam
1175 5549 1317 5619 quod
1357 5563 1545 5604 sensus
1592 5546 1851 5617 implexus
1889 5552 1991 5613 est,

720 5651 990 5712 Ρλτιιοι..
1036 5644 1202 5705 LIX.

2080 4434 2423 4489 Prudentium
2471 4436 2669 4486 sentire
2712 4432 2873 4484 Deum
2905 4432 2956 4484 in
2987 4431 3263 4486 formando
3291 4436 3503 4488 homine
3538 4434 3639 4487 hu-

2081 4519 2290 4559 manam
2341 4503 2575 4555 induisse
2619 4503 2835 4565 ligttrattt
2865 4541 2881 4565 ,
2928 4517 3084 4570 quam
3126 4504 3427 4568 Opinionem
3476 4505 3641 4562 tenuit

2080 4574 2406 4642 Augustinus
2440 4572 2764 4642 Eugubinus.
2799 4571 2851 4623 lii
2876 4586 3037 4637 opere
3066 4587 3192 4625 vero
3213 4573 3279 4626 de
3301 4572 3521 4639 Upiiicio
3548 4588 3640 4626 sex

2081 4640 2285 4696 dierum
2314 4650 2442 4711 tom.
2477 4640 2560 4703 lll,
2596 4641 2683 4711 l.b.
2729 4656 2783 4701 tl,
2818 4654 2934 4707 cap.
2980 4642 3029 4705 1,
3057 4641 3246 4694 melius
3275 4642 3501 4708 explicat
3522 4643 3645 4711 quid

2083 4714 2154 4765 sit
2197 4712 2346 4763 hoino
2373 4710 2464 4761 Dei
2496 4727 2575 4760 ma
2600 4710 2725 4761 iibus‘
2756 4711 2905 4776 [ictus
2927 4752 2940 4776 ,
2967 4719 3023 4761 lli
3053 4711 3199 4762 mulli
3222 4710 3318 4763 SS.
3354 4710 3646 4765 Patres'lo-

2084 4792 2337 4846 quuntur,
2363 4788 2417 4832 et
2443 4795 2620 4831 manus
2648 4795 2710 4831 ac
2734 4780 2915 4847 digitos
2947 4779 3146 4843 trepice
3163 4788 3217 4833 et
3249 4780 3467 4847 ﬁgurate
3491 4781 3643 4834 intel-

2089 4852 2218 4919 ligit.
2275 4849 2585 4919 Descripsit,
2623 4849 2824 4915 inquit,
2870 4850 2963 4899 lioc
3007 4848 3396 4918 elegantissimis
3430 4850 3651 4904 versibus

2094 4917 2421 4983 Priirlentius,
2448 4917 2642 4969 Tantus
2670 4934 2810 4969 amor
2830 4926 2995 4981 teme,
3022 4917 3123 4971 etc.

2161 4989 2315 5042 1029.
2359 4988 2411 5040 1n
2460 4987 2579 5039 Rat.
2605 5026 2620 5051 ,
2656 4988 2974 5056 prazpignus;
3014 4995 3067 5041 et
3108 4988 3159 5040 in
3195 4987 3395 5057 Bong.,
3428 4988 3653 5044 molem:

2090 5059 2314 5113 reforma
2346 5057 2676 5127 prwpinguis,
2699 5057 2919 5108 mollem.

2164 5128 2321 5182 1031.
2347 5125 2520 5178 'Jubeo
2550 5135 2603 5179 ut
2629 5142 2732 5179 non
2755 5133 2837 5179 est
2858 5125 3011 5179 valde
3030 5126 3303 5181 usitatum.
3336 5126 3447 5179 Non
3465 5128 3655 5182 desunt

2092 5206 2267 5250 tamen
2315 5207 2558 5251 auctores
2589 5194 2773 5262 optimi
2798 5193 2888 5262 qui
2925 5194 2996 5247 ita
3033 5195 3143 5246 sint
3171 5196 3327 5247 locuti
3352 5210 3367 5248 :
3392 5195 3549 5263 idque
3590 5211 3657 5250 ex

2091 5267 2350 5321 Cicerone
2380 5265 2612 5319 imitatus
2643 5263 3005 5327 Prudentium,
3036 5263 3655 5329 VictoremJuvencum,

2093 5339 2395 5400 Aratorem,
2422 5335 2674 5388 observat
2698 5333 2940 5386 Barthius
2970 5333 3063 5386 lib.
3090 5332 3276 5399 xxxvi,
3302 5348 3418 5401 cap.
3450 5334 3517 5387 16
3547 5336 3659 5386 Ad-

2095 5419 2299 5460 versar.

2170 5474 2326 5528 1055.
2369 5470 2489 5525 Ald.
2516 5508 2531 5532 ,
2564 5466 2700 5537 Gis.,
2741 5468 2885 5523 Rott.
2913 5510 2930 5535 ,
2962 5469 3161 5524 Widm.
3206 5484 3364 5537 supra
3392 5512 3406 5530 .
3450 5469 3613 5525 Tom.
3645 5514 3661 5536 ,

2099 5545 2276 5607 Alex.,
2306 5549 2360 5595 ct
2389 5540 2643 5605 Urbinas,
2667 5540 2793 5594 item
2822 5538 2963 5595 Vatt.
2990 5540 3031 5594 Α
3052 5581 3067 5606 ,
3098 5542 3165 5606 ρ,
3199 5538 3384 5609 ﬂabra.
3418 5540 3661 5611 Plerique

3141 5632 3218 5695 32
