4090 6192
306 272 448 329 1005
1465 236 1473 242 ’
1700 266 2143 326 Ανυτηεοδιε.
3438 272 3587 349 10οσ

487 384 983 455 Desperarejuhes?
1013 384 1244 448 veniam,
1274 383 1468 454 quibus
1498 381 1589 437 ille
1616 382 1825 436 revenit
1916 394 1967 449 Α
2001 385 2133 441 1075
2172 384 2335 439 Debet
2380 386 2524 440 en'tn
2572 388 2893 459 morsyicta
2933 386 3113 454 iidem,
3162 404 3227 443 ne
3274 388 3458 445 fraude
3489 406 3575 443 se-

307 480 445 535 1065
482 478 695 531 Calculi
725 476 791 530 de
818 485 1010 538 morte,
1033 476 1167 538 viis;
1195 475 1334 545 quod
1355 473 1643 538 credimus,
1662 473 1763 528 hoc
1780 483 1882 528 est.
3316 480 3503 551 [pulcri

480 568 642 641 492
682 567 743 621 Et
795 577 937 622 totus
976 567 1183 623 veniam
1220 584 1236 621 :
1269 582 1367 623 nec
1394 566 1533 621 enim
1573 567 1767 630 minor,
1796 572 1888 618 aut
2174 568 2382 625 Reddat
2405 578 2612 625 curtum
2643 570 2838 640 aliquid
2864 587 2879 636 ;
2906 572 3148 641 quamvis
3170 571 3279 640 jam
3306 581 3455 627 curta
3485 588 3576 624 vn-

1450 660 1468 733 [
1474 661 1629 726 alius,
1655 674 1813 729 quam
3354 662 3506 736 [rarit

478 752 632 809 Nunc
667 767 785 809 sum
804 794 819 819 ,
866 753 1119 809 restituar
1144 769 1157 807 :
1190 752 1365 808 vultus
1384 796 1401 821 ,
1438 751 1623 821 vigor,
1652 760 1711 806 et
1738 749 1886 806 color
2166 756 2424 825 corpora,
2454 754 2697 811 debilitas
2720 764 2921 821 tamen,
2949 766 3003 811 et
3034 756 3283 812 violentia
3307 758 3476 811 nimbi

1624 843 1811 915 [idem,
2172 848 2354 903 Virtus
2380 848 2567 902 mortis
2594 859 2743 913 erat;
2776 846 2983 911 reddet,
3013 848 3152 917 quod
3184 848 3535 916 particulatim

477 942 575 1007 Qui
595 941 752 997 modo
767 942 914 1009 vivit,
936 941 1067 1006 erit;
1093 955 1191 996 nec
1203 946 1288 996 ine
1303 940 1385 996 vel
1406 940 1586 1006 dente,
1608 940 1687 993 vel
1710 954 1885 1010 ungue
2168 938 2461 994 Sorbuerat
2488 953 2807 1007 quocunque
2838 938 3016 1002 modo,
3040 953 3106 993 ne
3135 948 3375 993 mortuus
3398 943 3571 992 omnis

481 1031 803 1086 Fraudatvm
831 1039 1069 1087 revomet
1091 1031 1337 1100 patefacti
1360 1032 1499 1086 fossa
1526 1030 1773 1099 sepulcri.
1992 1032 2129 1087 1080
2166 1030 2283 1086 Non
2310 1031 2515 1097 redeat,
2538 1031 2581 1085 si
2612 1030 2736 1100 quid
2761 1030 2916 1098 pleno
2940 1028 3008 1084 de
3037 1043 3260 1099 corpore
3286 1028 3446 1083 desit.

303 1124 443 1179 1070
481 1125 581 1190 Qui
608 1126 781 1195 jubet,
809 1132 864 1180 ut
898 1124 1134 1193 redeam,
1179 1137 1285 1178 non
1312 1122 1500 1179 reddet
1528 1121 1702 1177 debile
1730 1121 1883 1191 quid-
2164 1121 2351 1178 Pellite
2389 1120 2551 1176 corde
2578 1132 2801 1186 metum,
2834 1135 2951 1176 mea
2990 1121 3251 1188 membra,
3289 1129 3344 1174 et
3371 1120 3572 1173 credite

1589 1211 1770 1283 [quam
1796 1228 1810 1265 :
3270 1207 3503 1278 [vosmet

476 1303 607 1361 Nam
637 1304 682 1360 si
714 1304 959 1360 debilitas
988 1304 1147 1374 redit,
1177 1303 1492 1359 instauratio
1522 1316 1627 1357 non
1656 1311 1758 1357 est.
2162 1304 2295 1358 Cttm
2321 1302 2535 1357 Christo
2574 1303 2811 1357 reditura
2838 1301 2984 1365 Deo;
3018 1316 3141 1356 nam
3174 1315 3269 1355 vos
3292 1303 3432 1369 gerit
3461 1301 3569 1364 ille,

477 1396 629 1464 Quod
655 1411 811 1452 casus
857 1395 1052 1467 rapuit,
1093 1394 1234 1465 quod
1271 1394 1513 1460 morbus,
1545 1394 1686 1463 quod
1729 1392 1885 1448 dolor
2167 1393 2328 1465 5.93
2362 1392 2425 1445 Et
2451 1405 2631 1447 secum
2667 1401 2878 1447 revocat
2910 1408 2925 1445 :
2957 1392 3171 1446 morbos
3203 1389 3372 1445 ridete
3397 1387 3568 1443 mina-

1587 1484 1806 1558 [hansit,
2672 1502 2695 1513 κ
3346 1480 3462 1553 {ces
3483 1498 3500 1547 ;

475 1579 625 1646 Quod
653 1580 918 1634 truncavit
940 1579 1074 1636 edax
1099 1580 1305 1636 senium
1332 1576 1618 1649 populante
1639 1587 1881 1645 veterno,
2169 1576 2400 1631 lnllictos
2429 1588 2584 1630 casus
2614 1574 2974 1639 contemnite;
3002 1580 3136 1629 tetra
3165 1572 3410 1641 sepulcra
3506 1600 3512 1607 -

478 1671 649 1728 Omne
683 1673 970 1728 revertenti
1006 1685 1247 1743 reparata
1280 1671 1336 1726 in
1368 1670 1602 1726 membra
1633 1670 1845 1726 redibit.
1916 1661 1963 1722 Β
1996 1667 2131 1722 1083
2174 1667 2453 1736 Despuite;
2479 1678 2770 1735 exsurgens
2789 1680 2897 1736 quo
2920 1664 3167 1722 Christus
3189 1666 3564 1733 provocat,ite.

1602 1859 1894 1919 CLOSSZE
1936 1859 2273 1917 VETERES.

369 2065 526 2119 1061.
559 2064 801 2127 Veniam,
822 2078 1107 2132 resurgam,
1137 2062 1175 2115 1.
1986 2064 2135 2133 quid,
2167 2063 2207 2118 1.

374 2138 529 2189 1072.
565 2135 765 2196 llausit,
798 2135 1129 2202 roasumpsit,
1160 2133 1200 2186 1.

2058 2134 2216 2189 1076.
2249 2133 2491 2197 Curtum,
2518 2134 2698 2195 debite,
2724 2133 2825 2188 Iso.

369 2206 527 2259 1075.
559 2206 723 2274 Edax,
749 2203 1401 2274 consumam—Veterum
1428 2204 1626 2267 morbo,
1660 2204 1701 2258 l.
2057 2204 2217 2260 1085.
2248 2202 2500 2271 Minaces,
2530 2204 2649 2274 quia
2678 2205 2840 2259 solent
2861 2211 3070 2260 mortem
3098 2205 3301 2273 minor",
3335 2203 3439 2258 lsv.

370 2275 523 2331 1075.
560 2273 727 2340 Victa,
772 2288 803 2325 a
842 2271 1063 2327 Christo.
1087 2303 1155 2312 —
1177 2271 1405 2339 Fraude,
1449 2289 1510 2328 ne
1546 2276 1744 2344 [utetur
1772 2275 1873 2329 ali-

1639 2470 2201 2571 COXiMENTARlUS.

369 2664 527 2722 1066.
559 2665 804 2721 Ostendit
834 2674 1011 2735 poeta,
1043 2667 1489 2721 resurrectionem
1522 2667 1699 2722 carnis
1729 2668 1869 2723 l'utu-
1976 2668 2181 2737 prolee.
2222 2668 2536 2738 Spiegelius,
2553 2665 2854 2722 Comment.
2898 2665 3084 2738 hymn.
3132 2665 3564 2738 Cathem._0mui

297 2752 413 2808 ram
450 2739 500 2808 in
532 2738 717 2808 eodem
746 2734 963 2789 omnino
990 2752 1213 2808 corpore
1235 2779 1249 2801 ,
1285 2738 1351 2808 in
1380 2754 1485 2808 quo
1525 2738 1685 2808 homo
1714 2739 1864 2791 vivit.
1980 2734 2105 2793 iura
2133 2734 2197 2792 ad
2224 2734 2374 2794 vers:
2393 2739 2483 2803 94,
2504 2737 2617 2801 Quo
2645 2738 2784 2807 gravi
2814 2734 3262 2808 carniitte,inqu't,
3283 2746 3326 2789 et
3352 2734 3564 2800 Christi,

297 2806 366 2861 Ut
400 2807 540 2860 enim
579 2806 810 2861 traditur
849 2808 899 2860 in
940 2807 1165 2861 concilio
1202 2806 1460 2862 Toletano
1491 2824 1597 2871 xvi,
1627 2807 1872 2862 Christus
1977 2819 2026 2863 et
2049 2812 2215 2865 carnis
2246 2810 2487 2862 humana:
2514 2806 2929 2861 resurrectionem
2960 2806 3276 2860 Prudentius
3300 2807 3563 2865 confessus

294 2876 525 2947 ejusdem
549 2878 737 2942 carnis,
766 2893 865 2947 qua
890 2879 1212 2941 occubuerat,
1241 2878 1449 2930 veritate
1468 2886 1725 2947 resumpta
1753 2892 1871 2932 snr-
1975 2890 2071 2932 est.
2107 2880 2363 2933 Eumdem
2403 2879 2576 2932 locum
2620 2892 2650 2931 a
2692 2876 2865 2947 [fabro
2891 2876 2994 2932 sub
3033 2877 3247 2930 nomine
3290 2876 3563 2947 cujusdam

296 2944 461 3009 rexit,
489 2944 790 3017 exemplum
814 2948 968 3017 nobis
996 2961 1086 2999 sua
1112 2948 1503 3001 resurrectione
1533 2944 1865 3017 impendens,
1906 3008 1940 3017 Δ
1975 2960 2265 3003 sanctorum
2304 2949 2358 3002 in
2390 2948 2562 3016 primo
2600 2947 2666 3000 ad
2708 2944 2931 3017 Paulum
2977 2946 3365 3017 commentario
3396 2946 3563 3017 advo-

294 3028 352 3068 ttt
392 3008 711 3087 credamus,
761 3031 859 3070 nos
895 3016 1054 3070 etiam
1100 3028 1496 3072 resurrecturos
1541 3008 1869 3071 in'veridiraé
1898 3008 1942 3069 C
1975 3020 2083 3072 cari
2104 3019 2243 3073 idem
2260 3008 2557 3087 Spieigelius
2580 3015 3558 3087 monet.Veramap0theositiChristi,

294 3087 465 3139 cernis
496 3086 796 3150 substantia,
827 3090 877 3140 in
903 3102 1004 3156 qua
1034 3104 1167 3139 nunc
1190 3100 1365 3140 sumus
1394 3097 1439 3141 et
1468 3088 1700 3141 vivimus.
1752 3088 1869 3141 lna-
1973 3090 2089 3142 sive
2112 3085 2500 3143 deificaiiouem
2531 3085 2765 3141 hominis
2790 3087 3063 3142 concludit
3092 3086 3435 3155 Prudentius,
3467 3100 3561 3140 es-

282 3160 443 3218 ‘nem,
475 3166 527 3209 et
554 3156 855 3209 damnatam
883 3156 1228 3227 subtilitatem
1246 3156 1616 3227 ,quorumdam
1644 3158 1711 3211 de
1740 3172 1867 3212 vera
1973 3162 2144 3227 posita
2191 3159 2614 3219 resurrectione,
2655 3171 2758 3225 qua
2793 3156 3072 3222 Christus,
3116 3170 3276 3211 verus
3328 3158 3466 3209 Deus
3508 3165 3561 3227 et

294 3226 709 3291 resurrectione,
743 3227 949 3280 etiamsi
989 3240 1184 3295 corpus
1212 3225 1353 3281 idem
1392 3240 1615 3283 numero
1643 3241 1749 3282 non
1778 3230 1867 3294 sit,
1974 3225 2155 3292 homo,
2178 3232 2490 3296 resurrexit,
2513 3234 2567 3282 et
2587 3228 2832 3283 homines
2854 3240 3036 3282 secum
3060 3236 3400 3294 resurgentes
3422 3226 3562 3281 cmlo

295 3306 719 3349 contemnamus.
1982 3299 2204 3352 invehit.

368 3363 529 3437 1060.
558 3365 702 3432 Ald.,
750 3364 867 3418 Vat.
899 3365 968 3432 ρ,
1010 3364 1143 3419 Mar.
1183 3379 1214 3420 a
1245 3366 1415 3437 prima
1457 3379 1638 3436 manu,
1679 3365 1866 3423 Citam.
2046 3367 2204 3423 1081.
2234 3367 2426 3436 Bong.,
2457 3375 2503 3421 et
2528 3375 2681 3437 atra;
2724 3365 2835 3437 alii,
2871 3373 3021 3419 tetra.
3063 3364 3138 3419 Ex
3168 3365 3326 3437 editis
3359 3374 3559 3419 tantum

295 3434 457 3496 male,
488 3443 727 3487 removet.
1177 3503 1180 3504 ν
1248 3434 1259 3437 ⁷
1624 3434 1629 3436 ⁷
1973 3438 2078 3490 vidi
2105 3434 2412 3504 Cellarium,
2450 3436 2540 3504 qui
2570 3435 2802 3490 tenuerit
2836 3447 2882 3489 et
2914 3444 3051 3498 atra,
3082 3444 3136 3488 et
3169 3434 3409 3489 Teolium
3439 3445 3561 3503 post

370 3503 527 3577 1076.
570 3504 757 3569 Aldus,
802 3504 1025 3577 voravit;
1062 3503 1253 3560 melius
1296 3504 1415 3573 alii,
1457 3506 1667 3561 vorarit.
1712 3505 1867 3577 Prag.
1968 3508 2284 3577 Cellariutn,
2311 3503 2891 3577 quatnvis’l'eoliusex
2930 3504 3270 3577 Vatt._codd.
3301 3504 3431 3577 nihil
3463 3519 3558 3577 no-

295 3587 348 3627 m
379 3574 465 3646 le,
485 3573 732 3646 [orarent,
762 3574 843 3626 vel
871 3574 1078 3640 foraret.
1105 3645 1112 3646 γ
1820 3573 1865 3577 “’
1978 3577 2187 3632 laverit.
2222 3573 2454 3646 Uterque
2483 3575 2701 3630 lleinsio
2726 3576 3002 3646 adhaerere
3031 3574 3235 3646 solent;
3263 3573 3358 3628 sed
3383 3573 3480 3629 hac
3502 3573 3556 3629 iu

369 3642 532 3715 10711Ζ
558 3643 757 3715 Cisel.,
790 3645 1140 3709 erit;c:eteri,
1168 3653 1297 3698 erat.
1335 3646 1498 3714 Bong.
1528 3654 1582 3701 et
1615 3654 1870 3715 praestan-
1976 3663 2035 3701 re
2059 3648 2302 3702 lleinsius
2329 3642 2449 3701 cum
2482 3647 2691 3700 czuleris
2734 3645 2923 3715 sensit,
2956 3659 3129 3715 neque
3156 3644 3316 3715 ullam
3343 3647 3558 3697 varian~

294 3712 463 3784 tiores
493 3711 780 3784 lleinsiani,
813 3715 1013 3784 reddat.
1055 3715 1245 3779 Palat.,
1284 3711 1473 3770 reddit:
1506 3711 1653 3782 Aldl,
1677 3714 1866 3784 Weit.,
1974 3726 2084 3771 tem
2123 3716 2406 3772 lectionem
2446 3716 2770 3772 observavit.
2802 3713 2918 3769 Non
2948 3711 3154 3780 dubito,
3193 3714 3320 3783 quin
3369 3728 3555 3768 Verum

296 3780 437 3845 (ἤδη
458 3782 631 3845 Alcm,
661 3782 786 3836 Urb.
819 3792 873 3836 et
893 3783 979 3836 alii
1003 3787 1189 3850 nostri,
1212 3785 1407 3845 reddet.
1641 3780 1646 3782 γ
1854 3780 1861 3784 ’
1974 3788 2043 3841 sit
2074 3796 2226 3842 tetra.

372 3850 524 3904 1079.
559 3851 680 3923 Aldi
704 3867 853 3906 error
888 3854 1243 3920 quodcunque.
1286 3855 1466 3908 Heins.
1497 3864 1551 3909 et
1579 3854 1669 3910 alii
1700 3857 1869 3910 inter-
2047 3858 2204 3912 1085.
2242 3856 2434 3915 Oxum.
2474 3854 2735 3923 despicite.
2778 3851 2853 3905 Ita
2897 3853 3084 3907 Urbiu.
3120 3853 3241 3923 Alii,
3282 3852 3554 3923 despuite;

293 3930 537 3993 pungunt
576 3920 858 3988 sorbuerat,
898 3938 1194 3993 quocunque
1234 3925 1405 3979 modo.
1439 3926 1541 3980 Alii
1571 3925 1782 3992 melius,
1814 3934 1871 3980 ut
1971 3926 2067 3982 sed
2100 3925 2241 3986 Put..
2269 3926 2424 3979 Alex.
2462 3933 2516 3978 et
2543 3920 2814 3993 veteqimi
2846 3923 3085 3977 scribunt
3123 3922 3362 3993 dispuite.
3403 3921 3551 3993 Aid.,

293 3990 460 4060 9‘"_di-
912 3990 917 3992 ⁷
1109 3990 1117 3993 Ἴ
1767 3990 1775 3992 ⁷
1972 4004 2021 4050 et
2049 4011 2283 4060 surgens.
2315 3994 2370 4048 In
2399 3993 2522 4047 Vat.
2556 3993 2623 4058 A,
2666 3991 2810 4045 Finit
2837 3993 3164 4060 Apotheosis,
3178 3992 3248 4060 id
3290 3999 3371 4060 est
3406 3990 3565 4057 dei/ia

369 4013 460 4043 ιω·
1972 4013 2021 4050 ει
2049 4013 2140 4049 sur
2176 4013 2283 4049 ens.
2315 4013 2370 4048 In
2409 4013 2522 4047 vat.
2556 4013 2623 4058 Α,
2666 4013 2810 4045 ιἰηιι
2837 4013 3157 4060 spumeos",
3196 4013 3247 4042 ta
3290 4013 3360 4043 ess
3406 4013 3555 4057 act/l-

368 4058 526 4114 1081.
554 4060 701 4128 Διά..
729 4061 1003 4127 mendose,
1031 4077 1139 4116 meo
1168 4075 1265 4131 pro
1295 4079 1425 4116 mea.
1448 4063 1686 4130 'l‘huan.,
1712 4080 1867 4118 mem-
1971 4013 2204 4118 catiofin
2235 4064 2388 4127 Man,
2417 4061 2556 4117 Finit
2580 4060 2703 4117 hbcr
2731 4060 3044 4132 Apotheosis.
3071 4060 3126 4114 1n
3148 4059 3300 4126 Urb.,
3329 4058 3555 4128 Explica

292 4126 409 4197 bra,
438 4131 623 4185 credite
647 4126 764 4187 sine
792 4140 860 4200 et,
890 4126 1028 4203 quod
1052 4126 1222 4187 metro
1248 4147 1353 4188 non
1376 4132 1651 4191 adversari
1674 4126 1781 4190 dixi
1811 4135 1865 4189 in
1975 4142 2152 4190 contra
2174 4132 2507 4189 Manio/neos.

1856 5130 1885 5142 κ

1355 5124 2050 5179 -Ὗ-ν-ηαίωι»
2071 5148 2227 5153 η-εη-
2243 5146 2424 5157 ——---—
