4120 6196
371 366 506 423 1009

540 476 793 530 Perversa
833 478 1034 539 n’gram
1062 482 1191 527 vota
1211 472 1417 540 culpun
1453 473 1729 525 traxerint.

543 572 728 619 Armat
757 564 950 619 deinde
974 561 1337 631 parricidalem
1368 576 1581 614 mamnn

401 660 465 716 15
543 658 746 721 Frater,
772 659 1015 725 probatas
1042 653 1339 709 sanctitatis
1371 654 1628 715 aemulus;

539 750 803 807 Germana
828 765 991 805 curvo
1016 748 1150 804 colla
1184 748 1379 817 frangit
1409 762 1434 801 s
1472 747 1621 801 rculo
1644 789 1658 811 ,

540 843 789 897 Mnndum
824 850 1088 894 recentem
1114 839 1261 894 caede
1290 838 1442 909 tingit
1472 838 1633 906 impia
1653 879 1667 902 ,

539 936 671 990 Sero
698 933 1041 1001 expiandum,
1080 932 1189 1000 jam
1218 940 1607 991 senescentem,
1639 944 1793 983 sacro

536 1028 737 1078 Crnore
762 1024 961 1079 Christi
991 1038 1098 1091 quo
1132 1032 1437 1091 peremptor
1461 1022 1712 1075 concidit.

392 1118 464 1172 20
540 1118 679 1170 Mors
711 1117 875 1183 prima
906 1116 1067 1181 cmpit
1096 1116 1395 1167 innocentis
1434 1113 1673 1179 vulnere,

533 1208 708 1262 Cessit
729 1207 918 1261 r'einde
950 1208 1224 1260 vulnerato
1254 1204 1492 1258 innoxio.

536 1300 637 1353 l‘cr
664 1301 865 1354 crimen
896 1305 1032 1363 orta,
1066 1298 1319 1351 dissoluta
1359 1305 1440 1350 est
1465 1296 1719 1360 crimine;

535 1390 664 1444 Abel
687 1389 825 1458 quod
857 1398 979 1441 ante
1004 1387 1250 1456 perculit,
1275 1386 1545 1439 Christum
1584 1386 1797 1449 dehinc,

530 1479 702 1533 Finita
733 1488 783 1532 et
815 1478 925 1546 ipsa
954 1488 1055 1545 est,
1091 1477 1209 1529 linis
1237 1487 1475 1529 exorti-nt
1503 1488 1710 1544 petens.

342 1588 351 1599 '
392 1568 464 1622 25
540 1569 678 1638 Ergo
704 1584 768 1623 ex
802 1568 987 1621 futuris
1021 1568 1189 1635 prisca
1221 1567 1382 1633 cmpit
1424 1567 1621 1630 fabula,

538 1659 805 1727 Factaque
838 1658 1010 1726 ptimo
1042 1672 1126 1711 res
1158 1667 1335 1710 notata
1363 1670 1438 1711 est
1474 1657 1677 1721 ultima,

546 1751 609 1805 Ut
644 1751 729 1804 ille
761 1749 944 1803 mortis
965 1749 1247 1803 inchoator
1272 1748 1505 1801 rusticus

530 1840 688 1911 [‘97
723 1838 923 1893 lnsulsa
952 1846 1106 1893 terra:
1132 1838 1379 1893 deferens
1402 1837 1670 1899 libamina,

1502 356 2043 415 ΗΑΜΧΒΤΙΕΕΝΙᾹΞ
2084 357 2468 414 ΡΠᾸΞῘΡΑΤΙΟ.

3436 434 3441 441 ,
3476 358 3611 415 uno

2216 471 2484 539 Deumque
2515 484 2693 523 rerum
2721 479 2992 523 ntortuarn
3020 486 3047 520 ει
3082 470 3362 537 deputans,

2076 563 2144 616 50
2218 563 2421 615 Rastris
2446 561 2657 617 redacta
2688 563 2844 631 digna
2870 562 3036 617 sacris
3060 563 3324 625 crederet,

2215 652 2452 707 Viventis
2482 662 2633 705 atrox
2663 653 2943 705 a'mnlator
2971 654 3179 706 hostia‘.

2209 743 2455 811 Agnesco
2488 756 2699 810 nempe,
2732 757 2888 811 quem
2922 742 3085 811 figura
3112 743 3225 796 ιλιιιο
3250 741 3500 809 denotet,

2213 834 2343 898 Quis
2367 832 2661 899 fratricida,
2694 835 2811 901 quis
2843 843 3147 901 peremptor
3170 834 3379 887 int-idus

2217 927 2382 981 l’rave
2408 941 2683 980 sacrorum
2708 925 3043 993 disciplinam
3065 926 3287 991 dividat,

2070 1019 2140 1073 55
2215 1018 2446 1072 Mactare
2475 1018 2597 1072 dum
2622 1032 2680 1071 se
2712 1027 2830 1070 vota
2863 1026 3047 1071 censet
3077 1019 3295 1073 rectius.

2212 1113 2466 1175 Marcion,
2492 1113 2602 1166 arvi
2635 1113 2801 1167 forma
2826 1114 3238 1181 corruptissimi,

2213 1205 2391 1268 Docet,
2430 1204 2609 1258 Duitas
2635 1205 2940 1273 discrepare
2966 1219 2993 1257 a
3025 1204 3234 1273 spiritu,

2210 1292 2375 1363 493
2403 1295 2784 1348 Contaminata:
2810 1296 2946 1348 dona
2970 1297 3148 1350 carnis
3175 1296 3428 1362 olle-rens,

2218 1384 2274 1437 Et
2306 1386 2618 1452 segregatim
2652 1400 2844 1439 numen
2877 1395 3131 1439 :cternnm
3158 1386 3362 1441 colens.

2069 1478 2137 1531 40
2209 1479 2307 1542 Qui
2349 1479 2394 1531 si
2426 1478 2687 1546 quiesmt,
2722 1493 2819 1530 nec
2849 1488 3152 1531 monentem
3185 1481 3433 1548 negligat,

2210 1568 2399 1622 Pacem
2442 1568 2677 1637 quietam
2709 1568 2891 1637 diligat
2915 1570 3259 1637 germanitas,

2214 1659 2407 1724 Unnnt,
2442 1668 2600 1727 atque
2624 1659 2798 1713 vivum
2827 1659 2966 1713 fassa
3004 1660 3243 1712 vivorum
3280 1660 3465 1713 Deum.

2212 1749 2308 1803 llic
2334 1763 2392 1803 se
2418 1748 2620 1802 caduco
2645 1747 2900 1802 dedicans
2941 1748 3217 1817 mysterio,

2206 1837 2479 1892 Summam
2510 1836 2765 1907 profanus
2792 1837 2981 1893 dividit
3006 1838 3354 1893 substantiam
3374 1880 3387 1903 ,

1638 1928 1924 1984 GLOSS£
1968 1928 2306 1984 VETERI'S.

429 2022 513 2077 f5.
544 2021 843 2085 Traxerint,
875 2019 1094 2085 trahent,
1128 2019 1358 2078 traltmtt.
1394 2021 1432 2073 Ι.

434 2094 517 2147 lii.
564 2093 698 2145 Prob
736 2100 824 2156 tte,
867 2089 1109 2143 (satiatae.
1141 2118 1213 2129 —
1238 2089 1506 2153 IEmulus,
1538 2091 1805 2153 inimicus,
1840 2092 1919 2143 in-

357 2164 522 2223 ritlus,
554 2163 593 2215 Ι.

429 2234 515 2285 17.
538 2232 733 2301 Tingit,
768 2231 990 2300 fwdattit,
1022 2233 1096 2283 vel
1128 2231 1331 2295 polluit,
1365 2230 1403 2283 l.

431 2304 516 2355 18.
550 2302 1089 2369 Εψίςιη‹ιιηη,ὅρεηηι
1116 2302 1379 2363 mundum,
1411 2302 1447 2351 l.

430 2373 514 2426 l9.
547 2372 874 2440 l’eremptor,
902 2371 1156 2433 diabolus,
1183 2370 1246 2431 1.,
1272 2369 1395 2422 Rat.

424 2440 517 2496 2i.
556 2441 749 2503 Cessit,
780 2443 1019 2495 victavest.
1045 2470 1111 2480 --
1142 2441 1381 2503 Innuxio,
1406 2439 1625 2499 Christo,
1656 2440 1692 2491 Ι.

424 2511 515 2564 22.
565 2512 812 2573 Crimen,
861 2510 1009 2565 Cain.
1050 2538 1120 2550 ——
1166 2508 1440 2575 Crimine,
1485 2508 1820 2575 Judteorum,
1862 2511 1915 2565 in

361 2578 564 2639 Christo
589 2581 723 2648 facta
756 2583 829 2634 τοι
857 2589 1158 2650 perpetrato,
1184 2578 1285 2634 lso.

423 2651 511 2704 2L
548 2651 683 2717 Ipsa,
708 2667 862 2713 mors,
900 2651 935 2703 Ι.

422 2720 523 2775 25.
539 2720 755 2786 Fabula,
788 2719 1032 2784 narratio,
1060 2718 1099 2773 Ι.

2100 2019 2186 2075 26.
2216 2022 2506 2088 Factoqne,
2543 2034 2693 2091 opere
2716 2020 2871 2081 ntalo.
2907 2022 2945 2075 l.

2099 2090 2189 2144 27.
2222 2092 2491 2161 Rusticus,
2521 2090 2766 2161 agricola,
2799 2093 2850 2143 id
2876 2102 2945 2144 est
2976 2090 3123 2153 Ca’n,
3151 2092 3185 2143 l.

2098 2161 2190 2215 9.8.
2218 2160 2443 2225 Insnisa,
2478 2163 2686 2226 rustica,
2717 2162 2756 2215 l.

2102 2230 2190 2285 50.
2224 2231 2480 2296 Redacta,
2508 2232 2759 2293 laborata,
2792 2232 2829 2286 l.

2101 2302 2190 2353 5|.
2235 2301 2557 2362 Emulator,
2591 2302 2847 2365 inimicus,
2885 2301 2921 2353 Ι.

2099 2368 2187 2423 56.
2222 2373 2367 2436 Arni,
2395 2372 2734 2440 pinguedinis,
2771 2372 2821 2423 id
2848 2388 2874 2423 e
2905 2380 2944 2433 t,
2978 2369 3201 2440 Itwresis,
3236 2372 3353 2424 ltat.

2101 2440 2188 2493 57.
2220 2442 2416 2502 Duitas,
2450 2439 2744 2507 duplit'itas,
2768 2440 2826 2503 |.,
2849 2440 2963 2493 Vat.
2989 2439 3049 2492 Ἰ.
3077 2439 3390 2506 Duplicatos,
3408 2451 3459 2495 ut
3478 2443 3598 2497 altct

2024 2520 2148 2563 esset
2178 2511 2312 2564 Deus
2340 2511 2545 2571 animle,
2576 2518 2621 2562 et
2650 2511 2782 2562 alter
2812 2511 3059 2577 corporis,
3092 2509 3242 2573 l’rag.

2101 2580 2189 2633 40.
2220 2582 2342 2644 Qui,
2380 2579 2637 2633 Marcion.
2669 2609 2736 2618 ——
2762 2579 3084 2641 Monentem,
3119 2594 3216 2639 me,
3242 2582 3279 2631 Ι.

2099 2649 2186 2719 42.
2217 2652 2403 2713 Fassa,
2434 2650 2689 2719 confessa,
2713 2649 2787 2703 vel
2813 2649 3079 2716 conﬁtens,
3116 2648 3151 2701 Ι.

2096 2718 2185 2775 45.
2210 2720 2445 2787 Caduco,
2483 2718 2640 2784 malo,
2677 2718 2713 2771 l.

1693 2808 2247 2866 COMMENTARIUS.

358 2911 500 2959 tassc
549 2902 739 2957 melior
766 2913 848 2957 est
895 2902 1052 2956 lectio
1082 2900 1251 2969 With,
1288 2911 1446 2957 certa.
1467 2901 1589 2958 Sive
1616 2913 1781 2967 recta,
1813 2903 1927 2958 sive

356 2983 494 3027 certa
525 2975 821 3036 scribitur,
862 2972 1173 3039 intelligitur
1211 2974 1320 3041 lege
1362 2982 1498 3025 certa
1537 2987 1630 3027 seu
1673 2983 1840 3039 recta,
1876 2974 1927 3028 in

356 3043 606 3098 ablativo.
672 3043 893 3097 Notatur
938 3041 1206 3096 aemulatio
1262 3057 1363 3110 qua
1418 3042 1544 3095 Cain
1603 3042 1811 3096 diversa
1860 3044 1927 3098 ab

355 3114 525 3167 Abcle
547 3128 762 3166 munera
800 3111 1075 3166 ollerebat.
1116 3112 1264 3165 Recte
1292 3110 1484 3165 offerre
1528 3111 1924 3181 intelligendum

357 3193 459 3245 est,
506 3184 719 3237 secluso
750 3196 1002 3250 perverso
1042 3191 1187 3249 voto,
1234 3192 1284 3237 et
1314 3182 1455 3250 quod
1484 3181 1674 3237 attinet
1703 3183 1767 3237 ad
1796 3183 1927 3238 alias

356 3253 601 3306 sacrilicii
646 3254 808 3321 leges.

2031 2905 2162 2958 duas
2191 2915 2361 2961 sectas
2390 2906 2709 2966 considerat.
2751 2908 2851 2961 sub
2878 2905 3102 2961 duorum
3136 2906 3355 2960 fratrum
3390 2906 3604 2964 nomine

2031 2975 2259 3047 invicem
2309 2990 2664 3047 repugnantes
2691 2988 2743 3030 et
2774 2979 3069 3031 contrarias
3113 2976 3234 3030 sibi.
3285 2977 3432 3031 llunc
3476 2978 3603 3032 Atu-

2031 3044 2198 3100 brosii
2232 3047 2403 3100 locum
2436 3044 2696 3101 imitatum
2731 3047 3073 3101 Prudentium
3116 3055 3263 3114 puto.

2102 3116 2192 3169 5'2.
2226 3117 2371 3182 Ald.,
2401 3133 2533 3185 qute.
2567 3116 2753 3171 Melius
2793 3117 2994 3179 caueri,
3024 3132 3193 3183 quem.

2102 3187 2192 3240 55.
2228 3187 2404 3252 Alex.,
2441 3186 2586 3251 Ald.,
2618 3187 2754 3249 Gis.,
2801 3186 2951 3251 Falu,
2981 3185 3177 3239 Widm.
3220 3199 3401 3252 supra,
3432 3185 3602 3253 fratri-

2031 3255 2169 3308 cida.
2221 3255 2375 3321 Man,
2405 3256 2558 3321 Urb.,
2606 3256 2787 3322 Prag.,
2833 3255 3045 3318 Wettz.,
3092 3254 3263 3317 Sich.,
3319 3256 3599 3321 parricida.

431 3323 521 3375 ib.
567 3306 725 3376 Νουιῖ
757 3322 1060 3386 Browerus,
1094 3319 1409 3376 Venantiom
1454 3322 1821 3385 Fortunatum,
1869 3332 1925 3377 ut
1956 3306 2000 3366 (ἶ
2038 3306 2311 3378 Πρὶιίεῑξιῖἰ
2339 3306 3117 3448 ξιῨξιῖΪΑξένιᾶιῦἱεὶἅᾶξῆιῖοᾶ
3148 3306 3330 3393 ἠιθέῙέ
3344 3306 3535 3390 placet.

433 3393 482 3445 bi
523 3407 624 3445 non
665 3408 807 3448 raro.
839 3393 917 3445 sic
965 3392 1124 3445 etiam
1149 3392 1285 3448 eleg.
1318 3392 1375 3448 2.
1409 3392 1499 3445 lib.
1545 3408 1617 3448 ts.
1657 3392 1929 3446 Prudentii
2108 3393 2194 3447 5i.
2231 3394 2383 3448 Fab..
2424 3396 2611 3448 Bonan.
2691 3395 2779 3448 is..
2828 3396 3030 3448 diridit.
3083 3393 3374 3448 llcinstani.
3420 3396 3535 3448 Alei

356 3391 482 3445 alibi
523 3407 624 3445 non
665 3408 807 3457 raro,
839 3393 917 3445 sic
965 3392 1124 3445 etiam
1149 3392 1285 3458 eleg.
1318 3392 1375 3456 2,
1409 3392 1499 3445 lib.
1545 3408 1617 3452 ts,
1657 3392 1929 3446 Prudentii

359 3462 581 3530 vestigia
636 3463 930 3529 pressisse,
991 3461 1128 3529 quod
1174 3462 1415 3515 docuerit
1457 3461 1934 3517 Abelem-sarculo

359 3531 523 3583 fuiss»
552 3536 897 3585 exstinctum.
930 3531 1029 3583 Alii
1061 3531 1165 3583 alio
1210 3531 1370 3585 modo
1411 3530 1643 3585 OCl'iSlllﬂ
1682 3532 1929 3597 tradunt,

358 3600 477 3655 sive
505 3601 704 3668 gladio,
724 3604 838 3655 sive
867 3600 1021 3665 falce,
1052 3602 1167 3654 sive
1187 3600 1347 3663 ferro,
1374 3602 1487 3655 sive
1513 3600 1797 3669 lapidibus,
1823 3602 1934 3657 sive

360 3672 628 3735 manibus,
660 3677 772 3725 sive
796 3671 1081 3725 morsibus.
1115 3671 1241 3735 Qua:
1264 3672 1441 3725 omnia
1476 3687 1592 3723 cnm
1623 3672 1931 3739 conjecutra

359 3740 537 3794 solum
572 3743 887 3805 probentur,
923 3755 1028 3794 non
1062 3750 1261 3795 temere
1290 3749 1440 3809 poeta
1472 3742 1681 3796 sarculo
1728 3741 1931 3796 essun-

361 3821 503 3863 ctum
549 3811 696 3875 dicit,
728 3828 832 3880 quo
860 3811 1212 3864 instrumento
1243 3811 1592 3880 agricultores
1625 3812 1689 3864 ad
1738 3812 1930 3865 herbas

361 3880 577 3934 inutiles
608 3879 916 3935 evellendus
943 3888 1181 3934 utuntur.
1211 3881 1428 3934 Abelem
1460 3896 1487 3933 a
1511 3879 1676 3932 Caino
1697 3882 1931 3935 occisum

362 3950 547 4015 plures
576 3952 793 4018 pictura:
817 3952 866 4004 in
894 3950 1220 4004 cmmetcriis
1243 3959 1481 4003 veterum
1510 3950 1930 4003 Christianorum

359 4021 635 4089 exhibent.
700 4021 829 4075 Vide
887 4022 957 4075 cl.
1027 4020 1383 4075 Mamachium
1447 4030 1575 4074 tom.
1637 4020 1678 4073 ll
1750 4023 1925 4089 Antiq.

360 4088 583 4153 Cltrist.,
608 4106 726 4159 pag.
751 4092 839 4144 50.

436 4160 520 4230 i9.
558 4160 678 4230 Vat.
710 4164 775 4224 A,
807 4160 981 4215 minus
1004 4160 1165 4226 bene,
1200 4168 1477 4230 perempto.

433 4228 521 4282 20.
552 4229 675 4283 Vat.
727 4233 791 4295 A,
840 4230 1017 4298 Egm.,
1048 4228 1207 4284 Terr;
1252 4246 1409 4292 unus,
1442 4242 1489 4282 et
1536 4228 1657 4299 Pal.
1693 4243 1721 4281 a
1762 4230 1932 4299 prima

360 4313 543 4366 tttanu,
585 4316 729 4363 sors;
758 4302 842 4353 alii
872 4316 1029 4353 mors.
1064 4300 1254 4368 Rong.,
1285 4300 1526 4366 vulneris,
1558 4298 1717 4352 male.

432 4368 520 4422 2t.
554 4371 746 4438 Scripti
800 4380 851 4423 et
882 4369 1010 4424 editi
1060 4370 1203 4433 libri,
1245 4371 1412 4423 cessit.
1455 4370 1605 4438 Apud
1652 4368 1931 4424 Weitzium

364 4440 436 4492 Μ.
470 4440 623 4504 llerg.
652 4441 775 4507 legit
801 4451 980 4492 cessat.
1014 4441 1199 4493 Melius
1231 4448 1313 4493 est
1342 4441 1508 4493 cessit.

431 4508 523 4562 24.
567 4511 793 4571 Ιιοιιοηη
826 4510 1027 4577 ﬁnitet,
1062 4524 1359 4577 perperam.

434 4581 525 4633 26.
557 4580 713 4646 illam,
740 4580 873 4647 facto
896 4580 1060 4648 primo
1082 4589 1265 4633 contra
1296 4588 1542 4632 metrum.

434 4651 523 4704 5i.
549 4646 774 4712 Βσηιοιι..
818 4646 1135 4711 immolator,
1172 4649 1309 4703 male
1339 4665 1351 4700 :
1382 4664 1502 4702 nam
1532 4647 1660 4702 Cain
1698 4663 1801 4702 non
1833 4646 1930 4702 fuit

363 4720 667 4773 immolator
692 4720 880 4772 hostia:
927 4719 1171 4782 viventis,
1204 4718 1295 4771 sed
1340 4718 1635 4771 temulator.
1682 4718 1771 4771 Ait
1800 4717 1933 4772 Pru-

360 4789 595 4853 tleulius,
636 4789 737 4843 hac
780 4788 1085 4843 narratione
1114 4789 1180 4843 de
1221 4788 1406 4851 Caino,
1448 4788 1535 4853 qni
1565 4788 1792 4841 victima:
1826 4788 1941 4842 fra-

361 4869 530 4914 ternae
556 4859 814 4924 tumulus,
845 4858 1057 4911 fratrem
1091 4864 1260 4911 morte
1312 4858 1516 4920 allecit,
1549 4856 1799 4911 denozari
1819 4874 1930 4911 rem

358 4929 593 4983 futuram
619 4944 632 4994 ;
663 4944 819 4997 quam
840 4928 864 4982 ?
884 4928 1162 4981 Marcionis
1193 4927 1457 4991 haeresim,
1483 4928 1570 4995 qui
1598 4926 1931 4995 disciplinam

360 5013 634 5053 sacrorum
660 5013 911 5065 perverse
940 4998 1140 5061 divisit,
1166 5005 1218 5049 et
1246 5011 1440 5050 numen
1465 5007 1719 5050 aeternum
1753 4999 1806 5049 in
1828 4998 1933 5052 duo

360 5069 681 5137 segregavit.
711 5069 818 5120 Cur
845 5078 1047 5134 autem,
1073 5067 1163 5135 qui
1194 5066 1361 5119 Deum
1404 5067 1457 5119 in
1482 5066 1615 5119 duos
1649 5066 1889 5137 dividunt
1912 5110 1927 5135 ,

358 5138 413 5191 in
432 5136 547 5192 hoc
574 5147 685 5193 toto
714 5138 950 5206 prologo,
973 5144 1028 5192 et
1054 5138 1104 5189 in
1130 5138 1299 5201 primo
1321 5137 1568 5190 carminis
1587 5152 1741 5189 versu
1766 5136 1931 5191 Caino

357 5218 768 5274 comparentur,
804 5224 907 5260 non
939 5208 1067 5261 satis
1108 5206 1371 5272 explicant
1414 5206 1747 5272 interprt-tes.
1797 5207 1930 5261 Pru-

357 5279 574 5332 dentius
594 5287 685 5331 aut
716 5276 903 5330 litterae
929 5278 1186 5332 versionis
1211 5275 1349 5329 LXX
1375 5275 1721 5342 interpretum
1748 5276 1931 5330 adlue-

357 5349 451 5412 sit,
478 5349 619 5414 quod
649 5346 779 5401 Ca‘n
808 5362 914 5400 non
938 5356 1079 5401 recte
1101 5347 1358 5408 diVlSL‘I‘ll,
1391 5355 1481 5399 ant
1510 5346 1681 5399 solum
1712 5345 1932 5401 divisio-

357 5432 483 5470 nem
515 5419 815 5472 etschisuta
846 5417 1081 5470 omnium
1106 5417 1474 5470 haereticorum
1502 5415 1768 5482 proprium
1794 5416 1931 5470 Mar-

356 5488 577 5540 cionitis
616 5487 820 5555 objicit.
862 5486 1121 5541 Lauretus
1172 5487 1222 5540 in
1255 5485 1396 5540 Silv:t
1449 5485 1818 5554 allrgoriarunt
1865 5501 1930 5541 ex

356 5556 461 5611 SS.
504 5555 747 5610 Patribus
774 5557 1005 5610 ostendit
1043 5556 1267 5609 Cainum
1299 5570 1417 5609 esse
1454 5558 1671 5624 liguram
1710 5556 1933 5622 peccati,

358 5627 694 5695 peccatoris,
744 5626 1075 5689 Judzeornm,
1124 5625 1301 5695 populi
1358 5624 1932 5695 lta'reticdrum,_alios

358 5693 648 5750 haereticos
677 5697 1005 5762 generantis,
1042 5696 1187 5760 ptavi
1240 5694 1521 5760 dogmatis,
1554 5706 1606 5748 et
1638 5693 1785 5762 pravi
1813 5708 1934 5747 scn-

354 5782 472 5821 sus.
498 5768 553 5821 S.
589 5763 920 5832 Ambrosius,
954 5768 1003 5819 in
1038 5765 1127 5821 lib.
1163 5780 1177 5819 l
1206 5765 1269 5820 de
1310 5763 1439 5821 Cain
1468 5776 1517 5820 ct
1544 5765 1697 5831 A-be',
1734 5779 1849 5833 cap.
1880 5765 1930 5831 l,

2108 3393 2194 3447 5i.
2231 3394 2383 3458 Fab.,
2424 3396 2611 3463 Bong.,
2642 3393 2779 3460 Gis.,
2828 3396 3030 3449 dividit.
3083 3393 3374 3459 llcinsiani,
3420 3396 3601 3462 Alex.,

2039 3463 2167 3519 Urb.
2201 3474 2245 3518 et
2283 3465 2469 3524 nostri,
2500 3464 2587 3517 alii
2617 3465 2827 3527 dividat,
2862 3475 2914 3517 ιιι
2945 3479 3099 3531 supra
3126 3464 3345 3516 denotet.

2105 3534 2190 3588 56.
2221 3534 2343 3587 Ald.
2376 3545 2423 3588 et
2460 3534 2615 3596 Urb.,
2647 3536 2921 3597 mendose,
2943 3536 3052 3587 Arii
3083 3550 3176 3600 pro
3202 3535 3335 3585 arui.
3381 3534 3601 3587 Marcio-

2035 3619 2157 3672 nem
2206 3604 2622 3672 corruptissimis
2683 3604 2919 3658 moribus
2970 3606 3130 3657 fuisse
3194 3604 3441 3657 traditum
3499 3615 3601 3659 est.

2035 3671 2428 3743 Cbarnillardns
2476 3674 2659 3742 objicit
2707 3686 2905 3741 poene.
2956 3673 3094 3743 quod
3155 3674 3497 3743 pcnnltimatn
3550 3677 3603 3726 in

2038 3742 2272 3797 Marcion
2326 3745 2667 3810 produxerit:
2700 3754 2751 3797 et
2786 3746 3084 3812 exemplum
3113 3743 3327 3795 adducit
3359 3759 3423 3812 ex
3457 3742 3603 3796 libris

2035 3825 2224 3867 contra
2259 3814 2576 3867 Marcionetn
2608 3814 2705 3866 sub
2735 3812 3047 3867 Tertulliani
3078 3813 3294 3866 nomine
3320 3831 3331 3864 :
3370 3811 3494 3865 lla'c
3519 3828 3603 3865 uo-

2036 3881 2106 3934 bis
2138 3900 2225 3945 per
2260 3884 2564 3935 .tlarcioncm
2588 3882 2811 3935 Cerdone
2846 3884 3105 3951 magistro.
3136 3881 3330 3934 Verum
3360 3882 3469 3948 alii,
3510 3882 3600 3951 qui

2038 3952 2303 4018 ptttSudin'
2343 3952 2542 4005 indices
2569 3952 2874 4017 coniiciunt,
2903 3961 3085 4006 contra
3116 3951 3308 4004 docent
3352 3962 3460 4005 tres
3490 3967 3604 4004 0m-

2038 4037 2133 4075 nes
2156 4022 2362 4075 vocales
2387 4021 2437 4074 in
2462 4021 2689 4074 Marcion
2714 4035 2833 4075 esse
2857 4020 3246 4090 producendas.
3264 4021 3404 4075 Sane
3426 4036 3603 4074 exent-

2039 4092 2178 4158 plum
2208 4108 2269 4145 ex
2302 4090 2630 4144 Tertulliano
2660 4100 2833 4159 potest
2879 4092 2947 4145 ita
2978 4091 3168 4158 accipi,
3198 4099 3253 4141 ut
3292 4106 3384 4159 pes
3413 4090 3602 4145 tertius

2036 4162 2105 4213 sit
2150 4161 2351 4229 SpOlId.t
2374 4177 2433 4214 ns
2464 4162 2593 4214 facta
2618 4161 2893 4231 isynmresi
2941 4176 3003 4215 ex
3037 4162 3147 4231 cio.
3169 4160 3256 4213 Sic
3288 4160 3604 4215 Prudentius

2037 4231 2174 4284 infra
2211 4245 2347 4285 vers.
2379 4231 2480 4286 £29
2509 4235 2578 4284 ait
2607 4229 2935 4293 Marcionita,
2978 4231 3065 4283 ubi
3097 4229 3293 4283 Marcio
3322 4242 3401 4283 est
3444 4245 3604 4297 spon-

2037 4302 2201 4354 dirus.
2236 4301 2369 4355 Vide
2398 4301 2466 4355 ibi
2502 4299 2754 4357 notanda.
2784 4301 2934 4367 Quod
2965 4301 3009 4353 si
3038 4301 3354 4354 auctoritate
3384 4300 3605 4354 reslth

2035 4372 2230 4424 conlici
2260 4372 2501 4434 deberet,
2529 4386 2631 4423 non
2671 4370 3029 4426 Tertullianus
3051 4370 3445 4424 commcn:itius
3476 4370 3604 4423 Pru-

2035 4441 2238 4504 dentio,
2263 4440 2355 4494 sed
2389 4441 2706 4495 Prudentius
2728 4441 3056 4495 Tertulliano
3074 4440 3443 4493 conuuenlitio
3462 4448 3605 4493 esset

2042 4510 2425 4574 intulere-nilus.
2462 4512 2654 4564 Ultima
2685 4527 2811 4564 vero
2837 4512 2891 4565 in
2940 4510 3171 4564 Marcion
3208 4510 3516 4578 corripitur,
3549 4517 3607 4563 ut

2038 4578 2089 4632 in
2121 4580 2339 4633 domum.
2387 4581 2515 4634 Vide
2548 4581 2753 4645 Prolcg.

2109 4651 2197 4702 5'7.
2223 4648 2340 4703 Vat.
2362 4648 2426 4713 A,
2447 4651 2624 4719 Ptag.,
2655 4650 2792 4711 PaL,
2822 4651 2995 4717 Egm.,
3022 4647 3604 4713 dueta;Aldus,Alex.,

2038 4718 2220 4771 ductas
2242 4735 2261 4783 ;
2286 4720 2441 4782 Man,
2475 4718 2593 4772 liat.
2619 4730 2670 4773 et
2699 4722 2809 4785 alii,
2840 4719 3149 4776 Duiras..lta
3179 4729 3335 4775 vocat
3379 4734 3473 4774 eos
3514 4719 3605 4785 qui

2038 4790 2170 4841 duos
2199 4790 2509 4843 asserebant
2532 4805 2654 4845 e~se
2675 4791 2825 4844 deos.
2853 4790 3100 4844 Fortasse
3124 4791 3313 4844 melius
3336 4789 3603 4843 scribetur

2035 4859 2152 4939 sine
2172 4866 2456 4921 eommate,
2483 4859 2636 4913 Docet
2662 4859 2843 4915 Duitas
2861 4862 3146 4931 discrepare
3164 4877 3193 4912 a
3214 4862 3418 4929 spiritu.
3452 4858 3625 4913 Cius-—

2035 4944 2109 4983 sae
2141 4937 2329 4992 ineptae
2358 4941 2497 4984 sunt.

2108 5000 2195 5052 Μ.
2238 4998 2503 5066 lleinsiani
2536 4999 2745 5067 scripti,
2796 5001 2985 5068 quieta.
3034 5000 3211 5066 Alex.,
3267 4999 3393 5055 Urb.
3424 5009 3477 5055 et
3516 4998 3608 5053 alii

2038 5070 2228 5130 nwslri,
2261 5071 2504 5137 quietam,
2529 5086 2647 5124 cum
2672 5069 2860 5129 Gisel..
2892 5070 3265 5133 Ald.,.Weitz.

2108 5138 2196 5218 42.
2231 5138 2405 5205 l’rag.,
2458 5144 2613 5209 fessa.
2658 5140 2775 5193 Vat.
2809 5143 2873 5205 A,
2917 5141 3159 5193 t-irorum.
3202 5138 3421 5207 Corrige
3466 5137 3615 5205 fassa

2038 5220 2089 5263 Cl
2112 5224 2331 5261 urorum
2341 5248 2353 5261 .

2109 5279 2198 5333 45.
2237 5279 2357 5332 Post
2394 5279 2531 5333 hunc
2561 5294 2769 5333 versum
2812 5278 2862 5330 in
2890 5278 3064 5332 multis
3094 5290 3223 5329 mss.
3253 5275 3403 5330 adest
3440 5275 3621 5338 alius,

2040 5348 2089 5400 in
2129 5349 2281 5412 Mar.,
2332 5348 2476 5412 Rat.,
2510 5348 2689 5412 Prag.,
2724 5345 2936 5411 Weitz.,
2972 5346 3083 5400 (Εἰς.
3125 5356 3178 5401 et
3218 5346 3355 5409 aliis,
3403 5344 3502 5398 scil
3524 5353 3609 5400 cet

2039 5390 3190 5484 ἱίεὲ’ἦιὶὲἀρ’ᾱιῖῖϊνὲιὶιὝιὶὄοέἐῗὸῇὲῖεὲἶὲ.’δὲὀ
3218 5390 3609 5470 ᾗῖἰίὶπῖἶὶεὲέἱ

2039 5502 2139 5541 vox
2178 5486 2281 5549 hic,
2313 5487 2361 5538 in
2408 5485 2658 5553 Pragens.
2685 5486 2829 5552 prius
2872 5487 3080 5552 ponitur
3110 5485 3234 5550 Hic,
3283 5488 3369 5553 qui
3407 5486 3609 5550 caduci,

2042 5564 2150 5609 tum
2184 5554 2285 5607 Hic
2329 5571 2377 5607 se
2409 5556 2623 5610 caduco.
2673 5556 2841 5609 Abest
2878 5555 2944 5608 ab
2982 5556 3157 5622 Alt-x.,
3208 5556 3361 5623 Urb.,
3396 5556 3513 5608 Vat.
3545 5556 3609 5617 A,

2039 5625 2185 5689 Ald.,
2218 5626 2391 5691 tigrin,
2422 5623 2584 5677 l'alat.
2611 5635 2665 5679 et
2710 5625 3008 5680 lleinsianis
3032 5626 3448 5694 exemplatjlins.
3473 5623 3611 5677 Teon

2040 5683 2285 5761 lius,'qui
2322 5683 2489 5765 negat
2522 5696 2697 5765 νυΙΙιιιιι
2736 5697 3106 5752 Vaticanorutn
3145 5683 3425 5765 aénov’isse
3473 5694 3618 5752 hunc

2040 5779 2273 5835 versum,
2307 5781 2409 5821 non
2446 5764 2655 5823 videtur
2691 5767 3005 5823 observasse
3036 5764 3273 5824 codicem
3296 5767 3543 5823 Marietti.
