4090 6192
308 220 448 289 tots

478 345 763 401 Terrarum
792 343 887 399 tibi
912 343 1080 399 forma
1120 342 1313 413 duplex
1344 339 1571 406 obludit,
1599 348 1659 394 ut
1684 351 1876 393 excors
1904 341 1946 399 ll

487 437 764 492 Dividuom
796 450 1025 506 regnare
1052 435 1220 491 Deum
1251 448 1414 503 super
1440 433 1642 488 atthera
1672 431 1882 487 credas.

484 528 608 581 Bina
636 527 783 590 boni,
824 536 985 594 atque
1009 524 1129 578 ntali
1159 523 1422 593 glomerat.
1441 522 1755 577 discrimina
1774 535 1890 575 sor—

1656 611 1822 682 [dens

485 707 579 763 llic
626 705 855 760 mundus
884 725 898 763 :
925 704 1144 760 domino
1188 705 1281 760 sed
1329 704 1522 759 malum
1552 702 1888 768 t.btetnperat

1711 796 1820 866 tua

486 892 601 945 Non
627 891 827 944 idcirco
852 889 986 943 duos
1017 891 1247 946 retinent
1271 892 1509 947 caelestia
1540 906 1715 959 reges,

494 983 643 1047 Quod
674 982 781 1033 duo
809 992 931 1035 sunt
957 996 1120 1049 opera
1152 983 1411 1036 humanas
1436 983 1690 1051 agitante
1718 996 1892 1035 curas.

489 1073 729 1127 lintei-iur
756 1082 1002 1127 terrenus
1032 1075 1191 1126 homo
1219 1084 1319 1137 est,
1353 1074 1441 1143 qui
1486 1073 1606 1128 talia
1636 1088 1884 1138 cernens,

485 1163 738 1230 (:oujicit,
775 1177 895 1216 esse
924 1164 1028 1218 duo
1061 1167 1326 1218 variarum
1374 1165 1593 1218 numina
1625 1180 1824 1229 rerum,

494 1258 622 1308 lnnn
646 1264 789 1322 putat
809 1270 928 1310 esse
948 1256 1135 1320 Deum,
1160 1256 1251 1324 qui
1272 1272 1431 1324 prava
1455 1256 1725 1311 eflinxcrit
1746 1260 1897 1324 olim,

493 1351 648 1420 501
684 1350 747 1403 Et
778 1350 867 1415 qui
910 1338 1053 1404 recta
1098 1350 1281 1406 itidem
1329 1351 1569 1407 condens
1610 1353 1897 1420 induxerit,

836 1496 843 1501 .
1612 1446 1618 1511 |
1641 1443 1830 1498 ambos

492 1536 746 1586 Antumat
775 1544 895 1586 osse
917 1530 1047 1586 deos
1081 1542 1269 1587 natura
1296 1534 1509 1602 diSpare
1535 1549 1799 1589 summos.

486 1626 615 1692 Quae
646 1626 855 1677 tandem
891 1634 1079 1679 natura
1105 1635 1282 1694 potest
1310 1630 1607 1683 consistere
1635 1630 1853 1699 duplex,

491 1720 592 1771 Aut
624 1731 844 1783 regnare
866 1716 956 1769 diu
983 1734 994 1770 :
1024 1722 1182 1786 quam
1212 1719 1331 1771 fons
1372 1719 1574 1775 divisus
1599 1720 1665 1774 ab
1705 1736 1829 1776 arce

494 1806 739 1874 Separat,
771 1808 1086 1875 alternaque
1121 1809 1330 1876 apicum
1363 1812 1563 1865 (titione
1594 1812 1827 1866 recidit?

494 1899 598 1949 Aut
626 1914 761 1950 unus
787 1897 923 1950 Deus
945 1909 1049 1959 eSt,
1071 1913 1249 1953 rerum
1272 1902 1356 1954 cui
1389 1916 1595 1954 summa
1626 1914 1858 1971 potestas
1882 1922 1894 1955 :

497 1990 561 2041 At
616 2003 734 2057 qua:
788 1988 895 2055 jam
952 1988 1059 2042 duo
1113 1997 1260 2054 sunt,
1322 1991 1634 2043 minuuntur
1686 1990 1900 2058 dispare

1561 2081 1574 2151 [
1595 2098 1826 2137 summo.

495 2170 662 2225 Porro
684 2169 814 2224 ttiltii
835 2184 1124 2239 summum,
1156 2170 1256 2226 nisi
1281 2171 1449 2239 plenis
1471 2173 1670 2228 viribus
1694 2192 1854 2228 unntu
1883 2192 1895 2226 :

313 895 375 947 l0

315 1350 381 1402 13

318 1896 386 1951 20

1606 262 1617 269 κ
1677 220 2216 277 IIAMARTIGENIA.

2004 1528 2074 1583 δα

1935 1702 1981 1761 Β

2005 2090 2075 2145 55

3443 226 3577 282 1011

2164 338 2433 395 Distantes
2487 341 2778 412 quoniam,
2836 342 3114 414 proprium
3172 343 3298 400 dum
3350 347 3580 414 quisque

3247 435 3266 507 [
3297 437 3511 492 revulso

2175 522 2423 579 Vindicat
2452 522 2699 595 imperio,
2723 539 2823 582 nec
2851 540 3082 595 summa,
3121 541 3221 583 nec
3247 529 3426 583 omnia
3460 543 3585 598 pos-

3319 620 3329 691 |
3365 630 3512 688 sunt,

1993 706 2065 761 9.5
2172 708 2486 764 Jusvarium
2504 724 2610 765 non
2625 709 2932 779 estplenum
2952 712 3100 782 :quia
3121 726 3225 767 non
3243 712 3403 766 habet
3422 713 3583 777 alter,

2174 798 2441 869 Quidquid
2497 799 2682 872 dispar
2744 800 2946 870 habet,
3001 803 3271 862 cumulum
3329 803 3586 858 discretio

2988 954 2992 959 ,
3285 894 3304 966 [
3323 896 3512 964 carpit.

2174 982 2281 1039 Nos
2332 982 2546 1053 plenum
2597 984 2715 1045 sine
2760 995 2910 1055 parte
2954 986 3121 1043 Deum
3166 995 3470 1053 testamur,
3533 996 3589 1040 et

3265 1075 3468 1148 [unum
3499 1090 3512 1126 :

2182 1159 2238 1214 In
2263 1174 2370 1231 quo
2390 1158 2637 1218 Christus
2659 1161 2819 1233 inest,
2853 1162 2992 1218 idem
3022 1179 3233 1234 quoque
3280 1166 3489 1234 plenus,
3533 1173 3591 1217 et

3319 1255 3515 1325 [unus,

2182 1342 2343 1415 502
2416 1344 2517 1411 Qui
2547 1344 2706 1414 viget,
2739 1360 2801 1401 ac
2832 1346 2994 1416 viguit
3034 1362 3198 1416 super
3226 1350 3425 1411 omnia,
3473 1347 3591 1415 qui-

3123 1424 3265 1511 [que
3302 1441 3517 1508 vigebit,

2182 1528 2503 1597 Participem
2534 1529 2737 1583 nullum
2772 1530 2970 1585 collato
3001 1530 3206 1586 findere
3237 1547 3442 1600 passus.

2184 1623 2405 1678 Summa
2434 1632 2758 1691 potestatum
2786 1625 3044 1693 simplex,
3075 1627 3369 1679 dominatio
3394 1641 3592 1689 rerum,

2194 1716 2459 1771 Virtutum
2489 1716 2721 1771 sublime
2747 1706 2925 1786 caput,
2958 1717 3079 1771 fons
3107 1720 3294 1772 unicus
3329 1719 3497 1782 orbis,

2184 1812 2452 1867 Naturalis
2480 1827 2639 1879 apex,
2670 1812 3011 1881 generisque,
3045 1821 3098 1866 et
3118 1812 3339 1880 originis
3369 1822 3593 1866 auctor:

2189 1906 2264 1959 Ex
2293 1919 2401 1975 quo
2430 1913 2621 1958 cuncta
2661 1903 2853 1970 lluttnt,
2884 1914 2937 1959 et
2962 1904 3076 1974 lux,
3129 1912 3185 1959 et
3234 1912 3493 1972 tempora,
3544 1913 3597 1957 et

2610 1992 2615 1993 ⁷
3334 1993 3351 2065 l
3374 1996 3520 2058 anni.

2184 2088 2253 2145 Et
2277 2103 2554 2157 numerus,
2584 2088 2673 2161 qui
2702 2098 2823 2160 post
2851 2088 3049 2160 aliquid
3080 2087 3228 2144 dedit
3248 2102 3369 2144 esse
3397 2102 3597 2142 Secun-

3306 2175 3328 2249 [
3351 2176 3473 2231 dum
3510 2195 3521 2228 :

1632 2284 1921 2342 GLOSSA‘J
1964 2289 2304 2347 VETERES.

391 2377 445 2432 6.
474 2376 710 2441 Obludit,
732 2377 924 2433 illudit.
948 2376 1259 2436 —Excors,
1289 2373 1494 2435 stultus,
1524 2376 1630 2428 sine
1660 2381 1838 2443 corde,
1865 2382 1902 2434 Ι.

394 2450 451 2519 8.
476 2450 766 2507 Glomerat,
801 2445 1451 2519 colligitq—Discrimina,
1483 2446 1829 2515 dist-retiarios,
1866 2450 1905 2502 ι.

396 2518 485 2571 ll.
520 2519 803 2586 Agitantia,
834 2516 1100 2582 mouentia,
1130 2516 1170 2569 i.

399 2589 485 2641 15.
518 2587 763 2653 Ο··ιι]ἒείι.
788 2589 1011 2651 ,άὶυἱηαι,
1048 2589 1084 2641 Ι.

398 2657 486 2712 15.
518 2659 721 2723 ἐιιιΙυιιι,
748 2659 952 2726 iterunt,
982 2659 1017 2711 I.

398 2732 487 2801 in.
515 2729 754 2801 Disparo,
778 2739 1030 2801 separata,
1064 2727 1104 2781 Ι.

401 2799 490 2852 18.
522 2798 603 2852 Ah
631 2814 772 2864 arce,
800 2796 842 2852 α’
862 2801 1128 2871 dignitate,
1169 2797 1208 2850 1.
1236 2796 1522 2866 Principia,
1554 2797 1673 2871 val.
1705 2799 1772 2854 Α.

404 2870 489 2922 19.
520 2871 765 2938 Apicum,
795 2868 1159 2924 celsiiudinunt
1196 2870 1566 2921 summ’tatum.
1605 2868 1641 2922 Ι.

396 2939 489 2993 Si.
521 2943 621 2991 Atii
644 2956 784 3006 quae,
810 2941 938 2993 nihil
964 2955 1235 2996 sumntum.
1267 2939 1364 2991 nisi
1395 2955 1574 3000 unum,
1609 2939 1727 2994 Vat.
1762 2940 1915 2995 Δ.-

330 3010 573 3069 Summo,
620 3013 929 3077 summitate,
961 3011 1091 3065 Mar.
1120 3038 1189 3047 —
1211 3009 1433 3078 DiSpare
1483 3024 1715 3075 suuuuo,
1757 3025 1908 3079 sepa~

334 3091 446 3131 rata
473 3082 780 3144 summitate,
814 3080 853 3133 l.

408 3150 497 3202 ἓξ).
530 3150 723 3209 Uunnt,
754 3151 925 3217 fuerit,
954 3149 996 3204 1.

405 3220 493 3274 25.
534 3221 782 3289 llet‘ttlso,
814 3231 1069 3293 separato,
1098 3221 1139 3275 1.

1948 3207 1996 3269 C

2085 2384 2175 2439 24.
2205 2383 2481 2448 Vindicat,
2538 2382 3107 2453 usurpat.—Omnia,
3167 2380 3358 2435 scilicet
3416 2382 3600 2451 facere,

2018 2455 2095 2507 vel
2130 2471 2258 2520 esse,
2294 2455 2398 2509 lso.

2088 2526 2180 2580 25.
2212 2525 2451 2589 Varium,
2484 2524 2721 2587 duorunt,
2753 2524 2796 2579 I.

2086 2595 2177 2649 26.
2213 2594 2522 2655 Carnulum,
2568 2594 2959 2663 plenitudinem,
2992 2596 3071 2649 vel
3098 2594 3457 2658 summitatem,
3490 2592 3528 2646 I.

2090 2664 2179 2719 9.9.
2218 2666 2387 2730 Viget,
2418 2668 2636 2730 vigorem
2672 2677 2823 2733 tenet,
2856 2666 2894 2718 Ι.

2091 2737 2181 2791 50.
2215 2737 2441 2797 Collato,
2467 2738 2758 2802 conjuncto.
2793 2765 2861 2774 —
2888 2734 3127 2793 Fmdere.
3157 2735 3402 2798 amicitia,
3430 2733 3471 2785 ῐ.

2095 2808 2184 2860 51.
2216 2807 2458 2868 Summa,
2512 2806 2772 2857 summitas
2803 2815 2873 2859 est
2895 2805 2999 2868 ille,
3030 2806 3333 2859 sublimitas.
3364 2834 3431 2843 --ο
3460 2804 3603 2857 Sim-

2026 2878 2168 2946 plex,
2194 2878 2366 2939 unica,
2401 2875 2440 2928 1.

2097 2949 2185 3000 55.
2220 2948 2388 3019 Apex,
2421 2944 2685 3000 summitas
2723 2943 2919 3019 capilli,
2978 2954 3026 2998 et
3066 2943 3274 3011 ponitur
3331 2942 3444 3011 pro
3470 2944 3605 2997 omni

2027 3019 2335 3081 summitate,
2367 3016 2403 3071 i.

2100 3087 2188 3143 55.
2220 3086 2453 3156 Aliquid,
2484 3085 2748 3139 unitatem.
2771 3114 2841 3127 —-
2872 3084 3197 3151 Secundum,
3243 3082 3299 3137 id
3324 3091 3397 3138 est
3420 3081 3608 3151 ﬁlium,

2032 3167 2077 3212 et
2098 3158 2323 3228 angelos.
2373 3166 2422 3210 et
2468 3157 2716 3221 homines,
2753 3156 2791 3210 Ι.

1682 3307 2236 3364 COMMENTARIUS.

411 3400 463 3454 6.
499 3401 689 3469 iloug.,
719 3399 952 3464 obludit;
982 3415 1164 3466 supra,
1193 3400 1382 3454 illudit.

411 3476 464 3525 9.
496 3473 663 3524 Aldus
696 3472 831 3524 male
863 3471 1185 3540 interpuugit
1227 3472 1310 3524 hic
1353 3471 1569 3525 mundus
1596 3470 1801 3524 domino
1832 3485 1927 3538 pro

340 3542 423 3594 hic
453 3544 672 3594 mundus
692 3557 710 3594 :
738 3541 966 3592 domino.

416 3613 505 3667 11.
539 3612 729 3678 Boug.,
769 3611 1005 3663 nonnulli
1038 3610 1204 3679 vulg.,
1238 3610 1341 3664 duo
1370 3610 1493 3664 sint.

419 3681 501 3734 H.
538 3682 682 3744 liat.,
711 3681 1004 3749 efﬂuxerat;
1046 3682 1159 3746 alii,
1191 3683 1461 3751 e/ﬁnxerit.

418 3752 506 3806 17.
535 3752 647 3805 (iis.
683 3754 705 3805 1
744 3751 872 3805 edit.
923 3752 988 3803 ad
1042 3767 1213 3813 oram,
1272 3753 1443 3816 Siclt.,
1493 3750 1693 3805 Witlm.
1744 3766 1927 3821 Supra,

343 3824 514 3890 lloug.
545 3823 610 3877 ad
640 3837 826 3892 marg.,
855 3833 1084 3875 constare
1124 3822 1393 3891 biformis;
1424 3821 1628 3885 caeteri,
1661 3825 1932 3877 consirtere

342 3895 558 3962 duplex.

420 3961 506 4015 l9.
540 3962 718 4032 Apices
759 3976 854 4030 pro
899 3978 1109 4016 summo
1145 3963 1367 4017 honore.
1424 3961 1694 4027 Horatius,
1732 3963 1822 4015 lib.
1852 3978 1927 4028 ιιι,

344 4034 447 4087 oda
480 4033 569 4096 21,
606 4032 857 4087 Trementi
883 4051 1057 4104 regum
1089 4035 1278 4100 apires,
1320 4049 1479 4101 neque
1518 4033 1734 4084 militum
1764 4050 1930 4085 arum.

418 4104 509 4158 9.0.
550 4104 626 4157 En
669 4118 957 4157 nervosum
1009 4112 1381 4171 argunicnltuu
1429 4118 1532 4170 quo
1573 4104 1667 4157 SS.
1726 4104 1929 4169 Patres,

349 4176 587 4242 theologi
631 4185 683 4227 et
732 4173 1031 4242 philosophi
1085 4176 1174 4228 Dei
1230 4177 1485 4227 unitatem
1542 4174 1929 4227 demonstrant.

352 4247 496 4299 Deus
523 4252 613 4298 aut
642 4259 778 4297 unus
807 4256 911 4309 est,
943 4255 1034 4298 aut
1070 4246 1105 4297 i
1149 4246 1324 4312 plures
1355 4253 1501 4306 sunt,
1541 4242 1654 4311 jam
1680 4259 1784 4296 non
1810 4252 1935 4296 sunt

347 4316 449 4369 dii.
479 4315 869 4369 Chamillardus
901 4315 1096 4368 frustra
1128 4316 1335 4369 laborat
1366 4316 1414 4367 id
1446 4316 1717 4381 explicare
1750 4332 1762 4367 :
1812 4332 1931 4366 nam

349 4388 551 4441 clarius
579 4386 897 4439 Prudentius
926 4388 1185 4455 carmine,
1240 4400 1397 4454 quam
1454 4387 1567 4453 ip~e
1615 4385 1934 4451 interpreta—

353 4458 522 4519 tione,
556 4466 645 4509 aut
691 4457 1088 4510 commentariis
1135 4472 1245 4510 rem
1296 4458 1531 4510 ronlfcit.
1583 4456 1734 4519 Quod
1766 4456 1810 4509 si
1841 4455 1936 4509 δ’.

355 4528 575 4580 l‘atrntn
598 4528 944 4580 auctoritates
969 4527 1266 4591 desideras,
1293 4526 1570 4594 theologos
1600 4525 1799 4593 poteris
1821 4541 1941 4578 cou-

354 4597 562 4657 sulcrc,
607 4597 693 4662 qui
738 4612 830 4651 eas
862 4599 1189 4651 exscrihttut.
1238 4598 1460 4666 Egregie
1509 4598 1566 4649 S.
1615 4595 1938 4649 Athanasius

2100 3400 2189 3452 ‘28.
2227 3396 2545 3451 Prudentius
2586 3396 2659 3451 ait
2693 3412 2791 3451 nos
2822 3397 2973 3452 fateri
3004 3398 3169 3451 Deum
3198 3414 3387 3464 unum,
3420 3413 3608 3467 quani-

2032 3470 2110 3522 vis
2138 3469 2366 3522 diversa)
2395 3468 2500 3521 sint
2525 3483 2798 3539 persoluit:
2832 3470 2952 3537 quia
2980 3468 3206 3523 Verbum
3234 3469 3407 3539 (idem
3432 3469 3516 3523 die
3545 3471 3613 3523 de

2033 3538 2232 3608 Spiritu
2264 3540 2487 3603 satu-to)
2517 3553 2635 3593 cuiu
2668 3536 2824 3592 Patre
2858 3536 3045 3607 regnat
3075 3536 3338 3609 majestate
3367 3541 3457 3593 sub
3490 3557 3607 3603 una,

2035 3611 2134 3663 hor
2159 3620 2261 3671 e~t,
2291 3609 2531 3676 ejusdem
2564 3618 2646 3663 est
2676 3618 2879 3661 natura:
2907 3626 2967 3660 ac
2997 3608 3330 3664 substantia.
3532 3652 3545 3661 .

2102 3680 2191 3734 “29.
2221 3679 2365 3743 Ald.,
2391 3697 2490 3732 ttntt
2518 3680 2673 3743 bene,
2691 3680 2882 3750 quippe
2901 3680 3099 3749 vigebit.
3129 3678 3241 3735 Gis.
3261 3691 3313 3735 et
3327 3680 3414 3735 alii
3447 3682 3610 3751 vulg.,

2033 3760 2079 3805 el
2100 3750 2274 3817 viguit.
3436 3769 3443 3775 ο

2106 3823 2192 3875 51.
2222 3821 2362 3879 PaL,
2402 3819 2553 3885 Egm.
2586 3818 2649 3871 ad
2679 3834 2852 3873 oram.
2887 3818 3106 3872 Summa
3128 3827 3434 3884 potestatum
3466 3820 3607 3873 Pam

2036 3901 2131 3954 est,
2163 3891 2301 3957 quod
2329 3890 2546 3941 Heinsio
2569 3899 2621 3941 et
2647 3889 3009 3943 Cliaiuillardo
3041 3904 3145 3943 non
3185 3890 3449 3958 displicet.
3493 3893 3614 3958 quia

2036 3961 2176 4021 lucc,
2202 3970 2256 4011 ut
2290 3968 2492 4023 putant,
2526 3958 2592 4013 de
2615 3958 2724 4013 Deo
2768 3960 2924 4013 Patre
2947 3958 3216 4013 dicuntur.
3250 3962 3429 4029 Longe
3457 3964 3613 4013 aliter

2036 4031 2229 4086 sentio.
2287 4029 2495 4082 Etenim
2545 4032 2658 4083 hinc
2710 4029 2889 4082 omnia
2931 4030 2998 4083 ad
3048 4045 3187 4084 vers.
3220 4031 3287 4085 57
3316 4034 3519 4099 accipio
3550 4040 3617 4083 ne

2037 4100 2153 4169 ipsa
2200 4113 2390 4153 natura
2433 4101 2634 4153 divina.

2108 4173 2196 4225 5i.
2232 4170 2520 4231 Arimbius,
2552 4170 2645 4223 lib.
2677 4184 2735 4231 tt,
2770 4184 2890 4238 pag.
2942 4168 3050 4224 44:
3106 4168 3207 4223 Ille
3258 4174 3400 4224 salus
3448 4187 3618 4224 rerum

2038 4240 2177 4295 Deus
2210 4242 2459 4304 omnium,
2490 4241 2728 4293 virtutum
2766 4251 2941 4306 caput,
2966 4240 3287 4310 benignitatis
3302 4243 3612 4307 ctcolumen,

2039 4312 2106 4366 Et
2134 4326 2289 4378 supra
2318 4330 2331 4362 :
2375 4317 2621 4364 bonorum
2652 4312 2878 4382 omnium
2920 4312 3060 4364 solus
3090 4322 3263 4382 caput.
3377 4349 3405 4372 .

2110 4384 2197 4437 55.
2234 4383 2288 4435 in
2315 4383 2457 4445 Rat.,
2490 4383 2688 4450 generis
2709 4381 2825 4434 sine
2852 4398 2969 4449 que.
3008 4382 3079 4434 Et
3112 4382 3213 4434 hoc
3251 4383 3369 4435 loco
3398 4381 3620 4449 aliisque

2039 4452 2303 4507 similibus
2354 4452 2753 4507 Petaviuslom.
2803 4453 2861 4517 ll,
2900 4453 2988 4505 lib.
3035 4467 3107 4517 tv,
3139 4466 3255 4519 cap.
3304 4454 3359 4516 5,
3412 4456 3619 4520 probat,

2042 4526 2240 4590 generis
2268 4538 2460 4576 nomen
2495 4536 2589 4590 pro
2636 4534 2824 4574 natura
2876 4524 3011 4574 sumi
3045 4523 3308 4575 interdum
3352 4525 3527 4575 si-lere
3555 4527 3625 4577 ab

2041 4582 2242 4649 iiilario
2270 4609 2319 4648 et
2347 4582 2656 4654 Prudentio,
2683 4592 2876 4659 quibus
2905 4592 3143 4661 adjungit
3162 4593 3467 4646 Facundum
3496 4595 3622 4647 Iler-

355 4678 497 4723 0rat.
525 4668 781 4722 adversus
804 4667 968 4734 idola,
993 4667 1269 4721 multitudo
1285 4662 1575 4756 imminuta,
1598 4666 1811 4719 unllitas
1845 4683 1943 4718 nu-
2046 4664 2376 4756 mialuensetti
2406 4678 2470 4717 ex
2495 4662 2770 4717 Eustathio
2797 4664 3153 4756 Auti'o‘r-beulo,
3188 4664 3473 4756 Eusebium
3507 4667 3626 4717 vul«

358 4740 575 4799 minam,
608 4754 635 4791 a
662 4739 945 4792 Prudentia
988 4739 1269 4792 adhibetur
1296 4738 1485 4791 subtile
1530 4748 1931 4804 argumentum,

359 4810 412 4862 iu
435 4809 634 4863 scholis
665 4808 945 4865 usitatum;
994 4809 1135 4877 quod
1170 4812 1213 4862 si
1248 4809 1425 4878 plures
1470 4808 1538 4859 dii
1569 4816 1769 4871 essent,
1816 4808 1942 4860 uni-

358 4880 556 4947 cuique
576 4883 787 4934 deesset
812 4879 1092 4948 perfectio,
1125 4896 1243 4948 qua:
1269 4882 1320 4932 in
1360 4881 1593 4932 omnium
1627 4878 1943 4931 collectione

358 4950 647 5015 reperitur.
681 4950 737 5005 S.
772 4950 1021 5014 lreuwus,
1058 4950 1149 5002 lib.
1185 4965 1242 5013 ιι.
1274 4965 1393 5014 cap.
1434 4950 1485 5011 1,
1517 4948 1705 5002 eadem
1738 4949 1945 5002 ratione

361 5020 569 5075 utitur:
600 5020 768 5074 Deerit
802 5022 932 5073 enim
962 5021 1237 5082 unicuique
1260 5036 1431 5073 eorunt
1466 5028 1657 5085 partem
1683 5019 1945 5072 minimam

316 5136 322 5145 .
358 5092 590 5154 habenti,
614 5093 680 5142 ad
707 5092 1133 5159 comparationem
1155 5092 1380 5144 omnium
1405 5090 1714 5161 reliquorum
1739 5099 1822 5155 ;et
1842 5087 1947 5144 sol-

311 5204 329 5297 ξ

360 5172 509 5214 ertttr
534 5162 886 5224 omnipotentis
914 5162 1218 5230 appellatio.

433 5232 527 5283 2|.
561 5230 698 5291 Gis..
731 5233 983 5301 Bongar.,
1030 5234 1123 5285 llat
1182 5252 1207 5282 a
1261 5232 1426 5299 prima
1468 5247 1650 5301 manu,
1703 5240 1793 5285 aut
1840 5231 1948 5301 qui.

364 5302 553 5366 Alex.,
583 5303 755 5367 Siriu,
782 5303 904 5356 Rat.
930 5318 958 5357 a
984 5304 1214 5357 Secunda
1241 5318 1420 5363 manu.
1442 5302 1676 5366 Thuan.,
1707 5302 1950 5370 autquia.

366 5371 498 5495 IA‘lii,
550 5384 635 5426 unt
662 5389 793 5443 quia.
828 5373 932 5427 I’ro
962 5391 1160 5429 summa
1194 5374 1348 5429 Alex.
1376 5389 1405 5429 ιι
1455 5375 1626 5444 prima
1666 5388 1849 5439 manu,
1903 5383 1955 5427 et

418 5453 515 5495 01..
556 5460 771 5495 summa.

418 5453 468 5494 οι
481 5482 515 5504 .,
556 5460 771 5498 summa.

440 5512 533 5567 2'2.
570 5516 743 5582 [δι-ης..
774 5516 918 5579 ΒΜ..
958 5512 1177 5583 Weitz.,
1201 5513 1333 5570 Mar.
1359 5530 1456 5585 pro
1486 5516 1698 5571 diversa
1731 5513 1957 5570 lectione

368 5598 541 5639 usum.
574 5587 700 5651 Alii,
742 5604 919 5640 unum.

443 5654 535 5710 '25.
568 5656 682 5712 Vat.
717 5660 781 5728 Α,
809 5660 965 5725 male,
1006 5657 1197 5712 indicat
1227 5651 1323 5727 pro
1356 5657 1597 5711 vindicat.

2044 4750 2111 4804 go
2144 4734 2477 4803 Emisseuum
2511 4742 2894 4799 nuncupattnn,
2919 4733 3304 4787 Tertulliauum
3328 4742 3384 4789 et
3408 4737 3565 4792 alios.

2114 4805 2205 4860 54.
2231 4805 2286 4859 In
2310 4804 2426 4858 Vat.
2461 4806 2528 4870 Α,
2559 4818 2803 4874 tempora,
2835 4804 2977 4870 anni,
3008 4818 3112 4857 non
3158 4805 3310 4858 bene.

2117 4877 2210 4930 55.
2235 4881 2272 4928 Α
2310 4875 2452 4946 Deo,
2474 4876 2560 4946 qui
2585 4890 2782 4927 summa
2813 4883 3114 4946 potestatum
3145 4875 3365 4945 simplex
3382 4886 3479 4939 est,
3536 4890 3632 4946 per

2047 4944 2281 5000 Verbum
2312 4945 2491 5000 omnia
2534 4945 2671 5000 facta
2718 4956 2864 5000 sunt.
2906 4945 3047 5000 Ιιιιοιγ
3070 4944 3252 5000 creata
3271 4961 3397 5001 vero
3422 4944 3551 5000 sunt
3569 4964 3630 5001 ea

2048 5032 2169 5085 quae
2209 5026 2559 5071 numerantur
2615 5032 2714 5071 suo
2757 5017 2967 5072 ordine.
3013 5016 3144 5071 Nam
3200 5017 3335 5071 Deus
3384 5020 3631 5085 princeps

2051 5097 2105 5142 et
2126 5102 2313 5142 anotor
2335 5088 2539 5142 numeri
2572 5103 2677 5141 non
2710 5097 2889 5156 potest
2936 5088 3201 5141 numerari
3230 5104 3242 5138 :
3274 5103 3444 5151 neque
3488 5090 3630 5140 enim

2055 5169 2139 5211 est
2176 5160 2314 5213 Deus
2344 5162 2565 5227 primus,
2608 5159 2746 5213 Deus
2777 5157 3060 5214 secundus.
3099 5161 3232 5209 Deus
3258 5156 3499 5227 tertius:
3535 5173 3630 5208 ne-

2057 5244 2161 5294 que
2192 5224 2357 5297 Pater
2380 5240 2460 5283 est
2486 5243 2708 5282 numero
2740 5229 2963 5295 primus,
2991 5238 3079 5279 aut
3102 5226 3335 5277 anterior
3361 5224 3516 5290 Filio,
3544 5236 3631 5280 aut

2060 5298 2100 5352 F
2106 5300 2229 5353 ilius
2245 5300 2513 5355 secundus
2537 5312 2780 5362 numero,
2808 5309 2861 5350 et
2891 5298 3149 5361 posterior
3181 5297 3354 5349 Patre.
3397 5297 3461 5350 Ut
3490 5299 3632 5351 enim

2059 5371 2112 5424 itt
2135 5369 2380 5439 symbolo
2404 5370 2765 5439 Athauasiano
2796 5367 3008 5439 dicitur,
3036 5369 3084 5419 in
3118 5366 3473 5439 bactrinitate
3501 5370 3634 5439 nihil

2060 5435 2223 5510 prius,
2247 5448 2335 5492 aut
2350 5436 2633 5510 posterius.
2662 5435 2989 5510 thuamvis
3019 5436 3257 5488 nonnulli
3293 5438 3520 5505 theologi
3545 5455 3627 5491 ve-

2060 5506 2172 5564 rant
2197 5506 2528 5578 prioritatem
2556 5506 2779 5575 originis
2827 5506 2963 5560 inter
3002 5521 3285 5574 personam
3342 5509 3633 5578 ριύάυυιἹι·

2061 5590 2167 5635 tem
2189 5577 2242 5633 et
2270 5577 2577 5645 productam
2605 5585 2895 5646 agnoscant
2937 5592 3000 5629 ae
3025 5585 3291 5638 tueantur,
3345 5577 3521 5631 ωηιξη
3572 5600 3631 5633 ea

2059 5664 2165 5705 non
2187 5648 2351 5705 el'licit
2379 5661 2677 5716 numerum,
2712 5649 2800 5717 qui
2826 5657 2935 5719 post
2952 5650 3125 5719 alr/uid
3154 5649 3293 5703 dedit
3322 5665 3427 5704 esse
3447 5665 3632 5703 secun-
