4120 6196
398 362 529 420 ΙΟΠ

1721 567 1888 638 [tnnut

565 656 723 710 Secta
750 655 933 719 ﬁdem,
961 656 1189 711 dominis
1214 656 1406 711 cmlum
1440 661 1631 727 partita
1660 660 1886 714 duobus.

563 745 693 811 Qnre
717 756 770 800 te
790 745 1121 801 confundunt
1146 746 1387 801 nebulae?
1411 749 1529 817 quis
1557 760 1774 803 somnus
1802 748 1959 802 inerti

566 836 786 891 Incubat
810 836 1044 905 ingenio,
1067 836 1151 891 cui
1183 852 1275 903 per
1298 836 1666 906 phantasmata
1694 838 1887 907 duplex

388 926 463 983 60
563 927 808 982 Occurrit
839 928 1071 993 species,
1103 928 1245 981 bivio
1274 928 1514 998 dispersa
1544 931 1819 997 superno?

567 1018 735 1089 505.
775 1018 832 1075 Si
884 1020 989 1075 vim
1040 1020 1234 1075 mentis
1283 1020 1446 1076 hebes
1492 1030 1676 1088 stupor
1727 1022 1958 1089 obsidet,

938 1158 945 1159 ,
1469 1111 1668 1182 [aspice
1698 1114 1887 1169 saltem

560 1198 725 1252 Obvia
757 1198 983 1253 terrenis
1007 1198 1175 1253 ocuhs
1201 1200 1487 1267 elementa,
1522 1201 1717 1269 quibus
1742 1216 1800 1257 se

566 1289 670 1343 [les
696 1289 902 1344 occulta
936 1288 1028 1342 Dei
1059 1287 1272 1356 dignata
1302 1298 1384 1343 est
1415 1290 1641 1358 prodere
1668 1290 1856 1360 signis.

564 1381 712 1435 Hanc
740 1381 956 1435 heresin
987 1395 1221 1451 prresaga
1251 1380 1421 1435 Patris
1451 1381 1770 1449 prawiderat
1793 1384 1921 1437 olim

388 1474 457 1528 65
567 1474 817 1539 Majestas
848 1474 963 1528 lore
989 1488 1006 1529 :
1034 1489 1153 1543 qua:
1184 1484 1446 1529 rectorem
1479 1476 1633 1541 lucis,
1663 1485 1715 1530 et
1744 1476 1889 1530 orbis

561 1562 841 1617 Scinderet
863 1562 914 1616 in
939 1571 1140 1633 partes,
1167 1564 1493 1633 geminatum
1523 1580 1743 1634 segrege
1772 1579 1955 1635 rrgno.

563 1652 765 1707 Idcirco
792 1653 1062 1722 specimen
1093 1653 1263 1722 posuit
1294 1654 1589 1723 spectabile
1617 1656 1815 1711 nostris

563 1745 985 1815 Exemplumque
1004 1746 1198 1813 oculis,
1216 1749 1403 1816 nequ's
1418 1747 1522 1802 duo
1546 1751 1956 1805 numina-credat

562 1834 872 1902 Imperitare
902 1837 1049 1905 vagis
1091 1838 1273 1890 mundi
1306 1852 1400 1905 per
1432 1839 1606 1893 inania
1642 1839 1848 1895 formis.

393 1926 461 1980 70'
574 1924 683 1982 Una
714 1940 808 1992 per
838 1926 1150 1980 immensam
1177 1927 1295 1981 (δαιιί
1329 1942 1545 1983 caveam
1577 1930 1847 1986 revolutos

562 2015 769 2069 Praebet
797 2014 1009 2068 ﬂamma
1035 2015 1167 2080 dies,
1203 2016 1334 2070 texit
1363 2017 1443 2071 sol
1477 2018 1666 2071 unicus
1696 2033 1913 2073 annum.

558 2105 775 2171 Triplex
811 2104 898 2157 ille
930 2113 1105 2159 tamen
1136 2105 1282 2159 nullo
1311 2105 1642 2166 discrimine.
1678 2108 1810 2161 trina

560 2193 828 2250 Subnixus
856 2196 1061 2250 ratione
1094 2196 1257 2265 viget,
1289 2196 1555 2266 Splendet,
1586 2197 1756 2263 volat,
1780 2198 1949 2263 ardet,

1756 369 2286 428 IIMIARTIGENIA.
2689 416 2715 432 .

567 472 694 532 Haec
723 474 842 537 tibi,
872 472 1127 541 Marcion,
1157 475 1247 529 via
1271 474 1550 545 displicet;
1591 476 1725 530 hanc
1760 487 1844 530 tua
1875 478 1967 531 da-
1993 485 2044 540 Α

1984 1823 2127 1895 B85

3498 375 3637 431 ίοιε

2248 481 2389 536 Motu
2412 481 2603 552 agitur,
2627 480 2834 538 fervore
2854 492 3076 547 cremat,
3100 490 3208 536 tum
3233 482 3428 537 lumine
3450 482 3636 552 fulget.

2074 572 2141 626 75
2251 572 2387 627 Sunt
2413 574 2509 628 tria
2537 589 2729 643 nempe
2756 574 2936 640 simul,
2963 574 3070 641 lux,
3089 582 3142 629 et
3160 574 3326 640 calor,
3348 583 3405 628 et
3426 582 3639 642 vegeta-

3378 664 3519 732 lmen
3546 678 3561 714 =

2244 750 2411 821 506
2435 750 2589 818 Una,
2609 751 2899 821 eademque
2929 761 3102 807 tamen
3135 760 3243 805 rota
3275 752 3465 806 sideris
3495 752 3632 806 imii—

3351 842 3365 913 [
3375 841 3566 896 scrctis

2248 933 2506 1003 Fnugitur
2538 933 2650 1000 his,
2684 948 2789 987 uno
2820 943 2997 986 servat
3026 941 3103 985 tot
3134 947 3353 985 munera
3381 936 3560 995 ductu,

2248 1024 2313 1077 Et
2349 1025 2515 1077 tribus
2544 1038 2648 1077 una
2676 1024 2859 1077 subest
2886 1024 3086 1075 mixtim
3119 1021 3409 1075 substantia
3443 1024 3626 1075 rebus.

2242 1115 2356 1168 Non
2395 1116 2639 1169 conferre
2668 1116 2774 1169 Deo
2794 1155 2809 1180 ,
2842 1114 2985 1169 velut
3014 1114 3421 1182 mquiparabile,
3476 1114 3632 1182 quid-

3233 1194 3236 1198 ’
3376 1208 3554 1277 [quam

2064 1296 2133 1350 80
2244 1295 2463 1360 Ausim,
2506 1312 2604 1350 nec
2652 1296 2868 1351 domino
2909 1296 3158 1350 famulum
3199 1309 3520 1360 componere
3560 1295 3633 1347 si-

3331 1387 3514 1457 [gnum
3547 1404 3559 1438 :

2240 1476 2318 1530 Ex
2353 1476 2589 1530 minimis
2610 1476 2713 1531 sed
2734 1477 2934 1545 grande
2962 1490 3114 1530 suum
3142 1475 3319 1529 voluit
3336 1476 3491 1529 Pater
3518 1475 3632 1544 ipse

2235 1566 2544 1634 Coniectare
2557 1566 2796 1619 homines
2814 1581 2828 1618 :
2845 1567 3034 1632 quibus
3048 1565 3209 1617 ardua
3222 1565 3394 1617 visere
3409 1579 3511 1616 non
3530 1575 3629 1618 cst.

2237 1656 2523 1711 Parvorum
2555 1655 2771 1723 specqu
2801 1669 2903 1708 non
2935 1655 3199 1707 intellecta
3230 1664 3499 1717 notamus,

2236 1748 2300 1801 Et
2320 1748 2475 1801 datur
2495 1746 2759 1801 occultum
2785 1762 2879 1815 per.
2899 1747 3137 1815 proxima
3162 1760 3402 1814 qumrere
3425 1761 3631 1799 verum.
3696 1815 3700 1818 ⁴

2234 1838 2402 1893 Nemo
2430 1837 2560 1892 duos
2589 1838 2751 1900 soles,
2783 1837 2884 1891 nisi
2915 1836 3013 1889 sub
3041 1836 3394 1905 glaucomate,
3427 1836 3553 1890 vidit
3579 1854 3595 1889 :

2233 1928 2367 1991 Aut,
2400 1927 2445 1980 si
2478 1928 2619 1983 lusca
2652 1929 2828 1997 pulum
2860 1927 3077 1981 sull‘udit
3106 1926 3243 1994 palla
3275 1942 3571 1992 serenum,

2235 2018 2522 2087 Oppositus
2548 2018 2757 2087 quoties
2785 2017 3055 2071 radiorum
3088 2016 3287 2084 spicula
3321 2016 3533 2069 nimbus

2235 2109 2390 2179 507
2410 2109 2535 2179 Igne
2552 2114 2865 2177 repercusso
2881 2108 3129 2161 mentitus
3154 2108 3350 2175 spargit
3376 2108 3423 2158 iu
3446 2107 3623 2160 orbes.

2236 2201 2377 2256 Sunt
2393 2199 2585 2255 animis
2611 2198 2770 2254 etiam
2801 2213 2896 2253 sua
2929 2199 3138 2267 nubi'a,
3161 2211 3375 2252 crassus
3405 2206 3457 2252 et
3487 2211 3578 2266 aer
3609 2214 3626 2255 :

1687 2311 1979 2368 GLOSSE
2017 2313 2354 2368 VETERES.

455 2402 540 2454 60.
588 2401 754 2463 Bivio,
779 2400 1044 2461 divisione,
1069 2399 1107 2452 l.

456 2470 544 2523 Οἳ.
590 2472 884 2534 Elvrnenta,
913 2472 1080 2538 signa,
1108 2468 1144 2521 ι.

454 2540 545 2594 (ἰὰ.
588 2539 849 2606 Ρκεειιςει,
879 2538 1294 2608 ρτωάὶυἱηαιήευ,
1326 2540 1561 2606 pra'scia,
1592 2539 1629 2591 I.

456 2609 544 2663 66.
588 2609 838 2677 chrege,
867 2619 1118 2678 separato,
1158 2610 1273 2661 Vat.
1308 2612 1371 2661 Α.

457 2680 545 2733 67.
585 2680 887 2743 Specimen,
918 2677 1207 2747 imaginem.
1232 2709 1299 2718 —
1328 2679 1527 2734 Posuit.
1565 2677 1715 2736 Deus.
1752 2679 1788 2731 I.

458 2749 542 2802 71.
587 2748 812 2812 Praebet,
843 2748 1061 2801 ordinat.
1091 2777 1153 2787 —
1179 2747 1439 2813 Flamma,
1470 2748 1565 2801 sol.
1586 2748 1830 2804 —Texit
1861 2766 1952 2803 or-

390 2818 604 2880 dinavit,
634 2818 674 2869 Ι.

459 2889 545 2940 73.
592 2887 765 2952 Volat,
791 2887 966 2949 curri',
998 2885 1036 2938 l.

458 2956 548 3011 75.
592 2957 1218 3023 Vegetamen,veqetatio,
1242 2957 1529 3021 commotio,
1563 2957 1601 3012 1.

459 3027 547 3078 76.
589 3024 881 3089 lndisrreti,
917 3035 1081 3078 motus
1106 3026 1447 3089 indivisibilis,
1480 3027 1517 3080 Ι.

460 3097 547 3148 7-7.
591 3095 702 3160 llis,
738 3096 1018 3162 oﬂiciis.——
1049 3096 1234 3160 Duetu,
1262 3096 1516 3162 ductione,
1548 3097 1589 3152 I.

458 3165 545 3219 78.
585 3165 911 3225 Substantia,
936 3165 1034 3229 sul,
1067 3164 1104 3217 Ι.

460 3236 547 3289 79.
588 3234 1005 3306 Αἰιιυὶνθτςιὴξιο,
1038 3235 1226 3299 simile,
1252 3235 1609 3306 comparabile,
1642 3235 1680 3288 Ι.

459 3305 548 3376 81).
588 3304 793 3376 ausim,
825 3304 1058 3357 audeam.
1083 3333 1153 3343 -
1173 3304 1524 3370 Componere,
1555 3320 1872 3376 comparare,
1907 3304 1947 3359 l.

460 3374 547 3430 Sf.
588 3373 798 3430 Grande
826 3389 1000 3440 suum,
1028 3378 1337 3442 maiestatem
1355 3390 1523 3442 suout,
1553 3374 1596 3429 I'.

2132 2401 2221 2457 82.
2263 2401 2595 2470 Conjeetare,
2621 2415 3039 2468 pra-cognoscere,
3064 2399 3115 2452 in
3140 2400 3234 2452 hoc
3252 2399 3385 2470 quod
3404 2398 3472 2470 at!
3494 2398 3626 2450 ima-

2061 2473 2227 2539 ginem
2273 2468 2418 2526 suam
2463 2473 2618 2526 creati
2658 2486 2851 2525 sumus.
2877 2500 2943 2509 —
2967 2469 3207 2539 Quibus,
3240 2468 3625 2539 horninibus-f-

2064 2538 2264 2611 ibrdua,
2296 2543 2503 2607 visere,
2545 2542 2717 2594 divina
2745 2555 3059 2612 cognoscere.
3080 2567 3148 2579 —
3170 2538 3282 2593 Non
3313 2545 3427 2602 est,
3464 2538 3627 2607 possi-

2060 2612 2179 2671 bile.
2221 2612 2259 2667 Ι.

2132 2681 2222 2735 85.
2266 2683 2578 2748 Parvorum,
2608 2696 2695 2748 per
2722 2677 2956 2733 visibilia.
2988 2706 3058 2717 -ο
3082 2677 3196 2748 Non
3240 2676 3524 2741 intellecta,
3553 2676 3627 2729 in.

2062 2751 2300 2818 visibilia,
2325 2746 2409 2818 ea,‘
2428 2766 2539 2816 quae
2558 2746 2657 2803 non
2682 2765 2947 2816 possumus
2972 2747 3269 2818 intelligere,
3304 2748 3343 2799 I.

2130 2819 2217 2875 84.
2262 2822 2527 2886 Proxima,
2552 2836 2661 2885 qua:
2681 2819 2919 2882 vidimus,
2952 2818 2986 2869 Ι.

2129 2890 2218 2946 85.
2258 2884 2621 2952 Glaucomate,
2666 2888 2920 2957 albugine,
2964 2884 3315 2957 o/I‘uscatione,
3356 2884 3626 2953 infasione.

2063 2957 2343 3014 Claucoma
2372 2968 2444 3014 est
2475 2959 2747 3023 inﬁrmitas
2780 2953 3061 3018 oculorum,
3094 2953 3135 3006 l.

2129 3030 2218 3084 86.
2261 3031 2451 3091 Fusca,
2483 3022 2732 3095 nigra.—
2753 3024 3047 3095 Suﬂ‘undiI,
3068 3022 3349 3076 obumbrat.
3368 3053 3434 3065 ——
3456 3023 3624 3089 Palla,

2058 3102 2237 3153 nubem
2261 3099 2490 3169 appellat
2504 3093 2711 3169 pallam,
2734 3095 3001 3169 nubecula,
3032 3093 3070 3149 I.

2130 3170 2219 3223 87.
2260 3166 2511 3232 Nimbus,
2532 3167 2706 3228 nubes,
2737 3166 2777 3219 1.

2124 3238 2213 3293 88.
2247 3231 2518 3303 Mentitos,
2541 3237 2865 3306 infrustrates
2881 3232 3068 3287 scilicet
3097 3232 3304 3287 lumine.
3334 3261 3401 3274 -ι
3430 3231 3623 3298 Orbes,

2055 3308 2260 3373 oculos,
2288 3308 2329 3363 I.

2122 3377 2211 3434 89.
2244 3380 2372 3447 Aer,
2400 3376 2624 3443 animm,
2659 3374 2698 3431 I.

1734 3506 2287 3566 COMMENTARIUS.

460 3643 549 3699 80.
585 3643 738 3713 Prag.
765 3641 946 3697 scribit
976 3642 1228 3711 dispersa.

463 3713 550 3769 68.
583 3707 779 3782 Aldus,
812 3723 863 3765 ut
897 3707 1068 3767 metro
1106 3711 1769 3782 consuleret,relormare
1794 3707 1964 3763 voluit

392 3784 587 3836 heresin
611 3779 775 3838 hanc.
793 3787 905 3840 Hoc
935 3783 1105 3849 ipsum
1136 3797 1295 3836 ausus
1321 3792 1400 3836 est
1433 3781 1676 3836 librarius
1706 3779 1962 3834 adnotare

391 3854 445 3906 in
473 3851 679 3907 Ilatisb.
707 3853 843 3911 Vera
872 3851 1031 3906 lectio
1062 3852 1195 3904 Itane
1220 3853 1438 3906 heresin.

464 3922 553 3975 b8.
604 3923 717 3975 Vat.
750 3928 813 3992 A,
858 3922 1030 3984 male,
1069 3937 1223 3989 neque
1251 3923 1363 3991 quis
1401 3935 1498 3990 pro
1528 3920 1734 3990 nequis;
1777 3918 1959 3987 Prag.,

386 3993 596 4046 credens
626 4008 722 4058 pro
751 3995 940 4058 credat,
974 4004 1077 4044 non
1100 3992 1255 4045 bene.

463 4063 552 4117 69.
583 4056 749 4116 Abest
775 4064 862 4118 hic
890 4056 1076 4116 versus
1104 4074 1133 4113 a
1166 4060 1302 4124 PaL,
1332 4058 1504 4127 Egm.,
1539 4058 1681 4125 Ald.,
1709 4056 1960 4127 omnibus

389 4130 599 4194 Ili-inm,
640 4147 745 4186 uno
777 4134 957 4194 ’l'orr.,
993 4129 1171 4196 Alex.,
1203 4129 1336 4184 Urb.
1380 4124 1619 4182 'All‘ertur
1664 4124 1694 4179 a
1735 4124 1957 4196 Weitz.,

389 4202 530 4264 (ἔξει,
556 4201 715 4267 Man,
750 4203 931 4268 Prag.,
953 4202 1069 4253 ltat.
1095 4195 1382 4268 etquidem
1413 4199 1529 4252 sine
1560 4198 1737 4257 litura,
1764 4195 1954 4268 Bong.,

391 4269 579 4333 Fahr.,
604 4280 657 4325 et
686 4265 823 4326 aliis.
851 4265 955 4328 seu
983 4270 1039 4323 in
1060 4265 1237 4331 Fabrl,
1266 4269 1452 4337 Bong..
1483 4276 1536 4321 et
1566 4268 1697 4321 Mar.
1731 4279 1757 4316 a
1788 4265 1955 4331 prima

387 4355 569 4405 manu,
600 4357 750 4411 vagas
777 4343 1086 4411 [ormaspro
1112 4340 1250 4411 vagis
1270 4339 1467 4411 formis.
1492 4338 1761 4411 Giselituis
1782 4342 1956 4411 testa—

388 4419 477 4462 tur
520 4403 683 4463 lumcv
698 4403 908 4466 versum
936 4403 1124 4463 abesse
1148 4403 1215 4461 ab
1240 4403 1369 4462 edit.
1399 4407 1649 4461 Daventr.
1669 4407 1710 4458 Τ
1713 4403 1883 4458 eolius
1905 4403 1955 4456 in

388 4494 498 4532 uno
527 4488 728 4533 tantum
761 4482 876 4534 Vat.
907 4496 1025 4533 eum
1051 4492 1170 4531 esse
1198 4479 1290 4541 ait,
1320 4476 1412 4530 sed
1441 4476 1709 4530 inductum
1740 4488 1768 4524 a
1798 4487 1956 4526 manu

386 4551 620 4602 secunda
644 4551 910 4619 (intelligo
931 4548 1241 4617 adjectum).
1269 4546 1541 4619 alariettus
1570 4548 1624 4599 in
1647 4559 1744 4599 suo
1769 4543 1956 4596 codice

386 4632 530 4672 nunc
570 4617 690 4675 Vat.
720 4636 747 4673 a
782 4617 937 4674 manu
981 4619 1148 4686 prima
1195 4617 1439 4671 eumdem
1485 4630 1696 4671 versum
1741 4621 1955 4670 exstare

386 4688 624 4755 agnovit.
666 4690 821 4744 Alex.
854 4704 881 4742 a
914 4687 1144 4743 secunda
1179 4702 1337 4740 manu
1368 4686 1517 4755 hune
1538 4688 1708 4754 ipsum
1739 4696 1952 4738 versum

386 4754 567 4829 trahat,
584 4760 809 4829 l'tilegit
840 4774 989 4829 vagas
1013 4758 1221 4824 formas.

459 4827 548 4897 70.
582 4825 766 4894 Fabri,
790 4825 925 4889 Gisf,
952 4827 1143 4895 Bong.,
1194 4825 1474 4897 resolutos,
1517 4839 1814 4897 perperam,
1857 4844 1954 4897 pro

386 4895 659 4980 revolutos.
697 4898 844 4980 .Vide
882 4899 1269 4980 Becmanrutu,“
1299 4895 1366 4980 de
1409 4895 1606 4980 Urgine
1628 4895 1779 4980 pling.
1830 4895 1949 4980 Lat.
1982 4921 2030 4980 υ

385 4980 510 5032 cap.
535 4966 591 5036 76.
621 4970 710 5036 qui
736 4983 798 5021 ex
828 4981 957 5021 mss.
990 4966 1124 5019 banc
1150 4965 1429 5036 lectionem
1452 4964 1688 5036 defendit
1714 4975 1766 5017 et
1790 4969 1955 5036 expli-

383 5033 650 5159 cpt.egies
672 5036 911 5159 lrevoluti
945 5044 1097 5098 sunt,
1129 5035 1220 5103 qui
1261 5034 1604 5089 revolvuntur
1639 5033 1950 5104 identidem,

384 5123 413 5157 c
468 5120 491 5157 r
564 5119 667 5159 eum
697 5143 711 5158 .

384 5113 441 5158 Cl
468 5113 711 5160 redeunt.

458 5174 546 5228 71.
584 5174 752 5229 Codd.
795 5189 924 5228 mss.
961 5182 1017 5229 et
1046 5174 1192 5243 edd.,
1233 5174 1375 5227 texit.
1414 5172 1693 5227 Fabricius
1735 5176 1951 5231 excudit

384 5245 535 5306 sexit,
557 5247 641 5300 cui
666 5247 804 5299 lavet
826 5245 1021 5313 glossa.
1054 5245 1165 5298 Hoc
1192 5244 1436 5311 exemplo
1460 5258 1589 5297 usus
1616 5253 1698 5298 est
1720 5246 1949 5300 Alexan-

382 5315 481 5367 der
506 5315 723 5384 Magnus
750 5332 762 5367 :
791 5315 969 5384 Neque
993 5324 1126 5368 terra
1151 5321 1309 5383 potest
1331 5314 1458 5366 duos
1477 5313 1627 5380 soles,
1652 5330 1810 5383 neque
1830 5316 1952 5370 Asia

381 5385 514 5436 duos
542 5401 682 5454 reges
707 5385 939 5438 tolerare.

456 5454 548 5508 75.
570 5452 630 5510 S.
645 5454 988 5523 Augustinus,
1006 5452 1072 5507 de
1088 5452 1401 5523 Coguitione
1420 5467 1561 5507 vera:
1591 5452 1709 5507 vita:
1731 5456 1946 5523 catulo,

383 5524 687 5590 exemplum
717 5525 873 5589 lucis,
899 5524 1199 5592 splendoris
1225 5532 1278 5578 et
1303 5524 1517 5584 caloris,
1549 5538 1668 5587 qua:
1693 5536 1817 5578 sunt
1849 5528 1946 5579 tria

382 5594 594 5647 diversa
620 5592 897 5657 vocabula,
923 5592 1017 5647 sed
1041 5608 1140 5645 una
1166 5601 1219 5646 et
1244 5592 1507 5647 individua
1537 5592 1847 5657 substantia,
1879 5597 1944 5648 ad

384 5662 701 5717 altissimum
724 5661 997 5716 Trinitatis
1017 5662 1211 5716 divina:
1233 5662 1545 5729 mysterium
1574 5663 1942 5728 explicandum

386 5732 620 5789 adducit.
644 5734 712 5789 Et
732 5746 981 5790 sermone
1008 5733 1115 5788 Ide
1138 5730 1325 5786 Verbis
1346 5732 1581 5800 Aposzoli
1603 5731 1727 5799 soli,
1754 5742 1805 5787 et
1837 5734 1940 5803 igni

2062 3652 2338 3713 comparat
2363 3643 2672 3699 Trinitatem
2700 3661 2712 3697 :
2755 3642 2820 3698 Et
2846 3642 2975 3713 ignis
3001 3644 3129 3696 enim
3162 3643 3258 3695 tria
3286 3643 3450 3703 habet,
3478 3654 3524 3698 et
3544 3645 3627 3698 dio

2061 3715 2164 3782 vidi
2202 3731 2301 3766 non
2337 3724 2526 3782 potest,
2560 3715 2654 3767 hoc
2681 3723 2786 3777 est,
2815 3724 3026 3776 motum,
3060 3719 3250 3775 lucem,
3284 3723 3331 3765 et
3363 3716 3623 3781 fervorem.

2062 3781 2454 3838 Chamillartlus
2491 3787 2563 3836 ait
2608 3784 2797 3838 vitiose
2836 3785 2903 3838 ab
2944 3798 3048 3836 uno
3096 3783 3387 3836 Prudentia
3428 3782 3625 3839 dictum

2059 3864 2341 3923 vegetamen
2372 3869 2465 3918 ιιι-ο
2500 3856 2761 3922 vegetatio.
2804 3854 2996 3907 Contra
3047 3852 3290 3923 Barthius
3329 3853 3421 3908 lib.
3459 3869 3489 3906 ι
3520 3854 3626 3907 Αὼ

2061 3920 2229 3985 τότε..
2255 3937 2354 3989 cap
2381 3923 2471 3985 24,
2502 3920 2797 3985 elegantem
2828 3936 3012 3973 vocem
3040 3920 3188 3984 dicit,
3218 3935 3316 3973 nee
3343 3922 3625 3976 admodum

2063 3994 2308 4044 usitatam
2335 4002 2572 4044 nutamen
2605 3990 2658 4043 in
2681 3991 2810 4045 Silio
2836 3991 3017 4043 Italico
3045 4006 3056 4040 :
3092 3989 3268 4042 [Vivere
3296 3993 3509 4044 tremulo
3528 4008 3625 4045 nu.

2060 4063 2246 4114 tamine
2263 4076 2459 4126 perime.
2488 4059 2695 4125 Quales,
2717 4060 2903 4129 inquit,
2928 4058 3115 4111 multas
3129 4058 3437 4129 Prudentius
3452 4061 3624 4129 ﬁnxit,

2060 4138 2242 4184 temere
2262 4132 2390 4184 inter
2410 4130 2651 4183 barbaras
2672 4147 2702 4181 a
2724 4128 3015 4182 censoribus
3039 4128 3189 4181 nimis
3202 4128 3433 4181 delicatis
3450 4128 3624 4184 recené

2058 4201 2205 4254 sitas.
2237 4200 2348 4253 IIuc
2372 4199 2888 4253 refero-vorabulum
2919 4209 3224 4267 vegetamen,
3251 4206 3306 4250 et
3334 4200 3434 4251 alia
3465 4199 3623 4265 hujus

2059 4270 2290 4337 generis,
2338 4285 2629 4336 peccamen,
2671 4284 2919 4333 creamen,
2959 4276 3243 4333 ructanten,
3288 4276 3621 4337 ostentanten,

2058 4340 2382 4393 ablectamen.
2410 4338 2549 4392 Vide-
2566 4339 2615 4392 in
2642 4338 2813 4393 indice
2836 4337 3059 4392 Fabricii
3082 4337 3147 4389 ad
3172 4347 3352 4402 poetas
3367 4337 3623 4393 Christia-

2059 4424 2157 4462 nos
2190 4407 2442 4473 a/I'amen,
2476 4425 2746 4467 conamen.
2783 4409 3127 4469 exhortamen,
3173 4416 3428 4459 testamcn.
3470 4408 3623 4462 Plura

2058 4474 2250 4549 similia
2293 4491 2414 4532 sunt
2460 4478 2511 4532 in
2547 4478 2824 4545 Lucretio,
2852 4493 2968 4549 qua:
3016 4477 3076 4530 in-
3103 4475 3275 4530 indice
3303 4475 3636 4532 Lucretianu-

2059 4546 2297 4604 Gil'anius
2325 4549 2550 4606 notavit.

2127 4618 2217 4672 76.
2265 4618 2417 4683 Man,
2462 4617 2640 4687 Prag.,
2696 4617 2842 4678 Rat.,
2901 4616 3114 4687 Weitz.,
3158 4616 3621 4687 Gis.,indisereti,,

2058 4703 2249 4757 nempe
2276 4687 2421 4741 solis.
2453 4686 2647 4755 Scripti
2681 4687 2975 4751 Heinsiani,
3010 4686 3127 4757 Vat.
3159 4686 3224 4757 A,
3251 4686 3433 4757 Ales,
3464 4686 3618 4757 Urb.,

2056 4753 2203 4823 Ald.,
2238 4758 2411 4826 Εεςιιι.ν
2445 4753 2943 4826 Palatindiscretis,
2977 4755 3187 4809 scilicet
3212 4753 3296 4826 his
3324 4754 3512 4809 tribus.

2126 4830 2216 4883 78.
2254 4824 2434 4895 Ρηεζη
2463 4842 2525 4880 ea:
2549 4825 2744 4890 tribus;
2771 4826 2881 4887 alii,
2920 4834 2967 4895 et
2996 4826 3171 4878 tribus.
3204 4824 3350 4889 Al'l.,
3374 4827 3619 4894 mixtum;

2056 4899 2257 4961 (aL-teri,
2287 4894 2510 4960 mixtim,
2542 4896 2682 4962 quod
2715 4903 2799 4948 est
2824 4894 3231 4963 prtelerendum.

2126 4968 2215 5022 80.
2245 4965 2497 5020 Famulus
2538 4965 2799 5034 adjective
2845 4965 2982 5033 apud
3009 4963 3254 5018 Ovidium
3299 4979 3406 5019 non
3454 4966 3623 5021 semel

2054 5038 2309 5092 occurrit.

2125 5108 2215 5163 86.
2247 5107 2365 5161 Vat.
2387 5107 2449 5169 Α,
2472 5116 2517 5158 et
2543 5105 2586 5157 si
2617 5120 2717 5173 pro
2736 5114 2822 5158 aut
2843 5105 2907 5171 si,
2931 5104 3087 5171 Man,
3112 5104 3253 5164 Rat,
3272 5103 3454 5165 Weit.,
3481 5103 3617 5166 Gis.,

2054 5176 2225 5241 Sich.,
2254 5177 2520 5243 suﬁ'undit.
2553 5176 2671 5231 Val.
2690 5177 2775 5238 A.,
2797 5176 2938 5236 Λὶψ,
2959 5176 3136 5235 Alex.,
3162 5173 3312 5243 Lirim,
3344 5173 3655 5243 HeinsianL

2055 5248 2299 5322 stt/fudit.
2314 5241 2473 5322 Palla
2491 5248 2743 5322 [nsi-apro
2767 5244 2925 5322 nube,
2947 5244 3081 5322 sicin
3107 5241 3243 5322 apud
3261 5250 3465 5322 poetas
3489 5241 3626 5293 nube

2054 5308 2181 5387 tegi,
2211 5317 2341 5370 nube
2371 5308 2602 5387 amictus.
2622 5308 2892 5387 Virgilius
2929 5327 2945 5364 ι
2975 5309 3210 5363 Αἰηρωά
3251 5308 3316 5360 Et
3345 5310 3503 5362 multo
3530 5325 3618 5362 ue-

2053 5383 2186 5440 bzila:
2209 5388 2398 5438 circum
2420 5388 2514 5436 dea
2540 5384 2669 5450 fudit
2692 5383 2902 5433 antictu.
2932 5448 2939 5450 ξ
2977 5448 2990 5450 Α
3144 5392 3148 5396 ·

2122 5458 2211 5511 87.
2256 5455 2468 5507 Nimbus
2508 5448 2603 5518 pro
2640 5450 2765 5501 nulze
2806 5448 2944 5517 apud
2974 5448 3308 5519 Lucretium,
3342 5448 3622 5519 Virgilium

2049 5535 2104 5579 et
2130 5527 2283 5579 alios.
2310 5522 2524 5591 Spicula
2552 5519 2833 5583 radiorum,
2860 5525 2918 5571 ut
2935 5518 3189 5589 spiculum
3217 5520 3357 5587 solis,
3376 5518 3559 5591 hymn.
3581 5518 3627 5572 2

2048 5594 2226 5659 (Zath.,
2261 5607 2403 5646 vers.
2432 5592 2485 5645 6.
2766 5657 2796 5659 μ
2959 5647 2964 5653 .

2119 5657 2219 5717 88.
2240 5660 2389 5727 Ald.,
2418 5660 2670 5721 mentitus.
2707 5657 2917 5732 reliqui,
2947 5660 3195 5715 mentitos.
