4120 6196
505 267 640 322 1019

500 383 567 435 00
678 378 768 432 Est
792 376 1087 447 glauctima,
1105 377 1272 431 aciem
1285 374 1422 444 qttod
1442 373 1672 442 tegmine
1685 374 2057 439 veletaquuso,
2091 375 2140 433 Α

675 467 863 521 Libera
894 482 960 522 ne
992 475 1228 522 tenerum
1259 473 1504 535 penetret
1551 463 1827 518 meditatio
1851 463 2071 529 coelum,

675 557 818 611 Neve
846 557 1007 610 Deum
1035 556 1230 624 rapidis
1243 553 1590 624 comprendat
1615 552 1864 608 sensibus
1888 566 2072 604 unum.

674 645 953 715 Spargitur
980 645 1031 700 in
1060 645 1244 699 bifidas
1273 646 1541 698 malesana
1575 643 1804 697 intentio
1831 643 2003 706 luces,

677 737 745 790 Et
771 736 1007 806 duplices
1035 737 1261 805 geminis
1301 735 1603 789 auctoribus
1633 735 1860 788 exstruit
1891 749 2035 788 aras.

504 829 572 883 95
678 828 730 879 Si
761 825 866 881 duo
886 836 1006 880 sunt
1038 828 1213 895 igitur,
1241 841 1339 880 cur
1369 842 1471 879 non
1500 834 1624 878 sunt
1650 826 1812 878 tnulta
1837 825 2057 877 deorum

682 917 892 972 Millia?
945 931 1042 970 cur
1069 932 1288 971 numero
1321 899 1498 971 Deitas
1550 922 1802 970 contenta
1850 913 2083 988 gemello

1861 1004 1964 1077 [est
1992 1006 2014 1059 ’ἒ

677 1097 757 1151 Au
781 1112 888 1150 non
925 1096 976 1150 iu
1008 1097 1228 1166 pepulos
1250 1096 1490 1164 dispersa
1519 1095 1763 1150 examina
1796 1096 1977 1150 divum

686 1190 930 1245 Fundere
959 1199 1074 1245 erat
1101 1190 1311 1256 melius,
1349 1189 1714 1260 mundumque
1745 1189 1970 1257 implere
1998 1202 2086 1242 ca-

1803 1280 2013 1352 [paceni

678 1371 936 1426 Semideis
961 1372 1158 1440 passim
1191 1370 1338 1425 nullo
1363 1369 1674 1425 discrimine
1705 1371 1978 1434 monstris,

679 1464 812 1530 Quis
855 1464 960 1516 fcra
983 1464 1257 1516 barbaries
1283 1463 1552 1532 perituros
1597 1469 1793 1514 mactat
1823 1460 2089 1515 honores?

683 1556 900 1608 Dissona
937 1555 1225 1607 discretum
1259 1554 1492 1606 retinent
1528 1551 1572 1605 si
1619 1552 1834 1606 numina
1870 1553 2087 1615 cadum,

687 1647 950 1700 Convenit
978 1656 1031 1699 et
1064 1645 1290 1708 nebulis,
1315 1653 1370 1698 et
1393 1643 1647 1707 fontibus,
1681 1651 1736 1695 et
1765 1643 2012 1696 reboanti

678 1736 908 1800 Oceano,
939 1745 991 1789 et
1023 1734 1190 1795 silvis,
1222 1742 1274 1788 et
1303 1734 1559 1799 collibus,
1593 1740 1648 1787 et
1674 1733 1978 1799 speluncis,

509 1465 610 1521 100

690 1828 1041 1887 Fluminibus,
1070 1828 1260 1890 ventis,
1294 1825 1624 1891 fornacibus,
1655 1833 1815 1895 atque
1856 1825 2086 1880 metallis
2139 1819 2144 1824 ’

512 1922 611 1977 105
685 1919 971 1985 Assignare
992 1916 1122 1972 deos
1149 1916 1425 1986 proprios:
1459 1930 1554 1968 δῖνα
1583 1915 1664 1968 cui
1690 1933 1772 1981 pte
1798 1915 1941 1983 jura.

683 2011 845 2080 508
883 2009 998 2074 Vcl,
1048 2009 1092 2062 si
1141 2007 1370 2080 gentiles
1425 2005 1607 2060 sordet
1641 2006 1948 2060 venerarier
1975 2020 2091 2058 um-

1341 2075 1350 2086 ’
1837 2095 1982 2168 [bras
2001 2137 2016 2158 ,

691 2193 754 2244 Et
786 2191 980 2260 placet,
1009 2203 1128 2244 esse
1157 2187 1291 2242 duos
1320 2188 1545 2257 sceptris
1568 2187 1857 2240 socialibus
1881 2203 2088 2254 :equos,

687 2285 780 2337 Dic
803 2297 919 2352 age.
945 2281 1062 2350 quis
1095 2289 1265 2334 terras
1291 2278 1512 2334 ditionis
1540 2289 1686 2333 sorte
1712 2280 1977 2332 retentet?

1629 261 1906 318 AURELII
1951 259 2309 316 l’RUDENTll
2347 258 2673 315 CARMINA.

3624 260 3760 317 109.0

2344 370 2474 438 Quis
2505 377 2654 439 regat
2681 383 2959 440 aequoreas
2987 377 3185 427 aeterna
3208 370 3326 441 lege
3358 373 3616 440 procellas
3635 375 3662 426 ?

2182 463 2285 518 110
2358 461 2472 517 Ede
2491 461 2833 516 cohaeredum
2863 461 3170 517 distinctum
3207 461 3293 528 jus
3321 461 3686 519 dominorum.

2358 551 2528 614 Unus,
2551 553 2653 615 ais,
2681 550 2817 605 tristi
2841 551 3041 606 residet
3066 552 3307 610 sublimis
3337 551 3389 610 in
3419 568 3563 618 arce,

2356 644 2560 719 Auctor
2585 641 2870 712 nequitiae,
2903 645 3166 698 scelerum
3208 643 3376 716 Deus,
3431 659 3612 712 asper,
3662 646 3764 699 iul.

3489 736 3645 804 [quus
3680 754 3697 790 :

2355 823 2479 891 Qui,
2509 823 2864 894 quodcunque
2890 822 3086 878 malum
3118 824 3310 878 vitioso
3334 824 3502 878 fervet
3534 827 3585 878 in
3608 829 3767 890 orbe,

2358 916 2526 982 Serit,
2555 925 2609 970 et
2631 913 2862 981 anguino
2883 913 3154 968 medicans
3181 929 3315 967 nova
3343 916 3550 969 semine
3579 932 3766 982 succo,

2190 1008 2292 1064 ll5
2362 1008 2560 1061 Rerum
2597 1003 2911 1072 principium
2945 1004 3132 1057 mortis
3162 1004 3228 1058 de
3260 1005 3444 1060 fomite
3469 1008 3647 1060 traxit.

2362 1099 2478 1166 Ipse
2507 1096 2685 1165 opifex
2722 1094 2903 1148 mundi
2936 1103 3153 1160 terram,
3185 1107 3355 1160 mare,
3387 1097 3562 1150 sidera
3598 1097 3724 1151 fecit
3755 1116 3766 1149 ε

2362 1187 2613 1244 Condidit
2653 1187 2770 1256 ipse
2823 1185 3118 1250 hominem,
3156 1185 3416 1240 lutulenta
3445 1197 3500 1241 et
3529 1191 3772 1243 membra

3505 1279 3703 1350 [coegit

2368 1360 2656 1442 Effigialns,
2691 1367 2834 1438 quod
2879 1366 3101 1423 mOrbus
3147 1366 3308 1434 edat,
3358 1370 3497 1437 quod
3549 1372 3778 1427 crimine

3510 1462 3704 1531 [multo

2371 1551 2616 1612 Sordeat,
2647 1550 2858 1604 informi
2888 1550 3126 1606 tumulus
3154 1550 3296 1621 quod
3326 1550 3444 1604 tabe
3484 1553 3738 1606 resolvat.

2197 1644 2299 1700 120
2373 1643 2472 1696 Ast
2499 1642 2588 1694 alii
2622 1643 2834 1711 pietatis
2858 1657 3030 1705 amor,
3055 1637 3428 1712 placidumque
3457 1642 3705 1696 medendi

2332 1733 2494 1804 509
2545 1732 2857 1802 Ingenium,
2914 1749 3166 1788 recreans
3207 1734 3482 1799 homines,
3535 1733 3780 1788 mortalia

3443 1824 3709 1896 [εει-νέως.

2316 1908 2322 1914 ’
2369 1914 2716 1970 Testamenta
2745 1914 2850 1969 duo
2873 1915 3148 1968 fluxerunt
3173 1913 3416 1983 principe
3444 1924 3704 1982 utroque;

2372 2006 2619 2062 Tradidit
2659 2007 2757 2062 iste
2803 2021 3001 2061 novum
3043 2006 3232 2060 melior
3252 2046 3268 2072 ,
3297 2018 3446 2062 vetus
3477 2007 3604 2059 illud
3634 2020 3784 2061 arer-

3566 2099 3710 2172 [bus.

2379 2191 2505 2248 llaec
2535 2201 2621 2248 tua
2649 2233 2665 2257 ,
2714 2190 2984 2261 Marcion,
3019 2191 3222 2260 gravis,
3273 2199 3330 2245 et
3363 2191 3638 2246 dialectica
3678 2207 3786 2246 vos

3577 2282 3712 2354 [est;

1819 2371 2104 2426 GLOSSIE
2143 2373 2462 2432 VETERES

579 2492 669 2546 90.
702 2489 1011 2613 flaucoma,
1041 2487 1248 2558 albugo,
1288 2485 1476 2557 caligo.
1502 2515 1572 2528 -—
1613 2484 1818 2550 Aciem,
1873 2501 2088 2540 acumen

579 2578 668 2613 ius.
729 2599 742 2612 .

513 2575 668 2621 usus,
705 2575 742 2613 I.

581 2630 670 2684 9|.
697 2629 986 2687 'l‘cnerum.
1011 2626 1211 2684 subtile,
1243 2625 1589 2690 intractabile,
1630 2623 1706 2678 vel
1734 2640 1967 2680 serenum
1986 2666 2000 2692 ,
2047 2625 2088 2679 1.

581 2700 667 2754 92.
696 2697 1076 2764 Comprendat,
1106 2695 1379 2765 intelligat,
1409 2695 1448 2748 l.

582 2772 669 2821 93.
705 2769 952 2832 Intentio,
985 2782 1180 2829 sensus,
1211 2764 1455 2828 studium,
1485 2764 1524 2817 1.

582 2839 668 2893 91.
701 2838 958 2898 Geminis,
991 2835 1207 2889 duobus.
1246 2865 1311 2876 --
1349 2834 1687 2900 Auctoribus,
1724 2835 1845 2890 diis.
1882 2866 1957 2878 —
1991 2835 2094 2890 Ex-

513 2909 686 2974 Struit,
719 2907 945 2970 instruit,
984 2907 1024 2961 Ι.

582 2982 670 3034 93.
703 2979 836 3042 Duo,
871 2979 1101 3040 numina,
1132 2976 1235 3041 dii,
1269 2974 1304 3030 I.

536 3049 674 3170 _96'.
732 3053 982 3113 numero,
1045 3046 1486 3113 Virgil.,numero
1537 3043 1678 3102 Deus.
1719 3045 1918 3116 impare.
1971 3063 2099 3118 gau-

536 3128 619 3170 ιρι.
676 3159 688 3170 .

513 3128 619 3180 aet,
652 3128 688 3171 I.

589 3190 708 3242 100.
742 3189 892 3254 Quis,
921 3203 1016 3256 pro
1039 3186 1242 3258 quibus,
1273 3185 1393 3239 Vat.
1423 3185 1489 3241 Α.

587 3261 707 3312 101.
743 3259 1060 3320 Diseretum,
1083 3266 1395 3325 separatum,
1431 3259 1470 3311 Ι.

587 3329 709 3384 102.
742 3330 1026 3393 llcboanti,
1057 3326 1287 3392 sonanti,
1317 3325 1357 3381 l.

2269 2491 2391 2544 106.
2426 2490 2518 2545 Vel
2547 2489 2624 2555 si,
2666 2506 2696 2542 ο
2742 2487 2995 2542 Marcion.
3036 2517 3107 2527 —
3139 2485 3353 2551 Sordet,
3395 2484 3632 2555 displicet
3658 2485 3786 2540 ado-

2198 2576 2310 2613 rare
2335 2561 2637 2624 simulacra,
2677 2560 2716 2615 1.

2268 2631 2391 2685 110.
2430 2630 2564 2693 Ede,
2593 2630 2698 2691 dic,
2729 2628 2923 2696 profer,
2954 2627 2995 2680 1.

2271 2701 2392 2754 111.
2427 2703 2537 2764 Ais,
2573 2701 2718 2753 dicis.
2741 2698 2882 2752 —Iu
2905 2712 3046 2762 arce,
3076 2714 3253 2765 regno,
3283 2699 3324 2754 1.

2268 2770 2395 2824 114.
2444 2771 2610 2835 Sevit,
2638 2771 2923 2823 seminavit.
2952 2793 3018 2807 -ι
3050 2767 3339 2834 Medicaus,
3372 2767 3617 2838 fundens,
3649 2766 3689 2823 1.

2274 2839 2398 2893 117.
2429 2839 2637 2906 Coegit,
2662 2839 2937 2907 capulavit,
2965 2839 3004 2893 I.

2274 2911 2397 2965 118.
2433 2905 3083 2980 Εηίέῐθηεςίονηεαηεη-
3099 2907 3334 2973 Morbus,
3366 2906 3492 2960 deus
3527 2907 3711 2970 malus,
3747 2905 3789 2960 Ι.

2274 2981 2397 3034 120.
2441 2977 2573 3045 Αιίΐ,
2619 2977 2808 3033 scilicet
2840 2978 2970 3043 Deo,
3003 2977 3043 3031 1.

2202 3120 2221 3174 Ι
2273 3050 2689 3174 1.22.|Utroque,
2719 3067 2750 3103 a
2772 3049 3002 3121 principe
3041 3050 3382 3112 tenebrarum,
3425 3057 3472 3102 et
3500 3063 3532 3100 a
3565 3047 3795 3116 principe

2225 3136 2367 3174 ucts.
2426 3161 2441 3174 .

2225 3121 2335 3173 ucis
2352 3162 2367 3182 ,
2402 3121 2441 3176 Ι.

2273 3191 2396 3263 125.
2431 3191 2688 3263 acerbus,
2717 3194 2880 3263 pejor,
2915 3190 2963 3263 1.

2273 3261 2397 3316 {‘24.
2432 3260 2640 3327 Gravis,
2685 3259 3048 3323 intuortabilis.
3076 3290 3144 3303 --
3174 3259 3479 3324 Dialectica,
3518 3259 3792 3328 disputanc

2199 3331 2297 3399 tia,
2330 3332 2628 3403 sap/tistica,
2672 3331 2709 3386 1.
2741 3333 2922 3399 Acuta,
2948 3331 3072 3386 Vat.
3101 3334 3164 3386 A.

1858 3447 2428 3508 COMMENTARIUS.

587 3577 676 3633 90.
728 3576 882 3633 ΑΜ..
928 3576 1204 3638 mendose,
1249 3576 1397 3630 vellet

519 3647 718 3709 Oxum,
755 3647 972 3705 Wid—m.,
1005 3647 1160 3709 illam,
1193 3647 1372 3714 Prag.,
1408 3646 1551 3708 llat.,
1599 3647 1726 3702 Urb.
1760 3648 1812 3700 In
1859 3647 1976 3699 Vat.
2006 3650 2048 3702 A
2072 3689 2087 3711 ,

519 3719 677 3789 Alex.
711 3727 765 3772 ct
809 3717 1108 3770 ileinsianis
1136 3717 1421 3789 plerisque,
1454 3719 1602 3780 velat,
1652 3733 1773 3771 cum
1817 3717 2010 3772 Weitz.
2039 3727 2095 3773 et

519 3788 631 3842 Gis.

587 3856 678 3910 ἔτι.
711 3855 860 3921 ᾹΙιΙη
891 3871 995 3910 non
1024 3855 1181 3919 bene,
1213 3872 1277 3909 ne
1306 3865 1508 3911 tetrum.

712 3927 902 3997 liong.,
928 3926 1097 3992 Siclt.,
1123 3926 1236 3982 Gis.
1271 3929 1294 3982 1
1322 3925 1453 3980 cdit.
1477 3926 1544 3982 ad
1572 3941 1718 3981 oram
1751 3928 1990 3996 male/ida
2011 3930 2093 3983 in-

521 4007 695 4052 tentia.
1097 4016 1099 4018 '

591 4067 680 4122 9‘5.
713 4066 890 4135 Egm.,
920 4073 974 4120 et
1000 4066 1113 4120 Gis.
1146 4067 1214 4121 ita
1250 4065 1428 4137 legunt
1455 4066 1630 4137 {Sunt
1661 4067 1802 4137 duo?
1827 4078 1968 4135 sunt,
2001 4069 2098 4135 igi-

521 4147 603 4195 tur
626 4153 716 4190 cur
737 4153 837 4190 non
859 4145 975 4189 sunt
1014 4137 1175 4190 multa
1202 4135 1413 4191 deorum
1437 4135 1638 4192 Millia?
1669 4136 1937 4192 Gisalinus
1966 4141 2097 4191 alle-

523 4217 606 4273 gat
635 4207 793 4260 ctiam
837 4207 1272 4261 Daveutriensetn
1306 4207 1616 4262 editionem.
1653 4208 1755 4260 Alii
1788 4208 2001 4276 scripti,
2037 4210 2098 4262 Si

522 4281 622 4331 duo
645 4287 759 4330 sunt
783 4277 955 4346 igitur,
981 4293 1070 4329 cur
1100 4294 1200 4330 non
1225 4278 1326 4330 sint
1348 4279 1510 4330 multa
1530 4278 1736 4329 deorum
1762 4278 1967 4331 Millia?
1999 4278 2097 4334 nisi

522 4346 661 4414 quod
696 4348 745 4399 in
777 4347 897 4399 Rat.
945 4356 1028 4400 est
1055 4357 1174 4400 sunt
1205 4347 1366 4400 multa
1408 4358 1457 4398 ut
1504 4347 1557 4400 in
1591 4346 1777 4408 Weit..
1826 4348 2016 4402 Cbam.
2046 4357 2100 4402 ct

523 4418 661 4470 aliis.
694 4416 824 4470 Vide
853 4417 1236 4471 Tertullianum
1269 4418 1361 4470 lib.
1395 4433 1410 4471 t
1446 4416 1699 4472 adversus
1732 4417 2053 4474 Marcionem
2081 4457 2098 4485 ,

523 4502 641 4551 cap.
671 4486 704 4540 5
727 4504 740 4540 :
771 4485 946 4540 Primo
971 4488 1102 4541 enim
1124 4489 1344 4554 exigam,
1369 4505 1460 4540 cur
1486 4504 1587 4540 non
1614 4487 1789 4557 plura,
1817 4489 1861 4540 si
1891 4490 2032 4542 duo?

593 4557 683 4612 9'7.
718 4559 918 4629 Argnte
939 4573 1156 4629 nariam
1171 4558 1343 4611 dirum
1371 4562 1600 4628 fundere,
1623 4568 1900 4629 nte-xamen
1922 4575 2098 4629 apum,

525 4639 827 4694 quanquam
852 4627 922 4681 de
948 4628 1065 4681 aliis
1090 4627 1250 4682 etiam
1282 4627 1442 4682 rebus
1465 4645 1676 4681 examen
1705 4628 1919 4682 dicitur.

593 4695 715 4752 101.
746 4696 866 4752 Rat.
898 4713 926 4750 a
959 4699 1124 4765 prima
1155 4713 1335 4761 manu,
1369 4699 1539 4752 tlinum
1573 4713 1666 4766 pro
1703 4699 1904 4753 caelum.
1938 4696 2103 4754 Recte

525 4767 866 4820 emendatum
897 4779 980 4820 est
1000 4769 1066 4822 ab
1095 4768 1196 4821 alia
1219 4784 1397 4823 manu.

597 4835 867 4908 105.Gis.
887 4836 1013 4904 legit
1033 4840 1260 4907 suajura
1289 4839 1488 4908 cuique.
1513 4838 1708 4907 Scripti
1742 4846 1798 4893 ct
1827 4839 1918 4894 alii
1949 4839 2100 4907 editi,

1447 3590 1545 3646 pro
1583 3577 1738 3649 celet,
1764 3587 1840 3649 rut
1860 3577 2091 3649 illabeut
2118 3577 2163 3640 C
2195 3580 2297 3634 abb
2317 3581 2420 3633 dine
2451 3578 2846 3642 Gronelandite,
2875 3593 2983 3649 quo
3023 3578 3341 3633 Torrentius
3372 3585 3454 3630 est
3483 3593 3644 3634 mus.
3680 3592 3788 3628 ιιηη

2197 3666 2352 3704 versu
2383 3660 2464 3704 est
2510 3654 2716 3720 auctior
2748 3669 2762 3703 :
2788 3651 3059 3720 Assigunre
3088 3651 3207 3702 deos
3257 3650 3538 3720 proprios:
3570 3650 3791 3720 elatura:

2197 3731 2346 3789 tuque
2395 3720 2529 3774 ruris
2578 3718 2787 3776 Dividui
2837 3717 3060 3773 (taurinis
3103 3721 3341 3775 addicere
3369 3717 3539 3787 sigilla
3567 3719 3658 3769 im.
3696 3717 3793 3772 Ubi

2200 3791 2448 3872 [leinsius
2477 3793 2695 3860 corrigit
2714 3791 2855 3862 juris
2893 3805 2991 3859 pro
3021 3793 3180 3854 ruris,
3203 3789 3408 3844 scilicet
3451 3789 3795 3851 elementaque

2225 3878 2349 3918 uris.

2191 3879 2393 3986 ’,ιε’-1δῖ1.
2428 3931 2605 3985 Placet
2635 3930 2764 3984 duos
2790 3945 2909 3988 cum
2934 3929 3056 3983 Vat.
3091 3930 3156 3988 A.
3187 3930 3339 3983 Alex.
3361 3971 3373 3986 .
3399 3928 3541 3991 PuL,
3572 3927 3786 3981 Tlmaa.

2199 4009 2254 4053 et
2308 4001 2429 4054 iiut.
2471 4001 2586 4056 Non
2618 4002 2758 4054 male
2794 4001 2915 4054 deos
2963 4001 3115 4062 Man,
3167 4000 3346 4062 Prag.,
3399 4000 3542 4062 Rau,
3599 3999 3792 4061 ﬂung"

2201 4069 2400 4130 Widm.
2432 4086 2460 4123 a
2492 4071 2659 4139 primi
2705 4086 2885 4134 manu,
2935 4069 3064 4124 Urb.
3117 4071 3190 4122 Ex
3235 4070 3392 4122 editis
3442 4069 3792 4139 Milesiam;

2202 4149 2394 4206 prtett-r
2426 4137 2699 4195 lleinsium
2729 4151 2784 4196 et
2815 4141 3158 4194 recentiores.
3203 4139 3520 4200 Sicltardus,
3573 4137 3690 4192 Wci
3716 4155 3788 4205 z.,

2201 4210 2339 4278 Gis.,
2371 4212 2511 4266 deos.

2275 4277 2395 4336 108.
2434 4283 2588 4342 Mar"
2615 4282 2776 4343 tnale,
2806 4281 3023 4333 ditiones
3049 4294 3144 4343 pro
3176 4280 3422 4332 ditionis:
3453 4280 3630 4332 minus
3655 4277 3792 4330 male

2200 4366 2229 4405 a
2253 4353 2419 4420 prima
2449 4367 2629 4411 manui,
2674 4351 2933 4420 gubernet,
2964 4367 2992 4402 a
3029 4361 3243 4404 recente
3276 4364 3454 4420 manu,
3490 4360 3719 4420 retentet.

2275 4423 2396 4476 110.
2433 4420 2546 4476 Gis.
2584 4422 2632 4486 l,
2657 4415 2789 4476 edit.
2831 4423 2896 4474 atl
2925 4436 3072 4473 oram
3112 4430 3262 4472 nutat
3294 4419 3456 4472 Ιιίννοη·
3489 4415 3787 4472 Marcionis.

2277 4491 2398 4545 ill.
2435 4495 2488 4545 In
2522 4493 2624 4557 aliq
2653 4507 2699 4542 to
2733 4492 2923 4558 Vulg...
2945 4491 3052 4552 ait;
3086 4491 3299 4551 melius,
3339 4492 3435 4543 ais.

2276 4563 2399 4616 114.
2431 4563 2593 4616 Aldus
2614 4563 2799 4614 scribit
2828 4565 3080 4627 altumnec
3105 4577 3124 4622 ,°
3150 4562 3389 4626 plerique
3415 4560 3661 4627 anguino.
3691 4559 3789 4612 lte-

2202 4635 2470 4687 ct'utiores
2521 4634 2679 4700 aliqui
2725 4631 2858 4684 Aldn
2910 4641 3225 4684 constiti-tm.
3278 4632 3458 4694 Prom,
3520 4630 3785 4688 meditans,

2205 4717 2310 4757 non
2336 4703 2493 4766 bene,
2519 4719 2614 4769 pro
2636 4703 2910 4754 medicans.
2950 4700 3007 4754 In
3034 4715 3162 4754 mss.
3192 4711 3249 4754 et
3269 4701 3428 4754 editis
3458 4701 3691 4768 antiquis
3709 4708 3789 4751 est

2203 4787 2374 4828 succo.
2421 4772 2477 4826 lu
2526 4773 2739 4826 Thuau.
2771 4781 2949 4826 tamen
2983 4770 3123 4840 fuco,
3151 4771 3292 4839 quod
3325 4769 3575 4824 Heinsius
3604 4771 3789 4834 proba-

2205 4843 2300 4900 vit.
2331 4843 2532 4908 Teneo,
2563 4843 2704 4910 quod
2737 4842 2930 4905 nostri,
2957 4856 3132 4908 succo,
3182 4843 3295 4895 sive
3318 4857 3442 4895 suco
3469 4841 3632 4894 unico
3657 4855 3704 4907 c,
3733 4844 3791 4891 ut

525 4906 824 4999 suaAcuique
843 4907 992 4999 jztra,
1020 4916 1075 4999 ut
1101 4906 1277 4999 cuique
1308 4906 1390 4987 sit;
1414 4906 1676 4977 dactylus.
1710 4908 1954 4999 Gifauius
1967 4910 2099 4999 Ιξιιό.
2130 4939 2181 4999 D
2207 4927 2420 4999 semper
2453 4906 2639 4999 ἕξεί-ἥβη
2658 4913 2825 4999 1³ης.

531 4977 686 5030 Lucr.
716 4975 766 5028 in
806 4991 833 5028 e
869 4976 1010 5028 breve
1049 4983 1272 5029 testatur
1314 4978 1474 5030 etiam
1511 4975 1720 5031 veteres
1760 4978 1924 5032 libros
1964 4979 2099 5033 Pru-

523 5046 689 5098 dentii
722 5060 748 5097 a
777 5060 834 5100 se
863 5045 1130 5111 inspectos
1159 5046 1356 5100 habere
1388 5064 1480 5100 sua
1516 5048 1697 5116 cuique
1717 5052 1861 5112 jura,
1891 5058 1946 5103 et
1974 5050 2101 5103 alibi

523 5134 618 5187 sua
646 5118 826 5186 cuique
847 5116 1023 5187 destra
1053 5126 1144 5180 est,
1181 5124 1234 5168 et
1258 5132 1377 5170 suus
1407 5126 1478 5169 est
1513 5134 1618 5168 mos
1644 5119 1824 5185 cuique
1845 5121 2002 5187 genti.
2030 5119 2100 5172 ll-

508 5186 616 5241 lttd
649 5196 826 5241 tamen
849 5185 1059 5240 Gifanio
1102 5201 1205 5240 non
1237 5187 1522 5246 assentior,
1555 5203 1581 5239 ε
1613 5190 1662 5238 in
1693 5185 1868 5254 cuique
1898 5203 1926 5241 a
1971 5192 2101 5242 Pru-

526 5257 706 5310 dentio
740 5257 986 5324 produci,
1014 5259 1164 5325 quasi
1197 5271 1387 5310 versus
1435 5257 1511 5311 illi
1553 5266 1734 5310 esseut
1778 5258 2047 5322 spnndaici
2077 5300 2092 5324 ,

527 5326 642 5379 sive
676 5330 985 5394 spondzcum
1014 5330 1196 5394 quinta
1236 5327 1362 5380 sede
1407 5328 1682 5380 baberent.
1717 5327 1976 5382 Existimo
2009 5345 2099 5395 po-

529 5397 652 5462 tins,
678 5414 711 5449 u
734 5399 956 5463 primum
985 5399 1225 5465 produci,
1250 5407 1301 5451 et
1330 5398 1598 5468 dactylum
1631 5398 1770 5452 lieri.
1805 5398 2099 5452 Bcctnauus

528 5479 714 5529 contra
745 5470 898 5519 lidetn
931 5468 1150 5521 altorum
1190 5483 1318 5522 mss.
1349 5468 1519 5534 jubet,
1561 5469 1674 5521 lta-c
1723 5469 1878 5522 verba
1927 5481 2099 5522 trans-

533 5537 654 5606 poni
700 5553 791 5606 sua
824 5539 939 5604 iura
982 5539 1177 5599 cuique,
1227 5553 1322 5591 nec
1352 5539 1718 5592 dissimulante
1768 5539 1968 5606 inquit,
1996 5555 2100 5593 ms.

533 5604 626 5657 lltc
653 5605 820 5658 codex
852 5615 966 5659 erat
998 5607 1266 5675 Palatinus
1287 5623 1351 5660 ex
1388 5609 1700 5675 llddcbcrga
1732 5623 1760 5662 a
1803 5604 1935 5661 Jano
1965 5609 2101 5661 Gru-

533 5683 648 5727 tero
687 5675 899 5730 missus.
930 5674 1058 5730 Vide
1098 5691 1214 5744 cap.
1246 5678 1277 5728 6
1307 5678 1371 5730 dc
1400 5678 1541 5746 Orig.
1596 5679 1720 5747 ling.
1767 5677 1883 5733 Lat.
1922 5678 2101 5732 Codex

2279 4979 2402 5038 120.
2454 4979 3112 5050 Gallandius‘suspicatur
3173 4981 3482 5047 legendum,
3537 4989 3613 5034 est
3663 4979 3787 5040 alii;

2203 5053 2295 5107 sed
2325 5052 2494 5106 edidit
2519 5061 2598 5106 ast
2627 5053 2750 5118 alii,
2783 5053 2906 5120 quia
2937 5051 3264 5121 subiutelligi
3297 5061 3474 5121 potest
3513 5061 3607 5104 est.

2277 5122 2399 5176 122.
2441 5123 2491 5177 Id
2520 5137 2731 5192 quoque
2751 5119 2863 5175 sua:
2891 5123 3078 5175 haeresi
3111 5119 3343 5176 Marcion
3370 5122 3623 5175 addebat.
3651 5119 3789 5172 Cou-

2203 5191 2283 5247 fer
2300 5193 2686 5247 'l‘ertullianum
2716 5192 2810 5246 lib.
2836 5207 2886 5245 tv
2908 5194 3167 5247 adversus
3191 5193 3350 5246 Marci
3375 5208 3534 5253 metu,
3557 5192 3647 5243 ubi
3666 5204 3788 5243 eum

2204 5277 2444 5318 errorem
2474 5267 2686 5325 evertit,
2715 5271 2772 5316 et
2812 5263 3105 5317 antitlteses
3142 5263 3431 5318 Marcionis
3461 5261 3682 5318 refellit,
3722 5260 3785 5312 li-

2208 5334 2362 5387 brum
2393 5335 2590 5387 scilicet
2615 5336 2683 5387 ab
2703 5349 2768 5387 eo
2789 5335 3167 5400 compositum,
3206 5343 3263 5385 nt
3286 5335 3423 5386 inter
3443 5348 3501 5386 se
3523 5329 3788 5384 contraria

2207 5403 2314 5459 duo
2363 5403 2702 5458 Testamenta
2755 5408 3022 5470 probaret.
3063 5403 3313 5458 Nonnulli
3343 5403 3683 5457 delicatiores
3709 5400 3790 5470 in:

2208 5483 2538 5528 stramentum
2563 5467 2766 5526 malunt
2781 5474 3051 5535 dictitare,
3073 5488 3233 5542 quam
3257 5482 3628 5529 testamentum,
3648 5467 3788 5542 quod

2209 5543 2279 5596 sit
2311 5545 2432 5596 dlud
2485 5545 2822 5607 Vocabulum,
2853 5543 2921 5597 de
2953 5539 3106 5596 sacra
3146 5544 3420 5613 Scriptura
3465 5543 3688 5604 dictum,
3719 5539 3788 5594 all

2213 5631 2311 5668 u-u
2344 5619 2610 5669 communi
2642 5615 2810 5684 magis
2838 5624 3121 5669 remotum.

3293 5780 3332 5804 ρ
