4090 6192
343 292 476 350 1οΞ1

342 404 447 461 125
517 404 629 458 lino
671 401 785 457 haec
815 399 1023 455 attoniti
1054 399 1337 469 phrenesis
1365 398 1642 454 manifesta
1673 399 1905 455 cerebri.
1939 404 1993 462 Α

513 492 788 557 Novimus,
817 507 937 547 esse
958 502 1167 561 patrem
1194 491 1494 555 scelerum;
1521 491 1615 546 sed
1643 492 1909 559 novimus,

892 598 895 599 ν
1642 584 1839 655 [ipsum

516 674 931 745 llattdquaquam
989 684 1165 730 tamen
1218 689 1337 730 esse
1386 673 1580 738 deum;
1627 675 1755 743 quin
1808 672 1915 726 imo

1586 763 1844 833 gehennae

515 856 854 925 blancipium,
877 856 1062 927 Stygio
1090 858 1178 925 qui
1224 857 1292 910 sit
1321 856 1650 909 damnandus
1678 857 1911 910 Averno.

512 945 818 1001 Marcionita
851 944 1003 1013 deus,
1037 944 1226 1013 tristis,
1260 944 1424 1009 ferus,
1453 943 1758 1007 insidiator,

339 1041 442 1095 150
517 1038 723 1093 Vertice
747 1037 1022 1102 sublimis;
1049 1039 1279 1092 cinctum
1304 1038 1388 1091 cui
1424 1036 1655 1089 nubibus
1684 1035 1816 1088 atris

513 1129 863 1200 Auguiferum
888 1136 1047 1196 caput
1067 1137 1121 1183 et
1146 1127 1290 1182 fumo
1312 1127 1562 1196 stipatur,
1594 1136 1648 1181 et
1675 1127 1811 1196 igni;

514 1221 757 1275 Liventes
782 1220 968 1275 oculos
994 1220 1251 1274 sullundit
1274 1219 1399 1275 felle
1430 1228 1666 1287 perusto,

516 1313 677 1384 510
708 1310 904 1365 invidia
941 1310 1508 1378 impatiensjustorutn
1532 1312 1720 1381 gaudia
1751 1310 1911 1375 ferre,

519 1404 911 1472 llirsutosjuba
952 1402 1116 1458 densa
1160 1402 1414 1457 humeros
1465 1401 1770 1456 errantibus
1819 1400 1913 1470 hy-

1711 1490 1844 1562 [dris

338 1590 437 1644 155
508 1586 752 1656 Obtegit,
785 1595 841 1641 et
867 1584 1066 1641 virides
1090 1585 1387 1639 allambunt
1412 1599 1503 1639 ora
1529 1591 1775 1638 cerastae.

512 1677 629 1745 ipse
656 1691 816 1730 manu
852 1677 1070 1743 laqueos
1097 1674 1415 1742 perlubrica
1449 1673 1531 1727 ﬁla
1566 1672 1793 1727 reﬂexos

510 1768 566 1821 In
594 1768 792 1823 nodum
821 1777 1056 1827 revocat,
1090 1764 1332 1834 facilique
1371 1765 1618 1831 ligamine
1643 1773 1807 1817 tortas

514 1862 733 1916 luuectit
764 1861 1010 1932 pediras,
1054 1875 1355 1930 nervosque
1397 1859 1449 1913 in
1482 1858 1687 1914 v'ncula
1727 1856 1913 1911 tendit.

1716 288 2253 345 llAMABTlGENIA.

2021 488 2124 545 110

2020 948 2120 1003 113

2020 1494 2121 1551 150

3457 285 3593 345 1022

2196 400 2297 455 Ars
2325 399 2415 469 olli
2441 408 2660 469 captare
2687 400 2849 468 feras,
2889 399 3136 454 animalia
3161 400 3310 455 bruta

2199 491 2409 546 lrretire
2436 492 2624 561 plagis,
2649 491 2941 547 retinacula
2973 491 3204 560 denique
3229 490 3387 545 cmcis

2196 581 2521 649 lndeprensa
2553 581 2684 635 locis
2710 580 2905 636 erranti
2931 596 3203 651 opponere
3234 579 3450 650 praedm.

2196 671 2292 725 llic
2335 672 2421 725 ille
2448 680 2528 726 est
2555 681 2776 725 venator
2806 679 2982 736 atrox,
3026 672 3116 741 qui
3159 671 3303 725 cattle
3332 670 3597 739 frequenti

2192 762 2435 815 lttcautas
2472 764 2679 815 animas
2709 777 2816 815 non
2847 771 3021 815 cessat
3060 762 3291 830 plectere
3318 758 3588 825 Nebroth;

2196 852 2295 920 Qui
2329 854 2584 907 mundum
2614 852 2791 907 L'lll'\i$
2821 853 3175 919 anfractibus,
3202 863 3254 907 ct
3284 852 3495 907 silvosis

2196 949 2507 1003 llorrentem
2549 949 2813 1017 SCOpulis,
2849 958 3063 1004 versuto
3092 949 3279 1004 circuit
3307 956 3446 1001 astu.

2195 1037 2402 1093 Fraude
2422 1039 2578 1105 alios,
2608 1038 2866 1105 teetisque
2888 1039 3025 1092 dolis
3052 1039 3323 1093 innectere
3340 1038 3589 1101 adortus;

2193 1130 2351 1198 511
2383 1129 2546 1181 Porro
2576 1129 2835 1197 giganteis
2864 1128 2995 1184 alios
3024 1128 3272 1182 luctando
3297 1128 3508 1182 lacertis

2196 1221 2482 1289 lit-angere,
2511 1220 2759 1275 funereos
2782 1221 2885 1276 late
2914 1235 3168 1275 exercere
3198 1218 3515 1287 triumphos.

2194 1310 2437 1379 lmproba
2489 1325 2674 1376 mors,
2731 1311 2856 1380 quid
2925 1327 3027 1365 nou
3081 1312 3321 1366 mortalia
3376 1319 3594 1378 pectora

3325 1404 3527 1475 [cogisti

2196 1494 2316 1563 Ipse
2359 1507 2508 1549 suam
2549 1492 2733 1565 (pudet
2767 1494 2931 1557 heu!)
2960 1534 2977 1559 ,
3027 1503 3330 1562 contempto
3362 1494 3597 1561 principe

3112 1647 3121 1655 ‘
3360 1583 3524 1652 lvitm,

2195 1674 2489 1729 Perniciern
2521 1684 2803 1730 veneratur
2824 1675 3012 1728 homo:
3040 1676 3170 1728 colit
3192 1675 3303 1743 ipse
3317 1682 3504 1726 cruettt
3546 1688 3596 1725 ιι]

2189 1765 2529 1828 Ειιιθηὶῆειυιιι,
2555 1764 2819 1834 gladiique
2841 1766 3008 1820 aciem
3044 1763 3368 1833 jugulandus
3392 1762 3595 1817 adorat.

2207 1855 2263 1909 In
2296 1864 2503 1911 tantum
2534 1855 2749 1910 miseris
2778 1857 2977 1924 peccati
3009 1866 3222 1910 nectare
3255 1856 3422 1924 raptis

1638 1994 1921 2051 σιοδείε
1962 1993 2294 2051 VETERES.

408 2110 526 2162 1‘23.
562 2110 673 2163 ιιιιο
697 2108 829 2173 lucc,
859 2119 996 2164 certe
1023 2125 1138 2163 vox.
1178 2138 1247 2151 -—
1281 2108 1518 2169 Attoniti,
1551 2106 1802 2171 concussi,
1834 2106 1911 2159 vel

335 2180 556 2233 rontriti.
586 2210 653 2218 -—
678 2182 986 2243 Phrenesis,
1034 2181 1255 2240 insania,
1297 2177 1371 2230 vel
1411 2176 1802 2230 stridentissima
1830 2177 1909 2245 [e-

335 2251 460 2307 bris,
491 2261 535 2299 et
562 2261 633 2300 est
661 2264 843 2302 nomen
883 2253 946 2303 de
973 2266 1095 2302 sono
1127 2251 1338 2314 factum,
1370 2248 1703 2317 onomatoin
1722 2266 1757 2308 t,
1784 2246 1823 2301 Ι.

406 2318 526 2372 1⁸26.
561 2318 791 2383 I’atrcttt,
815 2319 1093 2378 diabolum,
1130 2320 1172 2372 Ι.

409 2390 527 2459 128.
560 2384 766 2459 Stygio,
798 2390 1149 2457 profunditate
1176 2388 1395 2458 inferni;
1440 2384 1591 2455 Styx,
1616 2386 1802 2455 [iuvius
1831 2387 1913 2440 in-

334 2458 545 2527 fernalis
563 2499 577 2523 ,
611 2460 645 2511 Ι.

411 2529 527 2581 131.
583 2527 948 2597 Auguilerum,
1012 2529 1379 2599 serpentinum.
1418 2557 1487 2567 —
1516 2526 1755 2595 Stipatur
1801 2528 1903 2580 cir-

334 2599 619 2657 muniatur,
653 2601 689 2651 I.

412 2667 527 2719 152.
562 2668 724 2731 Felle,
751 2669 845 2733 ira,
874 2667 911 2722 1.

406 2738 526 2789 153.
560 2738 778 2800 Invidia,
811 2739 871 2791 ob
899 2738 1161 2792 invidiam.
1184 2768 1253 2777 -—-
1274 2737 1461 2801 Ferre,
1486 2738 1590 2803 pati
1610 2780 1623 2800 ,
1654 2736 1695 2791 1.

410 2807 527 2860 155.
560 2808 791 2872 Ubtegit,
841 2809 1031 2861 scilicet
1068 2809 1166 2863 illi.
1208 2838 1277 2849 —
1304 2809 1428 2869 Ura,
1460 2809 1661 2877 faciem.
1700 2838 1771 2848 -—
1810 2807 1912 2861 Ce—

338 2885 517 2949 rasta-,
547 2877 758 2949 diaboli,
786 2890 1011 2940 cerastas,
1036 2878 1404 2949 genuscornuti
1424 2880 1693 2949 serpentis,
1711 2893 1917 2949 serpens

336 2948 643 3013 sagirtdrius,
673 2949 747 3001 vel
774 2948 1086 3009 semitarius,
1121 2949 1159 3002 I.

408 3018 529 3070 15').
564 3017 745 3082 Feras,
774 3023 963 3087 feroces
986 3020 1231 3072 homines.
1253 3048 1324 3058 —
1347 3020 1528 3081 Bruta,
1558 3018 1788 3073 homines
1815 3018 1914 3071 sci-

338 3087 471 3155 licet,
502 3088 591 3158 qui
617 3089 845 3144 nesciunt
883 3088 1173 3142 dwmonum
1202 3087 1407 3159 laqueos
1436 3089 1745 3158 pt'tevidere;
1786 3089 1917 3142 insi-

2013 2106 2235 2177 pientes,
2272 2108 2311 2161 Ι.

2086 2175 2209 2231 140.
2254 2177 2429 2247 Plagis
2444 2220 2459 2245 ,
2499 2176 2734 2232 maculis.

2085 2247 2209 2301 Ml.
2244 2248 2588 2315 ludepreusa,
2635 2249 2856 2304 occulta.
2883 2279 2956 2290 —
2981 2249 3227 2312 Erranti,
3264 2265 3363 2302 non
3404 2256 3594 2301 rectum

2014 2318 2480 2391 gressumitenenti.
2511 2319 2831 2391 -ᾉΡι-ωάω,
2862 2321 3084 2386 homini,
3130 2321 3168 2371 Ι.

2090 2386 2481 2459 14Ῠ3.ᾈΝ81)Γο111
2502 2429 2515 2453 ,
2545 2389 2689 2459 gigas
2713 2390 2812 2457 fuit
2837 2390 3108 2459 pessimus,
3136 2390 3222 2455 qui
3252 2388 3444 2449 primus
3471 2386 3597 2439 (vdi-

2016 2458 2186 2530 ficavit
2210 2457 2582 2527 Babyloniam}
2604 2461 2695 2513 sed
2720 2459 2805 2513 hic
2834 2476 2926 2530 pro
2967 2458 3171 2513 diabolo
3198 2459 3404 2528 ponitur
3433 2459 3494 2511 ob
3520 2459 3599 2509 ni-

2009 2528 2167 2581 miam
2195 2529 2573 2592 crudelitatem,
2608 2530 2648 2583 1.

2083 2597 2208 2653 145.
2242 2601 2402 2663 Astu,
2426 2598 2651 2667 ingenio,
2681 2600 2825 2665 dolo,
2851 2598 2893 2652 1.

2092 2667 2208 2722 116.
2244 2669 2551 2735 Tectisque,
2586 2670 2822 2725 occultis.
2849 2699 2918 2709 —
2946 2668 3204 2735 Adortus,
3237 2676 3472 2730 conatus,
3506 2684 3597 2737 ng-

2019 2740 2278 2813 grediens,
2309 2740 2574 2813 incipiens,
2607 2737 2657 2797 1.

2090 2807 2214 2861 147.
2242 2810 2501 2877 Lacertis,
2532 2808 2776 2876 brachiis,
2808 2810 2852 2867 l.

2093 2878 2213 2933 113.
2246 2878 2535 2942 Funereos,
2566 2878 2837 2933 luctuosos.
2872 2906 2937 2918 ——
2966 2879 3116 2939 [.ate,
3146 2878 3352 2944 ubique,
3382 2876 3421 2929 Ι.

2090 2947 2213 3001 149.
2246 2947 2487 3015 lmproba
2519 2964 2684 3012 mors,
2712 2948 2932 3012 diabole,
2968 2948 3228 3002 diabolum
3250 2956 3417 3012 vocat,
3452 2945 3491 2999 l.

2092 3017 2215 3072 151.
2255 3018 2575 3078 Perniciem,
2607 3018 2891 3082 interitum,
2921 3018 2961 3074 Ι.

2093 3088 2219 3143 153.
2248 3087 2495 3155 Nectare,
2526 3087 2814 3156 dulcedine,
2852 3090 2891 3144 Ι.

1681 3223 2242 3286 COMMENTARIUS.

412 3337 535 3411 ηιξ.
578 3335 744 3411 Aldus
771 3345 1002 3411 metrum
1026 3336 1321 3411 reformare
1349 3336 1517 3411 voluit
1536 3337 1702 3411 edens
1722 3337 1914 3392 cerebri
1942 3339 1987 3400 C
2020 3337 2109 3391 ille
2140 3339 2371 3411 laqueos,
2400 3339 2546 3392 habet
2573 3339 2834 3411 etjacula,
2862 3348 3034 3410 utpote
3059 3340 3425 3393 callidissimus
3451 3354 3603 3393 νωιαη

338 3407 607 3478 manifesta
642 3407 923 3478 phrengsis,
951 3407 1133 3473 scripti
1178 3406 1438 3478 phrenesis
1476 3409 1749 3478 manifesta
1779 3423 1917 3478 cere-

341 3477 439 3529 bri.
481 3477 589 3530 Cur
626 3469 857 3531 secund‘lt
887 3469 943 3547 iu
988 3469 1249 3542 phrenesis
1279 3494 1309 3531 a
1341 3469 1630 3532 l’rudentid
1657 3477 1921 3547 corripia-

341 3558 453 3618 tur,
486 3547 606 3618 vide
638 3547 854 3618 ,proleg.
904 3546 1119 3618 Teolius
1150 3555 1332 3605 notat:
1380 3547 1708 3618 Pnacsws.
1741 3546 1922 3618 Langa

340 3633 403 3667 "ll
423 3616 525 3671 dia.
552 3616 752 3680 Voluit,
781 3626 838 3669 ut
858 3628 1006 3683 puto,
1033 3617 1233 3678 dicere.
1260 3618 1395 3671 brevi
1430 3619 1619 3673 media.
1651 3617 1827 3687 Aliqui
1853 3616 1919 3671 ex

339 3687 543 3808 agit;in
570 3687 752 3742 Grtnca
791 3687 953 3742 scribi
997 3688 1200 3745 malunt
1230 3688 1499 3758 phrenitis,
1541 3688 1797 3758 pleuritis,
1834 3705 1923 3740 ar-

339 3768 353 3807 t
396 3767 529 3808 ritts.
558 3766 661 3808 etc.

339 3759 529 3820 thritis,
558 3766 661 3811 etc.

414 3827 533 3881 127.
568 3827 687 3882 Vat.
717 3830 781 3882 Α.
811 3828 971 3882 Haud
1009 3844 1347 3897 nequaquam,
1383 3828 1543 3883 male.
1589 3828 1645 3884 In
1686 3828 1923 3883 editione

342 3895 614 3950 Parmensi
659 3900 915 3953 omissum
946 3909 1027 3954 est
1070 3895 1271 3966 tamen,
1317 3908 1373 3954 et
1412 3914 1520 3953 uno
1550 3899 1685 3968 pede
1711 3899 1925 3952 brevior

339 3968 504 4087 evzsit
536 3982 721 4022 versus
750 3984 762 4021 :
791 3968 1203 4039 Haudquaquam
1249 3983 1357 4023 esse
1404 3968 1565 4023 Deum
1598 3986 1615 4021 :
1642 3970 1765 4038 quin
1818 3969 1922 4021 imo

340 4054 400 4087 (is!
442 4053 604 4087 emite.
1312 4078 1323 4087 .

339 4053 604 4106 genennm.
1312 4078 1323 4089 .

416 4106 535 4161 128.
577 4108 665 4162 Ait
708 4117 858 4177 poeta
892 4109 1257 4165 Marcionitam
1292 4109 1451 4165 deum
1498 4123 1622 4164 esse
1658 4107 1921 4164 damnan-

338 4175 465 4228 dum
495 4175 727 4242 Averno,
752 4180 834 4234 vel
854 4194 919 4234 ex
941 4181 1206 4235 sententia
1234 4195 1420 4234 eorum
1443 4178 1535 4248 qui
1571 4188 1782 4246 putant,
1812 4179 1923 4231 dae-

338 4262 539 4319 mones
552 4248 801 4319 supplicii
842 4259 898 4305 et
926 4251 1061 4319 ignis
1089 4258 1338 4319 expertes
1366 4264 1507 4312 esse,
1537 4249 1710 4303 donec
1743 4256 1924 4319 extre-

341 4332 427 4368 ma
452 4316 633 4384 judicii
666 4319 781 4373 dies
810 4316 1109 4381 advenerit.
1152 4316 1209 4374 ut
1229 4319 1623 4374 Chamillardus
1652 4318 1883 4387 explicat
1906 4358 1918 4380 ,

340 4389 419 4459 vel
449 4389 622 4459 potius
658 4390 779 4457 quia
803 4388 1012 4445 daemon
1053 4392 1244 4459 dignus
1286 4390 1549 4459 supplicio
1571 4390 1640 4443 ab
1665 4389 1918 4459 omnibus

339 4458 494 4511 debet
520 4457 771 4528 iudicari.
812 4458 940 4513 Nam
967 4457 1145 4528 postea
1172 4461 1317 4515 addit
1345 4457 1563 4514 cinctum
1589 4461 1670 4512 cui
1708 4457 1921 4528 nubibus

339 4531 465 4579 atris
492 4527 830 4599 Anguiferum
866 4527 1017 4601 caput
1047 4543 1094 4585 et
1122 4535 1259 4601 fama
1288 4532 1522 4601 stipatur,
1557 4538 1604 4584 et
1633 4530 1759 4600 igni.
1790 4527 1928 4584 For-

342 4610 663 4671 tassepoeta
695 4601 972 4671 scripserit
990 4603 1075 4671 qui
1096 4604 1159 4655 sit
1186 4601 1477 4654 damnatus.

415 4668 540 4722 129.
570 4669 723 4738 Saepe
756 4668 1109 4725 I‘rudentiusi
1140 4672 1191 4725 in
1241 4671 1474 4724 Marcion
1514 4669 1794 4737 produxit;
1849 4668 1921 4723 ob

341 4737 607 4810 licentiam
639 4737 691 4794 in
724 4741 1027 4810 nominibus
1060 4742 1286 4808 propriis
1311 4741 1469 4795 modo
1491 4740 1735 4810 corripit,
1765 4739 1926 4810 modo

340 4807 607 4880 ngducit,
636 4820 694 4864 ut
722 4812 797 4864 ait
822 4809 1088 4867 Giselinus
1116 4807 1249 4867 inira
1277 4825 1419 4866 vers.
1452 4812 1558 4865 610
1584 4807 1651 4865 in'
1677 4809 1888 4880 Beliade
1907 4847 1924 4873 ,

338 4879 433 4951 vel
451 4879 628 4947 potius
652 4881 775 4949 quia
803 4883 1057 4951 symeresi
1105 4883 1206 4937 hoc
1257 4882 1376 4936 loco
1423 4882 1606 4949 utitur,
1654 4890 1709 4937 et
1760 4879 1927 4949 prima

338 4946 807 5023 scdespondieunt
832 4946 993 5018 locat,
1028 4966 1134 5023 non
1164 4953 1454 5023 dactylum.

412 5017 535 5092 150.
596 5019 742 5092 Bch,
788 5017 984 5076 vertice
1012 5022 1239 5088 sublimi,
1281 5017 1422 5092 quod
1464 5021 1713 5077 Ileinsius
1758 5022 1927 5092 magis

341 5089 554 5167 prohat.
596 5090 710 5167 Non
738 5092 914 5167 audeo
944 5102 1171 5162 mutare,
1203 5089 1345 5163 quod
1372 5093 1462 5146 alii
1492 5106 1682 5148 omnes
1718 5089 1918 5149 habent

338 5161 523 5215 vertice
544 5161 794 5215 sublimis.
1160 5161 1163 5162 ⁷
1223 5161 1232 5163 ⁷
1460 5182 1471 5189 λ

346 5300 357 5310 _
578 5229 846 5310 Qiselinus
867 5232 1023 5310 aliter
1044 5233 1170 5302 legit
1194 5241 1248 5310 et
1266 5233 1543 5310 distinguit
1574 5235 1691 5301 felle
1719 5244 1925 5310 pmtsto

341 5301 567 5367 invidiae,
596 5301 885 5371 impatiens.
913 5304 993 5359 Ad
1016 5301 1184 5371 marg.
1214 5305 1404 5357 invidia
1424 5301 1542 5358 cum
1567 5301 1798 5361 caneris.
1821 5306 1921 5360 Alii

342 5370 870 5445 interpunguntfelle
902 5385 1105 5440 perusto
1135 5370 1326 5429 invidia
1354 5375 1645 5445 impatiens.
1675 5376 1778 5430 Alii
1807 5376 1925 5445 felle

339 5458 401 5515 pe
433 5451 564 5515 usto,
588 5443 781 5515 invidia
800 5445 1088 5512 impatiens,
1114 5446 1255 5515 quod
1285 5455 1461 5515 teneo.
1493 5444 1568 5498 De
1591 5446 1788 5500 invidia
1808 5443 1925 5500 dia-

340 5511 447 5564 boli
487 5525 605 5578 cap.
640 5527 675 5571 tt
724 5511 1011 5580 Sapientia:
1044 5511 1182 5569 vers.
1225 5516 1332 5569 2i:
1366 5513 1572 5568 Invidia
1602 5526 1772 5570 autem
1801 5517 1920 5569 dia-

338 5581 442 5635 boli
479 5599 615 5634 mors
644 5584 868 5637 introivit
893 5586 943 5638 in
976 5587 1143 5639 orbem
1174 5596 1446 5640 terrarum.

415 5651 533 5704 156.
578 5653 630 5705 S.
671 5653 971 5708 Iicrnardos
1017 5656 1244 5709 fortasse
1284 5655 1422 5709 hunc
1467 5657 1639 5709 locum
1682 5656 1920 5710 imitatur

341 5734 503 5777 scrin.
538 5725 553 5776 l
592 5724 640 5777 in
665 5722 750 5778 die
779 5724 834 5779 S.
865 5726 1090 5781 Andrea:
1122 5744 1135 5779 :
1176 5726 1337 5781 [labet
1367 5728 1550 5795 quippe
1583 5727 1919 5795 nequissimus

1954 4710 2005 4770 D

2025 3416 2104 3461 tor
2159 3409 2455 3476 hominum,
2508 3409 2673 3462 solum
2726 3409 3240 3478 sitiens'sanguinem
3290 3411 3601 3464 animarum.

2023 3479 2165 3551 Alios
2201 3481 2311 3533 telis
2338 3480 2532 3549 appetit
2563 3480 2832 3551 malitiosa:
2866 3482 3131 3550 cujuslibet
3160 3482 3526 3551 suggestionis,
3558 3487 3605 3531 et

2021 3550 2173 3621 ineis
2219 3551 2449 3621 vulnerat
2492 3550 2699 3618 multos,
2746 3565 2963 3620 quorum
3006 3551 3169 3604 tennis
3215 3550 3286 3604 est
3335 3550 3604 3621 patientia.

2024 3618 2169 3673 Alios
2194 3620 2543 3685 voluptatibus
2569 3618 2768 3674 irretire
2799 3622 3018 3675 laborat.

2097 3690 2218 3745 110.
2254 3692 2407 3753 Altlo,
2440 3693 2602 3745 irretit
2632 3706 2717 3744 ore
2747 3693 2942 3760 plagis,
2975 3700 3246 3759 corrupte.

2098 3760 2219 3831 141.
2256 3761 2374 3818 Vat.
2399 3762 2442 3815 A
2466 3776 2639 3823 error,
2671 3760 2965 3831 indepressa
2992 3762 3136 3815 locis.

2097 3827 2219 3901 145.
2266 3832 2514 3901 Plerique
2555 3827 3083 3901 vetttstipNebroth;
3115 3832 3238 3892 alii,
3282 3830 3606 3901 Netnbroth;

2022 3899 2134 3964 alii,
2168 3899 2448 3963 Nemroth,‘
2480 3901 2586 3961 alii,
2623 3899 2897 3965 Nimroth,’
2923 3903 2971 3954 al
2999 3902 3012 3955 i
3039 3900 3291 3966 Neun‘od,
3316 3909 3370 3953 ttt
3397 3901 3448 3953 in
3476 3900 3604 3955 Vul-

2021 3981 2160 4038 gata.
2198 3971 2329 4025 Vide
2355 3986 2473 4038 cap.
2505 3987 2537 4023 ιι
2572 3969 2767 4026 Gencs.

2095 4040 2219 4094 Ms.
2263 4040 2453 4095 Boher.
2488 4041 2765 4098 vetustior.
2800 4038 2913 4094 Gis.
2951 4039 3015 4093 ad
3057 4054 3228 4106 oram,
3258 4040 3478 4093 sinuosis
3509 4053 3606 4106 pro

2021 4109 2259 4176 siluosis,
2302 4124 2460 4178 quam
2506 4111 2785 4164 lectionem
2833 4111 2884 4163 in
2937 4110 3197 4165 addendis
3251 4108 3491 4178 ptml‘t-rri
3538 4109 3618 4160 ab

2024 4178 2244 4235 Heinsio
2264 4180 2338 4233 ait
2353 4180 2585 4244 Teolius,
2612 4195 2709 4248 ego
2733 4187 2936 4235 tantum
2954 4182 3020 4233 ab
3040 4194 3105 4234 eo
3127 4180 3314 4235 referri
3342 4189 3486 4248 puto.
3507 4178 3607 4231 Fa-

2023 4248 2224 4306 bricius
2251 4260 2435 4321 censet
2453 4247 2662 4303 siluosis
2688 4264 2807 4321 esse
2827 4250 3297 4321 qttadrisyllabttm.
3328 4247 3437 4321 Sed
3464 4257 3607 4301 stare

2025 4328 2200 4391 potest
2234 4319 2375 4391 quod
2406 4334 2591 4391 versus
2632 4320 2814 4388 quinta
2847 4319 2994 4391 sede
3016 4319 3234 4388 recipiat
3272 4319 3604 4391 Spondanun.

2099 4389 2221 4444 115.
2255 4389 2439 4457 Epist.
2471 4390 2491 4444 l
2539 4391 2703 4454 Petri,
2735 4405 2769 4445 ν
2812 4407 2826 4446 :
2875 4389 3122 4444 Diabolus
3160 4389 3335 4442 circuit
3375 4401 3609 4458 quaerens

2025 4476 2173 4531 quem
2198 4462 2417 4513 devoret.

2098 4529 2221 4585 M6.
2254 4531 2401 4593 Ald.,
2432 4530 2662 4586 innectit.
2686 4530 2743 4584 in
2773 4530 2921 4595 80L,
2950 4530 3184 4583 adorsus.
3222 4528 3274 4582 lu
3300 4528 3420 4581 aliis
3446 4527 3608 4580 etiam

2023 4602 2331 4655 auctoribus
2384 4600 2599 4655 codices
2647 4600 2807 4669 prisci
2854 4602 3080 4670 variant,
3132 4600 3185 4655 in
3212 4599 3401 4670 quibus
3452 4596 3615 4652 modo

2028 4671 2263 4735 adorsus,
2295 4670 2455 4724 modo
2478 4670 2687 4725 adortus
2717 4671 2978 4725 invenias.

2106 4742 2226 4795 147.
2261 4740 2494 4804 Corripit
2521 4755 2549 4791 ο
2580 4743 2633 4795 in
2676 4742 2940 4807 luctando,
2971 4739 3111 4809 quod
3146 4754 3250 4794 non
3277 4752 3400 4794 esse
3429 4750 3613 4805 reprc-

2032 4811 2370 4866 hendeudum
2403 4810 2509 4864 dixi
2536 4809 2589 4865 in
2624 4812 2825 4880 proleg.
2865 4811 3130 4866 Adverbia
3171 4811 3222 4863 iu
3251 4827 3301 4870 ο,
3333 4817 3392 4862 ut
3433 4823 3609 4880 porro,

2031 4896 2310 4951 perperam
2338 4881 2552 4952 quidam
2584 4875 2989 4950 putant'omnia
3019 4880 3275 4952 producta
3305 4875 3447 4935 esse.
3481 4875 3621 4932 Vide

2028 4952 2296 5009 Gilanium
2331 4951 2443 5005 Ind.
2475 4951 2633 5006 Lucr.
2659 4952 2709 5006 in
2741 4952 2949 5008 ebreve.

2103 5022 2224 5078 149.
2257 5022 2450 5076 Notum
2476 5033 2527 5075 et
2552 5023 2842 5077 contritum
2874 5031 2957 5077 est
2986 5021 3115 5077 illud
3147 5019 3377 5076 Maronis
3416 5016 3509 5071 lib.
3549 5030 3615 5068 ιιι

2031 5092 2179 5157 )En.,
2212 5107 2356 5148 vers.
2391 5091 2478 5159 56,
2514 5092 2651 5158 Quid
2672 5110 2772 5147 non
2802 5093 3039 5148 mortalia
3068 5100 3271 5163 pectora
3292 5090 3450 5160 cogis,
3482 5086 3617 5137 Auri

2031 5180 2176 5219 sacra
2206 5164 2407 5234 fames?
2471 5232 2479 5234 Α
2600 5232 2609 5234 _
3245 5229 3258 5234 _
3345 5226 3358 5234 _
3556 5221 3570 5233 ο

2104 5226 2398 5290 1551Hanc
2435 5232 2653 5302 phrasin
2692 5234 2745 5286 in
2788 5241 3006 5297 tantum,
3038 5246 3066 5284 a
3121 5226 3390 5302 magistris
3418 5226 3618 5302 poscit}

2031 5306 2224 5376 quibus
2252 5294 2579 5376 damnatam,
2629 5303 2877 5376 Barthius
2923 5294 3099 5376 tuetur
3131 5294 3234 5354 lib:
3271 5313 3322 5351 ιιι
3352 5294 3625 5376 ΑᾴγθΓεΎ

2029 5369 2147 5445 cap.
2172 5375 2264 5438 25,
2295 5390 2400 5427 non
2426 5374 2598 5426 solum
2624 5373 2743 5445 quia
2770 5372 2996 5445 imitatio
3021 5369 3323 5445 Graecorum
3342 5374 3445 5431 est,
3468 5369 3618 5443 aptus

2029 5440 2165 5516 quos
2192 5445 2559 5516 exemplorum
2586 5442 2781 5510 myrias
2801 5481 2815 5505 ,
2844 5440 2938 5496 sed
2968 5440 3275 5516 etiamquia
3299 5449 3478 5516 neque
3507 5440 3609 5516 ipsi

2032 5500 2202 5569 Eatini
2234 5515 2301 5567 ab
2347 5500 2408 5586 ea
2457 5500 2879 5576 abhorruerunt;
2915 5500 3260 5586 ἰιι-γει·ςίΙίυὲ
3298 5500 3473 5586 ιιιιεχξι
3499 5518 3512 5556 :
3538 5500 3619 5555 In

2028 5594 2223 5638 tantum
2247 5599 2332 5651 spe
2356 5583 2501 5635 duret
2532 5596 2669 5644 avos,
2699 5594 2897 5652 prmter
2911 5575 3190 5652 Vellcitim,
3219 5575 3629 5652 Tertullianuttt.‘

2026 5664 2080 5708 et
2107 5644 2566 5707 alios.'.luvcucus
2595 5653 2646 5706 in
2678 5644 2779 5708 line
2819 5670 2831 5706 :
2878 5650 2942 5706 Et
2973 5654 3023 5706 in
3051 5644 3253 5707 tantum
3295 5647 3426 5705 luxit
3473 5644 3619 5698 mihi.

2025 5725 2191 5797 gratia
2214 5722 2422 5778 Christi.
