4120 6196
366 292 500 350 10⁸25

1694 513 1829 557 ctam
1848 544 1864 569 ,

1694 513 1864 569 ctam,

362 587 466 644 175
537 588 664 654 Qua:
691 588 868 656 docet,
898 603 927 643 c
961 589 1192 645 tenebris
1221 592 1454 646 subitum
1492 503 1744 648 tnicuisisc
1767 602 1937 663 tyran-

1664 685 1816 756 [num
1852 700 1865 737 ε

543 770 661 838 Qui,
684 771 826 825 velut
856 781 1053 826 aeterna
1078 773 1293 829 latitans
1319 774 1420 829 sub
1445 786 1621 840 nocte,
1649 786 1938 831 retrorsum

546 861 764 925 Vixerit,
795 871 846 916 et
875 873 1015 917 tecto
1044 879 1257 933 semper
1285 869 1584 935 regnaverit
1613 882 1747 921 aevo.

539 953 805 1020 tEtnulus,
857 963 912 1009 ιιι
946 966 1273 1023 memorant,
1321 973 1483 1027 opera
1537 957 1602 1011 ad
1632 957 1808 1011 divina
1852 974 1939 1013 re-

1678 1048 1871 1120 :[pcnte

543 1135 965 1205 Corrutnpenda,
995 1146 1154 1206 caput
1174 1139 1400 1209 caligine
1431 1141 1650 1208 protulit
1677 1152 1813 1195 atra.

545 1227 653 1280 lloc
676 1228 810 1280 ratio
838 1228 930 1281 sed
956 1237 1134 1282 nostra
1164 1238 1321 1296 negat
1347 1248 1360 1284 :
1387 1232 1469 1283 cui
1495 1247 1597 1284 non
1634 1232 1752 1285 licet
1777 1246 1935 1286 unam

544 1316 813 1369 lniirtnare
836 1316 1014 1381 (idem,
1048 1333 1123 1370 sat
1142 1333 1203 1371 ro
1231 1333 1349 1387 quae
1376 1320 1566 1373 tralita
1596 1321 1736 1373 lihro
1762 1330 1863 1373 est.

545 1404 708 1476 514
735 1405 839 1471 Nil,
867 1406 962 1473 ait,
992 1407 1192 1477 absque
1232 1408 1341 1463 Deo
1373 1407 1588 1474 factum,
1621 1413 1713 1465 sed
1748 1422 1939 1464 CUDt‘la

1420 1558 1423 1563 λ
1527 1500 1642 1574 [per
1674 1503 1870 1571 ipsum.

547 1589 749 1645 Cuncta
784 1606 798 1641 :
832 1605 927 1645 nec
952 1597 1036 1646 est
1056 1590 1191 1645 alius
1224 1590 1526 1662 quisquam,
1562 1592 1663 1647 nisi
1692 1594 1857 1648 iactus
1879 1594 1946 1650 ab

1708 1685 1870 1756 [ipso.

368 1226 470 1281 180

1710 298 1857 353 "AM
1878 298 2254 354 \RTIGENIA.

538 406 667 459 Ilittc
708 407 890 461 schola
922 408 1238 464 subtacitam
1285 410 1571 467 meditatur
1598 414 1817 482 gignere
1848 430 1932 466 sc—
1963 425 2012 482 Α

3474 308 3610 364 1026

2215 416 2321 471 Sed
2369 415 2539 473 laetus
2569 417 2634 473 de
2680 417 2845 487 stirpe
2872 417 3065 483 ltonus,
3094 419 3347 474 bonitatis
3378 422 3430 476 in
3459 438 3612 479 usum

2043 507 2146 561 185
2220 507 2489 573 Proditus,
2521 517 2575 561 et
2601 508 2771 577 primo
2796 511 3007 578 generis
3026 510 3100 565 de
3130 509 3274 566 fonte
3296 527 3545 583 serenus,

2223 597 2465 652 Deterior
2487 612 2605 651 mox
2629 610 2820 667 sponte
2848 615 2965 658 sua.
2998 600 3123 654 dum
3146 600 3361 658 decolor
3397 604 3547 659 illum

2222 688 2393 742 Inﬁnit
2416 689 2634 756 invidia,
2668 691 3005 759 stimulisque
3033 693 3247 763 inStigat
3274 696 3470 749 amaris
3501 711 3517 749 :

2226 770 2537 834 Arsit‘rnim
2570 782 2797 834 scintilla
2828 782 2933 834 odii
2963 782 3029 836 de
3059 783 3241 836 fomite
3270 785 3403 846 zeli,

2225 870 2287 922 Et
2308 869 2462 924 dolor
2483 870 2750 938 ingenium
2782 871 2991 925 subitus
3020 874 3268 925 conﬂavit
3295 874 3553 942 iniquum.

2046 954 2148 1012 190
2228 958 2440 1012 Viderat
2464 960 2726 1027 argillam,
2754 961 3096 1015 simulacrum
3125 964 3431 1017 etstructile
3457 964 3581 1017 ﬂatu

2217 1049 2560 1103 t-Joucaluisse
2581 1050 2665 1103 dei
2688 1067 2701 1113 ;
2732 1049 3004 1103 dominum
3038 1067 3247 1120 quoque
3270 1054 3561 1106 conditioni

2208 1138 2377 1208 515
2404 1140 2727 1206 Impositum.
2750 1148 2935 1192 natura
2952 1141 3073 1205 soli,
3096 1142 3391 1210 pelagique,
3414 1142 3619 1211 polique

2216 1232 2288 1285 Ut
2319 1232 2580 1283 famulans
2607 1230 2805 1285 homitti
2833 1233 3144 1299 locupletem
3171 1232 3388 1290 fundere.
3414 1242 3620 1303 partqu

2220 1322 2429 1383 Nosset,
2460 1329 2514 1374 et
2544 1318 2763 1373 ellusum
2796 1330 3007 1375 terreno
3037 1323 3283 1377 addicere
3310 1324 3441 1393 regi.

2044 1408 2148 1465 195
2223 1408 2426 1461 tullavit
2458 1408 2720 1464 fermento
2758 1410 2917 1463 animi
2957 1416 3319 1466 stomachante
3361 1424 3619 1470 tummem

2223 1499 2417 1562 Bestia,
2444 1499 2614 1566 deque
2639 1499 2801 1553 acidis
2826 1500 2927 1552 vim
2952 1501 3109 1553 traxit
3129 1503 3317 1556 acerba
3343 1504 3585 1556 medullis
3602 1543 3619 1568 ,

2229 1592 2435 1652 Bestia,
2468 1590 2629 1644 corde
2664 1604 2880 1657 carens,
2914 1594 2997 1647 cui
3028 1603 3151 1647 tunc
3190 1595 3449 1661 sapientia
3480 1596 3621 1664 longi

2222 1682 2471 1752 (impuris
2498 1682 2724 1736 enodem
2753 1684 2995 1738 servabat
3022 1696 3161 1737 recta
3185 1684 3478 1752 juventam,

1660 1820 1949 1876 CLOSSAB
1989 1816 2325 1874 VETERES.
2374 1892 2387 1905 κ

456 1969 576 2025 174.
606 1969 758 2039 ltinr,
788 1967 852 2021 de
886 1967 995 2039 'hat:
1039 1968 1249 2021 ratione.
1274 1996 1341 2008 --
1366 1969 1582 2035 Scitula,
1624 1970 1949 2024 .il-orcionita-
1984 1976 2022 2032 Β
2054 1971 2203 2023 mittis
2228 1984 2339 2039 qua:
2368 1969 2431 2022 de
2459 1985 2582 2023 timo
2613 1974 2831 2038 formata
2858 1970 2977 2039 fuit,
3012 1969 3049 2022 Ι.

376 2056 513 2102 rum,
541 2055 662 2107 grex
689 2038 1291 2103 illius.—Sulttacitam,
1320 2041 1586 2094 occultam.
1620 2069 1687 2078 -—
1710 2048 1943 2107 Sectam,

378 2120 559 2179 pestem
586 2109 774 2179 scilicet
809 2107 1249 2179 Marcion‘itarum,
1276 2109 1313 2163 I.

452 2180 572 2232 176.
600 2178 939 2240 Retrorsum,
968 2178 1029 2229 ab
1061 2178 1227 2243 initio,
1256 2180 1322 2245 1.,
1349 2178 1466 2233 Vat.
1490 2178 1557 2234 A.

450 2249 573 2303 178.
609 2248 875 2313 Aimulus,
910 2248 1137 2311 invidus,
1172 2247 1211 2303 Ι.

450 2318 571 2390 181.
604 2318 895 2390 Inﬁrmare,
939 2332 1287 2390 corrumpere,
1315 2334 1505 2390 aagram
1544 2318 1729 2389 facere.
1762 2348 1833 2358 —
1860 2318 1946 2374 Li-

382 2388 498 2449 bro.
530 2389 580 2439 in
617 2385 916 2458 Evangelio,
942 2385 982 2439 Ι.

456 2458 573 2512 185.
606 2456 824 2519 Cuncta,
848 2458 1042 2510 scilicet
1068 2457 1204 2525 dico,
1228 2456 1270 2512 1.

455 2527 578 2581 181.
606 2526 818 2590 Factus,
849 2525 1049 2592 lucifer,
1085 2526 1123 2580 l.

456 2596 576 2651 1r5.
601 2595 862 2658 Proditus,
890 2598 1269 2666 manifestatur,
1305 2597 1347 2651 1.

458 2666 575 2720 187.
605 2665 789 2730 lttlicit,
819 2665 1043 2731 violavit,
1074 2665 1114 2719 1.

458 2735 575 2792 199.
599 2735 877 2805 Argilium,
906 2736 1103 2791 limum.
1127 2766 1198 2779 —
1215 2736 1588 2806 Simulacrum,
1613 2739 1832 2808 formam
1852 2737 1949 2791 'Ito-

2123 2040 2242 2111 19l.
2276 2040 2576 2111 Dominum,
2606 2041 2771 2093 Adam
2818 2051 2961 2093 vocat
3012 2040 3269 2093 dominum
3310 2060 3454 2111 quem
3489 2047 3619 2102 Deus

2049 2110 2309 2184 constituit
2368 2108 2626 2184 dominum
2678 2119 2923 2163 crea'uraz
2976 2125 3101 2163 sure.
3159 2141 3225 2150 —
3277 2108 3616 2184 conditioni,

2050 2181 2189 2232 omni
2217 2190 2482 2243 creaturis,
2520 2178 2557 2231 I.

2123 2248 2245 2302 192.
2275 2249 2415 2309 Soli,
2445 2259 2619 2311 terraz,
2652 2248 2690 2300 l.
2725 2248 2956 2306 Homini.
2988 2249 3105 2301 Vat.
3140 2250 3204 2304 A.

2050 2319 2243 2443 Ad-194.
2270 2317 2562 2442 lAddicere,
2593 2319 2866 2389 subjugare
2889 2319 2963 2371 vel
2985 2323 3347 2376 commendare.
3380 2354 3447 2363 ——
3473 2324 3620 2393 Regi,

2134 2405 2215 2441 am
2295 2427 2308 2440 .

2274 2458 2669 2543 stomachante,
2702 2459 2968 2524 irascente,
2993 2463 3206 2529 furente.
3232 2492 3300 2502 —
3322 2464 3621 2533 Fertnonto,

2056 2529 2475 2663 mlitil‘t’i‘l’llestia,
2504 2598 2756 2651 diabolus.
2785 2625 2858 2637 —
2887 2598 3084 2659 Acidis,
3114 2600 3328 2661 acerbis,
3362 2602 3399 2655 1.

2124 2669 2246 2722 197.
2281 2668 2474 2731 Bestia,
2500 2684 2725 2735 serpens.
2755 2696 2827 2707 —
2854 2667 3045 2731 Longi,
3080 2671 3192 2722 sani
3218 2687 3411 2737 sensus,
3441 2673 3477 2727 Ι.

2123 2739 2243 2793 198.
2278 2738 2514 2794 E'nodem
2534 2778 2549 2804 ,
2580 2738 2687 2791 sine
2717 2738 2871 2791 nodo.
2906 2766 2973 2777 ——
3006 2738 3188 2803 Recta,
3220 2752 3405 2807 erecta,
3438 2744 3475 2797 l.

1760 2892 2321 2950 COMMENTARIUS.

461 3054 583 3110 171.
608 3051 823 3122 Cham.,
852 3053 989 3108 male
1013 3062 1197 3107 sectam
1216 3052 1241 3104 ?
1270 3053 1635 3122 interrogans.

462 3125 583 3179 175.
613 3125 808 3193 Aliqui,
836 3139 937 3177 nou
967 3123 1124 3188 bene,
1155 3138 1256 3192 qua
1278 3124 1441 3176 docet.

461 3195 585 3249 180.
639 3190 770 3248 Mar.
821 3209 851 3247 a
900 3194 1068 3263 prima
1102 3190 1283 3260 manu,
1327 3209 1425 3245 non
1451 3191 1589 3245 libet.
1619 3190 1799 3259 Prag.,
1832 3207 1955 3258 una,

391 3266 549 3330 male,
582 3280 677 3333 pro
706 3280 880 3316 unant.

466 3330 597 3389 181.
619 3332 799 3400 Prag..
833 3332 1016 3385 tradita
1037 3331 1163 3384 libro
1189 3330 1304 3385 sine
1335 3340 1442 3400 est.
1508 3398 1516 3400 ξ
1702 3399 1727 3400 η
1774 3399 1783 3400 7
1862 3374 1867 3377 ν

468 3404 588 3457 182.
613 3398 880 3457 Giselinus
904 3403 1122 3455 conluse
1144 3402 1342 3454 dictum
1364 3398 1635 3454 existimat
1662 3399 1731 3453 nil
1767 3399 1958 3454 factum

2058 3051 2190 3106 Nam
2215 3050 2518 3106 Gennadius
2546 3050 2619 3104 ait
2663 3050 3009 3121 Prudentium
3034 3051 3314 3121 scripsisse
3334 3054 3402 3109 de
3430 3056 3624 3114 fabrica

2064 3124 2242 3175 mundi
2286 3138 2440 3189 usque
2463 3122 2530 3173 ad
2558 3119 2898 3174 conditionem
2924 3124 3074 3188 primi
3117 3119 3354 3178 hominis.
3387 3126 3627 3184 Proiecto

2061 3192 2199 3256 apud
2233 3191 2567 3245 Ezechielem
2618 3207 2736 3261 cap.
2767 3207 2936 3245 xsvttt
2968 3192 3201 3245 conditio
3231 3209 3323 3261 pro
3348 3197 3623 3252 creatione

2063 3262 2278 3330 ponitur
2306 3275 2444 3314 vers.
2477 3261 2544 3315 15
2570 3277 2584 3314 :
2618 3258 2881 3327 Perfectus
2902 3262 2955 3313 in
2987 3262 3077 3313 viis
3108 3262 3205 3314 tuis
3228 3258 3258 3314 ἐι
3280 3264 3360 3314 die
3380 3268 3631 3320 conditio-

2064 3332 2142 3384 i.is
2173 3342 2305 3395 tute,
2350 3332 2507 3383 donec
2536 3331 2739 3383 inventa
2762 3341 2837 3384 est
2862 3331 3100 3399 iniquitas
3130 3332 3182 3384 in
3232 3345 3295 3384 te.
3322 3333 3629 3390 ϐςιιιειιιόίιιει

2064 3410 2244 3454 tuetur
2288 3402 2447 3453 etiam
2479 3398 2759 3454 conditioni
2804 3414 2900 3465 pro
2930 3398 3088 3453 rebus
3133 3404 3327 3456 creatis
3370 3419 3433 3456 ex
3464 3408 3629 3460 veteri

395 3476 594 3542 absque
628 3475 753 3536 Deo,
786 3472 1100 3542 setl‘cuncta
1121 3485 1218 3539 per
1249 3473 1438 3542 ipsum.
1469 3468 1597 3522 Nam
1622 3484 1737 3537 cap.
1762 3485 1776 3522 ι
1804 3470 1959 3525 Joan.
1990 3457 2032 3516 (ἶ
2068 3472 2358 3542 interprete
2406 3469 2463 3525 S.
2497 3470 2679 3542 tremet
2700 3479 2763 3542 et
2788 3457 3135 3542 'l‘ertulliano.
3172 3471 3441 3526 Gfselinus
3482 3457 3632 3529 suam

395 3545 447 3599 id
489 3540 704 3611 proprie
737 3542 845 3595 Deo
879 3540 1010 3594 Filio
1040 3540 1304 3611 tribuitur.
1338 3540 1530 3611 Verum
1563 3551 1728 3611 poeta
1747 3542 1958 3608 sapien-

397 3608 669 3669 ter—Deum
705 3619 984 3670 memorat,
1005 3612 1128 3677 quin
1153 3608 1342 3662 Filium
1375 3609 1655 3676 exprimat.
1689 3608 1799 3663 Non
1822 3612 1963 3664 enim

400 3682 750 3750 nunoagitur
785 3680 852 3734 de
884 3679 1149 3747 probanda
1181 3679 1298 3733 Filii
1339 3693 1368 3731 a
1406 3679 1563 3750 Patre
1592 3679 1961 3743 distinctione;

398 3753 493 3805 sed
540 3749 667 3804 illud
722 3761 904 3805 contra
959 3750 1294 3803 Marcionitas
1336 3757 1418 3802 est
1469 3749 1961 3815 demonstrandum,

400 3823 529 3875 nihil
563 3823 761 3888 absque
800 3819 927 3883 Deo,
978 3820 1071 3872 sed
1103 3830 1289 3873 cuncta
1332 3833 1425 3884 per
1454 3820 1613 3871 Deum
1647 3818 1779 3871 iacta
1822 3834 1963 3884 esse,

399 3893 637 3959 adeoque
668 3892 811 3957 ipsos
840 3889 1060 3958 angelos
1103 3906 1209 3959 per,
1231 3888 1395 3941 Deum
1428 3889 1594 3959 factos
1624 3903 1763 3941 esse.
1794 3888 1968 3954 Siqui-

398 3962 517 4013 dem
556 3958 705 4028 patet
748 3960 910 4012 Deum
941 3974 1061 4013 esse
1094 3958 1343 4022 Verbum,
1375 3965 1430 4011 et
1452 3971 1482 4010 a
1521 3958 1626 4011 Deo
1657 3959 1791 4011 facta
1822 3973 1965 4026 esse,

400 4046 519 4100 qua:
548 4027 905 4100 pergVet-bum
938 4028 1073 4100 facta
1108 4037 1252 4081 sunt.

477 4099 598 4153 185.
623 4098 735 4151 Gis.
765 4098 829 4151 ad
848 4113 1018 4166 oram,
1044 4098 1223 4167 Prag.,
1256 4096 1372 4149 Rat.
1400 4110 1427 4149 a
1447 4095 1625 4165 prisco
1645 4106 1965 4163 correctore,

401 4169 557 4239 facta.
592 4168 713 4239 Alii,
746 4178 946 4222 cuncta.

472 4238 595 4292 181.
648 4238 919 4291 Manichati
966 4246 1022 4291 et
1064 4233 1479 4290 Priscillianista:
1523 4234 1820 4288 docuerunt
1853 4234 1969 4290 da:-

402 4322 589 4361 mOnes
622 4317 804 4359 natura
835 4322 953 4362 esse
994 4307 1196 4369 malos;
1228 4316 1412 4361 eontra
1440 4318 1574 4373 quos
1601 4313 1774 4358 exstat
1799 4322 1968 4361 canon

402 4377 434 4429 7
467 4377 674 4430 conci'ii
705 4377 917 4430 Bracar.
950 4392 963 4428 ι
1001 4392 1088 4430 an.
1120 4376 1212 4431 56l
1249 4392 1263 4429 :
1309 4375 1369 4429 Si
1399 4376 1510 4443 quis
1554 4375 1673 4426 dicit
1714 4375 1973 4429 diabolum

405 4463 506 4516 non
548 4446 703 4513 fuisse
742 4448 881 4516 prius
908 4446 1093 4500 bonum
1141 4448 1378 4516 angelum
1406 4462 1437 4497 α
1475 4445 1582 4497 Deo
1620 4444 1831 4513 factum,
1884 4463 1973 4500 nec

407 4515 503 4568 Dei
537 4516 796 4582 api/icium
825 4517 982 4586 fuisse
1021 4515 1254 4568 naturam
1294 4518 1431 4582 eius,
1469 4516 1556 4567 sed
1588 4517 1711 4586 dicit
1764 4532 1875 4567 eum
1912 4533 1974 4569 ea:

406 4587 535 4637 chao
560 4595 607 4639 et
639 4584 849 4639 tenebris
873 4588 1152 4649 emersisse,
1185 4601 1276 4637 nec
1305 4586 1523 4653 aliquem
1550 4588 1628 4636 sui
1657 4584 1838 4638 habere
1880 4603 1975 4637 au-

408 4666 619 4719 ctorem,
655 4657 741 4707 sed
771 4657 938 4724 ipsum
972 4671 1074 4707 esse
1117 4655 1420 4723 principium
1461 4665 1607 4721 atque
1642 4656 1974 4707 substantiam

409 4726 554 4844 uitali,
584 4728 710 4777 sicut
740 4726 1073 4788 Manichacus,
1104 4735 1148 4777 et
1178 4724 1535 4776 Priscilliantts
1561 4725 1822 4792 dixerunt,
1849 4742 1975 4777 atta-

409 4800 575 4844 hcma
595 4795 679 4844 sit.

409 4795 575 4847 thema
595 4795 679 4847 sit.

482 4864 603 4917 189.
636 4863 780 4927 Altl.,
815 4873 866 4917 ut
894 4863 1069 4926 dolor;
1099 4861 1207 4926 alii,
1230 4870 1276 4915 et
1302 4860 1467 4914 dolor.

483 4932 603 4986 191.
635 4932 874 4986 Gifattius
905 4933 1015 4985 lttd.
1044 4932 1321 4985 Lucret.in
1357 4932 1518 4985 verbo
1544 4931 1625 4997 fac
1652 4945 1712 4983 es
1746 4940 1848 4984 vet.
1870 4930 1961 4986 lib.

412 5002 532 5067 legit
591 5004 919 5055 convaluisse.
962 5001 1135 5055 Nostri
1183 5017 1400 5065 omnes,
1446 5001 1790 5063 concaluisse,
1845 5016 1964 5055 cum

413 5068 723 5124 Weitzianis
752 5084 801 5125 et
835 5069 1165 5126 “ein-iunia:
1194 5072 1292 5123 nisi
1323 5070 1462 5139 quod
1494 5069 1647 5138 Prag.
1692 5070 1851 5125 habet
1878 5072 1966 5123 de-

412 5141 645 5203 caluisse,
669 5141 807 5208 quod
830 5143 1038 5196 videtur
1064 5139 1320 5208 placuisse
1348 5141 1605 5203 Marietto,
1630 5149 1686 5191 ut
1710 5140 1971 5194 deculcare

412 5209 552 5276 apud
578 5209 806 5263 Plinium
839 5226 933 5279 pro
978 5211 1196 5276 calcare,
1242 5210 1496 5262 decontari
1514 5209 1662 5279 apud
1692 5211 1968 5276 Apuleium

413 5294 513 5348 pro
560 5281 820 5339 cunctari,
851 5282 1060 5334 delitare
1104 5295 1199 5346 pro
1228 5279 1396 5342 litare,
1428 5278 1594 5346 Aldus
1622 5288 1675 5334 et
1704 5279 1971 5333 Giselinus

415 5349 675 5401 dominum
700 5366 898 5419 quoque
918 5350 1205 5403 conditione
1224 5365 1342 5403 eum
1364 5348 1536 5403 Oxon.
1561 5367 1572 5401 :
1600 5364 1664 5403 ex
1682 5363 1786 5415 quo
1802 5350 1975 5418 suspi-

415 5429 566 5471 catur
593 5418 838 5473 Heinsius
867 5418 1128 5473 dominum
1155 5435 1351 5488 quoque
1388 5418 1672 5471 conditione
1715 5420 1969 5486 imposi'a.

417 5488 540 5559 Vat.
580 5490 644 5559 Α,
673 5505 818 5558 quem
848 5504 942 5557 pro
971 5505 1183 5559 quoque.
1220 5489 1367 5553 Urb.,
1420 5489 1974 5559 dominumquecondi-

416 5558 561 5610 tioni.
608 5558 786 5625 Prag.,
847 5560 1105 5611 dominum
1160 5575 1352 5628 quoque
1400 5558 1723 5612 conditionis.
1754 5558 1969 5628 Optimi,

418 5628 675 5698 dominum
697 5645 892 5697 quoque
913 5629 1187 5681 conditioni
1230 5628 1555 5696 impositum;
1576 5629 1715 5698 quod
1743 5629 1974 5698 explicat

417 5695 662 5749 Heinsius
701 5708 749 5751 et
781 5695 1195 5763 Chamilla:dus,
1229 5695 1516 5766 impositum
1542 5695 1746 5767 fabrica
1772 5695 1969 5751 mundi.

2068 3540 2350 3594 lectionem
2379 3540 2666 3592 conditione
2692 3540 2984 3609 impositum
3014 3543 3080 3592 ita
3117 3541 3516 3608 interpretatur,
3539 3546 3636 3596 ho-

2067 3611 2265 3663 minem
2297 3609 2570 3663 dominum
2598 3610 2906 3664 conditione
2936 3609 2986 3662 tu
3012 3625 3099 3664 sse
3126 3613 3474 3666 constitutum
3493 3655 3506 3675 ,
3538 3614 3637 3669 hac

2066 3680 2292 3741 scilicet,
2326 3686 2385 3731 ut
2411 3680 2601 3732 arbore
2628 3680 2865 3734 scientia:
2896 3679 3038 3739 boni,
3072 3689 3126 3733 et
3166 3682 3286 3734 mali
3315 3684 3634 3738 abstineret.

2068 3749 2195 3802 Post
2219 3748 2358 3801 hunc
2380 3762 2589 3802 versum
2623 3750 2778 3814 Man,
2812 3749 2989 3817 Prag.,
3023 3749 3165 3810 Rat.,
3193 3750 3321 3805 Urb.
3356 3763 3407 3805 et
3438 3754 3529 3806 alii
3554 3754 3639 3807 in-

2069 3827 2333 3877 terserunt
2355 3821 2530 3873 hunc:
2558 3818 2657 3883 Qui
2696 3828 2926 3871 cunctum
2957 3821 3166 3886 proprio
3192 3829 3382 3887 regeret
3405 3823 3637 3875 modera-

2068 3890 2201 3940 mine
2229 3887 2493 3947 mundum,
2535 3903 2690 3956 quem
2720 3887 2914 3941 rectius
2946 3888 3112 3940 Aldus
3142 3888 3326 3954 rejet'it
3355 3900 3473 3956 post
3518 3907 3638 3946 ver-

2067 3973 2184 4011 sum
2234 3956 2440 4029 Nosset,
2488 3965 2532 4009 et
2583 3955 2799 4029 effusum
2840 3965 3040 4029 terreno
3089 3957 3324 4010 addicere
3356 3955 3496 4029 regi;
3546 3962 3637 4015 alii

2070 4042 2289 4096 prorsus
2316 4026 2587 4079 omittuut.
2615 4026 2763 4091 Quod
2787 4024 3198 4096 autem_tl:emon
3219 4028 3339 4080 odio
3361 4024 3635 4083 et'invidta

2069 4094 2360 4169 exarserit,
2392 4097 2622 4169 _doeeut__
2656 4097 2918 4169 lretnnus,
2964 4094 3125 4148 Laeta
3151 4097 3324 4169 .tius,
3352 4096 3639 4169 Gregorius

2069 4166 2362 4233 Nyssenus,
2392 4164 2718 4234 Metltodius,
2735 4233 2740 4234 ί
2757 4164 3075 4234 Cyprianus,
3107 4164 3637 4233 Augttstinuszoa-

2072 4237 2268 4290 stasius
2297 4235 2526 4301 Sinaita,
2547 4233 2937 4296 Tertullianus;
2966 4234 3058 4287 sed
3090 4234 3174 4287 alii
3208 4236 3362 4289 aliter
3384 4238 3490 4291 hoc
3515 4254 3636 4300 pec-

2072 4316 2249 4359 eatum
2282 4305 2493 4359 invidiae
2525 4305 2809 4372 explicant.
2836 4303 3012 4374 Aliqui
3044 4311 3323 4373 utrumque
3356 4317 3636 4374 peccatum

2074 4376 2125 4430 in
2152 4375 2396 4429 daemone
2442 4383 2759 4442 agnoscunt,
2794 4373 3099 4441 superbiam
3122 4382 3178 4428 et
3208 4373 3479 4442 invidiam,
3503 4392 3641 4445 quos

2080 4453 2231 4514 poeta
2264 4455 2443 4498 noster
2468 4445 2729 4512 sequitur.

2149 4516 2269 4569 195.
2304 4510 2730 4567 Elmenhorstius
2759 4513 2810 4565 in
2844 4511 3132 4565 Arnobium
3162 4527 3279 4579 pag.
3308 4510 3376 4567 20
3398 4514 3460 4567 ad
3490 4518 3648 4576 verba

2077 4585 2291 4638 Arnuhii
2323 4593 2463 4636 utero
2494 4588 2637 4649 fusus
2685 4582 2945 4653 exemplis
3003 4583 3274 4653 Ciceronis
3296 4623 3327 4653 ,ν
3353 4585 3645 4653 iuvenalis,

2079 4654 2337 4708 Lactantii
2365 4663 2416 4706 et
2444 4655 2668 4706 aliorum
2694 4652 2830 4705 hanc
2857 4651 3072 4720 phrasin
3095 4652 3434 4720 comprobat.

2147 4724 2267 4778 191.
2304 4724 2425 4776 Post
2462 4725 2600 4774 hunc
2632 4737 2861 4785 versum,
2894 4730 2948 4774 ιιι
2979 4721 3134 4787 paulo
3162 4732 3285 4776 ante
3311 4723 3447 4787 disi,
3484 4726 3652 4781 Aldus

2002 4820 2053 4878 Β
2078 4794 2303 4878 collocat
2319 4792 2472 4876 alium
2500 4794 2599 4857 Qui
2624 4790 3455 4878 canitunthetc.Teolittstquoqtie
3482 4795 3653 4878 eitlettt

2078 4864 2249 4915 versui
2274 4864 2415 4915 hunc
2441 4866 2501 4913 ἴοι
2524 4878 2609 4914 um
2634 4862 2805 4924 dedit;
2828 4860 3162 4929 allirtnatque
3184 4862 3237 4914 in
3256 4863 3501 4919 omnibus
3519 4866 3541 4915 \
3558 4881 3601 4920 tt
3616 4875 3656 4923 t.

2078 4946 2215 4996 eSs-e,
2250 4934 2350 4985 hoc
2379 4932 2684 4985 discrimine
2704 4971 2718 4995 ,
2750 4932 2892 4999 quod
2918 4930 3006 4984 alii
3038 4940 3153 5000 post
3184 4947 3321 4985 vers.
3363 4934 3451 4988 19l
3487 4937 3653 4990 collo-

2079 5013 2232 5063 cant,
2263 5003 2352 5055 alii
2385 5001 2471 5054 hic
2499 5008 2782 5068 reponunt.

2157 5072 2277 5127 195.
2311 5072 2490 5139 Prag.,
2522 5072 2810 5136 mendose,
2843 5080 3054 5123 tumore.
3094 5070 3431 5124 Ft-rmen'utn
3464 5072 3656 5124 dieitur

2081 5154 2111 5211 ξι
2137 5144 2321 5211 ferveo.
2353 5142 2484 5194 llinc
2510 5152 2671 5211 recte,
2699 5152 2863 5211 tumor
2887 5141 3093 5211 iit/latus
3119 5140 3380 5206 fermento.
3413 5140 3657 5195 lloratins

2082 5209 2178 5264 lib.
2208 5228 2255 5278 ι,
2288 5213 2390 5263 otla
2422 5211 2485 5263 15
2513 5227 2525 5261 :
2560 5209 2679 5262 Fert
2695 5227 2781 5263 ens
2805 5209 2995 5278 di/Iicili
3021 5210 3118 5278 bile
3141 5217 3294 5260 tumet
3312 5212 3481 5277 jecur.
3524 5212 3653 5263 Cum

2082 5291 2259 5335 autem
2288 5281 2420 5333 mira
2446 5281 2515 5333 sit
2543 5279 2799 5333 stomachi
2821 5294 2940 5331 cum
2965 5277 3125 5330 corde
3153 5278 3454 5343 consensio,
3486 5278 3575 5331 |.at
3604 5282 3656 5331 ni

2078 5352 2391 5403 stomachum
2421 5358 2474 5402 et
2500 5349 2808 5401 stomachari
2837 5347 3102 5414 accipiunt
3134 5360 3229 5409 pro
3259 5346 3333 5399 ira
3378 5357 3432 5401 et
3474 5347 3651 5403 irasci.

2078 5419 2222 5474 Scite
2270 5420 2426 5488 igitur
2468 5417 2782 5471 Prudentius
2825 5415 2957 5468 dixit
2994 5419 3237 5483 [errncnto
3266 5418 3424 5470 animi
3462 5428 3654 5471 stoma-

2080 5489 2277 5542 citant).

2152 5558 2273 5611 197.
2306 5556 2521 5618 Weitz.,
2538 5555 2648 5610 Gis.
2672 5556 2707 5607 Ξ
2724 5552 2877 5619 edit.,
2907 5553 3060 5617 Man,
3080 5552 3259 5624 Prag..
3285 5557 3435 5609 corde
3454 5573 3653 5622 carens,

2079 5629 2283 5681 scilicet
2311 5629 2421 5693 ipsa
2451 5626 2638 5679 bestia.
2676 5624 2943 5678 lleinsiani
2970 5626 3174 5691 scripti,
3208 5628 3350 5693 Λίδη
3384 5626 3498 5681 Vat.
3529 5626 3573 5680 Α
3601 5638 3656 5684 et

2080 5696 2188 5764 a|.i,
2218 5698 2365 5749 sorde
2396 5711 2596 5761 carens,
2627 5710 2815 5764 nempe
2844 5696 3121 5764 sapientia.
