4090 6192
213 289 218 292 ’
314 333 454 389 1029

1382 525 1534 598 [que,
1563 536 1829 594 ruuntque

491 624 710 688 Omnia,
756 619 1010 690 legirupis
1039 617 1345 689 quassantia
1390 617 1591 673 viribus
1619 619 1825 673 orbem.

488 716 762 783 Frangunt
809 709 1134 765 umbriferos
1163 707 1468 778 aquilonum
1513 707 1695 776 praelia
1725 708 1894 773 lucos,

302 803 410 862 9.40
489 806 554 859 Et
581 804 726 858 cadit
752 800 1054 856 immodicis
1082 799 1210 854 silva
1237 799 1524 867 exstirpata
1559 799 1826 866 procellis.

486 896 646 949 Parte
674 893 777 948 alia
807 891 1073 946 violentus
1107 889 1259 960 aquis
1291 890 1618 943 torrentibus
1655 889 1826 943 amnis

482 983 736 1039 Transilit
763 982 1032 1050 obiectas,
1065 981 1372 1052 praescripta
1401 979 1645 1048 repagula
1665 1017 1681 1046 ,
1732 981 1894 1050 ripas,

500 1075 565 1128 Et
593 1089 759 1142 vagus
793 1073 995 1128 eversis
1037 1073 1139 1126 late
1171 1072 1475 1126 dominatur
1505 1071 1559 1125 in
1589 1072 1754 1141 agris.

486 1165 595 1218 Nec
622 1174 800 1222 tamen
832 1164 913 1217 his
943 1172 1143 1217 tantam
1173 1163 1374 1218 rabiem
1407 1163 1750 1217 nascentibus
1780 1163 1896 1230 ipse

309 1257 418 1312 245
489 1256 748 1312 Conditor
775 1255 1003 1312 instituit
1035 1273 1047 1309 :
1080 1257 1172 1311 sed
1208 1256 1326 1311 laxa
1357 1257 1568 1311 licentia
1597 1271 1774 1310 rerum

485 1347 748 1401 'l‘nrbavit
777 1346 1011 1416 placidas
1041 1356 1197 1414 rupto
1227 1345 1591 1401 moderamine
1618 1345 1785 1415 leges,

490 1438 600 1493 Nec
621 1438 834 1506 mirum,
858 1437 902 1491 si
927 1437 1164 1491 membra
1186 1436 1329 1490 orbis
1350 1450 1606 1490 concussa
1629 1447 1892 1503 rotantur,

485 1527 542 1583 Si
570 1528 711 1582 vitiis
742 1529 936 1598 agitata
967 1527 1078 1582 suis
1104 1528 1367 1581 mundana
1399 1527 1607 1582 laborat

488 1617 726 1681 Machina
748 1658 764 1682 ,
795 1617 839 1672 si
873 1628 1042 1670 terras
1073 1618 1185 1670 lues
1216 1617 1480 1671 incentiva
1509 1616 1710 1686 fatigat.

309 1707 421 1762 250
498 1707 816 1776 Exemplum
838 1696 930 1760 dat
954 1707 1056 1760 vita
1091 1706 1384 1774 hominum,
1414 1723 1518 1775 quo
1547 1716 1736 1760 ctetera
1771 1720 1893 1770 pec-

1619 1794 1638 1866 [
1661 1805 1782 1849 cent
1805 1811 1819 1848 :

491 1892 607 1946 Vita
641 1893 944 1956 hominum,
973 1890 1089 1955 cui,
1118 1889 1372 1960 quidquid
1395 1890 1536 1960 agit,
1566 1890 1809 1953 vesania,
1839 1897 1892 1944 et

1637 1980 1820 2051 [et‘t‘Or

483 2071 852 2142 Suppeditant,
898 2081 955 2128 ut
1008 2070 1146 2127 bella
1172 2071 1417 2136 hemant,
1444 2076 1502 2123 at
1554 2067 1690 2123 ﬂuxa
1744 2067 1894 2124 νυΙιι-

1645 2159 1787 2232 {ptas
1801 2189 1822 2202 ο

1663 321 2197 376 ΙΙΛΜΑΒΤΙΟΕΝΙΛ.

490 441 654 513 518
685 437 1092 494 Transcendunt
1113 435 1376 492 elementa
1400 434 1636 498 modum,
1657 437 1894 502 rapinnt-
1922 443 1968 498 Α

3448 329 3583 385 1050

2176 435 2410 497 Dillluat,
2445 437 2657 506 impuro
2687 436 2955 494 fervescat
2984 447 3038 492 ut
3070 439 3191 507 igne
3223 439 3420 510 libido,

2181 525 2342 597 519
2367 525 2597 582 SOl’lJL‘iﬂ
2625 536 2681 582 ut
2709 528 2951 585 cumulos
2977 545 3315 586 nummorum
3346 530 3584 586 lauribus

3302 619 3514 691 [amplis

2000 705 2106 760 9.55
2180 706 2387 777 Gurges
2413 707 2674 773 avaritiae,
2699 707 2821 763 linis
2849 723 3006 778 quam
3041 710 3217 764 nullus
3247 710 3476 766 habendi

2176 795 2484 866 Temperat,
2516 798 2750 868 aggestis
2779 799 3064 853 addentem
3098 809 3218 852 vota
3253 801 3488 856 talentis.

2176 885 2305 942 Auri
2336 902 2567 957 namque
2595 887 2760 943 fames
2791 899 2943 958 parto
2969 889 3225 957 lit-major
3249 891 3316 943 ab
3345 907 3510 957 auro;

2178 976 2307 1031 inde
2335 992 2488 1048 seges
2517 977 2806 1048 scelerum,
2836 979 2992 1033 radix
3022 990 3072 1033 et
3104 981 3216 1033 sola
3246 982 3532 1044 malorum,

2182 1068 2314 1122 Dum
2363 1069 2637 1125 scatebras
2680 1068 2964 1124 ﬂuviorum
3009 1085 3238 1136 omnes,
3293 1079 3348 1125 et
3392 1080 3590 1141 operta

3267 1161 3506 1233 [metalla

1997 1247 2102 1306 260
2176 1249 2385 1319 Eliquat
2409 1263 2650 1317 ornatus,
2683 1251 2923 1308 solvendi
2951 1253 3071 1308 leno
3102 1254 3318 1320 pudoris
3344 1271 3358 1308 :

2176 1340 2308 1393 Dum
2344 1355 2507 1394 venas
2537 1340 2830 1409 squalentis
2859 1342 3004 1396 humi
3029 1351 3298 1398 scrutatur
3329 1345 3506 1414 inepta

2173 1429 2431 1494 Ambitio,
2460 1432 2704 1499 scalpens
2729 1441 2933 1486 natura:
2963 1434 3166 1487 oceulta
3202 1437 3435 1501 latentis,

2174 1522 2228 1577 Si
2260 1522 2453 1592 quibus
2477 1521 2535 1576 in
2561 1519 2727 1578 foveis
2756 1523 3026 1578 radiantes
3053 1522 3191 1579 forte
3219 1526 3425 1594 lapillos

2174 1616 2383 1670 Rimata
2414 1617 2671 1683 inveniat,
2704 1632 2804 1673 nec
2831 1618 2975 1673 enim
3005 1627 3252 1672 contenta
3283 1619 3477 1674 decore

1997 1708 2103 1763 265
2178 1708 2438 1777 ingenito,
2471 1718 2744 1763 externam
2775 1710 3032 1764 mentitur
3066 1712 3254 1765 tciniua
3297 1711 3543 1768 formam.

2169 1798 2331 1871 520
2354 1800 2428 1854 Ac
2461 1798 2606 1855 velut
2646 1800 2865 1855 artificis
2897 1801 3106 1856 Domini
3153 1818 3341 1856 manus
3379 1804 3572 1872 impero

3287 1889 3508 1960 [lectum

2171 1979 2244 2034 Us
2294 1977 2535 2045 dederit,
2585 1980 2727 2050 quod
2778 1979 2953 2036 adhuc
2984 1995 3069 2036 res
3099 1982 3296 2049 exigat,
3330 1991 3420 2034 aut
3452 1986 3573 2052 hya-

2741 2124 2743 2128 .
3287 2069 3506 2142 [cinthis

2182 2160 2407 2229 Pingere
2437 2162 2686 2218 sutilibus
2722 2162 2985 2220 redimita:
3018 2163 3212 2218 frontis
3239 2163 3290 2218 in
3321 2178 3468 2232 arce,

1639 2247 1926 2306 (iLOSSxE
1969 2247 2303 2304 VETERES.

376 2348 502 2404 ΞΠ.
539 2349 830 2413 Elementa,
858 2347 1008 2416 ignis,
1042 2362 1148 2412 aer,
1175 2362 1329 2413 aqua,
1362 2355 1520 2416 terra,
1557 2345 1596 2398 l.

376 2421 504 2474 258.
538 2418 840 2485 Legirupis,
867 2415 1026 2487 legem
1054 2417 1420 2487 rumpentibus,
1454 2415 1493 2468 Ι.

377 2489 504 2542 259.
543 2484 882 2551 Aquilonum,
911 2484 1188 2550 ventorum,
1222 2484 1264 2540 Ι.

375 2559 505 2612 240.
537 2559 864 2623 Immodicis,
913 2557 1140 2625 magnis,
1172 2555 1471 2626 ingentibus.
1505 2585 1575 2596 -
1607 2553 1884 2624 Proccllis,

308 2629 593 2683 turbinibus
611 2667 627 2691 ,
664 2629 705 2681 l.

381 2698 511 2750 ΞΗ.
543 2695 918 2758 Torrentibus.
953 2695 1149 2761 fortiter
1175 2694 1427 2757 euntibus,
1459 2693 1500 2748 l.

377 2767 504 2819 212.
531 2767 687 2819 Prtesc
706 2768 861 2831 ripta,
883 2767 1114 2817 ordinata
1137 2763 1211 2815 vel
1231 2764 1524 2826 constituta,
1547 2780 1661 2831 qua:
1681 2765 1888 2833 fuerunt

309 2835 412 2889 illi.
443 2864 510 2874 —
541 2836 828 2904 llepagula,
857 2833 1138 2896 obstacula,
1169 2834 1360 2904 littora,
1387 2846 1676 2900 serratum,
1705 2836 1744 2889 l.

383 2907 508 2958 253.
543 2901 719 2967 una;
748 2920 1003 2968 concessa,
1034 2906 1228 2965 laxata,
1259 2901 1300 2957 Ι.

380 2975 506 3027 ΞΠ.
540 2974 815 3034 liotantur.
846 2974 1133 3034 volvuntur,
1165 2973 1203 3025 Ι.

380 3046 507 3098 illi.
543 3044 698 3106 LIIPS,
731 3043 898 3111 pestis.
925 3071 994 3082 —-
1021 3041 1306 3111 Incenliva,
1335 3041 1603 3107 incenlrix,
1636 3043 1675 3096 l.

381 3115 500 3167 ἰδυ-
561 3110 913 3179 Exemplum,
960 3111 1080 3182 quia
1122 3110 1288 3163 Adam
1343 3115 1598 3181 peccando
1637 3113 1753 3166 aliis
1797 3112 1885 3165 dat

309 3185 602 3248 (Nmplllm
621 3223 637 3244 ,
670 3182 708 3234 Ι.

381 3252 508 3306 εει.
550 3251 688 3314 Vita,
720 3249 910 3304 scilicet
949 3249 1084 3313 dico,
1115 3249 1158 3303 1.

381 3323 510 3376 252.
543 3321 911 3392 Suppeditant,
931 3320 1338 3392 subministrant,
1369 3321 1709 3392 famulantur,
1743 3323 1782 3376 l.

380 3393 505 3446 2.35.
541 3387 681 3460 Igne,
711 3405 902 3454 antore,
930 3387 972 3444 l.
1324 3387 1331 3388 “
1370 3387 1380 3390 ⁷
1582 3405 1599 3418 ο

2051 2345 2176 2396 256.
2207 2341 2464 2411 Auge5li~°,
2494 2346 2846 2411 accumulatis,
2881 2345 2918 2400 Ι.

2063 2414 2190 2467 257.
2221 2413 2430 2474 Fames,
2456 2414 2807 2481 cupiditas.—
2834 2416 3011 2476 Part0,
3042 2430 3283 2484 syncope,
3317 2418 3379 2468 ab
3402 2417 3564 2484 inqui-

1997 2483 2114 2546 πετο,
2139 2484 2215 2554 vel
2244 2493 2532 2554 prwparato
2549 2498 2570 2546 ;
2607 2484 2724 2537 inde
2749 2498 2819 2538 est
2848 2483 3133 2554 exemplum
3164 2502 3182 2538 :
3214 2484 3404 2540 Crescit
3432 2483 3572 2539 autat

1992 2553 2200 2615 numnti,
2232 2563 2478 2619 quantum
2508 2552 2618 2618 ipsa
2648 2556 2863 2615 pecunia
2899 2552 3095 2617 crcécit,
3129 2557 3164 2607 Ι.

2062 2623 2187 2676 259.
2214 2624 2521 2684 Se-ttebras,
2557 2622 2898 2686 rbullitioncs,
2931 2624 2969 2676 Ι.

2065 2692 2189 2745 260.
2223 2690 2448 2763 Eliqnat,
2481 2691 2679 2760 effluere
2719 2695 2880 2760 facit;
2923 2702 3126 2763 purgat.
3148 2693 3478 2758 —0rnatus,
3510 2695 3572 2748 de

1989 2774 2173 2884 ornattlt
2203 2762 2415 2814 solvitur
2436 2763 2975 2831 pudor.—Solvcndi,
3003 2762 3071 2815 ad
3096 2764 3392 2817 solvendum
3413 2768 3571 2835 pudo-

1989 2849 2114 2884 rem.
2171 2875 2186 2884 .

1988 2849 2114 2893 rem,
2147 2849 2186 2889 ι.

2059 2902 2182 2954 26L
2213 2902 2412 2966 Inepta,
2436 2901 2652 2965 inutilis,
2683 2901 2723 2956 Ι.

2058 2971 2184 3027 262.
2210 2973 2472 3034 Ambitio,
2521 2973 2798 3037 cupiditas.
2831 3003 2898 3013 —
2922 2972 3202 3039 Scalpens,
3247 2971 3570 3042 investigatis,

1989 3051 2245 3095 scrutatis.
2268 3071 2340 3084 -—
2363 3042 2623 3106 Latents,
2664 3045 2966 3097 naturaliter
2989 3059 3171 3096 aurum
3208 3042 3364 3096 latere
3393 3043 3570 3109 voluit,

1992 3112 2076 3164 sed
2098 3127 2158 3181 cn
2195 3112 2346 3181 illitas
2375 3115 2504 3181 fidit
2535 3115 2760 3181 pretiosa
2791 3114 3036 3180 pericula,
3069 3112 3108 3165 l.

2063 3180 2188 3251 264.
2217 3180 2445 3243 Rimata,
2473 3184 2584 3251 ipsa
2605 3184 2812 3235 ambitio
2837 3199 3084 3251 qttcerens,
3108 3182 3434 3249 investigans,
3469 3183 3508 3236 Ι.

2065 3250 2188 3322 267.
2213 3254 2305 3315 Us,
2333 3250 2534 3317 faciem,
2553 3256 2792 3320 furntam.
2815 3250 3141 3322 llyariutbis.
3158 3254 3468 3320 margaritis,
3494 3253 3531 3305 Ιτ

2063 3320 2188 3374 ⁸268,
2215 3322 2470 3374 Sutilibus
2494 3364 2507 3384 ,
2541 3323 2656 3387 quin
2695 3339 2756 3375 ea;
2785 3320 2978 3393 gemma
3019 3333 3332 3376 consuantur
3370 3323 3458 3391 filo
3483 3341 3568 3378 ar-

1992 3402 2190 3460 genteo,
2220 3403 2307 3443 aut
2335 3407 2510 3460 aureo,
2538 3392 2580 3448 Ι.

1701 3499 2263 3557 COMMENTARIUS.

379 3618 508 3672 9.40.
541 3617 734 3686 Aponi.
766 3629 903 3670 vers.
933 3615 1036 3671 539
1064 3615 1223 3670 etiam
1260 3614 1453 3685 legitur
1490 3616 1803 3686 exstirpata,
1835 3622 1888 3669 et

312 3689 411 3743 lib.
443 3704 475 3742 ιι
501 3688 752 3741 adversus
779 3685 926 3754 Sym.
950 3700 1092 3739 vers.
1124 3687 1280 3747 1059,
1304 3687 1655 3754 exstirpemus.
1681 3685 1889 3740 Salma-

309 3761 426 3812 sius
450 3774 568 3826 pag.
592 3757 696 3810 284
728 3757 778 3808 in
805 3755 1124 3808 Trebellium
1152 3756 1225 3808 ait
1279 3756 1330 3809 in
1362 3756 1722 3809 vetustissimo
1751 3755 1888 3809 libro

310 3828 584 3882 l’rudentii
615 3841 644 3879 a
675 3840 733 3879 se
761 3833 1025 3891 repertum
1057 3827 1275 3892 stirpare
1306 3841 1400 3892 pro
1428 3828 1724 3894 exstirpare,
1750 3836 1806 3879 ut
1834 3826 1884 3878 in

307 3899 528 3964 Oplitnis
571 3896 844 3950 Ciceronis
896 3895 1290 3964 exemplaribus
1351 3896 1615 3948 Victurtus
1686 3897 1886 3948 invenit

306 3963 543 4020 scanduit
574 3980 669 4032 pro
703 3965 1018 4017 rxscanduit.
1055 3963 1161 4019 Sed
1191 3966 1242 4019 in
1273 3965 1466 4034 Apoth.
1500 3976 1555 4019 et
1584 3981 1616 4018 ιι
1651 3965 1703 4019 ἰιι
1731 3965 1882 4035 Sytu.

308 4036 414 4106 leg?
449 4036 604 4091 debet
632 4036 930 4106 exstirpare.

379 4103 506 4159 ΞΗ.
537 4104 831 4168 Descriptio
850 4104 1021 4156 amnis
1046 4106 1296 4157 torrentis
1319 4103 1455 4169 apud
1491 4113 1671 4171 poetas
1695 4103 1890 4158 Lucre-

305 4177 478 4240 tium,
507 4175 816 4245 Virgilium,
843 4171 1198 4228 Claudiauum
1226 4214 1240 4240 ,
1278 4173 1526 4228 Ovidium
1571 4175 1770 4242 passim
1800 4188 1892 4227 oc-

306 4246 503 4300 currit.

378 4314 505 4367 242.
529 4313 685 4374 Man,
710 4313 889 4380 Prag.,
917 4313 1061 4375 Rau,
1087 4312 1266 4372 Fabr.,
1289 4313 1424 4374 Gis.,
1448 4311 1668 4377 ννιιὶιιι.ς
1692 4313 1884 4380 Bong.,

303 4385 518 4452 objecta:
536 4385 828 4452 praiscrirta
853 4385 1098 4452 repagula
1123 4385 1268 4450 ripw.
1297 4383 1472 4445 Alcm,
1503 4383 1653 4449 Urb.,
1676 4382 1793 4436 Vat.
1823 4389 1885 4447 A,

303 4452 500 4508 \vVeitz.
522 4493 537 4515 ,
567 4453 688 4506 Ald.
708 4493 722 4518 ,
759 4453 910 4520 Egm.
932 4491 947 4514 ,
983 4453 1151 4506 Palat.
1171 4494 1184 4515 ,
1213 4452 1453 4522 objectas,
1485 4457 1778 4520 pra'scripta
1805 4471 1888 4505 re-

299 4524 520 4594 pagula,
559 4523 716 4591 ripas,
755 4538 846 4587 per
876 4522 1224 4594 epexegesin.
1254 4537 1374 4594 quae
1406 4522 1595 4594 lectio,
1625 4522 1748 4576 licet
1777 4525 1889 4578 ele-

299 4591 438 4658 gans
465 4595 556 4654 sit,
580 4607 682 4645 non
717 4601 993 4658 prOpteiea
1024 4607 1144 4646 cum
1179 4592 1398 4645 lleinsio
1428 4591 1624 4655 dicam,
1653 4595 1884 4660 priorem

299 4663 450 4717 illam
478 4662 664 4713 insi-ita
695 4660 1030 4715 librariorum
1058 4662 1374 4714 oscitatione
1401 4662 1686 4716 invectam.

372 4731 501 4784 245.
538 4730 734 4786 Widin.
765 4745 959 4798 supra,
1000 4732 1102 4782 lata
1133 4731 1358 4784 licentia.

371 4799 501 4854 219.
531 4802 673 4865 ltat.,
708 4802 874 4864 luces;
914 4801 1007 4854 Sed
1033 4817 1058 4853 c
1084 4801 1353 4854 inductum
1378 4799 1492 4855 sive
1520 4800 1752 4856 deletum
1779 4813 1881 4857 εει.

296 4871 490 4933 Αιω..
520 4872 658 4930 lues;
689 4886 847 4937 supra
866 4909 880 4932 ,
913 4871 1033 4925 luis.
1469 4912 1480 4922 .

370 4940 499 5011 250.
534 4939 994 5011 Aldus,’l‘or_t_ia:s.
1021 4939 1183 5011 gapud
1214 4938 1570 5001 Gallandinm,
1605 4942 1760 5004 male,
1791 4942 1883 4993 da-

294 5009 422 5064 tura
451 5023 546 5132 Ego
576 5009 664 5062 dat
692 5010 813 5063 rita.
854 5009 985 5064 Vide
1017 5009 1473 5065 ElntenborStium
1508 5012 1563 5065 in
1590 5012 1881 5067 Arnubium

296 5093 426 5132 ma.
527 5118 540 5131 .

294 5093 426 5149 pag.
451 5093 540 5132 57.

367 5150 497 5202 251.
527 5149 674 5218 ΑΜ,
708 5147 884 5218 Egm.,
918 5149 1137 5215 vesania,
1173 5157 1356 5203 terror.

365 5218 496 5271 257.
522 5217 833 5288 Pervulgata
861 5220 1192 5286 sententia,a
1212 5235 1383 5273 norem
1412 5222 1606 5272 nummi
1631 5236 1874 5286 crescere,

289 5297 547 5408 gustatum
568 5290 680 5359 ipsa
705 5290 919 5359 pecunia
947 5291 1147 5359 crescit,
1170 5297 1229 5344 ut
1251 5291 1327 5345 ait
1349 5289 1623 5345 iuvenalis
1647 5306 1676 5345 a
1701 5295 1879 5360 glossa

289 5373 352 5408 ιιι
396 5369 584 5408 tratus.

289 5369 584 5412 ιιιιιιοειιιι.

521 5427 539 5481 l
570 5427 636 5482 ad
667 5427 905 5484 Timoth.
935 5443 1011 5497 vr,
1040 5429 1141 5486 10:
1172 5428 1344 5484 Radix
1369 5429 1595 5483 omnium
1627 5429 1880 5484 malarum

285 5505 538 5551 avaritia.

365 5565 494 5618 259.
526 5567 715 5639 Vat.‘A
743 5608 758 5634 ,
793 5567 907 5625 Pal.
932 5608 950 5636 ,
993 5585 1106 5623 cum
1150 5569 1425 5624 scatebras.
1459 5569 1592 5625 Mar.
1638 5583 1669 5624 a
1701 5570 1875 5639 prisca

284 5649 482 5700 manu,
512 5637 708 5690 metalli
721 5677 733 5689 .
1252 5655 1264 5669 '

365 5703 494 5759 360.
525 5705 642 5758 Non
672 5707 854 5778 potuit,
888 5707 1059 5778 inquit
1087 5705 1378 5776 Ciselinus,
1408 5709 1586 5763 melius
1613 5708 1870 5779 epitheton

1991 3613 2123 3687 dari.
2157 3614 2401 3670 Videntur
2419 3617 2556 3687 enim
2583 3626 2770 3670 ornatu
2801 3626 3040 3687 tanquam
3069 3619 3247 3674 lenone
3268 3618 3348 3671 usi
3372 3618 3572 3672 insitam

1994 3685 2138 3737 nobis
2177 3686 2527 3759 verecundiam
2556 3698 2603 3739 et
2630 3685 2929 3759 pudicitiam
2968 3691 3288 3759 prostituere.
3334 3689 3467 3741 Deus
3497 3690 3574 3757 fa-

1992 3766 2123 3809 ceret
2148 3758 2447 3825 aliquando,
2489 3759 2659 3820 impiis
2693 3757 2870 3812 Turcis
2900 3757 2995 3813 ltoc
3016 3762 3218 3812 nomine
3242 3759 3409 3810 minus
3446 3773 3572 3810 esse-

1993 3841 2102 3879 ntus
2129 3829 2452 3894 contanptui.
2488 3828 2618 3890 Qum
2645 3842 2710 3879 au
2742 3828 2806 3879 ad
2843 3844 3016 3881 mores
3051 3839 3262 3882 nostros
3288 3839 3340 3881 et
3368 3828 3434 3880 ad
3465 3843 3569 3879 no-

1993 3906 2100 3964 stra
2159 3906 2393 3964 lelltpurtl
2443 3898 2643 3960 possint
2693 3897 3087 3951 accmnmodari
3117 3939 3132 3960 ,
3185 3897 3406 3950 vi'lcrint
3457 3897 3568 3948 alii.

1999 3963 2250 4017 Weitzius
2298 3974 2484 4017 contra
2532 3965 2812 4018 mdiorum
2861 3975 3106 4020 ornatum
3158 3967 3261 4018 alia
3314 3965 3468 4018 aiiert
3496 3981 3565 4019 ex

1997 4033 2271 4103 Euripide,
2303 4044 2352 4086 et
2375 4049 2440 4086 ex
2474 4035 2588 4100 lege
2609 4034 2820 4089 Zaleuci
2851 4037 2989 4103 apud
3017 4035 3301 4088 Diodorum
3328 4035 3564 4088 Siculum

1994 4102 2088 4155 lib.
2123 4120 2171 4156 st
2201 4103 2450 4158 Biblioth.
2485 4106 2682 4158 Eodem
2729 4102 2950 4170 pertinet
2995 4105 3120 4158 illud
3154 4105 3466 4157 Tertulliani
3497 4108 3564 4158 de

1994 4173 2197 4226 Corona
2251 4175 2430 4227 militis
2459 4190 2575 4236 cap.
2617 4175 2678 4227 12
2704 4192 2716 4226 :
2745 4175 2881 4240 Quid
2927 4176 3058 4229 enim
3100 4185 3174 4228 est
3209 4179 3262 4226 in
3290 4176 3454 4239 rapite
3495 4177 3568 4240 fe-

1995 4244 2146 4296 inime
2173 4260 2360 4296 corona
2386 4261 2536 4313 quam
2570 4247 2747 4314 furtiue
2777 4248 2911 4307 lena,
2943 4261 3095 4314 quant
3123 4259 3321 4314 summa
3353 4245 3568 4314 lascivia!

1993 4323 2132 4384 nota.
2167 4312 2610 4384 extrrma'negutio
2642 4312 2974 4373 verecundiae.
3006 4316 3248 4383 con/latio
3281 4312 3568 4366 illecebrte?

2066 4382 2190 4437 26!:
2219 4384 2438 4438 Videtur
2470 4382 2619 4446 poeta
2653 4398 2834 4438 noster
2871 4388 2934 4437 ad
2965 4399 3148 4439 manus
3179 4385 3426 4436 habuisse
3457 4385 3565 4435 Ma-

1996 4452 2112 4505 nilii
2141 4453 2266 4506 illud
2307 4455 2396 4506 lib.
2430 4472 2480 4506 v.
2514 4469 2652 4508 vers.
2689 4456 2790 4509 H6
2815 4471 2827 4507 :
2853 4454 2991 4508 Hinc
3027 4455 3338 4522 lenocinium
3367 4453 3562 4519 fornice,

1993 4522 2257 4594 cultusque
2293 4535 2527 4594 rcpcntus
2555 4523 2830 4594 Corporis,
2874 4535 3020 4592 atque
3064 4540 3192 4577 auro
3239 4524 3449 4592 quwsita
3494 4533 3565 4594 est

1992 4593 2161 4663 gratia
2203 4597 2418 4660 frontis,
2454 4592 2664 4661 Perque
2690 4602 2841 4661 caput
2883 4596 3019 4646 ducti
3061 4595 3252 4663 lapides
3295 4608 3382 4657 per
3406 4592 3560 4663 colla,

1992 4662 2308 4732 manusque,
2354 4663 2414 4715 Et
2445 4665 2653 4732 pedibus
2682 4664 2836 4716 niveis
2880 4662 3127 4732 fulserunt
3174 4677 3331 4715 aurea
3371 4662 3562 4715 vincla.

1916 4735 1965 4794 ι)
1991 4731 2065 4782 Ac
2087 4748 2148 4783 ne
2175 4734 2401 4786 materies
2428 4731 2515 4785 tali
2546 4733 2635 4785 sub
2661 4731 3042 4797 muneredesit,
3075 4734 3314 4798 Qua'rere
3339 4733 3432 4784 sub
3455 4740 3562 4784 ter-

1993 4802 2062 4852 ris
2102 4818 2350 4856 aurunt...
2395 4805 2628 4870 imperat,
2653 4811 2756 4855 etc.
2791 4802 2924 4856 Vide
2950 4804 3110 4857 etiam
3138 4801 3442 4856 Cornelium
3472 4802 3565 4856 Se-

1991 4885 2173 4924 verum
2207 4873 2255 4924 iu
2291 4873 2470 4925 Αῑιηιι.
2503 4873 2554 4925 In
2584 4873 2733 4940 Egm.
2765 4881 2848 4926 est
2875 4889 2989 4925 cum
3015 4887 3112 4940 pro
3139 4874 3283 4925 dum.

2059 4942 2184 5012 262.
2219 4941 2393 5010 Prag.,
2425 4944 2680 5009 scalpens,
2715 4957 2820 4996 non
2853 4943 3009 5006 bene,
3042 4957 3137 5008 pro
3166 4940 3416 5012 scalpens’.

2059 5010 2185 5084 265.
2215 5012 2362 5084 Egm.
2375 5057 2402 5084 ξ
2415 5012 2661 5084 ingenita.
2695 5012 3000 5084 Legendum
3023 5013 3264 5084 ingenito.
3277 5010 3283 5012 “
3297 5011 3418 5084 Haec
3431 5011 3561 5084 Pru-

1989 5079 2154 5152 dettlii
2189 5082 2343 5135 verba
2372 5079 2709 5152 Tiraqnellus
2742 5079 2920 5136 laudat
2947 5083 2998 5135 in
3029 5079 3129 5150 leg.
3155 5079 3556 5152 3Connttbial"

1989 5151 2076 5204 ubi
2124 5154 2269 5215 plnza
2319 5152 2368 5204 in
2417 5147 2658 5206 canitiem
2708 5154 3026 5206 sententiam
3073 5147 3334 5218 produt-it.
3365 5147 3560 5218 confer

1990 5213 2370 5274 Tertulliatmm
2398 5223 2466 5276 de
2499 5223 2803 5293 Virginibus
2829 5213 3090 5293 velattdis,
3123 5220 3187 5270 de
3213 5215 3368 5270 Culln
3400 5213 3558 5293 {etsti-

1995 5305 2212 5350 narum:
2256 5287 2615 5350 Ambrosium
2638 5292 2729 5345 lib.
2771 5307 2822 5343 νι
2864 5290 3223 5343 iiexaetneron
3263 5298 3380 5352 cap.
3425 5287 3476 5348 8,
3507 5293 3558 5339 ιιι

1996 5359 2086 5413 lib.
2137 5361 2266 5414 i‘de
2321 5361 2652 5427 Virginibus;
2697 5360 3074 5427 Hieronymum
3119 5355 3184 5408 ad
3226 5354 3439 5427 Furiam
3487 5357 3556 5406 de

1994 5431 2248 5485 viduitate
2296 5423 2585 5494 servanda;
2628 5423 2911 5482 lsidorum'
2934 5427 3252 5480 Pelusiotam
3278 5463 3314 5494 ,ί
3346 5423 3439 5476 lib.
3490 5439 3551 5483 tt.

1990 5502 2148 5565 epist.
2181 5501 2277 5562 55;
2307 5493 2599 5551 Arnobium
2626 5498 2720 5552 lib.
2744 5495 2782 5548 2
2815 5506 3002 5551 contra
3043 5505 3257 5566 gentes;
3295 5493 3554 5548 Senecaut

1988 5569 2056 5622 de
2085 5567 2362 5622 Beneﬁciis
2383 5567 2478 5620 lib.
2512 5581 2603 5631 vn,
2634 5580 2753 5632 cap.
2781 5567 2835 5622 9.

2057 5636 2382 5699 268.Ales.,
2432 5635 2587 5702 Urb.,
2636 5637 2794 5702 Mar,
2826 5637 2943 5691 Vat.
2993 5638 3058 5700 Α,
3109 5636 3287 5703 Prag.,
3338 5632 3458 5688 ιω.
3501 5643 3555 5688 et

1987 5708 2172 5776 optimi
2201 5706 2469 5762 Hcinsiani
2497 5707 2732 5762 sutilibus
2756 5723 2774 5762 :
2796 5717 2851 5764 ut
2877 5707 3072 5778 hymno
3103 5704 3394 5760 octodecim
3422 5717 3554 5759 mar-
