4090 6192
1570 346 1919 404 HAMARTIG
1928 346 2101 405 ENIA.

252 352 377 406 1055
1570 346 1919 404 HAMARTIG
1928 346 2101 405 ENIA.
3343 342 3479 399 1050

411 460 641 515 llludant
668 461 838 516 varias
869 462 1118 518 distincto
1152 463 1381 517 stamine
1413 462 1629 533 formas.
1836 467 1890 521 Α
2089 459 2409 514 Perversum
2443 458 2530 526 jus
2557 472 2715 512 omne
2748 457 2910 527 viget,
2939 456 3064 509 dum
3096 455 3352 525 quidquid
3386 458 3451 511 ha

419 551 485 606 Ut
511 565 736 620 qumque
762 559 844 609 est
869 552 1061 622 lanugo
1088 552 1197 607 lere
1227 552 1533 606 mollissima
1560 559 1721 615 tactu,
2685 557 2699 571 '
3154 545 3410 616 [bendum

418 639 671 693 l’ectitur.
703 638 853 693 llunc
882 640 1065 695 videas
1097 640 1326 694 lascivas
1356 647 1588 708 praepete
1615 652 1775 693 cursu
2092 636 2441 708 Omnipotens
2469 636 2712 703 dederat,
2746 635 2921 691 studia
2959 636 3012 690 in
3061 635 3327 690 contraria
3362 650 3455 690 ver

425 728 719 783 Venantem
746 728 976 797 tunicas,
1000 730 1175 783 avium
1201 744 1411 799 quoque
1430 728 1809 783 versicolorum

420 818 735 880 Indumenta
764 818 917 873 novis
945 825 1213 873 texentem
1244 818 1452 886 plumea
1482 817 1599 871 telis
1626 833 1639 868 :

418 906 567 961 Illum
599 906 882 975 pigmentis
909 906 1298 973 redolentibus,
1325 914 1379 961 et
1410 906 1690 975 peregrino

246 819 348 874 295

422 997 583 1068 523
636 995 861 1052 Pulvere
913 996 1174 1052 femineas
1229 1002 1565 1065 spargentem
1618 994 1816 1064 tupiter
1922 997 2025 1052 510

1543 1084 1740 1155 [auras.

425 1175 615 1231 Omnia
641 1174 797 1230 luxus
831 1174 993 1229 habet
1018 1182 1216 1229 nostra:
1241 1175 1578 1243 vegetamina
1603 1175 1746 1239 vitm,

424 1264 683 1320 Sensibus
726 1266 783 1320 in
829 1264 1065 1335 quinque
1113 1274 1354 1321 statuens
1409 1280 1527 1334 quae
1583 1264 1822 1320 condidit

1520 1356 1748 1428 [auctor.

426 1443 660 1498 Auribus
684 1452 842 1513 atque
868 1444 1059 1509 oculis,
1087 1453 1197 1499 tum
1219 1444 1437 1500 naribus
1464 1455 1622 1514 atque
1646 1445 1822 1514 palato

428 1535 696 1601 Quaeritur
726 1535 955 1591 infectus
988 1538 1199 1591 vitiosis
1227 1539 1431 1592 artibus
1462 1554 1613 1593 usus.

433 1628 552 1692 Ipse
581 1625 763 1690 etiam,
793 1636 903 1680 toto
936 1626 1096 1695 pollet
1120 1627 1211 1695 qui
1237 1640 1486 1696 corpore,
1518 1634 1714 1692 tactus,

428 1718 712 1787 Palpamen
745 1727 981 1773 tenerum
1002 1719 1211 1774 blandis
1237 1734 1267 1773 e
1295 1719 1490 1773 fotibus
1515 1719 1704 1773 ambit.

253 1444 356 1500 500

430 1809 571 1863 Proh
596 1810 768 1875 dolor,
793 1810 1049 1879 ingenuas
1075 1818 1279 1865 natura:
1309 1810 1626 1865 occumbere
1655 1808 1819 1877 leges,
1855 1822 1901 1883 Β

254 1901 361 1957 505
431 1898 784 1971 Captivasque
817 1901 953 1956 trahi
978 1908 1230 1972 regnante
1255 1900 1475 1964 libidine
1495 1900 1677 1979 dotes!

1924 1532 2029 1589 515

3248 726 3410 797 [tnnt.

2091 818 2386 885 ldcircone,
2415 832 2566 888 rogo,
2601 817 2921 887 speculatrix
2963 817 3159 887 pupula
3190 818 3340 872 molli

2098 907 2320 962 Subdita
2351 906 2620 975 palpebras
2656 913 2758 971 est,
2801 914 2859 960 ut
2900 907 3073 975 turpia
3112 905 3486 964 semivirorum

2097 996 2331 1051 Membra
2360 996 2608 1051 theatrali
2636 1004 2843 1064 spectet
2878 997 3143 1065 vertigine
3171 996 3317 1061 ferri,

2097 1084 2368 1139 lncestans
2396 1086 2620 1140 miseros
2658 1085 2802 1140 foedo
2827 1085 3179 1141 oblectamine
3206 1087 3381 1141 visus?

2097 1174 2259 1246 524.
2286 1176 2391 1228 Aut
2418 1175 2539 1230 ideo
2565 1177 2791 1245 spirant,
2832 1175 3111 1246 mediaque
3135 1191 3201 1231 ex
3241 1192 3365 1232 arce
3398 1191 3483 1233 cc-

3253 1266 3419 1337 [rebri

2097 1353 2392 1407 Demittunt
2421 1353 2659 1422 geminas
2686 1356 2884 1409 sociata
2913 1354 3171 1410 foramina
3200 1372 3382 1423 nares,

2098 1441 2169 1497 Ut
2190 1442 2337 1497 bibat
2365 1442 2648 1498 illecebras
2676 1444 2814 1498 male
2844 1446 3123 1499 conciliata
3151 1447 3418 1515 voluptas,

2103 1533 2249 1599 Quas
2269 1534 2597 1602 pigmentato
2626 1534 2881 1588 meretrix
2900 1535 3031 1603 jacit
3053 1536 3291 1604 improba
3315 1537 3495 1592 crine?

2104 1623 2240 1678 Num
2274 1632 2492 1692 propter
2520 1625 2700 1693 lyrica:
2722 1625 3085 1680 modulamina
3113 1642 3245 1680 vana
3280 1627 3493 1697 puellae,

2097 1715 2502 1784 Nervorumque
2531 1729 2713 1780 sonos,
2749 1725 2803 1769 et
2829 1716 3107 1771 convivale
3137 1719 3359 1773 calentis

2103 1803 2331 1858 Carmen
2360 1804 2635 1873 nequitiae,
2663 1804 2871 1872 patulas
2902 1807 3041 1860 Deus
3074 1806 3277 1862 addidit
3313 1823 3492 1876 aures,

2101 1895 2310 1966 Perque
2335 1908 2657 1949 cavernosos
2678 1894 2847 1964 jussit
2876 1904 3158 1964 penetrare
3180 1906 3391 1954 meatus

1537 2026 1821 2087 GLOSS/E
1863 2022 2205 2081 VETERES.

323 2144 452 2199 291.
475 2142 721 2208 llludant,
751 2141 997 2208 colerent,
1021 2140 1061 2195 l.

324 2214 454 2267 292.
479 2211 631 2275 Fere,
661 2227 839 2281 prape,
869 2212 909 2264 Ι.

326 2284 455 2337 295.
480 2278 730 2346 Pectitur,
758 2278 992 2345 ornatur,
1017 2278 1058 2332 1.

324 2352 454 2407 294.
481 2352 795 2416 Venantem,
827 2346 1584 2414 ementem.-—Versicolorum,
1614 2348 1832 2401 diversis

258 2421 532 2483 coloribus,
564 2421 603 2472 l.

242 2532 243 2535 η
327 2491 453 2546 295.
478 2488 714 2551 Plumea,
736 2487 933 2552 mollia,
966 2485 1009 2539 l.
1031 2485 1216 2541 Pluma
1237 2488 1557 2541 diciturnam
1591 2528 1606 2553 ,
1631 2486 1766 2539 unde
1784 2485 1839 2537 in

259 2558 575 2614 Bibliotheca
602 2559 784 2627 legitur
810 2571 972 2624 opere
1004 2557 1281 2624 plumario,
1314 2557 1433 2611 V'at.
1464 2556 1529 2610 A.

330 2630 458 2684 296.
482 2628 787 2694 Peregrino,
818 2627 1033 2689 exotico,
1063 2628 1099 2679 I.

330 2699 460 2753 298.
491 2696 694 2759 Luxus,
726 2695 953 2758 luxuria,
978 2696 1196 2749 vanitas.
1220 2695 1655 2764 —V’cgctatnina,
1677 2695 1836 2747 virtu-

265 2776 365 2833 tes,
397 2767 766 2832 fortitudinem,
794 2768 871 2817 vel
895 2766 1206 2830 virilitatem,
1243 2767 1620 2831 commotiones,
1657 2764 1697 2817 l.

338 2836 731 2957 3‘00.IAuribus
766 2844 925 2903 atque
971 2835 1160 2901 oculis,
1209 2838 1408 2901 auditu,
1440 2836 1569 2898 visu,
1616 2834 1832 2904 olfactu,

338 2922 360 2957 s
385 2922 438 2957 ιι.
488 2942 502 2957 .

300 2915 438 2968 usta,
466 2915 502 2957 ι.

263 2924 778 3039 9Ἥὸ1.1διιωτὶιυι·,
819 2973 881 3027 ab
911 2974 1016 3028 illis
1048 2973 1296 3040 sensibus,
1319 2974 1572 3027 velnobis.
1596 3002 1652 3012 -
1689 2971 1834 3027 Infe-

262 3054 406 3106 ειυς.
437 3054 727 3109 corruptus,
757 3044 796 3097 Ι.

339 3114 467 3168 505.
497 3113 803 3179 Palpamen,
838 3113 1099 3164 amictum.
1127 3139 1195 3153 -—
1222 3111 1466 3180 Fotibus,
1489 3110 1830 3166 nutrimentis.

265 3209 337 3223 —
362 3181 561 3248 Ambit,
592 3182 750 3252 cupit,
781 3181 1054 3248 desiderat,
1086 3182 1127 3235 l.

2010 2134 2136 2188 504.
2166 2134 2448 2201 ingenuas,
2479 2132 2693 2187 nobiles.
2736 2134 3014 2201 naturales,
3040 2135 3081 2189 ι.

2225 2147 2448 2205 genuas,
2479 2147 2693 2205 nooites.
2715 2147 3014 2205 gnatus-ales,

2009 2204 2134 2258 505.
2167 2200 2354 2270 Dotes,
2379 2203 2676 2257 donationes
2703 2200 2816 2267 Dei,
2845 2203 2884 2257 Ι.

2158 2272 2500 2352 Perversum,
2532 2287 2776 2352 perverse.
2809 2272 3076 2343 —,Viget,
3105 2276 3362 2347 praevalet,
3384 2280 3427 2336 Ι.

2010 2344 2136 2398 507.
2169 2340 2413 2405 Vertunt,
2443 2342 2691 2407 homines,
2718 2343 2757 2396 Ι.

2011 2413 2135 2468 508.
2165 2410 2336 2479 Rogo,
2367 2412 2644 2482 interrogo.
2667 2440 2735 2452 --
2762 2411 2985 2482 Pupula,
3018 2414 3215 2484 pupilla
3238 2426 3286 2471 et
3306 2421 3503 2491 pupula

1949 2484 2078 2536 idem
2096 2491 2236 2536 sunt.
2270 2481 2309 2533 Ι.

2096 2497 2236 2533 sunt.
2270 2497 2309 2533 Ι.

2028 2499 2215 2534 msunt
2270 2499 2309 2533 Ι.

1942 2499 2141 2627 “399.
2163 2521 2588 2627 Semivirorum,
2633 2548 3039 2627 effeminatorum
3066 2556 3435 2627 cunuchorum,
3458 2558 3503 2613 l.

2014 2622 2139 2675 510.
2163 2620 2455 2688 Vertigine,
2488 2619 2803 2686 circuitione,
2829 2622 3097 2687 rotatione,
3123 2623 3163 2676 l.

2012 2692 2137 2746 511.
2193 2688 2491 2757 lneestaus,
2541 2690 2791 2757 polluens.
2827 2716 2900 2731 --
2931 2690 3097 2749 Fwdo
3129 2694 3505 2765 oblectamine,

1941 2764 2078 2816 turni
2106 2760 2454 2816 delectatione.
2488 2760 2529 2813 Ι.

1941 2774 2077 2833 turpi
2106 2774 2454 2826 detestatione,
2488 2774 2529 2813 ι.

2010 2831 2130 2886 514.
2162 2827 2461 2893 lllecebras,
2487 2828 2757 2896 fwditates,
2789 2830 3078 2885 sorditates.
3098 2831 3502 2905 —Conciliata,

1939 2899 2307 2955 conalutinata.
2336 2898 2413 2951 vel
2434 2899 2728 2955 coniuncta.
2750 2899 2793 2954 Ι.

2007 2916 2307 2978 ngtuunara,
2336 2916 2411 2951 vet
2434 2916 2728 2978 conjuncta,

2007 2970 2131 3024 515.
2179 2967 2337 3036 Jactt,
2360 2976 2576 3036 spargit,
2606 2968 2645 3021 l.

2007 3038 2134 3110 510.
2163 3035 2391 3110 [.yricze.
2419 3035 2718 3110 cytharalis,
2742 3037 2819 3110 vel
2840 3039 3050 3110 jocalis,
3078 3037 3118 3094 l.

2009 3109 2131 3162 517.
2163 3105 2420 3170 Calentis,
2452 3105 2709 3175 ferventis,
2742 3107 2783 3161 l.

2009 3177 2134 3233 519.
2163 3176 2517 3241 Cavernosos,
2556 3176 2900 3245 ﬂemibiles.—
2915 3178 3143 3250 Meatus,
3175 3183 3437 3251 transitus,
3466 3184 3507 3239 l.

1597 3310 2148 3370 COblMENTARlUS.

337 3429 462 3485 291.
488 3427 664 3495 Sieh.,
692 3427 849 3492 male,
876 3428 1066 3495 famine
1094 3428 1237 3481 telas.

334 3498 462 3554 292.
488 3497 633 3562 Ald.,
667 3496 848 3565 scripti
885 3497 1179 3559 Heinsiani,
1210 3505 1264 3550 et
1288 3509 1422 3563 quos
1453 3494 1595 3565 vidit,
1616 3495 1838 3565 Mariet-

264 3579 378 3634 tus,
403 3573 553 3637 ferte;
575 3576 629 3637 et
656 3566 1250 3637 suspicaturjleinsius,
1277 3566 1554 3634 legendum
1582 3564 1647 3619 Ut
1668 3565 1844 3637 cuique

267 3649 343 3695 est
376 3634 559 3708 lanugo
584 3636 727 3704 ferte.
750 3635 929 3701 Alex.,
956 3634 1109 3702 Urb.,
1129 3634 1350 3701 Weitz.,
1373 3637 1510 3701 Gis.,
1549 3637 1676 3704 fere,
1704 3634 1844 3703 quod

305 3710 464 3763 tacet.

265 3725 468 3831 “32E;
492 3774 734 3829 Lascivae
767 3773 959 3827 tunicae
981 3781 1105 3826 sunt
1130 3781 1222 3827 aut
1254 3773 1461 3837 sericae,
1486 3779 1578 3827 aut
1602 3770 1847 3826 obscenis

267 3846 457 3914 ﬁguris
508 3845 763 3909 variatze,
816 3853 872 3914 ut
916 3844 1216 3914 suspicatur
1252 3841 1665 3914 Chamillardus.
1712 3840 1843 3893 Nam

266 3911 523 3971 libidines
565 3923 803 3967 veterum
851 3913 902 3965 in
950 3912 1152 3980 poculis
1201 3912 1332 3979 ipsis
1376 3921 1431 3965 et
1476 3911 1698 3980 panibus
1728 3924 1849 3980 _ex-

269 3999 475 4054 pressa:
510 3982 876 4054 intolerabiles
914 3976 1087 4036 erant.
1125 3976 1254 4036 Vide
1290 3980 1595 4050 Pignorium
1625 3977 1693 4033 de
1723 3976 1847 4033 Ser-

267 4052 377 4120 vis,
412 4067 531 4120 pag.
556 4052 623 4106 67
650 4060 705 4106 et
729 4065 881 4119 seqq.

339 4117 718 4186 291.‘Widm.,
751 4117 1004 4174 mendose
1023 4163 1037 4185 ,
1064 4126 1365 4173 ventantem.
1398 4117 1647 4173 Heinsius
1675 4125 1844 4182 notat,

266 4206 400 4246 suos
440 4193 667 4256 scriptos
710 4190 907 4243 habere
949 4190 1119 4242 avium
1146 4204 1342 4254 quoque
1366 4188 1756 4252 versicolorum;
1795 4196 1848 4256 et

268 4262 343 4314 ita
373 4269 520 4315 certe
552 4255 761 4312 habent
810 4259 999 4311 nostri.
1048 4259 1103 4312 ln
1145 4258 1385 4313 Giselino
1427 4256 1639 4327 quidem
1670 4257 1701 4327 ri
1737 4265 1789 4310 et
1814 4255 1852 4309 2

266 4330 402 4384 edit.
430 4339 513 4383 est
532 4328 926 4394 versiculorum,
950 4328 1044 4383 sed
1070 4328 1322 4383 mendum
1357 4326 1505 4396 puto,
1535 4342 1640 4381 non
1665 4326 1849 4381 lectio-

266 4401 355 4453 nis
379 4399 713 4451 varietatem.

340 4467 470 4522 295.
494 4468 549 4520 In
596 4469 771 4537 glossa
801 4466 918 4521 Vat.
947 4464 1014 4530 A,
1052 4463 1415 4520 Bibliothecam
1461 4465 1697 4536 intelligo
1726 4479 1849 4521 esse

267 4538 444 4592 Biblia
491 4550 641 4590 sacra
667 4575 683 4597 ,
709 4552 827 4605 quae
870 4553 934 4591 eo
964 4537 1181 4590 nomine
1211 4550 1240 4589 a
1270 4537 1541 4591 veteribus
1580 4551 1723 4604 swpe
1750 4550 1849 4603 ap-

269 4606 838 4676 pellabantur.7Locus
882 4614 1064 4660 exstat
1108 4621 1122 4658 ι
1174 4606 1341 4659 Exodi
1388 4620 1530 4661 vers.
1568 4607 1593 4659 1
1624 4622 1637 4657 :
1664 4605 1848 4657 Decem

266 4675 499 4730 cortinas
532 4676 596 4727 de
640 4675 786 4743 bysso
811 4685 1034 4741 retorta,
1073 4682 1119 4728 el
1150 4675 1456 4744 hyacintho,
1496 4691 1557 4728 ac
1584 4690 1811 4743 purpura
1830 4712 1844 4735 ,

1864 3429 1911 3489 c
2012 3424 2138 3481 299.
2172 3425 2534 3501 Pulcherrima
2575 3427 2864 3501 descriptio
2902 3432 3134 3501 quinque
3170 3449 3422 3493 sensuum
3462 3450 3513 3498 et

1947 3495 2267 3570 corruptelae
2291 3509 2398 3564 qua
2423 3496 2493 3570 ab
2517 3495 2823 3554 hominibus
2849 3495 3246 3570 pervertuntur.

2015 3564 2138 3619 500.
2167 3562 2347 3631 Ρωεζ,
2379 3566 2537 3631 male,
2569 3575 2670 3619 tam
2693 3582 2788 3632 pro
2816 3562 2945 3628 tum.

2019 3632 2144 3712 501.
2176 3632 2371 3712 0xo_n.,
2393 3633 2569 3712 Prag.,
2600 3646 2654 3691 et
2673 3637 2804 3691 Mar.
2836 3654 2867 3692 a
2894 3642 3129 3696 secunda
3157 3658 3341 3712 manu,
3370 3656 3518 3700 artu-

1949 3703 2059 3757 bus.
2090 3700 2394 3770 Legendum
2423 3700 2634 3757 artibus.

2019 3770 2141 3826 502.
2180 3770 2420 3826 Alcimus
2467 3771 2655 3827 Avitus
2693 3774 2787 3827 lib.
2817 3791 2857 3840 ι,
2895 3791 3036 3831 vers.
3080 3778 3185 3833 85:
3218 3782 3410 3838 Tactus
3451 3787 3519 3839 ad

1948 3841 2208 3919 bwcsolus
2230 3850 2333 3919 toto
2349 3843 2436 3909 qui
2455 3856 2667 3919 corpore
2676 3845 2843 3911 judex
2857 3844 3074 3911 Sentiat,
3099 3858 3202 3903 etc.
3225 3852 3437 3918 Cicero,
3454 3869 3513 3919 ιι,

1948 3910 2240 3992 ςιςξμειιψδδ
2267 3909 2492 3992 deorum
2514 3927 2526 3961 :
2546 3909 2759 3992 Tactus.
2778 3921 2945 3992 autem
2970 3909 3310 3992 toto_corp_ure
3342 3909 3519 3992 ωηξιαῖ.

1950 3979 2116 4033 bililer
2145 3980 2291 4047 [usus
2315 3988 2410 4042 est,
2443 3985 2548 4033 etc.
2579 3980 2697 4034 Alia
2725 3980 2795 4034 ibi
2831 3982 2898 4034 de
2927 3984 3172 4040 sensibus
3189 3979 3407 4045 'Cicero:

2021 4048 2143 4103 505.
2171 4047 2343 4121 Man,
2386 4057 2432 4121 et
2455 4063 2474 4113 ;
2500 4063 2756 4121 supra,ge.
2799 4048 2979 4119 Prag.,
3007 4052 3232 4121 Widm.,
3255 4069 3323 4113 et.
3353 4060 3521 4117 Aldus

1949 4125 2003 4172 et
2049 4115 2187 4185 apud
2220 4117 2501 4171 Weitzium
2542 4116 2826 4185 Giselinus,
2873 4115 2977 4182 ei,-
3014 4123 3106 4178 sed
3150 4115 3310 4179 alium
3352 4115 3523 4185 voluit

1949 4187 2149 4269 dicere,
2182 4186 2597 4269 namﬁiselinus
2697 4191 2833 4269 edit.
2868 4188 3029 4246 habet
3074 4208 3136 4259 e;
3161 4196 3243 4250 vel
3272 4197 3518 4269 intelligit

1950 4256 2210 4312 Weitzius
2236 4257 2525 4311 editionem
2556 4259 2581 4311 1
2616 4258 2857 4313 Giselini.

2020 4326 2145 4380 507.
2176 4327 2403 4380 lmitatio
2427 4326 2662 4382 Maronis
2691 4327 2784 4386 lib.
2816 4343 2875 4392 ll,
2901 4332 3074 4386 studia
3096 4334 3150 4388 in
3176 4339 3455 4391 contraria.

2020 4396 2147 4451 508.
2184 4396 2481 4451 Notandum
2528 4407 2611 4451 est
2646 4397 3063 4456 Chamillardnm
3104 4404 3168 4457 ad
3225 4420 3367 4463 vers.
3408 4409 3517 4463 874

1949 4481 2189 4542 errorem
2201 4482 2365 4542 suum
2389 4466 2689 4534 agnovisse,
2708 4482 2819 4542 _q_uo
2839 4471 3104 4542 pupulum,
3127 4489 3246 4542 qua:
3265 4485 3349 4530 est
3373 4478 3519 4537 oculi

1951 4536 2168 4605 pupilla,
2199 4538 2575 4603 interpretatus
2604 4545 2685 4590 est
2706 4536 2794 4591 hic
2821 4536 3065 4604 puellam.

2026 4606 2149 4660 510.
2197 4605 2413 4660 Theatri
2452 4606 2651 4659 veteris
2693 4605 2997 4663 obscenitas
3028 4611 3129 4667 hoc
3167 4612 3286 4668 loco
3316 4614 3517 4671 indica-

1952 4682 2061 4749 tur,
2102 4675 2172 4749 _de
2200 4692 2304 4743 qua
2351 4675 2481 4749 satis
2530 4684 2744 4749 constat
2781 4693 2792 4727 :
2832 4692 3134 4749 quanquam
3183 4697 3291 4737 non
3330 4685 3518 4741 dubito

266 4760 523 4832 coccoque
547 4744 620 4797 bis
649 4745 804 4799 tincto
834 4746 1052 4832 variatas
1088 4760 1237 4825 apere
1265 4745 1520 4832 plumario
1560 4745 1737 4832 facies.
1760 4744 1843 4832 De
1872 4771 1925 4832 Β
1952 4744 2160 4832 quin’in‘
2182 4744 2384 4832 recenti
2414 4746 2620 4824 theatro
2641 4745 2806 4800 multa
2832 4744 2942 4803 siut
2968 4744 3089 4819 qua:
3109 4754 3357 4810 incestent
3372 4757 3517 4813 mise-

266 4814 511 4869 vestibus
558 4829 676 4883 quae
704 4830 771 4869 ex
816 4814 1008 4884 plumis
1054 4813 1219 4868 variis
1259 4814 1681 4869 contesebantnr
1722 4813 1841 4868 vide
1872 4813 1922 4832 ⁴¹¹
1946 4813 2030 4868 ros
2061 4815 2193 4884 [teda
2221 4814 2549 4869 oblectamine
2574 4816 2731 4870 visus.

266 4885 534 4939 Senecam
585 4894 674 4951 ep.
720 4883 810 4938 91.
843 4882 1136 4937 Plumarius
1174 4885 1463 4938 vocabatur
1506 4884 1837 4952 antiquitus,

264 4956 358 5020 qui
410 4952 709 5021 huiusmodi
738 4963 913 5008 vestes
942 4953 1290 5019 conliciebat,
1341 4962 1432 5008 aut
1468 4955 1627 5008 etiam
1668 4953 1756 5021 qui
1788 4952 1841 5007 in

264 5023 513 5077 vestibus
555 5036 655 5092 acu
686 5023 864 5077 clavos
893 5032 946 5076 et
990 5023 1223 5077 scutulas
1248 5063 1264 5087 ,
1313 5032 1367 5077 et
1395 5039 1456 5078 ea
1487 5038 1603 5092 quae
1633 5023 1842 5090 plumas

265 5094 452 5144 avium
484 5091 740 5162 referunt,
770 5093 1199 5162 pingebat._Vide
1227 5093 1463 5147 Turneb.
1489 5091 1718 5148 Advers.
1746 5092 1838 5145 lib.

264 5175 346 5224 xi,
379 5174 497 5227 cap.
525 5158 615 5222 25.
649 5158 793 5216 num.
825 5158 949 5229 519,
992 5160 1057 5215 ad
1088 5163 1246 5217 verba
1278 5162 1485 5217 Vorrscr
1515 5178 1566 5218 IN
1594 5163 1794 5217 Csan
1825 5178 1838 5215 :

266 5229 543 5301 plumandi
584 5230 875 5299 diﬁicultate
922 5231 1224 5301 pernobiles.
1292 5232 1448 5286 Putat
1498 5232 1841 5286 Prudentium

266 5298 510 5370 indicare
530 5312 706 5370 vestes
736 5301 788 5355 in
817 5298 1009 5370 quibus
1030 5302 1137 5356 sine
1160 5311 1447 5356 assumento
1472 5318 1565 5355 acu
1586 5301 1841 5369 pingendo

262 5369 464 5439 pluma:
488 5369 655 5439 avium
674 5371 980 5438 referuntur.

342 5436 688 5509 296.‘Weitz.
715 5436 739 5505 ,⁷
761 5448 810 5492 et
852 5442 1136 5509 peregrino.
1184 5440 1373 5505 Aldus,
1402 5456 1484 5495 ex.
1516 5439 1785 5495 Giselinus
1816 5440 1841 5495 1

260 5515 325 5581 et
358 5506 392 5560 2
422 5506 551 5581 edit.
585 5508 743 5581 habet
768 5519 812 5563 et
836 5506 1252 5581 eum'plerisque
1280 5511 1658 5567 vetustissimis
1682 5511 1840 5577 Man,

262 5576 421 5641 Rau,
458 5576 637 5644 Prag.,
675 5578 790 5631 Vat.
819 5580 861 5632 A
893 5588 947 5632 et
972 5576 1110 5634 aliis.

342 5646 471 5701 297.
532 5645 684 5714 Apud
734 5647 1018 5702 Weitzium
1067 5649 1134 5703 Μ.
1188 5650 1341 5720 Berg.
1388 5650 1514 5720 legit
1555 5665 1701 5704 aures
1748 5661 1842 5717 pro

262 5731 449 5772 auras.

555 5811 826 5871 Ρηιιοι..
873 5810 1035 5871 LIX.

2018 4883 2146 4939 512.
2178 4884 2324 4949 Rat.,
2355 4894 2506 4953 atque
2524 4884 2662 4949 ideo,
2699 4898 2805 4941 non
2833 4887 2903 4941 ita
2933 4888 3092 4945 bene.

2022 4953 2147 5008 515.
2180 4954 2325 5024 Ald.,
2353 4955 2531 5024 Prag.,
2555 4954 2784 5024 Widm.,
2808 4956 3090 5016 dimittunt.

2020 5025 2145 5104 515.
2180 5023 2299 5104 Yat.
2326 5022 2618 5104 'Quis”
2645 5022 2955 5104 pigmentato
2999 5034 3235 5087 meretrix
3251 5036 3393 5104 jacet
3418 5036 3517 5088 im-

1948 5094 2295 5168 probacrine.
2326 5094 2514 5168 Melius
2534 5094 2792 5168 alii,un
2809 5100 2962 5168 jacit.

2022 5163 2146 5217 516.
2175 5162 2513 5218 Citharmdas
2555 5162 2688 5219 olim
2726 5168 2777 5219 in
2806 5162 3103 5223 ministerio
3145 5170 3310 5223 luisse
3334 5170 3519 5224 obser—

1950 5241 2041 5287 vat
2066 5232 2345 5302 Pignorius
2368 5234 2434 5289 de
2451 5235 2631 5305 Servis
2653 5249 2773 5303 pag.
2803 5236 2870 5289 78
2888 5246 2944 5305 et
2971 5236 3055 5299 79,
3075 5238 3161 5303 qui
3187 5238 3517 5305 epitaphium

1952 5305 2179 5358 Auxesis
2216 5304 2523 5358 cithartedte
2552 5308 2777 5366 profert,
2805 5312 2858 5355 et
2887 5303 2986 5357 hoc
3025 5303 3381 5358 ministerium
3409 5308 3518 5361 ele-

1951 5383 2138 5442 ganter
2164 5374 2401 5441 tetigisse
2428 5370 2770 5442 Prudentium
2810 5370 3055 5426 advertit.
3089 5373 3242 5441 Apud
3265 5376 3515 5430 eumdem

1952 5441 2141 5497 videre
2168 5444 2369 5510 poteris
2392 5441 2597 5507 aliquot
2621 5441 2840 5510 cithara:
2867 5444 3076 5509 species
3105 5442 3419 5498 delitteatas.

2024 5513 2148 5592 3_l7.
2168 5505 2327 5593 Ald”
2351 5519 2401 5593 et.
2415 5505 2635 5593 conviva:
2672 5505 3125 5593 recalentisﬂuod
3152 5513 3521 5593 poteratreti-

1950 5582 2096 5642 neri;
2127 5579 2219 5632 sed
2246 5578 2566 5657 membrana:
2604 5576 2896 5648 praeferunt
2933 5590 2980 5636 et
3004 5576 3272 5637 convivale
3310 5582 3524 5637 calenti:

1948 5664 2150 5704 carmen
2190 5656 2439 5716 nequttta’.

3145 5801 3223 5860 33
