4090 6192
243 339 384 398 10:7

417 457 622 525 Quippe
655 467 814 508 unum
846 461 1034 506 natura
1059 451 1347 518 facit-.qna:
1377 458 1590 502 constat
1619 449 1826 518 utrique
1856 450 1908 510 Α

419 545 534 602 Una
575 543 886 606 voluntatis,
916 541 1076 610 juris,
1110 541 1342 602 virtutis,
1375 541 1596 593 amoris.

420 636 533 691 Non
562 645 738 690 tamen
763 633 962 686 idcirco
989 631 1095 685 duo
1127 632 1368 694 numina,
1403 645 1502 684 nec
1517 631 1624 684 duo
1645 645 1828 684 rerum

420 729 702 792 Artifices;
735 726 985 796 quoniam
1016 724 1232 794 generis
1261 723 1532 778 dissensio
1559 723 1700 776 nulla
1726 733 1828 778 est.

422 822 580 892 527
615 823 788 888 Atque
841 817 962 872 ideo
1009 816 1156 870 nulla
1199 825 1285 871 est
1325 818 1504 886 operis
1539 815 1829 879 distantia,

1575 903 1760 974 [nulla

424 1001 658 1071 Ingenii;
689 999 1000 1068 peperitque
1025 997 1165 1051 bona
1189 996 1369 1050 omnia
1397 995 1644 1050 conditor
1671 1009 1828 1048 unus.

423 1095 503 1149 Nil
533 1095 734 1148 luteum
775 1091 841 1144 de
873 1089 1016 1143 fonte
1047 1088 1182 1152 ﬂuit,
1212 1103 1309 1142 nec
1341 1087 1587 1140 turbidus
1621 1087 1813 1139 humor

249 1191 357 1245 555
430 1185 698 1248 Nascitur,
728 1191 818 1236 aut
841 1181 1027 1248 primae
1055 1178 1285 1232 violatur
1315 1177 1522 1246 origine
1549 1191 1732 1238 venae;

435 1277 564 1342 Sed,
595 1275 720 1329 dum
748 1272 973 1326 liventes
1007 1269 1181 1338 liquor
1204 1269 1543 1336 incorruptus
1569 1281 1762 1320 arenas

431 1369 758 1433 Praelambit,
785 1365 1078 1436 putrefacta
1112 1365 1252 1418 inter
1281 1363 1524 1432 contagia
1553 1363 1758 1417 sordet.

431 1461 678 1532 Nunquid
703 1473 892 1528 equus,
920 1457 1141 1522 ferrum,
1173 1465 1378 1522 taurus,
1413 1455 1516 1523 leo,
1542 1455 1697 1518 funis,
1731 1455 1830 1508 oli-

1602 1543 1760 1615 [vum

427 1645 488 1699 In
533 1657 592 1698 se
634 1641 740 1696 vim
781 1639 1034 1702 sceleris,
1065 1652 1185 1692 cum
1224 1637 1616 1700 formarentur,
1671 1637 1834 1691 hahe-

1557 1727 1762 1800 Ibant?

241 639 274 693 5
283 639 307 690 .‘f
314 639 346 692 6

251 1831 360 1887 560
434 1825 586 1894 Quod
629 1822 900 1894 iugulatur
932 1822 1115 1886 homo,
1161 1834 1266 1876 non
1298 1819 1498 1876 ferrum
1545 1834 1706 1874 causa
1749 1818 1832 1872 fu-
1863 1824 1911 1882 Β

1551 1911 1574 1982 [
1597 1912 1754 1976 roris,

1583 332 2122 388 llAMARTlGENlA.

1933 901 2038 955 51ιὸ

1939 1457 2043 1510 570

3378 333 3512 389 1058

2113 445 2218 502 Sed
2255 461 2443 500 manus
2493 454 2616 501 est:
2662 461 2761 502 nec
2806 461 3000 518 equum
3043 447 3262 502 vesania
3311 447 3515 503 fervida

3273 537 3292 608 [
3315 538 3448 592 circi

2111 631 2399 683 Auctorem
2430 628 2663 684 levitatis
2695 628 2880 694 habet,
2912 627 3154 698 rapidive
3179 628 3425 698 fragoris.

2111 719 2259 774 lllens
2286 719 2430 788 vulgi
2461 717 2684 772 rationis
2709 719 2864 788 ineps
2896 733 3000 772 non
3033 733 3222 771 cursus
3253 733 3518 788 equorum

2113 808 2374 864 Perfnrit:
2409 809 2592 863 infami
2620 809 2801 863 studio
2825 809 2965 878 perit
2999 809 3128 864 utile
3153 809 3374 863 donum.

2111 901 2199 956 Sic
2231 903 2662 958 Lacedaemonias
2685 903 2806 956 oleo
2849 902 3120 956 maduisse
3149 903 3426 972 palmstras

2111 994 2388 1062 Novimus,
2421 1003 2475 1050 et
2500 995 2768 1064 placidum
2805 995 3010 1049 servire
3041 994 3108 1048 ad
3135 995 3358 1048 crimina
3400 1009 3520 1050 suc-

3265 1089 3282 1160 [
3305 1103 3448 1141 cum.

2111 1179 2412 1249 saginae
2443 1195 2536 1247 per
2567 1181 2769 1234 aerium
2805 1180 3044 1250 pendens
3065 1181 3286 1234 audacia
3314 1179 3519 1246 funem,

2109 1273 2287 1325 Ardua
2316 1273 2516 1326 securis
2539 1274 2747 1328 scandit
2775 1274 3054 1341 proscenia
3081 1273 3300 1340 plantis.

2115 1365 2246 1419 Inde
2273 1365 2417 1418 feras
2445 1365 2648 1420 volucri
2680 1368 2962 1420 temeraria
2984 1380 3209 1435 corpora
3239 1367 3382 1420 saltu

2117 1451 2466 1518 Transiliunt,
2495 1458 2789 1524 mortisque
2818 1455 2955 1510 inter
2975 1455 3288 1510 discrimina
3313 1454 3520 1520 ludunt,

2115 1547 2404 1615 Sanguinis
2436 1547 2652 1600 humani
2676 1546 2980 1613 spectacula
3004 1545 3247 1613 publicus
3273 1545 3384 1600 edit

2117 1637 2438 1700 Comessus,
2473 1636 2729 1704 legesque
2749 1634 2943 1703 jubent
2969 1635 3156 1688 venale
3185 1634 3363 1704 parari

2115 1727 2470 1795 Supplicium,
2509 1740 2614 1794 quo
2641 1726 2880 1778 membra
2923 1724 3222 1788 hominum,
3258 1725 3524 1793 discerpta

3175 1816 3455 1886 [cruentis

2115 1911 2398 1976 Morsibus,
2430 1907 2700 1962 oblectent
2729 1907 2952 1962 hilarem
2983 1907 3049 1960 de
3077 1905 3264 1962 funere
3287 1905 3522 1975 plebem.

1567 2041 1854 2099 GLOSSA‘I
1896 2042 2228 2099 VETERES.

327 2187 454 2243 554.
484 2184 595 2240 Nec
621 2181 862 2240 turbidus
885 2182 1098 2247 humor,
1133 2181 1278 2250 origo
1301 2186 1478 2234 nostra
1508 2195 1636 2250 pura
1679 2187 1726 2231 rt
1755 2179 1834 2232 in-

254 2257 548 2322 culpabilis,
575 2255 612 2309 Ι.

329 2321 458 2382 557.
493 2322 818 2386 Prazlambit,
849 2329 1116 2392 praenatat,
1138 2321 1188 2392 _l.

331 2398 456 2454 558.
491 2395 723 2454 Olivum,
755 2393 806 2444 in
835 2389 1106 2459 pala’stris,
1137 2390 1180 2455 Ι,
1203 2389 1318 2442 Vat.
1347 2389 1412 2444 A.

330 2467 456 2522 561.
488 2464 650 2526 Circi,
678 2462 788 2514 ludi
813 2461 976 2522 illius.
1009 2461 1048 2514 Ι.

329 2536 451 2590 562.
485 2532 762 2598 Levitatis,
794 2531 1098 2584 velocitatis.
1147 2559 1216 2569 -—
1252 2527 1522 2599 Fragoris,
1557 2528 1837 2582 inordinati

255 2607 392 2666 soni,
423 2606 462 2658 l.

331 2675 456 2728 565.
499 2673 675 2739 Inops,
706 2672 861 2726 iners.
903 2670 944 2723 Ι.

328 2745 454 2798 56ε.
487 2742 694 2804 lnfami,
726 2742 882 2808 turpi.
907 2769 977 2779 —
1005 2740 1230 2807 Donum,
1263 2755 1438 2806 equus,
1477 2740 1517 2792 l.

327 2814 456 2868 565.
485 2811 932 2874 Lacedaemonias,
957 2809 1361 2874 Lacedreinonia,
1380 2811 1492 2876 ipsa
1515 2819 1586 2862 est
1614 2808 1830 2876 Sparta,

252 2887 435 2940 civitas
457 2880 686 2947 erciaz,
709 2881 793 2934 ubi
813 2881 1032 2949 primum
1059 2895 1178 2934 usus
1217 2881 1311 2932 ista
1357 2889 1588 2948 repertus
1631 2891 1728 2934 est.
1766 2907 1830 2918 --

1945 2179 2245 2252 Paliestras,
2278 2179 2609 2246 luctationes;
2661 2194 2818 2250 PALO,
2853 2181 2909 2234 id
2943 2190 3014 2235 est
3041 2183 3182 2252 fugio
3211 2183 3290 2236 uel
3329 2183 3524 2239 luctor:

1939 2251 2056 2301 inde
2083 2251 2356 2317 palmstrw,
2391 2251 2430 2304 Ι.

2009 2319 2136 2374 566.
2167 2319 2419 2386 Succum,
2453 2321 2570 2378 olei.
2605 2321 2738 2374 Mar.

2011 2387 2136 2442 568.
2169 2389 2479 2456 Proseenia,
2529 2391 2810 2454 Vestibula,
2856 2394 2932 2445 vel
2975 2392 3108 2444 atria
3137 2403 3255 2446 ante
3298 2410 3522 2448 scenam.

1946 2455 2271 2532 l’palwstrita,
2304 2462 2640 2532 colluctator;
2685 2464 2950 2532 proscenia
2996 2463 3134 2529 ipsos
3167 2479 3346 2526 iussus
3386 2465 3526 2530 funis

1941 2528 2064 2600 dicit
2083 2531 2384 2600 ,‘proscenia
2411 2539 2456 2582 et
2482 2528 2712 2600 pulpita,
2743 2532 2934 2600 gradus
2977 2528 3170 2598 secure;
3197 2535 3263 2588 de
3293 2528 3524 2588 suum-

1943 2599 2106 2668 batis,
2130 2599 2185 2650 id
2224 2611 2297 2652 est
2327 2599 2662 2668 funambulis,
2695 2601 2734 2654 l.

2015 2667 2140 2722 569.
2169 2667 2353 2734 Feras,
2387 2686 2562 2736 equos.
2591 2701 2662 2710 —
2695 2672 2929 2739 Volucri,
2957 2673 3136 2736 veloci,
3165 2675 3202 2727 Ι.

2013 2739 2138 2810 570.
2175 2739 2510 2810 Discrimina,
2537 2741 2788 2810 pericula,
2835 2743 2876 2796 l.

2015 2809 2140 2880 ξηι.
2176 2809 2315 2880 Edit,
2341 2809 2552 2880 profert,
2577 2811 2757 2874 cernit,
2793 2813 2830 2864 Ι.

2019 2878 2144 2932 572.
2187 2878 2486 2947 Publicum,
2517 2881 2718 2938 venale.
2746 2881 2849 2936 lso.

1627 3033 1814 3089 COMM
1823 3033 1994 3088 l-ZNTA
2005 3035 2182 3091 RIUS.

329 3175 458 3230 548.
491 3173 611 3228 Vat.
645 3173 712 3236 A,
740 3174 877 3240 fecit,
907 3182 1094 3227 contra
1127 3183 1377 3228 metrum.

329 3246 457 3298 550.
492 3246 634 3307 llat.,
668 3259 756 3296 nec
787 3255 970 3296 tamen.

333 3315 460 3368 551.
493 3313 675 3381 Prag.,
699 3313 843 3365 nullri
869 3313 988 3366 sine
1009 3321 1099 3365 est.
1127 3313 1366 3366 Clericus
1406 3325 1651 3365 asserere
1680 3326 1839 3368 ausus

261 3395 346 3442 est
374 3384 624 3438 Niczenos
675 3383 860 3434 Patres
890 3383 1018 3436 nihil
1051 3383 1193 3436 aliud
1225 3393 1410 3436 contra
1439 3382 1620 3435 Arium
1647 3383 1838 3436 defini-

259 3457 428 3520 visse,
475 3452 580 3505 nisi
623 3451 950 3504 divinitatem
986 3467 1089 3504 non
1133 3454 1185 3506 in
1226 3462 1333 3506 tres
1375 3452 1602 3505 diversa:
1641 3453 1838 3518 speciei

258 3535 500 3586 naturas,
535 3520 632 3574 sed
667 3521 718 3573 in
755 3529 862 3573 tres
901 3520 1134 3588 ejusdem
1181 3521 1362 3574 formae
1389 3529 1443 3574 ct
1491 3521 1708 3586 aequalis
1747 3537 1837 3576 or-

259 3595 404 3649 dinis
433 3591 694 3646 essentias
735 3603 856 3642 esse
896 3591 1199 3654 diductam;
1232 3601 1284 3644 et
1323 3591 1580 3644 vocabulo
1611 3591 1838 3645 homon-

259 3667 381 3719 sion
443 3663 613 3714 solum
665 3659 952 3726 significari
1003 3662 1314 3714 substantiae
1372 3661 1728 3726 :equalitatem
1785 3671 1838 3716 et

259 3751 294 3787 ιι
316 3744 472 3786 ,ιιιτω
502 3729 900 3782 similitudinem
933 3732 1212 3796 quamdam
1239 3745 1334 3784 seu
1357 3731 1694 3793 affinitatem,
1728 3745 1833 3784 non

257 3818 392 3856 vero
424 3799 773 3868 identitatem.
823 3799 1077 3868 Eamdem
1125 3799 1486 3868 impudentem
1527 3799 1834 3867 opinionem

257 3871 501 3926 inculcat
531 3869 582 3921 in
609 3867 728 3920 Vita
761 3867 1054 3932 Prudentii,
1095 3867 1226 3922 toni.
1277 3869 1366 3921 ΧΠ
1410 3869 1542 3922 Bibl.
1597 3869 1830 3924 univers.

255 3943 352 3997 Ait
383 3939 654 4002 nimirum,
677 3935 1022 3991 Prudentium
1045 3936 1147 3991 hoc
1167 3952 1321 3990 versu
1347 3951 1564 4004 negare,
1587 3952 1706 3992 esse
1729 3949 1836 3992 tres

257 4011 499 4066 artifices
529 4023 726 4072 rerum,
751 4008 928 4074 specie
955 4009 1056 4061 seu
1072 4021 1269 4075 genere
1295 4006 1566 4060 diversos:
1598 4009 1834 4074 quoniam

257 4082 460 4148 generis
510 4079 752 4148 dissensio
795 4077 936 4148 nulla
973 4086 1063 4128 est.
1128 4075 1264 4148 Quid
1311 4075 1756 4148 magisialienum
1803 4094 1832 4130 a

257 4141 540 4205 l’rudentii
573 4156 751 4199 mente
782 4147 902 4213 fingi
929 4145 1144 4213 potest?
1171 4144 1358 4198 Nonne
1380 4141 1675 4215 siepissime
1705 4147 1836 4200 Pru-

263 4223 484 4274 dentius
513 4233 668 4286 genus
716 4230 810 4281 pro
859 4227 1041 4286 natura
1077 4216 1318 4286 accipit?
1359 4231 1536 4269 nonne
1580 4225 1695 4286 toto
1735 4218 1834 4270 hoc

254 4291 398 4344 libro
445 4288 500 4340 in
546 4301 610 4339 eo
655 4295 738 4338 est
783 4295 838 4338 ut
881 4285 1068 4352 probet
1110 4285 1354 4339 eamdem
1409 4299 1528 4338 esse
1576 4285 1626 4338 in
1665 4287 1834 4340 trihus

257 4359 509 4426 personis
537 4364 800 4426 naturam,
831 4363 893 4426 et,
915 4369 1029 4426 non
1069 4369 1227 4421 posse
1258 4355 1391 4408 duos
1422 4355 1834 4426 naturardistin-

253 4423 376 4482 ctos
407 4427 538 4480 deos
560 4425 852 4478 consistere
881 4425 902 4476 τ
935 4423 1068 4477 Vide
1097 4439 1256 4492 supra
1282 4439 1422 4478 vers.
1463 4423 1564 4477 d7:
1595 4425 1740 4477 Ausit
1789 4435 1834 4478 et

255 4500 418 4550 unius
446 4505 637 4547 natura:
675 4493 899 4546 scindere
923 4493 1070 4546 vires.
1097 4491 1266 4546 tum
1294 4509 1388 4558 pro
1412 4505 1594 4546 natura
1621 4495 1687 4546 ab
1715 4495 1832 4548 aliis

252 4569 418 4621 etiam
453 4562 612 4627 sumi,
669 4563 842 4616 notavi
901 4564 969 4630 ad
1007 4579 1146 4617 vers.
1178 4562 1262 4616 55.
1297 4565 1494 4616 Confer
1522 4581 1639 4630 qua:
1667 4565 1830 4618 Joan-

254 4651 354 4690 nes
390 4635 602 4688 Lamius
629 4634 882 4685 adversus
911 4629 1103 4686 Clerici
1135 4633 1318 4685 Artem
1342 4629 1580 4686 criticam
1611 4635 1828 4688 disserit

253 4709 306 4760 in
339 4706 610 4758 disSettat.
643 4703 709 4755 de
737 4702 899 4754 iiecta
931 4703 1146 4756 Patrum
1185 4703 1520 4757 Nicacnorunt
1551 4705 1702 4769 Fide,
1739 4705 1826 4756 ubi

251 4776 734 4845 egregiepostrtnn
767 4783 974 4845 poetam
1003 4771 1257 4826 defendit.

323 4843 450 4898 555.
481 4843 613 4909 Prag
641 4881 656 4905 ,
689 4842 1350 4910 peperitquoniamomnia.
1383 4842 1508 4896 Mar.
1539 4858 1566 4895 a
1598 4844 1828 4896 secunda

251 4929 440 4976 manu,
469 4913 644 4980 Egm.,
682 4911 832 4971 lt‘ab.,
865 4909 978 4964 Gis.
1013 4912 1076 4964 ad
1101 4927 1270 4978 oram,
1309 4911 1460 4974 Urb.,
1515 4915 1823 4979 peperitque.

251 4985 531 5039 Giselinus
552 4981 600 5033 in
620 4989 894 5043 contextu.
915 4983 1102 5050 peperit
1127 4981 1256 5034 bona
1272 4997 1387 5034 nam
1406 4983 1597 5034 omnia.
1625 4981 1827 5034 Vetusti

249 5055 342 5107 alii
373 5051 564 5120 peperit
592 5049 720 5103 bona
764 5049 1109 5122 onmia,’non
1164 5051 1294 5106 eliso
1336 5069 1366 5103 a
1411 5051 1462 5104 in
1511 5051 1660 5114 bona,
1687 5050 1827 5119 quod

249 5123 548 5178 l’rudentio
575 5135 678 5173 non
707 5135 828 5175 esse
857 5123 1092 5176 insolens
1116 5123 1264 5174 tnulti
1297 5131 1502 5188 putant.

323 5193 450 5246 557.
483 5192 660 5258 l’rag.,
687 5191 803 5246 Vat.
830 5193 895 5258 A,
917 5207 943 5242 a
971 5193 1198 5245 secunda
1228 5207 1409 5258 manu,
1441 5193 1572 5246 Mar.
1601 5209 1627 5244 a
1658 5193 1824 5259 prima

247 5277 438 5324 manu,
469 5261 688 5314 sordent.
745 5261 873 5327 Alii,
923 5261 1114 5326 sordet,
1141 5263 1281 5329 quod
1326 5263 1505 5316 sensui
1555 5265 1825 5316 convenit.

251 5333 432 5386 Verbo
460 5329 736 5400 prwlambo
765 5331 899 5383 alias
926 5347 1053 5384 usus
1081 5343 1162 5385 eet
1187 5343 1360 5399 poeta.
1391 5332 1655 5392 Lambere,
1693 5349 1828 5385 mor-

237 5405 394 5468 dere,
423 5401 690 5469 stringere,
722 5401 922 5466 radere,
957 5401 1156 5468 passim
1203 5402 1508 5456 [luminibus
1551 5401 1820 5455 tribuitur.

317 5472 446 5526 561.
479 5471 675 5540 Aldus,
700 5470 860 5536 male,
894 5486 1012 5522 nece
1034 5487 1146 5522 cum
1177 5487 1271 5540 pro
1300 5489 1391 5524 nec
1421 5487 1622 5540 equum.
1656 5473 1822 5525 Isido-

231 5557 340 5598 rus
369 5541 462 5593 lib.
495 5555 622 5593 xvnt
653 5539 854 5608 Etym.,
892 5555 1010 5607 cap.
1045 5541 1151 5595 59:
1184 5539 1336 5594 Nihil
1359 5539 1468 5594 esse
1505 5541 1644 5593 debet
1675 5541 1821 5594 Chri-

225 5624 416 5666 ειιαηο
437 5625 553 5662 cum
581 5626 792 5662 ανεεηδι
813 5626 1036 5663 insania.

313 5679 444 5736 562.
480 5681 591 5733 Duo
619 5679 892 5732 veterrimi
924 5679 1395 5808 lleinsianiﬁiotq
1425 5681 1602 5747 Alcm,
1634 5680 1818 5744 rabidi,

318 5753 386 5806 od
403 5751 456 5805 in
479 5747 1216 5808 ChamillardodisnlicuitGa
1261 5750 1441 5806 audio.
1469 5751 1600 5806 Mar.
1621 5761 1818 5808 utrum-

221 5751 456 5822 quodin
479 5747 1441 5820 ChamillardodisplicuitGallandio.
1469 5751 1600 5806 Mar.
1621 5761 1822 5808 utrum-

1864 3173 1909 3234 ρ
1943 3185 2073 3238 que,
2098 3167 2266 3240 rabidi
2311 3177 2369 3240 et._
2412 3168 2604 3240 rapidi.
2653 3168 2756 3223 Alii
2789 3169 3046 3239 plerique,
3077 3173 3266 3240 rapidi.
3325 3175 3524 3230 S'atins

1947 3236 2039 3294 lib.
2063 3253 2118 3310 in
2141 3238 2272 3310 Silv.
2305 3237 2371 3291 ad
2402 3236 2696 3306 Claudiam,
2743 3255 2834 3294 nec
2878 3236 2966 3295 aut
3015 3236 3186 3310 rapidi
3232 3249 3448 3300 mulcent
3477 3259 3525 3301 te

1943 3308 2124 3379 praelia
2144 3308 2284 3379 c_t'_r_ci.

2013 3379 2144 3455 565ἶ
2161 3375 2348 3455 Weit_.,
2378 3376 2838 3455 Lacedarmonicas.
2887 3380 2962 3432 De
3011 3383 3092 3436 his
3127 3381 3437 3455 Propertius
3469 3400 3524 3441 et.

1941 3449 2052 3525 alii.
2079 3447 2526 3525 _Ety_mologi_atii,
2567 3463 2727 3525 quam
2772 3452 2953 3518 glossa
2991 3447 3524 3525 attingitfexplanat

1941 3516 2292 3586 Serviusilib.
2327 3532 2362 3570 ιι
2391 3516 2720 3586 Georgicum.

2171 3585 2796 3663 lli_Terentiolv_o_can-t_ur
2822 3590 3133 3663 [u_nainbuli,
3168 3594 3288 3647 aliis
3328 3597 3520 3663 {unire-

1940 3659 2012 3726 pi,
2040 3657 2159 3709 aliis
2182 3655 2536 3709 sclimnobatte.
2563 3656 2806 3712 Manilius
2831 3661 2923 3712 lib.
2951 3678 2980 3714 v
3003 3655 3190 3716 eorum
3223 3655 3394 3719 artém
3427 3665 3520 3720 de-

1943 3727 2149 3781 scribit.

2011 3795 2134 3850 569.
2165 3794 2434 3850 Giselinus
2462 3795 2697 3849 auditum
2726 3812 2754 3850 a
2785 3811 2845 3852 se
2873 3799 3057 3863 refert,
3100 3802 3398 3858 istiusmodi
3433 3807 3519 3860 lu-

1941 3866 2065 3918 dum
2097 3864 2235 3938 apud
2273 3865 2430 3917 italos
2471 3879 2664 3938 magno
2693 3881 2814 3938 esse
2855 3868 2925 3938 in_
2954 3872 3151 3936 pretio,
3184 3887 3290 3938 quo
3338 3883 3519 3928 tauros

1940 3935 2259 3988 acuminatis
2301 3943 2355 3986 et
2395 3933 2708 3987 ardentibus
2737 3933 2968 3990 calamis
3000 3933 3414 3996 exstitnitlantes
3463 3947 3514 3997 in

1939 4005 2139 4058 rabiem
2164 4011 2344 4080 agunt.
2381 4002 2576 4080 Verum
2605 4003 2650 4080 si
2693 4019 2794 4080 qua
2823 4015 2906 4080 est
2942 4021 3002 4059 ea
3032 4009 3222 4075 gloria,
3257 4012 3518 4080 Hispano-

1939 4089 2056 4127 rum
2086 4073 2294 4150 propria
2315 4083 2420 4150 est.
2445 4071 2574 4150 Vide
2596 4071 2718 4150 ejus
2752 4074 2868 4150 Indi
2893 4071 3157 4150 amoenam
3176 4071 3514 4150 descriptio-

1941 4160 2060 4198 nrm
2095 4146 2142 4196 in
2179 4142 2384 4196 i’t'tBt‘liO
2409 4143 2606 4196 rustico
2655 4143 2890 4198 Vanieri.
2935 4146 3130 4202 Confer
3163 4142 3514 4207 Claudianum

1938 4213 2213 4287 cumuli,
2243 4227 2383 4287 vers.
2408 4211 2512 4266 294
2536 4221 2590 4287 et
2617 4227 2765 4282 seqq.
2791 4215 2856 4287 de
2887 4231 2990 4287 pou
3015 4233 3078 4285 pa
3101 4221 3517 4287 amphitheatra-

1939 4281 2513 4358 l!,_ct_Cassi_odornni_
2537 4281 2712 4358 tib._v,
2737 4281 2904 4358 epist.
2923 4281 3204 4358 _Tlteodori
3238 4294 3378 4358 regis
3417 4293 3510 4358 42,

1939 4353 2028 4406 ubi
2054 4353 2201 4418 plura
2229 4351 2294 4404 de
2317 4352 2622 4422 sintiltiludo
2640 4351 2691 4404 in
2716 4355 3106 4420 amphitheatro
3133 4351 3370 4414 Romano
3385 4351 3512 4422 Titi,

1937 4431 1992 4476 et
2019 4423 2134 4494 hinc
2163 4422 2229 4474 de
2258 4421 2428 4494 saltu:
2458 4421 2608 4494 Tum:
2647 4424 2698 4474 in
2743 4439 2858 4476 aere
2877 4425 3014 4478 saltu
3040 4431 3270 4494 corporis
3297 4421 3509 4494 elevato,

1936 4493 2082 4566 quasi
2113 4500 2270 4544 restes
2300 4491 2565 4544 levissima:
2603 4495 2838 4560 supinata
2878 4501 3098 4566 mrmbm
3192 4499 3418 4563 cientur,
3467 4491 3516 4554 et

1938 4563 2326 4634 quidamarcus
2352 4577 2628 4634 corporeus
2669 4580 2824 4634 supra
2867 4565 3082 4617 bellttam
3123 4563 3358 4634 latratus,
3387 4571 3512 4623 dum

1933 4647 2104 4706 moras
2138 4630 2431 4684 discedendi
2475 4631 2618 4699 facit,
2650 4634 2740 4684 sub
2777 4631 2884 4702 ipso
2931 4637 3166 4690 velocitas
3197 4630 3364 4706 ferina
3407 4642 3512 4695 dis-

1932 4702 2082 4754 cedit.

2003 4773 2130 4844 37f).
2167 4772 2311 4844 Ριιι.ἲ
2363 4771 2688 4844 ΙῖυιηήΜςιτ.
2726 4787 2752 4824 a
2798 4775 2962 4842 prima
2996 4793 3175 4840 manu,
3215 4795 3510 4844 consensus,

1934 4841 2076 4909 quod
2116 4843 2445 4894 recentiores
2469 4841 2703 4894 editores
2759 4841 2906 4912 sequi
2951 4848 3275 4902 maluerunt.
3327 4841 3512 4904 Teneo

1935 4927 2200 4986 consessus
2224 4927 2343 4963 cum
2374 4912 2554 4986 Ales"
2591 4912 2706 4964 Val.
2739 4915 2805 4976 A,
2838 4915 3010 4984 l’rag.,
3043 4919 3169 4972 Urb.
3211 4930 3264 4972 et
3318 4919 3510 4986 pleris-

1933 4981 2360 5054 qtte_:tliis,_cum
2385 4983 2562 5038 editis.
2600 4993 2708 5034 tum
2741 4998 2868 5037 mss.
2917 4981 3075 5054 codd.
3123 4981 3372 5054 Virgilius
3419 4991 3510 5042 ιιι».

1932 5066 1964 5100 ν
1987 5051 2148 5104 ΑΞηά
2180 5050 2354 5104 Circus
2400 5065 2526 5112 erat,
2555 5069 2653 5116 quo
2681 5069 2732 5106 se
2764 5056 2935 5107 multis
2957 5053 3070 5108 curii
3111 5050 3332 5112 millibus
3361 5061 3510 5111 heros

1934 5119 2180 5174 Consessu
2219 5122 2382 5173 medio
2408 5124 2544 5188 tulit,
2571 5130 2915 5192 exstructoque
2953 5127 3255 5192 resedit”...
3306 5127 3406 5179 llic
3434 5138 3509 5178 to-

1934 5201 2048 5262 tum
2091 5207 2252 5244 cavere
2281 5183 2572 5244 consessum
2605 5183 2941 5258 ingcitlisi....
2975 5183 3280 5248 Qamoribus
3309 5197 3504 5262 implet.

1935 5260 2138 5314 Omitto
2189 5263 2504 5316 CICCI‘OIICIII
2546 5271 2600 5314 et
2642 5263 2795 5314 alios.
2847 5265 3166 5316 Prudentius
3213 5267 3329 5330 ipse
3380 5260 3414 5316 it
3453 5266 3506 5318 in

1935 5332 2336 5401 Symmachum,
2365 5347 2504 5401 vers.
2543 5330 2705 5384 1090:
2740 5331 2871 5383 Inde
2901 5332 2968 5382 ad
2994 5347 3283 5385 consessum
3322 5349 3505 5390 carem.

1937 5398 2203 5454 Arnobius
2231 5402 2321 5454 ili).
2356 5417 2389 5452 ll
2413 5414 2430 5450 :
2464 5398 2762 5464 Inter/icere
2782 5416 2835 5450 se
2861 5401 2990 5452 alios
3017 5401 3209 5454 nullius
3241 5403 3301 5455 ob
3341 5404 3506 5456 meriti

1932 5487 2160 5532 causam,
2205 5471 2292 5520 sed
2335 5471 2616 5536 ingratam
2671 5469 2981 5535 voluptatem
3023 5485 3394 5526 consessorum.
3445 5474 3504 5527 In

1931 5541 2106 5608 glossa
2131 5541 2244 5608 lege
2272 5555 2284 5590 :
2313 5537 2551 5608 Vienale‘,
2565 5536 2859 5608 publicum.

2001 5610 2124 5662 574.
2157 5607 2301 5668 Put.,
2331 5606 2474 5666 Ald.,
2500 5603 2740 5670 hilaram,
2768 5621 2889 5660 cum
2919 5609 3142 5663 Alex.et
3163 5611 3278 5664 Vat.
3303 5611 3504 5674 A;quo

1931 5686 2136 5748 spectat
2166 5678 2340 5748 Egm_.,
2363 5674 2637 5748 philarnrn.
2665 5677 2790 5746 Alii,
2825 5679 3064 5748 hilarem,
3116 5689 3170 5736 et
3213 5697 3278 5736 ex
3306 5677 3503 5735 nostris

1930 5748 2086 5812 Man,
2115 5747 2258 5816 ιω,
2291 5745 2467 5814 l’rag.,
2503 5743 2628 5800 Utb.
