  <div class='ocr_page' id='page_1' title='image "/cluster/home/n/w/nwhite01/storage/ocr_20150623/59/hvd.32044073505117/527.png"; bbox 0 0 4090 6192; ppageno 0'>
   <div class='ocr_carea' id='block_1_1' title="bbox 616 372 749 431">
    <p class='ocr_par' dir='ltr' id='par_1_1' title="bbox 616 372 749 431">
     <span class='ocr_line' id='line_1_1' title="bbox 616 372 749 431; baseline -0.008 -3"><span class='ocrx_word' id='word_1_1' title='bbox 616 372 749 431; x_wconf 80' lang='grc'><strong>1059</strong></span> 
     </span>
    </p>
   </div>
   <div class='ocr_carea' id='block_1_2' title="bbox 614 475 2029 545">
    <p class='ocr_par' dir='ltr' id='par_1_2' title="bbox 614 475 2029 545">
     <span class='ocr_line' id='line_1_2' title="bbox 614 475 2029 545; baseline -0.007 -6"><span class='ocrx_word' id='word_1_2' title='bbox 614 486 714 540; x_wconf 75' lang='lat'><strong>573</strong></span> <span class='ocrx_word' id='word_1_3' title='bbox 786 480 925 536; x_wconf 82' lang='lat' dir='ltr'><strong>Mille</strong></span> <span class='ocrx_word' id='word_1_4' title='bbox 949 480 1046 533; x_wconf 89' lang='lat' dir='ltr'><strong>alia</strong></span> <span class='ocrx_word' id='word_1_5' title='bbox 1071 476 1246 532; x_wconf 86' lang='lat' dir='ltr'><strong>stolidi</strong></span> <span class='ocrx_word' id='word_1_6' title='bbox 1290 475 1598 531; x_wconf 75' lang='lat' dir='ltr'><strong>bacchantia</strong></span> <span class='ocrx_word' id='word_1_7' title='bbox 1622 475 1807 545; x_wconf 87' lang='lat' dir='ltr'><strong>gaudia</strong></span> <span class='ocrx_word' id='word_1_8' title='bbox 1847 476 2029 529; x_wconf 89' lang='lat' dir='ltr'><strong>mundi</strong></span> 
     </span>
    </p>
   </div>
   <div class='ocr_carea' id='block_1_3' title="bbox 791 566 2112 637">
    <p class='ocr_par' dir='ltr' id='par_1_3' title="bbox 791 566 2112 637">
     <span class='ocr_line' id='line_1_3' title="bbox 791 566 2112 637; baseline -0.005 -10"><span class='ocrx_word' id='word_1_9' title='bbox 791 573 1114 627; x_wconf 83' lang='lat' dir='ltr'><strong>Perccnsere</strong></span> <span class='ocrx_word' id='word_1_10' title='bbox 1160 569 1339 637; x_wconf 89' lang='lat' dir='ltr'><strong>piget:</strong></span> <span class='ocrx_word' id='word_1_11' title='bbox 1365 581 1482 635; x_wconf 70' lang='lat' dir='ltr'><strong>quae</strong></span> <span class='ocrx_word' id='word_1_12' title='bbox 1524 567 1632 619; x_wconf 91' lang='lat' dir='ltr'><strong>veri</strong></span> <span class='ocrx_word' id='word_1_13' title='bbox 1662 566 1825 621; x_wconf 87' lang='lat' dir='ltr'><strong>oblita</strong></span> <span class='ocrx_word' id='word_1_14' title='bbox 1854 567 2112 621; x_wconf 80' lang='lat' dir='ltr'><strong>Tonantis</strong></span> 
     </span>
    </p>
   </div>
   <div class='ocr_carea' id='block_1_4' title="bbox 795 656 2084 715">
    <p class='ocr_par' dir='ltr' id='par_1_4' title="bbox 795 656 2084 715">
     <span class='ocr_line' id='line_1_4' title="bbox 795 656 2084 715; baseline -0.005 0"><span class='ocrx_word' id='word_1_15' title='bbox 795 663 1090 715; x_wconf 90' lang='lat' dir='ltr'><strong>Humanum</strong></span> <span class='ocrx_word' id='word_1_16' title='bbox 1119 658 1331 713; x_wconf 87' lang='lat' dir='ltr'><strong>miseris</strong></span> <span class='ocrx_word' id='word_1_17' title='bbox 1360 656 1576 710; x_wconf 83' lang='lat' dir='ltr'><strong>volvunt</strong></span> <span class='ocrx_word' id='word_1_18' title='bbox 1597 657 1866 710; x_wconf 84' lang='lat' dir='ltr'><strong>erroribus</strong></span> <span class='ocrx_word' id='word_1_19' title='bbox 1892 672 2084 710; x_wconf 73' lang='lat' dir='ltr'><strong>terum.</strong></span> 
     </span>
    </p>
   </div>
   <div class='ocr_carea' id='block_1_5' title="bbox 791 744 2181 815">
    <p class='ocr_par' dir='ltr' id='par_1_5' title="bbox 791 744 2181 815">
     <span class='ocr_line' id='line_1_5' title="bbox 791 744 2181 815; baseline -0.004 -10"><span class='ocrx_word' id='word_1_20' title='bbox 791 751 958 805; x_wconf 86' lang='lat' dir='ltr'><strong>Nemo</strong></span> <span class='ocrx_word' id='word_1_21' title='bbox 988 749 1223 802; x_wconf 90' lang='lat' dir='ltr'><strong>animum</strong></span> <span class='ocrx_word' id='word_1_22' title='bbox 1252 746 1451 802; x_wconf 86' lang='lat' dir='ltr'><strong>summi</strong></span> <span class='ocrx_word' id='word_1_23' title='bbox 1488 759 1780 800; x_wconf 87' lang='lat' dir='ltr'><strong>memorem</strong></span> <span class='ocrx_word' id='word_1_24' title='bbox 1818 746 2079 815; x_wconf 83' lang='lat' dir='ltr'><strong>genitoris</strong></span> <span class='ocrx_word' id='word_1_25' title='bbox 2128 744 2181 799; x_wconf 90' lang='lat' dir='ltr'><strong>in</strong></span> 
     </span>
    </p>
   </div>
   <div class='ocr_carea' id='block_1_6' title="bbox 1909 836 2112 908">
    <p class='ocr_par' dir='ltr' id='par_1_6' title="bbox 1909 836 2112 908">
     <span class='ocr_line' id='line_1_6' title="bbox 1909 836 2112 908; baseline 0.005 -19"><span class='ocrx_word' id='word_1_26' title='bbox 1909 836 1928 908; x_wconf 95' lang='lat'>[</span> <span class='ocrx_word' id='word_1_27' title='bbox 1948 836 2112 891; x_wconf 89' lang='lat' dir='ltr'><strong>altum</strong></span> 
     </span>
    </p>
   </div>
   <div class='ocr_carea' id='block_1_7' title="bbox 790 924 1985 996">
    <p class='ocr_par' dir='ltr' id='par_1_7' title="bbox 790 924 1985 996">
     <span class='ocr_line' id='line_1_7' title="bbox 790 924 1985 996; baseline -0.006 -11"><span class='ocrx_word' id='word_1_28' title='bbox 790 930 1020 996; x_wconf 79' lang='lat' dir='ltr'><strong>Excitat,</strong></span> <span class='ocrx_word' id='word_1_29' title='bbox 1050 928 1115 982; x_wconf 91' lang='lat' dir='ltr'><strong>ad</strong></span> <span class='ocrx_word' id='word_1_30' title='bbox 1138 928 1329 982; x_wconf 73' lang='lat' dir='ltr'><strong>cmlum</strong></span> <span class='ocrx_word' id='word_1_31' title='bbox 1353 926 1513 980; x_wconf 90' lang='lat' dir='ltr'><strong>mittit</strong></span> <span class='ocrx_word' id='word_1_32' title='bbox 1537 924 1766 994; x_wconf 91' lang='lat' dir='ltr'><strong>suspiria</strong></span> <span class='ocrx_word' id='word_1_33' title='bbox 1792 940 1949 979; x_wconf 85' lang='lat' dir='ltr'><strong>nemo</strong></span> <span class='ocrx_word' id='word_1_34' title='bbox 1973 942 1985 978; x_wconf 92' lang='lat'><strong>:</strong></span> 
     </span>
    </p>
   </div>
   <div class='ocr_carea' id='block_1_8' title="bbox 791 1016 2184 1092">
    <p class='ocr_par' dir='ltr' id='par_1_8' title="bbox 791 1016 2184 1092">
     <span class='ocr_line' id='line_1_8' title="bbox 791 1016 2184 1092; baseline -0.004 -15"><span class='ocrx_word' id='word_1_35' title='bbox 791 1022 952 1092; x_wconf 78' lang='lat'><strong>529</strong></span> <span class='ocrx_word' id='word_1_36' title='bbox 971 1021 1077 1074; x_wconf 87' lang='lat' dir='ltr'><strong>Nec</strong></span> <span class='ocrx_word' id='word_1_37' title='bbox 1099 1020 1341 1073; x_wconf 89' lang='lat' dir='ltr'><strong>recolens</strong></span> <span class='ocrx_word' id='word_1_38' title='bbox 1356 1017 1558 1087; x_wconf 87' lang='lat' dir='ltr'><strong>apicem</strong></span> <span class='ocrx_word' id='word_1_39' title='bbox 1576 1017 1692 1071; x_wconf 92' lang='lat' dir='ltr'><strong>solii</strong></span> <span class='ocrx_word' id='word_1_40' title='bbox 1717 1016 1907 1071; x_wconf 87' lang='lat' dir='ltr'><strong>natalis</strong></span> <span class='ocrx_word' id='word_1_41' title='bbox 1922 1018 1985 1071; x_wconf 89' lang='lat' dir='ltr'><strong>ad</strong></span> <span class='ocrx_word' id='word_1_42' title='bbox 2012 1018 2184 1087; x_wconf 91' lang='lat' dir='ltr'><strong>ipsum</strong></span> 
     </span>
    </p>
   </div>
   <div class='ocr_carea' id='block_1_9' title="bbox 799 1108 2181 1180">
    <p class='ocr_par' dir='ltr' id='par_1_9' title="bbox 799 1108 2181 1180">
     <span class='ocr_line' id='line_1_9' title="bbox 799 1108 2181 1180; baseline -0.003 -15"><span class='ocrx_word' id='word_1_43' title='bbox 799 1112 1029 1180; x_wconf 79' lang='lat' dir='ltr'><strong>Respicit</strong></span> <span class='ocrx_word' id='word_1_44' title='bbox 1049 1118 1345 1174; x_wconf 84' lang='lat' dir='ltr'><strong>auctorem,</strong></span> <span class='ocrx_word' id='word_1_45' title='bbox 1370 1123 1467 1163; x_wconf 88' lang='lat' dir='ltr'><strong>nec</strong></span> <span class='ocrx_word' id='word_1_46' title='bbox 1493 1122 1643 1177; x_wconf 74' lang='lat' dir='ltr'><strong>Spem</strong></span> <span class='ocrx_word' id='word_1_47' title='bbox 1666 1121 1827 1175; x_wconf 87' lang='lat' dir='ltr'><strong>super</strong></span> <span class='ocrx_word' id='word_1_48' title='bbox 1846 1122 1967 1161; x_wconf 89' lang='lat' dir='ltr'><strong>aera</strong></span> <span class='ocrx_word' id='word_1_49' title='bbox 1993 1108 2181 1162; x_wconf 86' lang='lat' dir='ltr'><strong>librat:</strong></span> 
     </span>
    </p>
   </div>
   <div class='ocr_carea' id='block_1_10' title="bbox 796 1198 2182 1268">
    <p class='ocr_par' dir='ltr' id='par_1_10' title="bbox 796 1198 2182 1268">
     <span class='ocr_line' id='line_1_10' title="bbox 796 1198 2182 1268; baseline -0.004 -13"><span class='ocrx_word' id='word_1_50' title='bbox 796 1200 902 1256; x_wconf 90' lang='lat' dir='ltr'><strong>Sed</strong></span> <span class='ocrx_word' id='word_1_51' title='bbox 933 1208 1161 1254; x_wconf 86' lang='lat' dir='ltr'><strong>mentem</strong></span> <span class='ocrx_word' id='word_1_52' title='bbox 1186 1198 1417 1268; x_wconf 82' lang='lat' dir='ltr'><strong>gravidis</strong></span> <span class='ocrx_word' id='word_1_53' title='bbox 1438 1206 1742 1251; x_wconf 86' lang='lat' dir='ltr'><strong>contentam</strong></span> <span class='ocrx_word' id='word_1_54' title='bbox 1770 1205 1995 1250; x_wconf 91' lang='lat' dir='ltr'><strong>stertere</strong></span> <span class='ocrx_word' id='word_1_55' title='bbox 2020 1198 2182 1267; x_wconf 90' lang='lat' dir='ltr'><strong>curis,</strong></span> 
     </span>
    </p>
   </div>
   <div class='ocr_carea' id='block_1_11' title="bbox 795 1286 2112 1359">
    <p class='ocr_par' dir='ltr' id='par_1_11' title="bbox 795 1286 2112 1359">
     <span class='ocr_line' id='line_1_11' title="bbox 795 1286 2112 1359; baseline -0.003 -15"><span class='ocrx_word' id='word_1_56' title='bbox 795 1289 1014 1359; x_wconf 90' lang='lat' dir='ltr'><strong>lndigno</strong></span> <span class='ocrx_word' id='word_1_57' title='bbox 1045 1288 1223 1343; x_wconf 87' lang='lat' dir='ltr'><strong>subdit</strong></span> <span class='ocrx_word' id='word_1_58' title='bbox 1261 1287 1498 1351; x_wconf 89' lang='lat' dir='ltr'><strong>domino,</strong></span> <span class='ocrx_word' id='word_1_59' title='bbox 1533 1286 1874 1353; x_wconf 91' lang='lat' dir='ltr'><strong>perituraque</strong></span> <span class='ocrx_word' id='word_1_60' title='bbox 1904 1300 2112 1354; x_wconf 88' lang='lat' dir='ltr'><strong>pronus</strong></span> 
     </span>
    </p>
   </div>
   <div class='ocr_carea' id='block_1_12' title="bbox 804 1376 2008 1449">
    <p class='ocr_par' dir='ltr' id='par_1_12' title="bbox 804 1376 2008 1449">
     <span class='ocr_line' id='line_1_12' title="bbox 804 1376 2008 1449; baseline -0.005 -16"><span class='ocrx_word' id='word_1_61' title='bbox 804 1380 1004 1449; x_wconf 89' lang='lat' dir='ltr'><strong>Diligit,</strong></span> <span class='ocrx_word' id='word_1_62' title='bbox 1029 1388 1083 1433; x_wconf 91' lang='lat' dir='ltr'><strong>et</strong></span> <span class='ocrx_word' id='word_1_63' title='bbox 1111 1392 1281 1432; x_wconf 90' lang='lat' dir='ltr'><strong>curvo</strong></span> <span class='ocrx_word' id='word_1_64' title='bbox 1309 1378 1501 1444; x_wconf 72' lang='lat' dir='ltr'><strong>qumrit</strong></span> <span class='ocrx_word' id='word_1_65' title='bbox 1530 1376 1801 1429; x_wconf 75' lang='lat' dir='ltr'><strong>terresrria</strong></span> <span class='ocrx_word' id='word_1_66' title='bbox 1828 1390 2008 1429; x_wconf 89' lang='lat' dir='ltr'><strong>sensu.</strong></span> 
     </span>
    </p>
   </div>
   <div class='ocr_carea' id='block_1_13' title="bbox 796 1464 2184 1537">
    <p class='ocr_par' dir='ltr' id='par_1_13' title="bbox 796 1464 2184 1537">
     <span class='ocr_line' id='line_1_13' title="bbox 796 1464 2184 1537; baseline -0.003 -13"><span class='ocrx_word' id='word_1_67' title='bbox 796 1470 909 1524; x_wconf 83' lang='lat' dir='ltr'><strong>Hoc</strong></span> <span class='ocrx_word' id='word_1_68' title='bbox 955 1468 1253 1537; x_wconf 90' lang='lat' dir='ltr'><strong>pulchrum,</strong></span> <span class='ocrx_word' id='word_1_69' title='bbox 1298 1466 1438 1534; x_wconf 90' lang='lat' dir='ltr'><strong>quod</strong></span> <span class='ocrx_word' id='word_1_70' title='bbox 1479 1474 1616 1520; x_wconf 91' lang='lat' dir='ltr'><strong>terra</strong></span> <span class='ocrx_word' id='word_1_71' title='bbox 1649 1464 1814 1533; x_wconf 87' lang='lat' dir='ltr'><strong>parit,</strong></span> <span class='ocrx_word' id='word_1_72' title='bbox 1846 1465 1985 1532; x_wconf 88' lang='lat' dir='ltr'><strong>quod</strong></span> <span class='ocrx_word' id='word_1_73' title='bbox 2020 1468 2184 1533; x_wconf 82' lang='lat' dir='ltr'><strong>gloria</strong></span> 
     </span>
    </p>
   </div>
   <div class='ocr_carea' id='block_1_14' title="bbox 1890 1555 2119 1626">
    <p class='ocr_par' dir='ltr' id='par_1_14' title="bbox 1890 1555 2119 1626">
     <span class='ocr_line' id='line_1_14' title="bbox 1890 1555 2119 1626; baseline -0.004 -16"><span class='ocrx_word' id='word_1_74' title='bbox 1890 1555 2119 1626; x_wconf 75' lang='lat' dir='ltr'><strong>[confert</strong></span> 
     </span>
    </p>
   </div>
   <div class='ocr_carea' id='block_1_15' title="bbox 796 1645 2184 1716">
    <p class='ocr_par' dir='ltr' id='par_1_15' title="bbox 796 1645 2184 1716">
     <span class='ocr_line' id='line_1_15' title="bbox 796 1645 2184 1716; baseline -0.002 -11"><span class='ocrx_word' id='word_1_75' title='bbox 796 1650 1045 1715; x_wconf 89' lang='lat' dir='ltr'><strong>Lubrica,</strong></span> <span class='ocrx_word' id='word_1_76' title='bbox 1065 1646 1404 1703; x_wconf 83' lang='lat' dir='ltr'><strong>commendat</strong></span> <span class='ocrx_word' id='word_1_77' title='bbox 1427 1645 1568 1715; x_wconf 87' lang='lat' dir='ltr'><strong>quod</strong></span> <span class='ocrx_word' id='word_1_78' title='bbox 1594 1645 1888 1714; x_wconf 89' lang='lat' dir='ltr'><strong>perniciosa</strong></span> <span class='ocrx_word' id='word_1_79' title='bbox 1919 1648 2184 1716; x_wconf 76' lang='lat' dir='ltr'><strong>voluptas,</strong></span> 
     </span>
    </p>
   </div>
   <div class='ocr_carea' id='block_1_16' title="bbox 793 1736 2078 1807">
    <p class='ocr_par' dir='ltr' id='par_1_16' title="bbox 793 1736 2078 1807">
     <span class='ocr_line' id='line_1_16' title="bbox 793 1736 2078 1807; baseline -0.001 -15"><span class='ocrx_word' id='word_1_80' title='bbox 793 1741 965 1807; x_wconf 85' lang='lat' dir='ltr'><strong>Quod,</strong></span> <span class='ocrx_word' id='word_1_81' title='bbox 996 1740 1140 1794; x_wconf 89' lang='lat' dir='ltr'><strong>velut</strong></span> <span class='ocrx_word' id='word_1_82' title='bbox 1161 1737 1366 1792; x_wconf 78' lang='lat' dir='ltr'><strong>excitus</strong></span> <span class='ocrx_word' id='word_1_83' title='bbox 1391 1736 1594 1790; x_wconf 81' lang='lat' dir='ltr'><strong>difﬂato</strong></span> <span class='ocrx_word' id='word_1_84' title='bbox 1625 1737 1843 1805; x_wconf 85' lang='lat' dir='ltr'><strong>pulvere</strong></span> <span class='ocrx_word' id='word_1_85' title='bbox 1866 1746 2078 1801; x_wconf 86' lang='lat' dir='ltr'><strong>ventus,</strong></span> 
     </span>
    </p>
   </div>
   <div class='ocr_carea' id='block_1_17' title="bbox 614 1023 717 1079">
    <p class='ocr_par' dir='ltr' id='par_1_17' title="bbox 614 1023 717 1079">
     <span class='ocr_line' id='line_1_17' title="bbox 614 1023 717 1079; baseline -0.019 0"><span class='ocrx_word' id='word_1_86' title='bbox 614 1023 717 1079; x_wconf 83' lang='grc'>580</span> 
     </span>
    </p>
   </div>
   <div class='ocr_carea' id='block_1_18' title="bbox 791 1828 2261 1904">
    <p class='ocr_par' dir='ltr' id='par_1_18' title="bbox 791 1828 2261 1904">
     <span class='ocr_line' id='line_1_18' title="bbox 791 1828 2261 1904; baseline -0.003 -18"><span class='ocrx_word' id='word_1_87' title='bbox 791 1832 1034 1886; x_wconf 68' lang='lat' dir='ltr'><strong>Prmterit</strong></span> <span class='ocrx_word' id='word_1_88' title='bbox 1066 1874 1080 1899; x_wconf 91' lang='lat'><strong>,</strong></span> <span class='ocrx_word' id='word_1_89' title='bbox 1128 1828 1374 1897; x_wconf 77' lang='lat' dir='ltr'><strong>exemplo</strong></span> <span class='ocrx_word' id='word_1_90' title='bbox 1448 1828 1622 1883; x_wconf 89' lang='lat' dir='ltr'><strong>tenuis</strong></span> <span class='ocrx_word' id='word_1_91' title='bbox 1686 1828 1827 1896; x_wconf 89' lang='lat' dir='ltr'><strong>quod</strong></span> <span class='ocrx_word' id='word_1_92' title='bbox 1894 1828 2182 1882; x_wconf 87' lang='lat' dir='ltr'><strong>transvolat</strong></span> <span class='ocrx_word' id='word_1_93' title='bbox 2214 1843 2261 1904; x_wconf 74' lang='grc' dir='ltr'>Β</span> 
     </span>
    </p>
   </div>
   <div class='ocr_carea' id='block_1_19' title="bbox 1862 1918 2113 1990">
    <p class='ocr_par' dir='ltr' id='par_1_19' title="bbox 1862 1918 2113 1990">
     <span class='ocr_line' id='line_1_19' title="bbox 1862 1918 2113 1990; baseline 0.008 -17"><span class='ocrx_word' id='word_1_94' title='bbox 1862 1918 2113 1990; x_wconf 68' lang='grc' dir='ltr'><strong>[υιηϋι-εε.</strong></span> 
     </span>
    </p>
   </div>
   <div class='ocr_carea' id='block_1_20' title="bbox 1710 364 2741 421">
    <p class='ocr_par' dir='ltr' id='par_1_20' title="bbox 1710 364 2741 421">
     <span class='ocr_line' id='line_1_20' title="bbox 1710 364 2741 421; baseline 0.001 -1"><span class='ocrx_word' id='word_1_95' title='bbox 1710 364 1980 421; x_wconf 80' lang='lat' dir='ltr'><strong>AURELII</strong></span> <span class='ocrx_word' id='word_1_96' title='bbox 2020 364 2380 421; x_wconf 78' lang='lat' dir='ltr'><strong>PRUDENTH</strong></span> <span class='ocrx_word' id='word_1_97' title='bbox 2419 367 2741 421; x_wconf 72' lang='lat' dir='ltr'><strong>CARMINA.</strong></span> 
     </span>
    </p>
   </div>
   <div class='ocr_carea' id='block_1_21' title="bbox 2201 491 2248 543">
    <p class='ocr_par' dir='ltr' id='par_1_21' title="bbox 2201 491 2248 543">
     <span class='ocr_line' id='line_1_21' title="bbox 2201 491 2248 543; baseline 0 0"><span class='ocrx_word' id='word_1_98' title='bbox 2201 491 2248 543; x_wconf 85' lang='lat' dir='ltr'><strong>A</strong></span> 
     </span>
    </p>
   </div>
   <div class='ocr_carea' id='block_1_22' title="bbox 3722 371 3859 431">
    <p class='ocr_par' dir='ltr' id='par_1_22' title="bbox 3722 371 3859 431">
     <span class='ocr_line' id='line_1_22' title="bbox 3722 371 3859 431; baseline 0.022 -3"><span class='ocrx_word' id='word_1_99' title='bbox 3722 371 3859 431; x_wconf 73' lang='grc'><strong>1060</strong></span> 
     </span>
    </p>
   </div>
   <div class='ocr_carea' id='block_1_23' title="bbox 2454 477 3767 556">
    <p class='ocr_par' dir='ltr' id='par_1_23' title="bbox 2454 477 3767 556">
     <span class='ocr_line' id='line_1_23' title="bbox 2454 477 3767 556; baseline 0.008 -24"><span class='ocrx_word' id='word_1_100' title='bbox 2454 478 2545 532; x_wconf 90' lang='lat' dir='ltr'><strong>His</strong></span> <span class='ocrx_word' id='word_1_101' title='bbox 2568 493 2737 548; x_wconf 86' lang='lat' dir='ltr'><strong>aegras</strong></span> <span class='ocrx_word' id='word_1_102' title='bbox 2766 477 2970 535; x_wconf 89' lang='lat' dir='ltr'><strong>animas</strong></span> <span class='ocrx_word' id='word_1_103' title='bbox 3000 479 3307 535; x_wconf 87' lang='lat' dir='ltr'><strong>morborum</strong></span> <span class='ocrx_word' id='word_1_104' title='bbox 3342 482 3582 551; x_wconf 83' lang='lat' dir='ltr'><strong>pestibus</strong></span> <span class='ocrx_word' id='word_1_105' title='bbox 3606 499 3767 556; x_wconf 83' lang='lat' dir='ltr'><strong>urget</strong></span> 
     </span>
    </p>
   </div>
   <div class='ocr_carea' id='block_1_24' title="bbox 2286 566 3859 638">
    <p class='ocr_par' dir='ltr' id='par_1_24' title="bbox 2286 566 3859 638">
     <span class='ocr_line' id='line_1_24' title="bbox 2286 566 3859 638; baseline 0.008 -17"><span class='ocrx_word' id='word_1_106' title='bbox 2286 566 2393 622; x_wconf 84' lang='grc'>590</span> <span class='ocrx_word' id='word_1_107' title='bbox 2466 567 2655 621; x_wconf 80' lang='lat' dir='ltr'><strong>Praedo</strong></span> <span class='ocrx_word' id='word_1_108' title='bbox 2678 577 2899 635; x_wconf 88' lang='lat' dir='ltr'><strong>potens:</strong></span> <span class='ocrx_word' id='word_1_109' title='bbox 2927 567 3099 622; x_wconf 89' lang='lat' dir='ltr'><strong>tacitis</strong></span> <span class='ocrx_word' id='word_1_110' title='bbox 3121 584 3276 638; x_wconf 89' lang='lat' dir='ltr'><strong>quem</strong></span> <span class='ocrx_word' id='word_1_111' title='bbox 3299 571 3503 627; x_wconf 84' lang='lat' dir='ltr'><strong>viribus</strong></span> <span class='ocrx_word' id='word_1_112' title='bbox 3540 574 3859 634; x_wconf 78' lang='lat' dir='ltr'><strong>interfusum</strong></span> 
     </span>
    </p>
   </div>
   <div class='ocr_carea' id='block_1_25' title="bbox 2461 656 3860 724">
    <p class='ocr_par' dir='ltr' id='par_1_25' title="bbox 2461 656 3860 724">
     <span class='ocr_line' id='line_1_25' title="bbox 2461 656 3860 724; baseline 0.007 -11"><span class='ocrx_word' id='word_1_113' title='bbox 2461 656 2637 713; x_wconf 88' lang='lat' dir='ltr'><strong>Corda</strong></span> <span class='ocrx_word' id='word_1_114' title='bbox 2663 656 2852 713; x_wconf 89' lang='lat' dir='ltr'><strong>bibunt</strong></span> <span class='ocrx_word' id='word_1_115' title='bbox 2895 658 3193 712; x_wconf 83' lang='lat' dir='ltr'><strong>hominum.</strong></span> <span class='ocrx_word' id='word_1_116' title='bbox 3245 661 3389 715; x_wconf 81' lang='lat' dir='ltr'><strong>Serit</strong></span> <span class='ocrx_word' id='word_1_117' title='bbox 3417 662 3508 716; x_wconf 91' lang='lat' dir='ltr'><strong>ille</strong></span> <span class='ocrx_word' id='word_1_118' title='bbox 3548 666 3860 724; x_wconf 76' lang='lat' dir='ltr'><strong>medullitus</strong></span> 
     </span>
    </p>
   </div>
   <div class='ocr_carea' id='block_1_26' title="bbox 3580 752 3794 825">
    <p class='ocr_par' dir='ltr' id='par_1_26' title="bbox 3580 752 3794 825">
     <span class='ocr_line' id='line_1_26' title="bbox 3580 752 3794 825; baseline 0.019 -19"><span class='ocrx_word' id='word_1_119' title='bbox 3580 752 3794 825; x_wconf 84' lang='lat' dir='ltr'><strong>[omnes</strong></span> 
     </span>
    </p>
   </div>
   <div class='ocr_carea' id='block_1_27' title="bbox 2467 842 3859 914">
    <p class='ocr_par' dir='ltr' id='par_1_27' title="bbox 2467 842 3859 914">
     <span class='ocr_line' id='line_1_27' title="bbox 2467 842 3859 914; baseline 0.004 -16"><span class='ocrx_word' id='word_1_120' title='bbox 2467 842 2761 913; x_wconf 83' lang='lat' dir='ltr'><strong>Nequitias,</strong></span> <span class='ocrx_word' id='word_1_121' title='bbox 2804 842 3109 911; x_wconf 81' lang='lat' dir='ltr'><strong>spargitque</strong></span> <span class='ocrx_word' id='word_1_122' title='bbox 3148 857 3275 898; x_wconf 89' lang='lat' dir='ltr'><strong>suos</strong></span> <span class='ocrx_word' id='word_1_123' title='bbox 3304 858 3400 914; x_wconf 91' lang='lat' dir='ltr'><strong>per</strong></span> <span class='ocrx_word' id='word_1_124' title='bbox 3432 848 3674 902; x_wconf 88' lang='lat' dir='ltr'><strong>membra</strong></span> <span class='ocrx_word' id='word_1_125' title='bbox 3701 852 3859 905; x_wconf 88' lang='lat' dir='ltr'><strong>mini-</strong></span> 
     </span>
    </p>
   </div>
   <div class='ocr_carea' id='block_1_28' title="bbox 3602 936 3787 1007">
    <p class='ocr_par' dir='ltr' id='par_1_28' title="bbox 3602 936 3787 1007">
     <span class='ocr_line' id='line_1_28' title="bbox 3602 936 3787 1007; baseline 0.016 -17"><span class='ocrx_word' id='word_1_126' title='bbox 3602 936 3787 1007; x_wconf 88' lang='lat' dir='ltr'><strong>[stros.</strong></span> 
     </span>
    </p>
   </div>
   <div class='ocr_carea' id='block_1_29' title="bbox 2430 1023 3863 1098">
    <p class='ocr_par' dir='ltr' id='par_1_29' title="bbox 2430 1023 3863 1098">
     <span class='ocr_line' id='line_1_29' title="bbox 2430 1023 3863 1098; baseline 0.005 -19"><span class='ocrx_word' id='word_1_127' title='bbox 2430 1024 2671 1094; x_wconf 87' lang='lat' dir='ltr'><strong>Namque</strong></span> <span class='ocrx_word' id='word_1_128' title='bbox 2702 1023 2809 1078; x_wconf 91' lang='lat' dir='ltr'><strong>illic</strong></span> <span class='ocrx_word' id='word_1_129' title='bbox 2841 1038 3120 1078; x_wconf 90' lang='lat' dir='ltr'><strong>numerosa</strong></span> <span class='ocrx_word' id='word_1_130' title='bbox 3143 1024 3339 1079; x_wconf 91' lang='lat' dir='ltr'><strong>cohors</strong></span> <span class='ocrx_word' id='word_1_131' title='bbox 3370 1026 3472 1080; x_wconf 86' lang='lat' dir='ltr'><strong>sub</strong></span> <span class='ocrx_word' id='word_1_132' title='bbox 3501 1028 3743 1098; x_wconf 88' lang='lat' dir='ltr'><strong>principe</strong></span> <span class='ocrx_word' id='word_1_133' title='bbox 3773 1032 3863 1086; x_wconf 87' lang='lat' dir='ltr'><strong>tali</strong></span> 
     </span>
    </p>
   </div>
   <div class='ocr_carea' id='block_1_30' title="bbox 2428 1112 3865 1185">
    <p class='ocr_par' dir='ltr' id='par_1_30' title="bbox 2428 1112 3865 1185">
     <span class='ocr_line' id='line_1_30' title="bbox 2428 1112 3865 1185; baseline 0.003 -18"><span class='ocrx_word' id='word_1_134' title='bbox 2428 1113 2638 1176; x_wconf 82' lang='lat' dir='ltr'><strong>Militat,</strong></span> <span class='ocrx_word' id='word_1_135' title='bbox 2668 1112 3059 1182; x_wconf 86' lang='lat' dir='ltr'><strong>horrendisque</strong></span> <span class='ocrx_word' id='word_1_136' title='bbox 3084 1114 3290 1167; x_wconf 88' lang='lat' dir='ltr'><strong>animas</strong></span> <span class='ocrx_word' id='word_1_137' title='bbox 3307 1114 3651 1171; x_wconf 88' lang='lat' dir='ltr'><strong>circumsidet</strong></span> <span class='ocrx_word' id='word_1_138' title='bbox 3674 1121 3865 1185; x_wconf 84' lang='lat' dir='ltr'><strong>armis;</strong></span> 
     </span>
    </p>
   </div>
   <div class='ocr_carea' id='block_1_31' title="bbox 2286 1201 3857 1279">
    <p class='ocr_par' dir='ltr' id='par_1_31' title="bbox 2286 1201 3857 1279">
     <span class='ocr_line' id='line_1_31' title="bbox 2286 1201 3857 1279; baseline 0.004 -22"><span class='ocrx_word' id='word_1_139' title='bbox 2286 1201 2391 1259; x_wconf 84' lang='grc'><strong>595</strong></span> <span class='ocrx_word' id='word_1_140' title='bbox 2462 1203 2621 1273; x_wconf 80' lang='lat'><strong>530</strong></span> <span class='ocrx_word' id='word_1_141' title='bbox 2648 1204 2749 1265; x_wconf 86' lang='lat' dir='ltr'><strong>lra,</strong></span> <span class='ocrx_word' id='word_1_142' title='bbox 2776 1202 3104 1270; x_wconf 82' lang='lat' dir='ltr'><strong>superstitio,</strong></span> <span class='ocrx_word' id='word_1_143' title='bbox 3129 1204 3655 1274; x_wconf 75' lang='lat' dir='ltr'><strong>mceror,discordia,</strong></span> <span class='ocrx_word' id='word_1_144' title='bbox 3674 1208 3857 1279; x_wconf 80' lang='lat' dir='ltr'><strong>luxus,</strong></span> 
     </span>
    </p>
   </div>
   <div class='ocr_carea' id='block_1_32' title="bbox 2463 1292 3765 1365">
    <p class='ocr_par' dir='ltr' id='par_1_32' title="bbox 2463 1292 3765 1365">
     <span class='ocr_line' id='line_1_32' title="bbox 2463 1292 3765 1365; baseline 0.004 -18"><span class='ocrx_word' id='word_1_145' title='bbox 2463 1292 2750 1361; x_wconf 86' lang='lat' dir='ltr'><strong>Sanguinis</strong></span> <span class='ocrx_word' id='word_1_146' title='bbox 2780 1302 2893 1347; x_wconf 89' lang='lat' dir='ltr'><strong>atra</strong></span> <span class='ocrx_word' id='word_1_147' title='bbox 2924 1293 3060 1355; x_wconf 89' lang='lat' dir='ltr'><strong>sitis,</strong></span> <span class='ocrx_word' id='word_1_148' title='bbox 3096 1292 3207 1346; x_wconf 86' lang='lat' dir='ltr'><strong>vini</strong></span> <span class='ocrx_word' id='word_1_149' title='bbox 3233 1294 3374 1357; x_wconf 89' lang='lat' dir='ltr'><strong>sitis,</strong></span> <span class='ocrx_word' id='word_1_150' title='bbox 3402 1306 3455 1348; x_wconf 93' lang='lat' dir='ltr'><strong>et</strong></span> <span class='ocrx_word' id='word_1_151' title='bbox 3480 1297 3596 1351; x_wconf 88' lang='lat' dir='ltr'><strong>sitis</strong></span> <span class='ocrx_word' id='word_1_152' title='bbox 3625 1300 3765 1365; x_wconf 88' lang='lat' dir='ltr'><strong>auri,</strong></span> 
     </span>
    </p>
   </div>
   <div class='ocr_carea' id='block_1_33' title="bbox 2461 1382 3869 1456">
    <p class='ocr_par' dir='ltr' id='par_1_33' title="bbox 2461 1382 3869 1456">
     <span class='ocr_line' id='line_1_33' title="bbox 2461 1382 3869 1456; baseline 0.006 -20"><span class='ocrx_word' id='word_1_153' title='bbox 2461 1382 2637 1448; x_wconf 89' lang='lat' dir='ltr'><strong>Livor,</strong></span> <span class='ocrx_word' id='word_1_154' title='bbox 2672 1383 3011 1447; x_wconf 89' lang='lat' dir='ltr'><strong>adulterium,</strong></span> <span class='ocrx_word' id='word_1_155' title='bbox 3058 1383 3231 1449; x_wconf 89' lang='lat' dir='ltr'><strong>dolus,</strong></span> <span class='ocrx_word' id='word_1_156' title='bbox 3256 1384 3571 1440; x_wconf 82' lang='lat' dir='ltr'><strong>obtrectatio</strong></span> <span class='ocrx_word' id='word_1_157' title='bbox 3593 1428 3607 1451; x_wconf 92' lang='lat'><strong>,</strong></span> <span class='ocrx_word' id='word_1_158' title='bbox 3638 1388 3869 1456; x_wconf 78' lang='lat' dir='ltr'><strong>furtum,</strong></span> 
     </span>
    </p>
   </div>
   <div class='ocr_carea' id='block_1_34' title="bbox 2465 1472 3796 1543">
    <p class='ocr_par' dir='ltr' id='par_1_34' title="bbox 2465 1472 3796 1543">
     <span class='ocr_line' id='line_1_34' title="bbox 2465 1472 3796 1543; baseline 0.005 -17"><span class='ocrx_word' id='word_1_159' title='bbox 2465 1473 2721 1528; x_wconf 77' lang='lat' dir='ltr'><strong>Informes</strong></span> <span class='ocrx_word' id='word_1_160' title='bbox 2745 1475 2967 1528; x_wconf 90' lang='lat' dir='ltr'><strong>horrent</strong></span> <span class='ocrx_word' id='word_1_161' title='bbox 2994 1472 3176 1540; x_wconf 80' lang='lat' dir='ltr'><strong>facies,</strong></span> <span class='ocrx_word' id='word_1_162' title='bbox 3210 1475 3495 1543; x_wconf 89' lang='lat' dir='ltr'><strong>habituque</strong></span> <span class='ocrx_word' id='word_1_163' title='bbox 3522 1478 3796 1543; x_wconf 83' lang='lat' dir='ltr'><strong>minaces;</strong></span> 
     </span>
    </p>
   </div>
   <div class='ocr_carea' id='block_1_35' title="bbox 2459 1564 3736 1635">
    <p class='ocr_par' dir='ltr' id='par_1_35' title="bbox 2459 1564 3736 1635">
     <span class='ocr_line' id='line_1_35' title="bbox 2459 1564 3736 1635; baseline 0.003 -18"><span class='ocrx_word' id='word_1_164' title='bbox 2459 1564 2690 1617; x_wconf 83' lang='lat' dir='ltr'><strong>Ambitio</strong></span> <span class='ocrx_word' id='word_1_165' title='bbox 2711 1572 2928 1619; x_wconf 85' lang='lat' dir='ltr'><strong>ventosa</strong></span> <span class='ocrx_word' id='word_1_166' title='bbox 2958 1573 3158 1628; x_wconf 88' lang='lat' dir='ltr'><strong>tumet;</strong></span> <span class='ocrx_word' id='word_1_167' title='bbox 3192 1564 3429 1618; x_wconf 85' lang='lat' dir='ltr'><strong>doctrina</strong></span> <span class='ocrx_word' id='word_1_168' title='bbox 3456 1567 3736 1635; x_wconf 86' lang='lat' dir='ltr'><strong>superbit;</strong></span> 
     </span>
    </p>
   </div>
   <div class='ocr_carea' id='block_1_36' title="bbox 2286 1651 3869 1721">
    <p class='ocr_par' dir='ltr' id='par_1_36' title="bbox 2286 1651 3869 1721">
     <span class='ocr_line' id='line_1_36' title="bbox 2286 1651 3869 1721; baseline 0.001 -12"><span class='ocrx_word' id='word_1_169' title='bbox 2286 1652 2390 1710; x_wconf 70' lang='grc'><strong>400</strong></span> <span class='ocrx_word' id='word_1_170' title='bbox 2462 1653 2718 1708; x_wconf 85' lang='lat' dir='ltr'><strong>Personat</strong></span> <span class='ocrx_word' id='word_1_171' title='bbox 2760 1653 3065 1721; x_wconf 81' lang='lat' dir='ltr'><strong>eloquium;</strong></span> <span class='ocrx_word' id='word_1_172' title='bbox 3104 1652 3269 1707; x_wconf 83' lang='lat' dir='ltr'><strong>nodos</strong></span> <span class='ocrx_word' id='word_1_173' title='bbox 3301 1651 3445 1708; x_wconf 81' lang='lat' dir='ltr'><strong>fraus</strong></span> <span class='ocrx_word' id='word_1_174' title='bbox 3470 1655 3651 1710; x_wconf 84' lang='lat' dir='ltr'><strong>abdita</strong></span> <span class='ocrx_word' id='word_1_175' title='bbox 3680 1658 3869 1711; x_wconf 88' lang='lat' dir='ltr'><strong>nectit.</strong></span> 
     </span>
    </p>
   </div>
   <div class='ocr_carea' id='block_1_37' title="bbox 2465 1741 3579 1798">
    <p class='ocr_par' dir='ltr' id='par_1_37' title="bbox 2465 1741 3579 1798">
     <span class='ocr_line' id='line_1_37' title="bbox 2465 1741 3579 1798; baseline 0.001 -1"><span class='ocrx_word' id='word_1_176' title='bbox 2465 1742 2592 1797; x_wconf 85' lang='lat' dir='ltr'><strong>Inde</strong></span> <span class='ocrx_word' id='word_1_177' title='bbox 2621 1743 2809 1797; x_wconf 85' lang='lat' dir='ltr'><strong>canina</strong></span> <span class='ocrx_word' id='word_1_178' title='bbox 2837 1742 2953 1797; x_wconf 83' lang='lat' dir='ltr'><strong>loro</strong></span> <span class='ocrx_word' id='word_1_179' title='bbox 2983 1742 3143 1796; x_wconf 88' lang='lat' dir='ltr'><strong>latrat</strong></span> <span class='ocrx_word' id='word_1_180' title='bbox 3170 1741 3416 1798; x_wconf 79' lang='lat' dir='ltr'><strong>facundia</strong></span> <span class='ocrx_word' id='word_1_181' title='bbox 3448 1751 3579 1798; x_wconf 88' lang='lat' dir='ltr'><strong>toto.</strong></span> 
     </span>
    </p>
   </div>
   <div class='ocr_carea' id='block_1_38' title="bbox 2464 1830 3811 1903">
    <p class='ocr_par' dir='ltr' id='par_1_38' title="bbox 2464 1830 3811 1903">
     <span class='ocr_line' id='line_1_38' title="bbox 2464 1830 3811 1903; baseline 0.003 -18"><span class='ocrx_word' id='word_1_182' title='bbox 2464 1830 2596 1885; x_wconf 90' lang='lat' dir='ltr'><strong>Hinc</strong></span> <span class='ocrx_word' id='word_1_183' title='bbox 2634 1832 2770 1901; x_wconf 91' lang='lat' dir='ltr'><strong>gerit</strong></span> <span class='ocrx_word' id='word_1_184' title='bbox 2796 1831 3105 1885; x_wconf 90' lang='lat' dir='ltr'><strong>Herculeam</strong></span> <span class='ocrx_word' id='word_1_185' title='bbox 3135 1831 3253 1886; x_wconf 91' lang='lat' dir='ltr'><strong>vilis</strong></span> <span class='ocrx_word' id='word_1_186' title='bbox 3281 1832 3543 1901; x_wconf 86' lang='lat' dir='ltr'><strong>sapientia</strong></span> <span class='ocrx_word' id='word_1_187' title='bbox 3574 1833 3811 1903; x_wconf 89' lang='lat' dir='ltr'><strong>clavam,</strong></span> 
     </span>
    </p>
   </div>
   <div class='ocr_carea' id='block_1_39' title="bbox 2464 1922 3705 1994">
    <p class='ocr_par' dir='ltr' id='par_1_39' title="bbox 2464 1922 3705 1994">
     <span class='ocr_line' id='line_1_39' title="bbox 2464 1922 3705 1994; baseline 0.002 -17"><span class='ocrx_word' id='word_1_188' title='bbox 2464 1922 2815 1992; x_wconf 83' lang='lat' dir='ltr'><strong>Ostentatque</strong></span> <span class='ocrx_word' id='word_1_189' title='bbox 2835 1936 2963 1977; x_wconf 86' lang='lat' dir='ltr'><strong>suos</strong></span> <span class='ocrx_word' id='word_1_190' title='bbox 2985 1922 3195 1977; x_wconf 90' lang='lat' dir='ltr'><strong>vicatim</strong></span> <span class='ocrx_word' id='word_1_191' title='bbox 3213 1923 3705 1994; x_wconf 62' lang='lat' dir='ltr'><strong>gymnosorihistas.</strong></span> 
     </span>
    </p>
   </div>
   <div class='ocr_carea' id='block_1_40' title="bbox 1912 2008 2575 2068">
    <p class='ocr_par' dir='ltr' id='par_1_40' title="bbox 1912 2008 2575 2068">
     <span class='ocr_line' id='line_1_40' title="bbox 1912 2008 2575 2068; baseline 0.002 -3"><span class='ocrx_word' id='word_1_192' title='bbox 1912 2008 2198 2065; x_wconf 67' lang='lat' dir='ltr'><strong>GLOSSA&#39;Z</strong></span> <span class='ocrx_word' id='word_1_193' title='bbox 2241 2010 2575 2068; x_wconf 79' lang='lat' dir='ltr'><strong>VETERES.</strong></span> 
     </span>
    </p>
   </div>
   <div class='ocr_carea' id='block_1_41' title="bbox 690 2095 2159 2165">
    <p class='ocr_par' dir='ltr' id='par_1_41' title="bbox 690 2095 2159 2165">
     <span class='ocr_line' id='line_1_41' title="bbox 690 2095 2159 2165; baseline -0.003 -5"><span class='ocrx_word' id='word_1_194' title='bbox 690 2105 812 2160; x_wconf 82' lang='grc'>575.</span> <span class='ocrx_word' id='word_1_195' title='bbox 840 2100 1051 2165; x_wconf 92' lang='lat' dir='ltr'><strong>Stolidi,</strong></span> <span class='ocrx_word' id='word_1_196' title='bbox 1090 2098 1256 2152; x_wconf 79' lang='lat' dir='ltr'><strong>stulti.</strong></span> <span class='ocrx_word' id='word_1_197' title='bbox 1288 2126 1356 2137; x_wconf 91' lang='lat'><strong><em>—</em></strong></span> <span class='ocrx_word' id='word_1_198' title='bbox 1384 2095 1726 2165; x_wconf 79' lang='lat' dir='ltr'><strong>Baccliantia,</strong></span> <span class='ocrx_word' id='word_1_199' title='bbox 1751 2099 2082 2165; x_wconf 86' lang='lat' dir='ltr'><strong>insanientia,</strong></span> <span class='ocrx_word' id='word_1_200' title='bbox 2115 2100 2159 2155; x_wconf 95' lang='grc'><strong>1.</strong></span> 
     </span>
    </p>
   </div>
   <div class='ocr_carea' id='block_1_42' title="bbox 692 2166 1661 2235">
    <p class='ocr_par' dir='ltr' id='par_1_42' title="bbox 692 2166 1661 2235">
     <span class='ocr_line' id='line_1_42' title="bbox 692 2166 1661 2235; baseline -0.011 -4"><span class='ocrx_word' id='word_1_201' title='bbox 692 2176 812 2231; x_wconf 82' lang='grc'>576.</span> <span class='ocrx_word' id='word_1_202' title='bbox 842 2172 1181 2232; x_wconf 87' lang='lat' dir='ltr'><strong>Percensere,</strong></span> <span class='ocrx_word' id='word_1_203' title='bbox 1214 2183 1532 2235; x_wconf 82' lang='lat' dir='ltr'><strong>enumerare,</strong></span> <span class='ocrx_word' id='word_1_204' title='bbox 1553 2166 1661 2222; x_wconf 84' lang='lat' dir='ltr'><strong>lso.</strong></span> 
     </span>
    </p>
   </div>
   <div class='ocr_carea' id='block_1_43' title="bbox 690 2236 1335 2303">
    <p class='ocr_par' dir='ltr' id='par_1_43' title="bbox 690 2236 1335 2303">
     <span class='ocr_line' id='line_1_43' title="bbox 690 2236 1335 2303; baseline -0.011 -6"><span class='ocrx_word' id='word_1_205' title='bbox 690 2246 814 2298; x_wconf 80' lang='grc'>5⁸78.</span> <span class='ocrx_word' id='word_1_206' title='bbox 846 2243 1049 2303; x_wconf 82' lang='lat' dir='ltr'><strong>Altum,</strong></span> <span class='ocrx_word' id='word_1_207' title='bbox 1073 2240 1272 2302; x_wconf 65' lang='lat' dir='ltr'><strong>caelum,</strong></span> <span class='ocrx_word' id='word_1_208' title='bbox 1297 2236 1335 2290; x_wconf 93' lang='grc' dir='ltr'><strong>Ι.</strong></span> 
     </span>
    </p>
   </div>
   <div class='ocr_carea' id='block_1_44' title="bbox 689 2307 1342 2373">
    <p class='ocr_par' dir='ltr' id='par_1_44' title="bbox 689 2307 1342 2373">
     <span class='ocr_line' id='line_1_44' title="bbox 689 2307 1342 2373; baseline -0.012 -7"><span class='ocrx_word' id='word_1_209' title='bbox 689 2312 813 2366; x_wconf 82' lang='grc'>579.</span> <span class='ocrx_word' id='word_1_210' title='bbox 842 2310 1070 2373; x_wconf 79' lang='lat' dir='ltr'><strong>Excitat,</strong></span> <span class='ocrx_word' id='word_1_211' title='bbox 1100 2309 1275 2370; x_wconf 83' lang='lat' dir='ltr'><strong>elevat,</strong></span> <span class='ocrx_word' id='word_1_212' title='bbox 1302 2307 1342 2360; x_wconf 94' lang='grc'><strong>1.</strong></span> 
     </span>
    </p>
   </div>
   <div class='ocr_carea' id='block_1_45' title="bbox 686 2374 2187 2446">
    <p class='ocr_par' dir='ltr' id='par_1_45' title="bbox 686 2374 2187 2446">
     <span class='ocr_line' id='line_1_45' title="bbox 686 2374 2187 2446; baseline -0.005 -8"><span class='ocrx_word' id='word_1_213' title='bbox 686 2383 810 2438; x_wconf 82' lang='grc'>581.</span> <span class='ocrx_word' id='word_1_214' title='bbox 836 2383 997 2443; x_wconf 84' lang='lat' dir='ltr'><strong>Aera,</strong></span> <span class='ocrx_word' id='word_1_215' title='bbox 1024 2378 1090 2431; x_wconf 90' lang='lat' dir='ltr'><strong>ad</strong></span> <span class='ocrx_word' id='word_1_216' title='bbox 1117 2378 1428 2430; x_wconf 74' lang='lat' dir='ltr'><strong>cmlestia.——</strong></span> <span class='ocrx_word' id='word_1_217' title='bbox 1461 2374 1856 2446; x_wconf 30' lang='lat' dir='ltr'><strong>Librattponit,</strong></span> <span class='ocrx_word' id='word_1_218' title='bbox 1875 2377 2124 2446; x_wconf 81' lang='lat' dir='ltr'><strong>provehit,</strong></span> <span class='ocrx_word' id='word_1_219' title='bbox 2143 2376 2187 2431; x_wconf 88' lang='grc'><strong>1.</strong></span> 
     </span>
    </p>
   </div>
   <div class='ocr_carea' id='block_1_46' title="bbox 687 2445 2185 2515">
    <p class='ocr_par' dir='ltr' id='par_1_46' title="bbox 687 2445 2185 2515">
     <span class='ocr_line' id='line_1_46' title="bbox 687 2445 2185 2515; baseline -0.005 -8"><span class='ocrx_word' id='word_1_220' title='bbox 687 2452 813 2507; x_wconf 74' lang='lat'><strong>582.</strong></span> <span class='ocrx_word' id='word_1_221' title='bbox 834 2448 1170 2511; x_wconf 89' lang='lat' dir='ltr'><strong>Contentam,</strong></span> <span class='ocrx_word' id='word_1_222' title='bbox 1201 2447 1548 2515; x_wconf 76' lang='lat' dir='ltr'><strong>su/ﬁcientem.</strong></span> <span class='ocrx_word' id='word_1_223' title='bbox 1584 2473 1647 2485; x_wconf 93' lang='lat'><strong><em>—</em></strong></span> <span class='ocrx_word' id='word_1_224' title='bbox 1671 2445 1929 2509; x_wconf 85' lang='lat' dir='ltr'><strong>Stertere,</strong></span> <span class='ocrx_word' id='word_1_225' title='bbox 1959 2448 2185 2515; x_wconf 82' lang='lat' dir='ltr'><strong>requies-</strong></span> 
     </span>
    </p>
   </div>
   <div class='ocr_carea' id='block_1_47' title="bbox 609 2515 2189 2585">
    <p class='ocr_par' dir='ltr' id='par_1_47' title="bbox 609 2515 2189 2585">
     <span class='ocr_line' id='line_1_47' title="bbox 609 2515 2189 2585; baseline -0.005 -8"><span class='ocrx_word' id='word_1_226' title='bbox 609 2520 1005 2585; x_wconf 57' lang='lat' dir='ltr'><strong>&#39;cere,dormire,</strong></span> <span class='ocrx_word' id='word_1_227' title='bbox 1029 2517 1083 2569; x_wconf 97' lang='lat' dir='ltr'><strong>id</strong></span> <span class='ocrx_word' id='word_1_228' title='bbox 1114 2525 1207 2581; x_wconf 90' lang='lat' dir='ltr'><strong>est,</strong></span> <span class='ocrx_word' id='word_1_229' title='bbox 1232 2531 1450 2569; x_wconf 90' lang='lat' dir='ltr'><strong>runcare</strong></span> <span class='ocrx_word' id='word_1_230' title='bbox 1473 2530 1613 2567; x_wconf 83' lang='lat' dir='ltr'><strong>mens</strong></span> <span class='ocrx_word' id='word_1_231' title='bbox 1639 2515 1825 2567; x_wconf 90' lang='lat' dir='ltr'><strong>dicitur</strong></span> <span class='ocrx_word' id='word_1_232' title='bbox 1843 2530 1957 2567; x_wconf 88' lang='lat' dir='ltr'><strong>eum</strong></span> <span class='ocrx_word' id='word_1_233' title='bbox 1972 2518 2189 2585; x_wconf 83' lang='lat' dir='ltr'><strong>terrenis</strong></span> 
     </span>
    </p>
   </div>
   <div class='ocr_carea' id='block_1_48' title="bbox 618 2584 2189 2653">
    <p class='ocr_par' dir='ltr' id='par_1_48' title="bbox 618 2584 2189 2653">
     <span class='ocr_line' id='line_1_48' title="bbox 618 2584 2189 2653; baseline -0.003 -10"><span class='ocrx_word' id='word_1_234' title='bbox 618 2584 954 2644; x_wconf 87' lang='lat' dir='ltr'><strong>succumbitur</strong></span> <span class='ocrx_word' id='word_1_235' title='bbox 977 2587 1133 2647; x_wconf 83' lang='lat' dir='ltr'><strong>curis,</strong></span> <span class='ocrx_word' id='word_1_236' title='bbox 1178 2600 1268 2637; x_wconf 90' lang='lat' dir='ltr'><strong>nec</strong></span> <span class='ocrx_word' id='word_1_237' title='bbox 1293 2602 1345 2638; x_wconf 91' lang='lat' dir='ltr'><strong>se</strong></span> <span class='ocrx_word' id='word_1_238' title='bbox 1372 2593 1536 2653; x_wconf 81' lang='lat' dir='ltr'><strong>mente</strong></span> <span class='ocrx_word' id='word_1_239' title='bbox 1568 2585 1635 2635; x_wconf 92' lang='lat' dir='ltr'><strong>ad</strong></span> <span class='ocrx_word' id='word_1_240' title='bbox 1656 2599 1877 2653; x_wconf 87' lang='lat' dir='ltr'><strong>superna</strong></span> <span class='ocrx_word' id='word_1_241' title='bbox 1902 2584 2008 2637; x_wconf 89' lang='lat' dir='ltr'><strong>ulla</strong></span> <span class='ocrx_word' id='word_1_242' title='bbox 2038 2586 2189 2640; x_wconf 87' lang='lat' dir='ltr'><strong>modo</strong></span> 
     </span>
    </p>
   </div>
   <div class='ocr_carea' id='block_1_49' title="bbox 620 2652 1504 2727">
    <p class='ocr_par' dir='ltr' id='par_1_49' title="bbox 620 2652 1504 2727">
     <span class='ocr_line' id='line_1_49' title="bbox 620 2652 1504 2727; baseline -0.008 -14"><span class='ocrx_word' id='word_1_243' title='bbox 620 2662 725 2714; x_wconf 80' lang='lat' dir='ltr'><strong>vult</strong></span> <span class='ocrx_word' id='word_1_244' title='bbox 755 2657 897 2727; x_wconf 79' lang='lat' dir='ltr'><strong>erigi,</strong></span> <span class='ocrx_word' id='word_1_245' title='bbox 931 2656 971 2709; x_wconf 93' lang='grc'><strong>1.</strong></span> <span class='ocrx_word' id='word_1_246' title='bbox 997 2655 1251 2727; x_wconf 71' lang='lat' dir='ltr'><strong>Buncare,</strong></span> <span class='ocrx_word' id='word_1_247' title='bbox 1281 2654 1405 2727; x_wconf 81' lang='lat' dir='ltr'><strong>Vat.</strong></span> <span class='ocrx_word' id='word_1_248' title='bbox 1438 2652 1504 2706; x_wconf 90' lang='grc' dir='ltr'><strong>Τ.</strong></span> 
     </span>
    </p>
   </div>
   <div class='ocr_carea' id='block_1_50' title="bbox 691 2721 2186 2849">
    <p class='ocr_par' dir='ltr' id='par_1_50' title="bbox 691 2721 2186 2849">
     <span class='ocr_line' id='line_1_50' title="bbox 691 2721 2186 2849; baseline -0.003 -66"><span class='ocrx_word' id='word_1_249' title='bbox 691 2721 1128 2849; x_wconf 48' lang='grc' dir='ltr'><strong>58ἓξῐυοωὶηο,</strong></span> <span class='ocrx_word' id='word_1_250' title='bbox 1184 2722 1407 2777; x_wconf 80' lang='lat' dir='ltr'><strong>diabolo.</strong></span> <span class='ocrx_word' id='word_1_251' title='bbox 1453 2749 1524 2761; x_wconf 91' lang='lat'><strong>—-</strong></span> <span class='ocrx_word' id='word_1_252' title='bbox 1583 2721 1955 2793; x_wconf 87' lang='lat' dir='ltr'><strong>Perituraque,</strong></span> <span class='ocrx_word' id='word_1_253' title='bbox 2031 2723 2186 2795; x_wconf 87' lang='lat' dir='ltr'><strong>hujus</strong></span> 
     </span>
     <span class='ocr_line' id='line_1_51' title="bbox 691 2813 896 2849; baseline -0.005 0"><span class='ocrx_word' id='word_1_254' title='bbox 691 2813 745 2849; x_wconf 70' lang='lat' dir='ltr'><strong>un</strong></span> <span class='ocrx_word' id='word_1_255' title='bbox 788 2814 825 2849; x_wconf 83' lang='grc'><strong>1.</strong></span> <span class='ocrx_word' id='word_1_256' title='bbox 882 2834 896 2848; x_wconf 85' lang='grc'>.</span> 
     </span>
    </p>
   </div>
   <div class='ocr_carea' id='block_1_51' title="bbox 623 2813 896 2861">
    <p class='ocr_par' dir='ltr' id='par_1_51' title="bbox 623 2813 896 2861">
     <span class='ocr_line' id='line_1_52' title="bbox 623 2813 896 2861; baseline -0.011 -10"><span class='ocrx_word' id='word_1_257' title='bbox 623 2813 825 2861; x_wconf 80' lang='lat' dir='ltr'><strong>munat,</strong></span> <span class='ocrx_word' id='word_1_258' title='bbox 856 2813 896 2848; x_wconf 92' lang='grc' dir='ltr'><strong>ι.</strong></span> 
     </span>
    </p>
   </div>
   <div class='ocr_carea' id='block_1_52' title="bbox 690 2860 1550 2931">
    <p class='ocr_par' dir='ltr' id='par_1_52' title="bbox 690 2860 1550 2931">
     <span class='ocr_line' id='line_1_53' title="bbox 690 2860 1550 2931; baseline -0.01 -10"><span class='ocrx_word' id='word_1_259' title='bbox 690 2860 817 2921; x_wconf 71' lang='grc'>581.</span> <span class='ocrx_word' id='word_1_260' title='bbox 846 2864 1042 2929; x_wconf 82' lang='lat' dir='ltr'><strong>Curvo,</strong></span> <span class='ocrx_word' id='word_1_261' title='bbox 1070 2877 1248 2931; x_wconf 88' lang='lat' dir='ltr'><strong>pravo,</strong></span> <span class='ocrx_word' id='word_1_262' title='bbox 1278 2876 1479 2925; x_wconf 89' lang='lat' dir='ltr'><strong>averso,</strong></span> <span class='ocrx_word' id='word_1_263' title='bbox 1508 2860 1550 2913; x_wconf 93' lang='grc'><strong>1.</strong></span> 
     </span>
    </p>
   </div>
   <div class='ocr_carea' id='block_1_53' title="bbox 687 2930 2182 2998">
    <p class='ocr_par' dir='ltr' id='par_1_53' title="bbox 687 2930 2182 2998">
     <span class='ocr_line' id='line_1_54' title="bbox 687 2930 2182 2998; baseline -0.004 -6"><span class='ocrx_word' id='word_1_264' title='bbox 687 2935 814 2992; x_wconf 83' lang='grc'>586.</span> <span class='ocrx_word' id='word_1_265' title='bbox 842 2930 1089 2998; x_wconf 90' lang='lat' dir='ltr'><strong>Lubrica,</strong></span> <span class='ocrx_word' id='word_1_266' title='bbox 1127 2932 1400 2995; x_wconf 72' lang='lat' dir='ltr'><strong>instabilis,</strong></span> <span class='ocrx_word' id='word_1_267' title='bbox 1431 2958 1499 2970; x_wconf 89' lang='lat'><strong>-—</strong></span> <span class='ocrx_word' id='word_1_268' title='bbox 1527 2930 1901 2998; x_wconf 81' lang='lat' dir='ltr'><strong>Commendat,</strong></span> <span class='ocrx_word' id='word_1_269' title='bbox 1931 2932 2182 2986; x_wconf 76' lang='lat' dir='ltr'><strong>concedit.</strong></span> 
     </span>
    </p>
   </div>
   <div class='ocr_carea' id='block_1_54' title="bbox 622 3001 1438 3071">
    <p class='ocr_par' dir='ltr' id='par_1_54' title="bbox 622 3001 1438 3071">
     <span class='ocr_line' id='line_1_55' title="bbox 622 3001 1438 3071; baseline -0.007 -12"><span class='ocrx_word' id='word_1_270' title='bbox 622 3035 686 3047; x_wconf 92' lang='lat'><strong><em>—</em></strong></span> <span class='ocrx_word' id='word_1_271' title='bbox 718 3002 1043 3068; x_wconf 86' lang='lat' dir='ltr'><strong>Perniciosa,</strong></span> <span class='ocrx_word' id='word_1_272' title='bbox 1067 3002 1369 3071; x_wconf 87' lang='lat' dir='ltr'><strong>periculosa,</strong></span> <span class='ocrx_word' id='word_1_273' title='bbox 1399 3001 1438 3053; x_wconf 95' lang='grc' dir='ltr'><strong>Ι.</strong></span> 
     </span>
    </p>
   </div>
   <div class='ocr_carea' id='block_1_55' title="bbox 688 3066 2183 3139">
    <p class='ocr_par' dir='ltr' id='par_1_55' title="bbox 688 3066 2183 3139">
     <span class='ocr_line' id='line_1_56' title="bbox 688 3066 2183 3139; baseline -0.003 -10"><span class='ocrx_word' id='word_1_274' title='bbox 688 3071 995 3134; x_wconf 77' lang='lat' dir='ltr'><strong>587.Velut,</strong></span> <span class='ocrx_word' id='word_1_275' title='bbox 1028 3066 1239 3125; x_wconf 78' lang='lat' dir='ltr'><strong>scilicet</strong></span> <span class='ocrx_word' id='word_1_276' title='bbox 1281 3077 1425 3139; x_wconf 80' lang='lat' dir='ltr'><strong>putat</strong></span> <span class='ocrx_word' id='word_1_277' title='bbox 1474 3068 1765 3138; x_wconf 87' lang='lat' dir='ltr'><strong>pulchrum.</strong></span> <span class='ocrx_word' id='word_1_278' title='bbox 1815 3098 1886 3111; x_wconf 89' lang='lat'><strong><em>—</em></strong></span> <span class='ocrx_word' id='word_1_279' title='bbox 1941 3066 2183 3136; x_wconf 78' lang='lat' dir='ltr'><strong>Excitus,</strong></span> 
     </span>
    </p>
   </div>
   <div class='ocr_carea' id='block_1_56' title="bbox 618 3140 1181 3205">
    <p class='ocr_par' dir='ltr' id='par_1_56' title="bbox 618 3140 1181 3205">
     <span class='ocr_line' id='line_1_57' title="bbox 618 3140 1181 3205; baseline -0.011 -6"><span class='ocrx_word' id='word_1_280' title='bbox 618 3152 917 3205; x_wconf 86' lang='lat' dir='ltr'><strong>commotus,</strong></span> <span class='ocrx_word' id='word_1_281' title='bbox 944 3140 1108 3205; x_wconf 70' lang='lat' dir='ltr'><strong>velox,</strong></span> <span class='ocrx_word' id='word_1_282' title='bbox 1143 3140 1181 3193; x_wconf 92' lang='grc'><strong>1.</strong></span> 
     </span>
    </p>
   </div>
   <div class='ocr_carea' id='block_1_57' title="bbox 686 3206 2185 3277">
    <p class='ocr_par' dir='ltr' id='par_1_57' title="bbox 686 3206 2185 3277">
     <span class='ocr_line' id='line_1_58' title="bbox 686 3206 2185 3277; baseline -0.005 -8"><span class='ocrx_word' id='word_1_283' title='bbox 686 3214 813 3269; x_wconf 89' lang='grc'>588.</span> <span class='ocrx_word' id='word_1_284' title='bbox 837 3210 1123 3277; x_wconf 84' lang='lat' dir='ltr'><strong>Exemplo,</strong></span> <span class='ocrx_word' id='word_1_285' title='bbox 1165 3206 1521 3274; x_wconf 78' lang='lat' dir='ltr'><strong>similitudine,</strong></span> <span class='ocrx_word' id='word_1_286' title='bbox 1564 3207 1818 3261; x_wconf 86' lang='lat' dir='ltr'><strong>similiter.</strong></span> <span class='ocrx_word' id='word_1_287' title='bbox 1880 3237 1949 3248; x_wconf 90' lang='lat'><strong><em>—</em></strong></span> <span class='ocrx_word' id='word_1_288' title='bbox 1985 3208 2185 3263; x_wconf 85' lang='lat' dir='ltr'><strong>Trans-</strong></span> 
     </span>
    </p>
   </div>
   <div class='ocr_carea' id='block_1_58' title="bbox 620 3278 1116 3350">
    <p class='ocr_par' dir='ltr' id='par_1_58' title="bbox 620 3278 1116 3350">
     <span class='ocr_line' id='line_1_59' title="bbox 620 3278 1116 3350; baseline -0.012 -13"><span class='ocrx_word' id='word_1_289' title='bbox 620 3284 782 3347; x_wconf 87' lang='lat' dir='ltr'><strong>volat,</strong></span> <span class='ocrx_word' id='word_1_290' title='bbox 808 3280 1048 3350; x_wconf 64' lang='lat' dir='ltr'><strong>prseterit,</strong></span> <span class='ocrx_word' id='word_1_291' title='bbox 1076 3278 1116 3331; x_wconf 93' lang='grc'><strong>1.</strong></span> 
     </span>
    </p>
   </div>
   <div class='ocr_carea' id='block_1_59' title="bbox 688 3345 2185 3417">
    <p class='ocr_par' dir='ltr' id='par_1_59' title="bbox 688 3345 2185 3417">
     <span class='ocr_line' id='line_1_60' title="bbox 688 3345 2185 3417; baseline -0.007 -10"><span class='ocrx_word' id='word_1_292' title='bbox 688 3345 819 3407; x_wconf 68' lang='grc'>589.</span> <span class='ocrx_word' id='word_1_293' title='bbox 845 3348 1110 3415; x_wconf 82' lang='lat' dir='ltr'><strong>Pestibus,</strong></span> <span class='ocrx_word' id='word_1_294' title='bbox 1151 3346 1441 3417; x_wconf 84' lang='lat' dir='ltr'><strong>generibus,</strong></span> <span class='ocrx_word' id='word_1_295' title='bbox 1486 3345 1964 3414; x_wconf 81' lang='lat' dir='ltr'><strong>perturbationibus.</strong></span> <span class='ocrx_word' id='word_1_296' title='bbox 1988 3374 2057 3387; x_wconf 94' lang='lat'><strong>—</strong></span> <span class='ocrx_word' id='word_1_297' title='bbox 2082 3345 2185 3402; x_wconf 81' lang='lat' dir='ltr'><strong>Ur-</strong></span> 
     </span>
    </p>
   </div>
   <div class='ocr_carea' id='block_1_60' title="bbox 618 3418 1120 3492">
    <p class='ocr_par' dir='ltr' id='par_1_60' title="bbox 618 3418 1120 3492">
     <span class='ocr_line' id='line_1_61' title="bbox 618 3418 1120 3492; baseline -0.014 -15"><span class='ocrx_word' id='word_1_298' title='bbox 618 3426 1044 3492; x_wconf 15' lang='lat' dir='ltr'><strong>get,icommov_et,</strong></span> <span class='ocrx_word' id='word_1_299' title='bbox 1080 3418 1120 3492; x_wconf 72' lang='grc' dir='ltr'><strong>Ι.</strong></span> 
     </span>
    </p>
   </div>
   <div class='ocr_carea' id='block_1_61' title="bbox 686 3482 1397 3549">
    <p class='ocr_par' dir='ltr' id='par_1_61' title="bbox 686 3482 1397 3549">
     <span class='ocr_line' id='line_1_62' title="bbox 686 3482 1397 3549; baseline -0.014 -5"><span class='ocrx_word' id='word_1_300' title='bbox 686 3491 811 3544; x_wconf 84' lang='grc'>590.</span> <span class='ocrx_word' id='word_1_301' title='bbox 847 3482 1052 3549; x_wconf 68' lang='lat' dir='ltr'><strong>Praedo,</strong></span> <span class='ocrx_word' id='word_1_302' title='bbox 1080 3484 1333 3547; x_wconf 90' lang='lat' dir='ltr'><strong>diabolus,</strong></span> <span class='ocrx_word' id='word_1_303' title='bbox 1358 3482 1397 3535; x_wconf 95' lang='grc'><strong>1.</strong></span> 
     </span>
    </p>
   </div>
   <div class='ocr_carea' id='block_1_62' title="bbox 689 3552 2176 3619">
    <p class='ocr_par' dir='ltr' id='par_1_62' title="bbox 689 3552 2176 3619">
     <span class='ocr_line' id='line_1_63' title="bbox 689 3552 2176 3619; baseline -0.005 -9"><span class='ocrx_word' id='word_1_304' title='bbox 689 3558 813 3612; x_wconf 86' lang='grc'><strong>591.</strong></span> <span class='ocrx_word' id='word_1_305' title='bbox 845 3556 1059 3617; x_wconf 81' lang='lat' dir='ltr'><strong>Bibunt,</strong></span> <span class='ocrx_word' id='word_1_306' title='bbox 1099 3554 1387 3619; x_wconf 87' lang='lat' dir='ltr'><strong>concipiunt</strong></span> <span class='ocrx_word' id='word_1_307' title='bbox 1429 3552 1659 3614; x_wconf 88' lang='lat' dir='ltr'><strong>interius,</strong></span> <span class='ocrx_word' id='word_1_308' title='bbox 1700 3552 1834 3604; x_wconf 88' lang='lat' dir='ltr'><strong>intra</strong></span> <span class='ocrx_word' id='word_1_309' title='bbox 1874 3553 2176 3618; x_wconf 73' lang='lat' dir='ltr'><strong>praecordia.</strong></span> 
     </span>
    </p>
   </div>
   <div class='ocr_carea' id='block_1_63' title="bbox 619 3619 2182 3708">
    <p class='ocr_par' dir='ltr' id='par_1_63' title="bbox 619 3619 2182 3708">
     <span class='ocr_line' id='line_1_64' title="bbox 619 3619 2182 3708; baseline -0.003 -28"><span class='ocrx_word' id='word_1_310' title='bbox 619 3656 688 3668; x_wconf 90' lang='lat'><strong>—</strong></span> <span class='ocrx_word' id='word_1_311' title='bbox 714 3625 1036 3708; x_wconf 61' lang='lat' dir='ltr'><strong>llicdullitus,</strong></span> <span class='ocrx_word' id='word_1_312' title='bbox 1080 3622 1133 3675; x_wconf 88' lang='lat' dir='ltr'><strong>in</strong></span> <span class='ocrx_word' id='word_1_313' title='bbox 1174 3619 1499 3673; x_wconf 85' lang='lat' dir='ltr'><strong>interioribus</strong></span> <span class='ocrx_word' id='word_1_314' title='bbox 1526 3622 1731 3686; x_wconf 66' lang='lat' dir='ltr'><strong>animm,</strong></span> <span class='ocrx_word' id='word_1_315' title='bbox 1780 3622 1915 3675; x_wconf 88' lang='lat' dir='ltr'><strong>circa</strong></span> <span class='ocrx_word' id='word_1_316' title='bbox 1960 3638 2182 3691; x_wconf 66' lang='lat' dir='ltr'><strong>praecor-</strong></span> 
     </span>
    </p>
   </div>
   <div class='ocr_carea' id='block_1_64' title="bbox 618 3696 1719 3826">
    <p class='ocr_par' dir='ltr' id='par_1_64' title="bbox 618 3696 1719 3826">
     <span class='ocr_line' id='line_1_65' title="bbox 618 3696 1719 3826; baseline 0.054 -13"><span class='ocrx_word' id='word_1_317' title='bbox 618 3696 813 3820; x_wconf 46' lang='grc' dir='ltr'><strong>⁸1³ίέθὲ</strong></span> <span class='ocrx_word' id='word_1_318' title='bbox 844 3759 1135 3826; x_wconf 72' lang='grc' dir='ltr'><strong>Μίηίειτος.</strong></span> <span class='ocrx_word' id='word_1_319' title='bbox 1158 3758 1375 3823; x_wconf 51' lang='lat' dir='ltr'><strong>mori“,</strong></span> <span class='ocrx_word' id='word_1_320' title='bbox 1404 3757 1480 3811; x_wconf 74' lang='lat'><strong>&quot;“</strong></span> <span class='ocrx_word' id='word_1_321' title='bbox 1507 3758 1649 3826; x_wconf 35' lang='lat'><strong>“&quot;7”</strong></span> <span class='ocrx_word' id='word_1_322' title='bbox 1677 3758 1719 3811; x_wconf 77' lang='grc'><strong>¹³</strong></span> 
     </span>
    </p>
   </div>
   <div class='ocr_carea' id='block_1_65' title="bbox 2363 2102 3871 2177">
    <p class='ocr_par' dir='ltr' id='par_1_65' title="bbox 2363 2102 3871 2177">
     <span class='ocr_line' id='line_1_66' title="bbox 2363 2102 3871 2177; baseline 0.004 -20"><span class='ocrx_word' id='word_1_323' title='bbox 2363 2103 2495 2177; x_wconf 56' lang='grc'>595.</span> <span class='ocrx_word' id='word_1_324' title='bbox 2518 2102 2650 2166; x_wconf 87' lang='lat' dir='ltr'><strong>Illic,</strong></span> <span class='ocrx_word' id='word_1_325' title='bbox 2681 2102 2735 2177; x_wconf 72' lang='lat' dir='ltr'><strong>in</strong></span> <span class='ocrx_word' id='word_1_326' title='bbox 2763 2102 3020 2177; x_wconf 73' lang='lat' dir='ltr'><strong>medullis,</strong></span> <span class='ocrx_word' id='word_1_327' title='bbox 3049 2102 3133 2177; x_wconf 73' lang='lat' dir='ltr'><strong>vel</strong></span> <span class='ocrx_word' id='word_1_328' title='bbox 3161 2102 3414 2177; x_wconf 72' lang='lat' dir='ltr'><strong>membris.</strong></span> <span class='ocrx_word' id='word_1_329' title='bbox 3441 2133 3511 2143; x_wconf 97' lang='lat'><strong>—</strong></span> <span class='ocrx_word' id='word_1_330' title='bbox 3541 2104 3871 2177; x_wconf 81' lang='lat' dir='ltr'><strong>Numerosa,</strong></span> 
     </span>
    </p>
   </div>
   <div class='ocr_carea' id='block_1_66' title="bbox 2291 2171 3874 2242">
    <p class='ocr_par' dir='ltr' id='par_1_66' title="bbox 2291 2171 3874 2242">
     <span class='ocr_line' id='line_1_67' title="bbox 2291 2171 3874 2242; baseline 0.006 -17"><span class='ocrx_word' id='word_1_331' title='bbox 2291 2172 2577 2241; x_wconf 75' lang='lat' dir='ltr'><strong>multiplex.</strong></span> <span class='ocrx_word' id='word_1_332' title='bbox 2600 2200 2672 2211; x_wconf 93' lang='lat'>—</span> <span class='ocrx_word' id='word_1_333' title='bbox 2697 2173 2927 2240; x_wconf 86' lang='lat' dir='ltr'><strong>Cohors,</strong></span> <span class='ocrx_word' id='word_1_334' title='bbox 2955 2171 3293 2242; x_wconf 85' lang='lat' dir='ltr'><strong>diabolorum,</strong></span> <span class='ocrx_word' id='word_1_335' title='bbox 3318 2173 3575 2230; x_wconf 74' lang='lat' dir='ltr'><strong>vitiorum.</strong></span> <span class='ocrx_word' id='word_1_336' title='bbox 3608 2204 3678 2217; x_wconf 89' lang='lat'><strong>——</strong></span> <span class='ocrx_word' id='word_1_337' title='bbox 3703 2171 3874 2233; x_wconf 54' lang='lat' dir='ltr'><strong>Prin;</strong></span> 
     </span>
    </p>
   </div>
   <div class='ocr_carea' id='block_1_67' title="bbox 2291 2242 2747 2309">
    <p class='ocr_par' dir='ltr' id='par_1_67' title="bbox 2291 2242 2747 2309">
     <span class='ocr_line' id='line_1_68' title="bbox 2291 2242 2747 2309; baseline 0 -14"><span class='ocrx_word' id='word_1_338' title='bbox 2291 2244 2429 2309; x_wconf 89' lang='lat' dir='ltr'><strong>cipe,</strong></span> <span class='ocrx_word' id='word_1_339' title='bbox 2462 2242 2683 2307; x_wconf 88' lang='lat' dir='ltr'><strong>diabolo,</strong></span> <span class='ocrx_word' id='word_1_340' title='bbox 2710 2242 2747 2295; x_wconf 95' lang='lat' dir='ltr'><strong>l.</strong></span> 
     </span>
    </p>
   </div>
   <div class='ocr_carea' id='block_1_68' title="bbox 2361 2308 3308 2377">
    <p class='ocr_par' dir='ltr' id='par_1_68' title="bbox 2361 2308 3308 2377">
     <span class='ocr_line' id='line_1_69' title="bbox 2361 2308 3308 2377; baseline -0.002 -11"><span class='ocrx_word' id='word_1_341' title='bbox 2361 2312 2487 2366; x_wconf 68' lang='grc'>594.</span> <span class='ocrx_word' id='word_1_342' title='bbox 2514 2309 2887 2377; x_wconf 78' lang='lat' dir='ltr'><strong>Circumsidet,</strong></span> <span class='ocrx_word' id='word_1_343' title='bbox 2915 2308 3008 2364; x_wconf 90' lang='lat' dir='ltr'><strong>illa</strong></span> <span class='ocrx_word' id='word_1_344' title='bbox 3037 2312 3239 2375; x_wconf 90' lang='lat' dir='ltr'><strong>cohors,</strong></span> <span class='ocrx_word' id='word_1_345' title='bbox 3271 2311 3308 2366; x_wconf 91' lang='grc'><strong>1.</strong></span> 
     </span>
    </p>
   </div>
   <div class='ocr_carea' id='block_1_69' title="bbox 2361 2380 3873 2452">
    <p class='ocr_par' dir='ltr' id='par_1_69' title="bbox 2361 2380 3873 2452">
     <span class='ocr_line' id='line_1_70' title="bbox 2361 2380 3873 2452; baseline 0.003 -17"><span class='ocrx_word' id='word_1_346' title='bbox 2361 2381 2489 2452; x_wconf 73' lang='lat'><strong>595,</strong></span> <span class='ocrx_word' id='word_1_347' title='bbox 2517 2380 2868 2452; x_wconf 68' lang='lat' dir='ltr'><strong>Superstitio,</strong></span> <span class='ocrx_word' id='word_1_348' title='bbox 2894 2396 3025 2452; x_wconf 84' lang='lat' dir='ltr'><strong>vana</strong></span> <span class='ocrx_word' id='word_1_349' title='bbox 3070 2382 3271 2450; x_wconf 82' lang='lat' dir='ltr'><strong>religio,</strong></span> <span class='ocrx_word' id='word_1_350' title='bbox 3300 2382 3581 2452; x_wconf 83' lang='lat' dir='ltr'><strong>gentilitas.</strong></span> <span class='ocrx_word' id='word_1_351' title='bbox 3612 2413 3685 2425; x_wconf 90' lang='lat'><strong>—</strong></span> <span class='ocrx_word' id='word_1_352' title='bbox 3726 2386 3873 2440; x_wconf 64' lang='lat' dir='ltr'><strong>Mae-</strong></span> 
     </span>
    </p>
   </div>
   <div class='ocr_carea' id='block_1_70' title="bbox 2290 2449 3870 2520">
    <p class='ocr_par' dir='ltr' id='par_1_70' title="bbox 2290 2449 3870 2520">
     <span class='ocr_line' id='line_1_71' title="bbox 2290 2449 3870 2520; baseline 0.001 -15"><span class='ocrx_word' id='word_1_353' title='bbox 2290 2464 2405 2513; x_wconf 90' lang='lat' dir='ltr'><strong>ror,</strong></span> <span class='ocrx_word' id='word_1_354' title='bbox 2425 2450 2651 2520; x_wconf 79' lang='lat' dir='ltr'><strong>tristitia.</strong></span> <span class='ocrx_word' id='word_1_355' title='bbox 2666 2478 2736 2490; x_wconf 93' lang='lat'><strong><em>—</em></strong></span> <span class='ocrx_word' id='word_1_356' title='bbox 2754 2449 2953 2520; x_wconf 40' lang='lat' dir='ltr'><strong>Lusius,</strong></span> <span class='ocrx_word' id='word_1_357' title='bbox 2977 2449 3205 2520; x_wconf 59' lang='lat' dir='ltr'><strong>lutcuria,</strong></span> <span class='ocrx_word' id='word_1_358' title='bbox 3222 2449 3506 2506; x_wconf 51' lang='lat' dir='ltr'><strong>vel&#39;ventris</strong></span> <span class='ocrx_word' id='word_1_359' title='bbox 3529 2454 3803 2520; x_wconf 77' lang='lat' dir='ltr'><strong>ingluvies,</strong></span> <span class='ocrx_word' id='word_1_360' title='bbox 3829 2457 3870 2507; x_wconf 95' lang='lat' dir='ltr'><strong>I.</strong></span> 
     </span>
    </p>
   </div>
   <div class='ocr_carea' id='block_1_71' title="bbox 2360 2518 3873 2591">
    <p class='ocr_par' dir='ltr' id='par_1_71' title="bbox 2360 2518 3873 2591">
     <span class='ocr_line' id='line_1_72' title="bbox 2360 2518 3873 2591; baseline 0.003 -16"><span class='ocrx_word' id='word_1_361' title='bbox 2360 2520 2487 2591; x_wconf 88' lang='grc'>596.</span> <span class='ocrx_word' id='word_1_362' title='bbox 2518 2519 2671 2591; x_wconf 80' lang='lat' dir='ltr'><strong>Sitis,</strong></span> <span class='ocrx_word' id='word_1_363' title='bbox 2706 2518 2983 2591; x_wconf 81' lang='lat' dir='ltr'><strong>cupiditas;</strong></span> <span class='ocrx_word' id='word_1_364' title='bbox 3031 2518 3389 2591; x_wconf 72' lang='lat' dir='ltr'><strong>homicidium.</strong></span> <span class='ocrx_word' id='word_1_365' title='bbox 3432 2550 3504 2561; x_wconf 96' lang='lat'><strong>—</strong></span> <span class='ocrx_word' id='word_1_366' title='bbox 3556 2518 3677 2576; x_wconf 73' lang='lat' dir='ltr'><strong>Vini</strong></span> <span class='ocrx_word' id='word_1_367' title='bbox 3718 2518 3873 2591; x_wconf 72' lang='lat' dir='ltr'><strong>sitis,</strong></span> 
     </span>
    </p>
   </div>
   <div class='ocr_carea' id='block_1_72' title="bbox 2289 2589 3717 2660">
    <p class='ocr_par' dir='ltr' id='par_1_72' title="bbox 2289 2589 3717 2660">
     <span class='ocr_line' id='line_1_73' title="bbox 2289 2589 3717 2660; baseline 0.001 -17"><span class='ocrx_word' id='word_1_368' title='bbox 2289 2589 2503 2660; x_wconf 88' lang='lat' dir='ltr'><strong>ebrietas</strong></span> <span class='ocrx_word' id='word_1_369' title='bbox 2527 2619 2595 2660; x_wconf 48' lang='lat' dir='ltr'><strong>f-_-</strong></span> <span class='ocrx_word' id='word_1_370' title='bbox 2623 2590 2751 2660; x_wconf 85' lang='lat' dir='ltr'><strong>Sitis</strong></span> <span class='ocrx_word' id='word_1_371' title='bbox 2778 2589 2916 2660; x_wconf 76' lang='lat' dir='ltr'><strong>auri,</strong></span> <span class='ocrx_word' id='word_1_372' title='bbox 2946 2589 3184 2660; x_wconf 81' lang='lat' dir='ltr'><strong>avaritia,</strong></span> <span class='ocrx_word' id='word_1_373' title='bbox 3212 2592 3641 2660; x_wconf 71' lang='lat' dir='ltr'><strong>concupiscentia,</strong></span> <span class='ocrx_word' id='word_1_374' title='bbox 3677 2593 3717 2644; x_wconf 92' lang='lat' dir='ltr'><strong>I.</strong></span> 
     </span>
    </p>
   </div>
   <div class='ocr_carea' id='block_1_73' title="bbox 2360 2656 3872 2733">
    <p class='ocr_par' dir='ltr' id='par_1_73' title="bbox 2360 2656 3872 2733">
     <span class='ocr_line' id='line_1_74' title="bbox 2360 2656 3872 2733; baseline 0.003 -20"><span class='ocrx_word' id='word_1_375' title='bbox 2360 2659 2485 2733; x_wconf 61' lang='grc'>597.</span> <span class='ocrx_word' id='word_1_376' title='bbox 2518 2658 2698 2733; x_wconf 77' lang='lat' dir='ltr'><strong>Livor,</strong></span> <span class='ocrx_word' id='word_1_377' title='bbox 2717 2658 2931 2733; x_wconf 81' lang='lat' dir='ltr'><strong>invidia.</strong></span> <span class='ocrx_word' id='word_1_378' title='bbox 2954 2686 3025 2733; x_wconf 87' lang='lat'><strong>-_—</strong></span> <span class='ocrx_word' id='word_1_379' title='bbox 3048 2656 3401 2733; x_wconf 44' lang='lat' dir='ltr'><strong>hdulterium‘,</strong></span> <span class='ocrx_word' id='word_1_380' title='bbox 3434 2660 3581 2728; x_wconf 76' lang='lat' dir='ltr'><strong>fraus</strong></span> <span class='ocrx_word' id='word_1_381' title='bbox 3605 2662 3872 2733; x_wconf 78' lang='lat' dir='ltr'><strong>conjugii.</strong></span> 
     </span>
    </p>
   </div>
   <div class='ocr_carea' id='block_1_74' title="bbox 2287 2727 3113 2795">
    <p class='ocr_par' dir='ltr' id='par_1_74' title="bbox 2287 2727 3113 2795">
     <span class='ocr_line' id='line_1_75' title="bbox 2287 2727 3113 2795; baseline -0.002 -13"><span class='ocrx_word' id='word_1_382' title='bbox 2287 2757 2358 2770; x_wconf 90' lang='lat'><strong>-—</strong></span> <span class='ocrx_word' id='word_1_383' title='bbox 2382 2728 2733 2795; x_wconf 85' lang='lat' dir='ltr'><strong>Obtrectatio,</strong></span> <span class='ocrx_word' id='word_1_384' title='bbox 2765 2727 3034 2790; x_wconf 85' lang='lat' dir='ltr'><strong>detractio,</strong></span> <span class='ocrx_word' id='word_1_385' title='bbox 3074 2728 3113 2780; x_wconf 94' lang='grc' dir='ltr'><strong>Ι.</strong></span> 
     </span>
    </p>
   </div>
   <div class='ocr_carea' id='block_1_75' title="bbox 2360 2796 3870 2870">
    <p class='ocr_par' dir='ltr' id='par_1_75' title="bbox 2360 2796 3870 2870">
     <span class='ocr_line' id='line_1_76' title="bbox 2360 2796 3870 2870; baseline 0.001 -18"><span class='ocrx_word' id='word_1_386' title='bbox 2360 2798 2487 2870; x_wconf 82' lang='grc'>598.</span> <span class='ocrx_word' id='word_1_387' title='bbox 2517 2798 2767 2870; x_wconf 85' lang='lat' dir='ltr'><strong>Horrent,</strong></span> <span class='ocrx_word' id='word_1_388' title='bbox 2792 2796 3043 2870; x_wconf 77' lang='lat' dir='ltr'><strong>horrende</strong></span> <span class='ocrx_word' id='word_1_389' title='bbox 3066 2804 3411 2870; x_wconf 85' lang='lat' dir='ltr'><strong>apparent.—</strong></span> <span class='ocrx_word' id='word_1_390' title='bbox 3432 2797 3639 2866; x_wconf 82' lang='lat' dir='ltr'><strong>Facies,</strong></span> <span class='ocrx_word' id='word_1_391' title='bbox 3671 2815 3870 2870; x_wconf 79' lang='lat' dir='ltr'><strong>supra-</strong></span> 
     </span>
    </p>
   </div>
   <div class='ocr_carea' id='block_1_76' title="bbox 2289 2866 3144 2936">
    <p class='ocr_par' dir='ltr' id='par_1_76' title="bbox 2289 2866 3144 2936">
     <span class='ocr_line' id='line_1_77' title="bbox 2289 2866 3144 2936; baseline 0.001 -17"><span class='ocrx_word' id='word_1_392' title='bbox 2289 2867 2439 2921; x_wconf 77' lang='lat' dir='ltr'><strong>dictte</strong></span> <span class='ocrx_word' id='word_1_393' title='bbox 2467 2868 2740 2936; x_wconf 86' lang='lat' dir='ltr'><strong>imagines,</strong></span> <span class='ocrx_word' id='word_1_394' title='bbox 2767 2866 2845 2920; x_wconf 87' lang='lat' dir='ltr'><strong>vel</strong></span> <span class='ocrx_word' id='word_1_395' title='bbox 2863 2866 3079 2932; x_wconf 84' lang='lat' dir='ltr'><strong>species,</strong></span> <span class='ocrx_word' id='word_1_396' title='bbox 3104 2866 3144 2920; x_wconf 91' lang='grc'><strong>1.</strong></span> 
     </span>
    </p>
   </div>
   <div class='ocr_carea' id='block_1_77' title="bbox 2296 2936 3864 3061">
    <p class='ocr_par' dir='ltr' id='par_1_77' title="bbox 2296 2936 3864 3061">
     <span class='ocr_line' id='line_1_78' title="bbox 2296 2936 3864 3061; baseline 0.002 -71"><span class='ocrx_word' id='word_1_397' title='bbox 2296 3006 2310 3018; x_wconf 46' lang='grc'><strong>.</strong></span> <span class='ocrx_word' id='word_1_398' title='bbox 2358 2937 2482 3017; x_wconf 75' lang='grc'>599.</span> <span class='ocrx_word' id='word_1_399' title='bbox 2512 2936 2780 3061; x_wconf 73' lang='lat' dir='ltr'><strong>IAmbitio,</strong></span> <span class='ocrx_word' id='word_1_400' title='bbox 2821 2936 3265 3005; x_wconf 86' lang='lat' dir='ltr'><strong>concupiscentia;</strong></span> <span class='ocrx_word' id='word_1_401' title='bbox 3304 2936 3541 3007; x_wconf 85' lang='lat' dir='ltr'><strong>superbia</strong></span> <span class='ocrx_word' id='word_1_402' title='bbox 3577 2952 3732 3005; x_wconf 81' lang='lat' dir='ltr'><strong>vana,</strong></span> <span class='ocrx_word' id='word_1_403' title='bbox 3780 2940 3864 2993; x_wconf 70' lang='lat' dir='ltr'><strong>uel</strong></span> 
     </span>
     <span class='ocr_line' id='line_1_79' title="bbox 2296 3021 2554 3061; baseline 0 -1"><span class='ocrx_word' id='word_1_404' title='bbox 2296 3021 2484 3061; x_wconf 75' lang='lat' dir='ltr'><strong>inanis.</strong></span> <span class='ocrx_word' id='word_1_405' title='bbox 2539 3044 2554 3060; x_wconf 93' lang='lat'><strong>.</strong></span> 
     </span>
    </p>
   </div>
   <div class='ocr_carea' id='block_1_78' title="bbox 2291 3021 2554 3069">
    <p class='ocr_par' dir='ltr' id='par_1_78' title="bbox 2291 3021 2554 3069">
     <span class='ocr_line' id='line_1_80' title="bbox 2291 3021 2554 3069; baseline 0.004 -9"><span class='ocrx_word' id='word_1_406' title='bbox 2291 3021 2484 3069; x_wconf 68' lang='grc'><strong>11101118,</strong></span> <span class='ocrx_word' id='word_1_407' title='bbox 2512 3021 2554 3061; x_wconf 72' lang='grc' dir='ltr'><strong>Ι.</strong></span> 
     </span>
    </p>
   </div>
   <div class='ocr_carea' id='block_1_79' title="bbox 2356 3073 3813 3146">
    <p class='ocr_par' dir='ltr' id='par_1_79' title="bbox 2356 3073 3813 3146">
     <span class='ocr_line' id='line_1_81' title="bbox 2356 3073 3813 3146; baseline 0.001 -16"><span class='ocrx_word' id='word_1_408' title='bbox 2356 3076 2482 3130; x_wconf 77' lang='grc' dir='ltr'><strong>ιο0.</strong></span> <span class='ocrx_word' id='word_1_409' title='bbox 2515 3075 2772 3146; x_wconf 67' lang='lat' dir='ltr'><strong>Personat</strong></span> <span class='ocrx_word' id='word_1_410' title='bbox 2795 3073 3084 3146; x_wconf 85' lang='lat' dir='ltr'><strong>eloquium,</strong></span> <span class='ocrx_word' id='word_1_411' title='bbox 3111 3076 3330 3146; x_wconf 75' lang='lat' dir='ltr'><strong>intonat,</strong></span> <span class='ocrx_word' id='word_1_412' title='bbox 3354 3074 3457 3129; x_wconf 86' lang='lat' dir='ltr'><strong>alte</strong></span> <span class='ocrx_word' id='word_1_413' title='bbox 3482 3076 3725 3146; x_wconf 81' lang='lat' dir='ltr'><strong>loquitur,</strong></span> <span class='ocrx_word' id='word_1_414' title='bbox 3763 3076 3813 3131; x_wconf 90' lang='grc'><strong>1.</strong></span> 
     </span>
    </p>
   </div>
   <div class='ocr_carea' id='block_1_80' title="bbox 2349 3144 3282 3207">
    <p class='ocr_par' dir='ltr' id='par_1_80' title="bbox 2349 3144 3282 3207">
     <span class='ocr_line' id='line_1_82' title="bbox 2349 3144 3282 3207; baseline -0.001 -10"><span class='ocrx_word' id='word_1_415' title='bbox 2349 3145 2479 3198; x_wconf 73' lang='grc'><strong>401.</strong></span> <span class='ocrx_word' id='word_1_416' title='bbox 2510 3144 2734 3207; x_wconf 75' lang='lat' dir='ltr'><strong>Canina,</strong></span> <span class='ocrx_word' id='word_1_417' title='bbox 2758 3160 2790 3196; x_wconf 89' lang='lat' dir='ltr'><strong>a</strong></span> <span class='ocrx_word' id='word_1_418' title='bbox 2819 3147 3027 3197; x_wconf 82' lang='lat' dir='ltr'><strong>canibus</strong></span> <span class='ocrx_word' id='word_1_419' title='bbox 3051 3145 3207 3207; x_wconf 87' lang='lat' dir='ltr'><strong>dicta,</strong></span> <span class='ocrx_word' id='word_1_420' title='bbox 3240 3145 3282 3198; x_wconf 93' lang='lat' dir='ltr'><strong>l.</strong></span> 
     </span>
    </p>
   </div>
   <div class='ocr_carea' id='block_1_81' title="bbox 2358 3212 3864 3279">
    <p class='ocr_par' dir='ltr' id='par_1_81' title="bbox 2358 3212 3864 3279">
     <span class='ocr_line' id='line_1_83' title="bbox 2358 3212 3864 3279; baseline 0.002 -13"><span class='ocrx_word' id='word_1_421' title='bbox 2358 3213 2482 3269; x_wconf 64' lang='lat'><strong>402.</strong></span> <span class='ocrx_word' id='word_1_422' title='bbox 2507 3213 2661 3274; x_wconf 88' lang='lat' dir='ltr'><strong>Vilis,</strong></span> <span class='ocrx_word' id='word_1_423' title='bbox 2690 3212 2972 3269; x_wconf 65' lang='lat' dir='ltr'><strong>surcularis.</strong></span> <span class='ocrx_word' id='word_1_424' title='bbox 2993 3242 3061 3255; x_wconf 92' lang='lat'><strong>——</strong></span> <span class='ocrx_word' id='word_1_425' title='bbox 3086 3212 3324 3279; x_wconf 72' lang='lat' dir='ltr'><strong>Claram,</strong></span> <span class='ocrx_word' id='word_1_426' title='bbox 3347 3214 3555 3267; x_wconf 86' lang='lat' dir='ltr'><strong>baculus</strong></span> <span class='ocrx_word' id='word_1_427' title='bbox 3590 3213 3864 3279; x_wconf 76' lang='lat' dir='ltr'><strong>Herculis,</strong></span> 
     </span>
    </p>
   </div>
   <div class='ocr_carea' id='block_1_82' title="bbox 2285 3281 3868 3350">
    <p class='ocr_par' dir='ltr' id='par_1_82' title="bbox 2285 3281 3868 3350">
     <span class='ocr_line' id='line_1_84' title="bbox 2285 3281 3868 3350; baseline 0.002 -14"><span class='ocrx_word' id='word_1_428' title='bbox 2285 3299 2384 3347; x_wconf 88' lang='lat' dir='ltr'><strong>quo</strong></span> <span class='ocrx_word' id='word_1_429' title='bbox 2412 3299 2581 3337; x_wconf 88' lang='lat' dir='ltr'><strong>omnes</strong></span> <span class='ocrx_word' id='word_1_430' title='bbox 2620 3281 2867 3348; x_wconf 85' lang='lat' dir='ltr'><strong>vincebat;</strong></span> <span class='ocrx_word' id='word_1_431' title='bbox 2895 3283 3014 3337; x_wconf 89' lang='lat' dir='ltr'><strong>inde</strong></span> <span class='ocrx_word' id='word_1_432' title='bbox 3060 3285 3256 3337; x_wconf 88' lang='lat' dir='ltr'><strong>clavam</strong></span> <span class='ocrx_word' id='word_1_433' title='bbox 3293 3283 3521 3350; x_wconf 87' lang='lat' dir='ltr'><strong>appellat</strong></span> <span class='ocrx_word' id='word_1_434' title='bbox 3560 3285 3868 3339; x_wconf 84' lang='lat' dir='ltr'><strong>dialecticos</strong></span> 
     </span>
    </p>
   </div>
   <div class='ocr_carea' id='block_1_83' title="bbox 2286 3352 3870 3475">
    <p class='ocr_par' dir='ltr' id='par_1_83' title="bbox 2286 3352 3870 3475">
     <span class='ocr_line' id='line_1_85' title="bbox 2286 3352 3870 3475; baseline 0.002 -71"><span class='ocrx_word' id='word_1_435' title='bbox 2286 3353 2626 3475; x_wconf 48' lang='lat' dir='ltr'><strong>ﬂgzailsgroi,</strong></span> <span class='ocrx_word' id='word_1_436' title='bbox 2656 3352 2837 3421; x_wconf 83' lang='lat' dir='ltr'><strong>quibus</strong></span> <span class='ocrx_word' id='word_1_437' title='bbox 2866 3368 2920 3407; x_wconf 89' lang='lat' dir='ltr'><strong>se</strong></span> <span class='ocrx_word' id='word_1_438' title='bbox 2966 3353 3159 3407; x_wconf 86' lang='lat' dir='ltr'><strong>vincere</strong></span> <span class='ocrx_word' id='word_1_439' title='bbox 3199 3362 3377 3422; x_wconf 88' lang='lat' dir='ltr'><strong>putant</strong></span> <span class='ocrx_word' id='word_1_440' title='bbox 3413 3353 3617 3423; x_wconf 84' lang='lat' dir='ltr'><strong>ubique;</strong></span> <span class='ocrx_word' id='word_1_441' title='bbox 3670 3356 3870 3423; x_wconf 65' lang='lat' dir='ltr'><strong>fustem</strong></span> 
     </span>
    </p>
   </div>
   <div class='ocr_carea' id='block_1_84' title="bbox 2345 3438 2624 3485">
    <p class='ocr_par' dir='ltr' id='par_1_84' title="bbox 2345 3438 2624 3485">
     <span class='ocr_line' id='line_1_86' title="bbox 2345 3438 2624 3485; baseline -0.007 -9"><span class='ocrx_word' id='word_1_442' title='bbox 2345 3438 2547 3485; x_wconf 80' lang='lat' dir='ltr'><strong>ercutrs,</strong></span> <span class='ocrx_word' id='word_1_443' title='bbox 2586 3438 2624 3474; x_wconf 84' lang='grc' dir='ltr'><strong>ι.</strong></span> 
     </span>
    </p>
   </div>
   <div class='ocr_carea' id='block_1_85' title="bbox 2355 3489 3869 3561">
    <p class='ocr_par' dir='ltr' id='par_1_85' title="bbox 2355 3489 3869 3561">
     <span class='ocr_line' id='line_1_87' title="bbox 2355 3489 3869 3561; baseline -0.001 -16"><span class='ocrx_word' id='word_1_444' title='bbox 2355 3490 2767 3561; x_wconf 15' lang='grc' dir='ltr'><strong>403.ίνίοειιῑηι,</strong></span> <span class='ocrx_word' id='word_1_445' title='bbox 2810 3506 2896 3560; x_wconf 88' lang='lat' dir='ltr'><strong>per</strong></span> <span class='ocrx_word' id='word_1_446' title='bbox 2935 3490 3158 3560; x_wconf 85' lang='lat' dir='ltr'><strong>singulos</strong></span> <span class='ocrx_word' id='word_1_447' title='bbox 3188 3491 3341 3545; x_wconf 80' lang='lat' dir='ltr'><strong>vicos.</strong></span> <span class='ocrx_word' id='word_1_448' title='bbox 3368 3520 3438 3530; x_wconf 95' lang='lat'><strong><em>—</em></strong></span> <span class='ocrx_word' id='word_1_449' title='bbox 3463 3489 3869 3561; x_wconf 81' lang='lat' dir='ltr'><strong>Gymnosophi—</strong></span> 
     </span>
    </p>
   </div>
   <div class='ocr_carea' id='block_1_86' title="bbox 2288 3560 3867 3630">
    <p class='ocr_par' dir='ltr' id='par_1_86' title="bbox 2288 3560 3867 3630">
     <span class='ocr_line' id='line_1_88' title="bbox 2288 3560 3867 3630; baseline -0.002 -15"><span class='ocrx_word' id='word_1_450' title='bbox 2288 3569 2419 3626; x_wconf 87' lang='lat' dir='ltr'><strong>stas,</strong></span> <span class='ocrx_word' id='word_1_451' title='bbox 2448 3560 2797 3630; x_wconf 86' lang='lat' dir='ltr'><strong>philosophos,</strong></span> <span class='ocrx_word' id='word_1_452' title='bbox 2822 3561 2910 3629; x_wconf 88' lang='lat' dir='ltr'><strong>qui</strong></span> <span class='ocrx_word' id='word_1_453' title='bbox 2938 3563 3061 3613; x_wconf 89' lang='lat' dir='ltr'><strong>nudi</strong></span> <span class='ocrx_word' id='word_1_454' title='bbox 3083 3562 3439 3629; x_wconf 87' lang='lat' dir='ltr'><strong>disputabant;</strong></span> <span class='ocrx_word' id='word_1_455' title='bbox 3466 3561 3633 3612; x_wconf 89' lang='lat' dir='ltr'><strong>nudos</strong></span> <span class='ocrx_word' id='word_1_456' title='bbox 3654 3563 3867 3628; x_wconf 83' lang='lat' dir='ltr'><strong>sapien-</strong></span> 
     </span>
    </p>
   </div>
   <div class='ocr_carea' id='block_1_87' title="bbox 2287 3630 3865 3752">
    <p class='ocr_par' dir='ltr' id='par_1_87' title="bbox 2287 3630 3865 3752">
     <span class='ocr_line' id='line_1_89' title="bbox 2288 3630 3865 3709; baseline -0.001 -25"><span class='ocrx_word' id='word_1_457' title='bbox 2288 3640 2391 3709; x_wconf 66' lang='lat' dir='ltr'><strong>tes;</strong></span> <span class='ocrx_word' id='word_1_458' title='bbox 2439 3630 2867 3709; x_wconf 64' lang='lat' dir='ltr'><strong>gymnosophistas</strong></span> <span class='ocrx_word' id='word_1_459' title='bbox 2907 3630 3231 3695; x_wconf 84' lang='lat' dir='ltr'><strong>perhibentur</strong></span> <span class='ocrx_word' id='word_1_460' title='bbox 3264 3630 3390 3684; x_wconf 86' lang='lat' dir='ltr'><strong>nudi</strong></span> <span class='ocrx_word' id='word_1_461' title='bbox 3424 3630 3782 3699; x_wconf 80' lang='lat' dir='ltr'><strong>philosophari</strong></span> <span class='ocrx_word' id='word_1_462' title='bbox 3811 3632 3865 3683; x_wconf 70' lang='lat' dir='ltr'><strong>in</strong></span> 
     </span>
     <span class='ocr_line' id='line_1_90' title="bbox 2287 3699 2990 3752; baseline 0 0"><span class='ocrx_word' id='word_1_463' title='bbox 2287 3700 2643 3752; x_wconf 77' lang='lat' dir='ltr'><strong>solitudinibus</strong></span> <span class='ocrx_word' id='word_1_464' title='bbox 2668 3714 2721 3752; x_wconf 82' lang='lat' dir='ltr'><strong>tn</strong></span> <span class='ocrx_word' id='word_1_465' title='bbox 2751 3699 2854 3752; x_wconf 77' lang='lat' dir='ltr'><strong>die.</strong></span> <span class='ocrx_word' id='word_1_466' title='bbox 2888 3699 2990 3752; x_wconf 91' lang='lat' dir='ltr'><strong>lso.</strong></span> 
     </span>
    </p>
   </div>
   <div class='ocr_carea' id='block_1_88' title="bbox 2315 3714 2990 3766">
    <p class='ocr_par' dir='ltr' id='par_1_88' title="bbox 2315 3714 2990 3766">
     <span class='ocr_line' id='line_1_91' title="bbox 2315 3714 2990 3766; baseline 0.003 -15"><span class='ocrx_word' id='word_1_467' title='bbox 2315 3714 2643 3752; x_wconf 82' lang='lat' dir='ltr'><strong>omuarntvus</strong></span> <span class='ocrx_word' id='word_1_468' title='bbox 2668 3714 2721 3752; x_wconf 79' lang='grc' dir='ltr'><strong>ιη</strong></span> <span class='ocrx_word' id='word_1_469' title='bbox 2751 3714 2854 3766; x_wconf 81' lang='lat' dir='ltr'><strong>are,</strong></span> <span class='ocrx_word' id='word_1_470' title='bbox 2890 3714 2990 3753; x_wconf 76' lang='lat' dir='ltr'><strong>ISO.</strong></span> 
     </span>
    </p>
   </div>
   <div class='ocr_carea' id='block_1_89' title="bbox 1949 3846 2481 3906">
    <p class='ocr_par' dir='ltr' id='par_1_89' title="bbox 1949 3846 2481 3906">
     <span class='ocr_line' id='line_1_92' title="bbox 1949 3846 2481 3906; baseline 0 -3"><span class='ocrx_word' id='word_1_471' title='bbox 1949 3846 2481 3906; x_wconf 78' lang='lat' dir='ltr'><strong>COMMENTARIUS</strong></span> 
     </span>
    </p>
   </div>
   <div class='ocr_carea' id='block_1_90' title="bbox 687 3938 2180 4014">
    <p class='ocr_par' dir='ltr' id='par_1_90' title="bbox 687 3938 2180 4014">
     <span class='ocr_line' id='line_1_93' title="bbox 687 3938 2180 4014; baseline -0.004 -11"><span class='ocrx_word' id='word_1_472' title='bbox 687 3946 813 4003; x_wconf 82' lang='grc'>578.</span> <span class='ocrx_word' id='word_1_473' title='bbox 841 3943 1066 4014; x_wconf 83' lang='lat' dir='ltr'><strong>Egregie</strong></span> <span class='ocrx_word' id='word_1_474' title='bbox 1084 3940 1281 4014; x_wconf 82' lang='lat' dir='ltr'><strong>dictum</strong></span> <span class='ocrx_word' id='word_1_475' title='bbox 1305 3938 1469 3993; x_wconf 82' lang='lat' dir='ltr'><strong>Nemo</strong></span> <span class='ocrx_word' id='word_1_476' title='bbox 1491 3941 1733 4014; x_wconf 82' lang='lat' dir='ltr'><strong>animum,</strong></span> <span class='ocrx_word' id='word_1_477' title='bbox 1754 3949 1883 4007; x_wconf 89' lang='lat' dir='ltr'><strong>etc.,</strong></span> <span class='ocrx_word' id='word_1_478' title='bbox 1902 3951 2180 4014; x_wconf 87' lang='lat' dir='ltr'><strong>postquam</strong></span> 
     </span>
    </p>
   </div>
   <div class='ocr_carea' id='block_1_91' title="bbox 619 4011 2180 4082">
    <p class='ocr_par' dir='ltr' id='par_1_91' title="bbox 619 4011 2180 4082">
     <span class='ocr_line' id='line_1_94' title="bbox 619 4011 2180 4082; baseline -0.004 -9"><span class='ocrx_word' id='word_1_479' title='bbox 619 4019 823 4073; x_wconf 86' lang='lat' dir='ltr'><strong>scilicet</strong></span> <span class='ocrx_word' id='word_1_480' title='bbox 852 4011 1035 4069; x_wconf 70' lang='lat' dir='ltr'><strong>inanes</strong></span> <span class='ocrx_word' id='word_1_481' title='bbox 1087 4011 1362 4066; x_wconf 86' lang='lat' dir='ltr'><strong>hominum</strong></span> <span class='ocrx_word' id='word_1_482' title='bbox 1388 4012 1764 4080; x_wconf 88' lang='lat' dir='ltr'><strong>occupationes</strong></span> <span class='ocrx_word' id='word_1_483' title='bbox 1806 4020 1860 4066; x_wconf 87' lang='lat' dir='ltr'><strong>et</strong></span> <span class='ocrx_word' id='word_1_484' title='bbox 1884 4011 2180 4082; x_wconf 82' lang='lat' dir='ltr'><strong>perniciosa</strong></span> 
     </span>
    </p>
   </div>
   <div class='ocr_carea' id='block_1_92' title="bbox 618 4087 1176 4144">
    <p class='ocr_par' dir='ltr' id='par_1_92' title="bbox 618 4087 1176 4144">
     <span class='ocr_line' id='line_1_95' title="bbox 618 4087 1176 4144; baseline -0.02 0"><span class='ocrx_word' id='word_1_485' title='bbox 618 4087 788 4144; x_wconf 81' lang='lat' dir='ltr'><strong>studia</strong></span> <span class='ocrx_word' id='word_1_486' title='bbox 818 4090 1176 4140; x_wconf 86' lang='lat' dir='ltr'><strong>recensuerat.</strong></span> 
     </span>
    </p>
   </div>
   <div class='ocr_carea' id='block_1_93' title="bbox 690 4148 2179 4220">
    <p class='ocr_par' dir='ltr' id='par_1_93' title="bbox 690 4148 2179 4220">
     <span class='ocr_line' id='line_1_96' title="bbox 690 4148 2179 4220; baseline -0.004 -10"><span class='ocrx_word' id='word_1_487' title='bbox 690 4157 813 4210; x_wconf 71' lang='lat'><strong>582.</strong></span> <span class='ocrx_word' id='word_1_488' title='bbox 846 4155 992 4217; x_wconf 83' lang='lat' dir='ltr'><strong>Ald.,</strong></span> <span class='ocrx_word' id='word_1_489' title='bbox 1024 4152 1178 4220; x_wconf 75' lang='lat' dir='ltr'><strong>l’rag.</strong></span> <span class='ocrx_word' id='word_1_490' title='bbox 1210 4158 1264 4206; x_wconf 91' lang='lat' dir='ltr'><strong>et</strong></span> <span class='ocrx_word' id='word_1_491' title='bbox 1287 4148 1522 4205; x_wconf 89' lang='lat' dir='ltr'><strong>nonnulli</strong></span> <span class='ocrx_word' id='word_1_492' title='bbox 1553 4148 1707 4219; x_wconf 84' lang='lat' dir='ltr'><strong>Vulg.</strong></span> <span class='ocrx_word' id='word_1_493' title='bbox 1741 4163 1859 4203; x_wconf 93' lang='lat' dir='ltr'><strong>cum</strong></span> <span class='ocrx_word' id='word_1_494' title='bbox 1889 4149 2025 4219; x_wconf 84' lang='lat' dir='ltr'><strong>PaL,</strong></span> <span class='ocrx_word' id='word_1_495' title='bbox 2051 4166 2179 4204; x_wconf 88' lang='lat' dir='ltr'><strong>con-</strong></span> 
     </span>
    </p>
   </div>
   <div class='ocr_carea' id='block_1_94' title="bbox 621 4220 2182 4289">
    <p class='ocr_par' dir='ltr' id='par_1_94' title="bbox 621 4220 2182 4289">
     <span class='ocr_line' id='line_1_97' title="bbox 621 4220 2182 4289; baseline -0.005 -9"><span class='ocrx_word' id='word_1_496' title='bbox 621 4236 809 4282; x_wconf 86' lang='lat' dir='ltr'><strong>tentam</strong></span> <span class='ocrx_word' id='word_1_497' title='bbox 828 4234 1065 4278; x_wconf 87' lang='lat' dir='ltr'><strong>sternere.</strong></span> <span class='ocrx_word' id='word_1_498' title='bbox 1089 4221 1285 4289; x_wconf 86' lang='lat' dir='ltr'><strong>Optimi</strong></span> <span class='ocrx_word' id='word_1_499' title='bbox 1307 4228 1588 4272; x_wconf 80' lang='lat' dir='ltr'><strong>contentam</strong></span> <span class='ocrx_word' id='word_1_500' title='bbox 1607 4229 1831 4273; x_wconf 87' lang='lat' dir='ltr'><strong>stertere.</strong></span> <span class='ocrx_word' id='word_1_501' title='bbox 1857 4220 2045 4289; x_wconf 84' lang='lat' dir='ltr'><strong>Bong.,</strong></span> <span class='ocrx_word' id='word_1_502' title='bbox 2064 4236 2182 4273; x_wconf 88' lang='lat' dir='ltr'><strong>con-</strong></span> 
     </span>
    </p>
   </div>
   <div class='ocr_carea' id='block_1_95' title="bbox 623 4290 2180 4363">
    <p class='ocr_par' dir='ltr' id='par_1_95' title="bbox 623 4290 2180 4363">
     <span class='ocr_line' id='line_1_98' title="bbox 623 4290 2180 4363; baseline -0.005 -14"><span class='ocrx_word' id='word_1_503' title='bbox 623 4306 785 4351; x_wconf 84' lang='lat' dir='ltr'><strong>tentus</strong></span> <span class='ocrx_word' id='word_1_504' title='bbox 812 4309 908 4363; x_wconf 90' lang='lat' dir='ltr'><strong>pro</strong></span> <span class='ocrx_word' id='word_1_505' title='bbox 936 4300 1241 4363; x_wconf 80' lang='lat' dir='ltr'><strong>contentam,</strong></span> <span class='ocrx_word' id='word_1_506' title='bbox 1273 4298 1549 4363; x_wconf 48' lang='lat' dir='ltr'><strong>exstatque</strong></span> <span class='ocrx_word' id='word_1_507' title='bbox 1574 4298 1836 4363; x_wconf 68' lang='lat' dir='ltr'><strong>contenth</strong></span> <span class='ocrx_word' id='word_1_508' title='bbox 1868 4290 1919 4363; x_wconf 84' lang='lat' dir='ltr'><strong>in</strong></span> <span class='ocrx_word' id='word_1_509' title='bbox 1947 4291 2180 4363; x_wconf 82' lang='lat' dir='ltr'><strong>_nonnu_l-_</strong></span> 
     </span>
    </p>
   </div>
   <div class='ocr_carea' id='block_1_96' title="bbox 623 4358 2183 4430">
    <p class='ocr_par' dir='ltr' id='par_1_96' title="bbox 623 4358 2183 4430">
     <span class='ocr_line' id='line_1_99' title="bbox 623 4358 2183 4430; baseline -0.004 -10"><span class='ocrx_word' id='word_1_510' title='bbox 623 4368 688 4421; x_wconf 90' lang='lat' dir='ltr'><strong>lis</strong></span> <span class='ocrx_word' id='word_1_511' title='bbox 716 4358 892 4430; x_wconf 61' lang='lat' dir='ltr'><strong>Vulg,</strong></span> <span class='ocrx_word' id='word_1_512' title='bbox 920 4362 1015 4415; x_wconf 91' lang='lat' dir='ltr'><strong>sed</strong></span> <span class='ocrx_word' id='word_1_513' title='bbox 1046 4375 1149 4414; x_wconf 92' lang='lat' dir='ltr'><strong>non</strong></span> <span class='ocrx_word' id='word_1_514' title='bbox 1179 4360 1231 4414; x_wconf 92' lang='lat' dir='ltr'><strong>in</strong></span> <span class='ocrx_word' id='word_1_515' title='bbox 1260 4359 1413 4422; x_wconf 82' lang='lat' dir='ltr'><strong>Aldo,</strong></span> <span class='ocrx_word' id='word_1_516' title='bbox 1453 4359 1741 4430; x_wconf 85' lang='lat' dir='ltr'><strong>utputavit</strong></span> <span class='ocrx_word' id='word_1_517' title='bbox 1770 4358 2049 4425; x_wconf 85' lang='lat' dir='ltr'><strong>Weitzius,</strong></span> <span class='ocrx_word' id='word_1_518' title='bbox 2081 4358 2183 4414; x_wconf 85' lang='lat' dir='ltr'><strong>nisi</strong></span> 
     </span>
    </p>
   </div>
   <div class='ocr_carea' id='block_1_97' title="bbox 622 4428 1874 4501">
    <p class='ocr_par' dir='ltr' id='par_1_97' title="bbox 622 4428 1874 4501">
     <span class='ocr_line' id='line_1_100' title="bbox 622 4428 1874 4501; baseline -0.009 -10"><span class='ocrx_word' id='word_1_519' title='bbox 622 4428 828 4501; x_wconf 24' lang='lat' dir='ltr'><strong>duplex‘</strong></span> <span class='ocrx_word' id='word_1_520' title='bbox 848 4432 1006 4487; x_wconf 80' lang='lat' dir='ltr'><strong>fuerit</strong></span> <span class='ocrx_word' id='word_1_521' title='bbox 1032 4430 1151 4484; x_wconf 86' lang='lat' dir='ltr'><strong>Aldi</strong></span> <span class='ocrx_word' id='word_1_522' title='bbox 1181 4430 1362 4501; x_wconf 78' lang='lat' dir='ltr'><strong>editio,</strong></span> <span class='ocrx_word' id='word_1_523' title='bbox 1395 4428 1535 4501; x_wconf 80' lang='lat' dir='ltr'><strong>quod</strong></span> <span class='ocrx_word' id='word_1_524' title='bbox 1559 4442 1670 4501; x_wconf 84' lang='lat' dir='ltr'><strong>non</strong></span> <span class='ocrx_word' id='word_1_525' title='bbox 1692 4429 1874 4481; x_wconf 87' lang='lat' dir='ltr'><strong>credo.</strong></span> 
     </span>
    </p>
   </div>
   <div class='ocr_carea' id='block_1_98' title="bbox 694 4499 1351 4559">
    <p class='ocr_par' dir='ltr' id='par_1_98' title="bbox 694 4499 1351 4559">
     <span class='ocr_line' id='line_1_101' title="bbox 694 4499 1351 4559; baseline -0.011 1"><span class='ocrx_word' id='word_1_526' title='bbox 694 4499 819 4559; x_wconf 76' lang='grc'>584.</span> <span class='ocrx_word' id='word_1_527' title='bbox 863 4505 939 4556; x_wconf 77' lang='lat' dir='ltr'><strong>Ex</strong></span> <span class='ocrx_word' id='word_1_528' title='bbox 968 4500 1149 4554; x_wconf 88' lang='lat' dir='ltr'><strong>Persio</strong></span> <span class='ocrx_word' id='word_1_529' title='bbox 1172 4508 1272 4554; x_wconf 92' lang='lat' dir='ltr'><strong>sat.</strong></span> <span class='ocrx_word' id='word_1_530' title='bbox 1298 4499 1351 4553; x_wconf 79' lang='grc'><strong>2.</strong></span> 
     </span>
    </p>
   </div>
   <div class='ocr_carea' id='block_1_99' title="bbox 624 4572 1123 4629">
    <p class='ocr_par' dir='ltr' id='par_1_99' title="bbox 624 4572 1123 4629">
     <span class='ocr_line' id='line_1_102' title="bbox 624 4572 1123 4629; baseline -0.004 -2"><span class='ocrx_word' id='word_1_531' title='bbox 624 4576 903 4629; x_wconf 72' lang='lat' dir='ltr'><strong>caelestium</strong></span> <span class='ocrx_word' id='word_1_532' title='bbox 928 4572 1123 4625; x_wconf 89' lang='lat' dir='ltr'><strong>inanes.</strong></span> 
     </span>
    </p>
   </div>
   <div class='ocr_carea' id='block_1_100' title="bbox 692 4637 2187 4707">
    <p class='ocr_par' dir='ltr' id='par_1_100' title="bbox 692 4637 2187 4707">
     <span class='ocr_line' id='line_1_103' title="bbox 692 4637 2187 4707; baseline -0.005 -8"><span class='ocrx_word' id='word_1_533' title='bbox 692 4644 818 4699; x_wconf 85' lang='grc'>585.</span> <span class='ocrx_word' id='word_1_534' title='bbox 862 4639 1083 4705; x_wconf 85' lang='lat' dir='ltr'><strong>Widm.,</strong></span> <span class='ocrx_word' id='word_1_535' title='bbox 1125 4638 1282 4707; x_wconf 87' lang='lat' dir='ltr'><strong>perit;</strong></span> <span class='ocrx_word' id='word_1_536' title='bbox 1322 4652 1501 4707; x_wconf 84' lang='lat' dir='ltr'><strong>supra,</strong></span> <span class='ocrx_word' id='word_1_537' title='bbox 1529 4638 1663 4707; x_wconf 90' lang='lat' dir='ltr'><strong>parit</strong></span> <span class='ocrx_word' id='word_1_538' title='bbox 1710 4646 1763 4691; x_wconf 93' lang='lat' dir='ltr'><strong>et</strong></span> <span class='ocrx_word' id='word_1_539' title='bbox 1792 4638 1949 4705; x_wconf 88' lang='lat' dir='ltr'><strong>capit.</strong></span> <span class='ocrx_word' id='word_1_540' title='bbox 1996 4637 2187 4707; x_wconf 86' lang='lat' dir='ltr'><strong>Bong..</strong></span> 
     </span>
    </p>
   </div>
   <div class='ocr_carea' id='block_1_101' title="bbox 624 4706 1725 4782">
    <p class='ocr_par' dir='ltr' id='par_1_101' title="bbox 624 4706 1725 4782">
     <span class='ocr_line' id='line_1_104' title="bbox 624 4706 1725 4782; baseline -0.007 -16"><span class='ocrx_word' id='word_1_541' title='bbox 624 4717 784 4782; x_wconf 84' lang='lat' dir='ltr'><strong>capit.</strong></span> <span class='ocrx_word' id='word_1_542' title='bbox 815 4710 1029 4782; x_wconf 76' lang='lat' dir='ltr'><strong>Cznteri,</strong></span> <span class='ocrx_word' id='word_1_543' title='bbox 1059 4709 1215 4777; x_wconf 89' lang='lat' dir='ltr'><strong>parit,</strong></span> <span class='ocrx_word' id='word_1_544' title='bbox 1245 4706 1384 4782; x_wconf 89' lang='lat' dir='ltr'><strong>quod</strong></span> <span class='ocrx_word' id='word_1_545' title='bbox 1413 4706 1594 4782; x_wconf 79' lang='lat' dir='ltr'><strong>verum</strong></span> <span class='ocrx_word' id='word_1_546' title='bbox 1625 4716 1725 4761; x_wconf 92' lang='lat' dir='ltr'><strong>est.</strong></span> 
     </span>
    </p>
   </div>
   <div class='ocr_carea' id='block_1_102' title="bbox 693 4777 2180 4847">
    <p class='ocr_par' dir='ltr' id='par_1_102' title="bbox 693 4777 2180 4847">
     <span class='ocr_line' id='line_1_105' title="bbox 693 4777 2180 4847; baseline -0.005 -11"><span class='ocrx_word' id='word_1_547' title='bbox 693 4777 817 4837; x_wconf 78' lang='lat'><strong>590.</strong></span> <span class='ocrx_word' id='word_1_548' title='bbox 851 4780 1100 4834; x_wconf 84' lang='lat' dir='ltr'><strong>Diabolus</strong></span> <span class='ocrx_word' id='word_1_549' title='bbox 1137 4777 1316 4847; x_wconf 42' lang='lat' dir='ltr'><strong>praido</strong></span> <span class='ocrx_word' id='word_1_550' title='bbox 1357 4784 1411 4847; x_wconf 81' lang='lat' dir='ltr'><strong>et</strong></span> <span class='ocrx_word' id='word_1_551' title='bbox 1450 4778 1765 4847; x_wconf 68' lang='lat' dir='ltr'><strong>latrasaape</strong></span> <span class='ocrx_word' id='word_1_552' title='bbox 1812 4777 1881 4831; x_wconf 91' lang='lat' dir='ltr'><strong>ab</strong></span> <span class='ocrx_word' id='word_1_553' title='bbox 1924 4778 2180 4831; x_wconf 84' lang='lat' dir='ltr'><strong>ecclesia-</strong></span> 
     </span>
    </p>
   </div>
   <div class='ocr_carea' id='block_1_103' title="bbox 626 4845 2175 4917">
    <p class='ocr_par' dir='ltr' id='par_1_103' title="bbox 626 4845 2175 4917">
     <span class='ocr_line' id='line_1_106' title="bbox 626 4845 2175 4917; baseline -0.002 -14"><span class='ocrx_word' id='word_1_554' title='bbox 626 4852 772 4904; x_wconf 73' lang='lat' dir='ltr'><strong>stiris</strong></span> <span class='ocrx_word' id='word_1_555' title='bbox 791 4845 1369 4917; x_wconf 59' lang='lat' dir='ltr'><strong>scriptoribus&#39;dicitur.</strong></span> <span class='ocrx_word' id='word_1_556' title='bbox 1396 4846 1450 4899; x_wconf 92' lang='lat' dir='ltr'><strong>In</strong></span> <span class='ocrx_word' id='word_1_557' title='bbox 1471 4845 1620 4914; x_wconf 67' lang='lat' dir='ltr'><strong>priet.</strong></span> <span class='ocrx_word' id='word_1_558' title='bbox 1642 4846 1677 4897; x_wconf 63' lang='grc' dir='ltr'>ἓ</span> <span class='ocrx_word' id='word_1_559' title='bbox 1699 4848 1894 4914; x_wconf 80' lang='lat' dir='ltr'><strong>Apoth.</strong></span> <span class='ocrx_word' id='word_1_560' title='bbox 1923 4862 2065 4902; x_wconf 89' lang='lat' dir='ltr'><strong>vers.</strong></span> <span class='ocrx_word' id='word_1_561' title='bbox 2082 4846 2175 4913; x_wconf 78' lang='grc'><strong>45,</strong></span> 
     </span>
    </p>
   </div>
   <div class='ocr_carea' id='block_1_104' title="bbox 626 4917 1858 4987">
    <p class='ocr_par' dir='ltr' id='par_1_104' title="bbox 626 4917 1858 4987">
     <span class='ocr_line' id='line_1_107' title="bbox 626 4917 1858 4987; baseline -0.002 -15"><span class='ocrx_word' id='word_1_562' title='bbox 626 4923 752 4973; x_wconf 90' lang='lat' dir='ltr'><strong>etin</strong></span> <span class='ocrx_word' id='word_1_563' title='bbox 786 4918 977 4987; x_wconf 78' lang='lat' dir='ltr'><strong>Apoth.</strong></span> <span class='ocrx_word' id='word_1_564' title='bbox 1008 4930 1155 4987; x_wconf 80' lang='lat' dir='ltr'><strong>vers.</strong></span> <span class='ocrx_word' id='word_1_565' title='bbox 1178 4917 1305 4981; x_wconf 67' lang='lat'><strong>408,</strong></span> <span class='ocrx_word' id='word_1_566' title='bbox 1338 4917 1423 4984; x_wconf 77' lang='lat' dir='ltr'><strong>fur</strong></span> <span class='ocrx_word' id='word_1_567' title='bbox 1452 4918 1590 4987; x_wconf 82' lang='lat' dir='ltr'><strong>idem</strong></span> <span class='ocrx_word' id='word_1_568' title='bbox 1622 4927 1858 4970; x_wconf 81' lang='lat' dir='ltr'><strong>vocatur.</strong></span> 
     </span>
    </p>
   </div>
   <div class='ocr_carea' id='block_1_105' title="bbox 693 4983 2166 5054">
    <p class='ocr_par' dir='ltr' id='par_1_105' title="bbox 693 4983 2166 5054">
     <span class='ocr_line' id='line_1_108' title="bbox 693 4983 2166 5054; baseline -0.004 -11"><span class='ocrx_word' id='word_1_569' title='bbox 693 4983 980 5043; x_wconf 58' lang='lat' dir='ltr'><strong>594.&#39;Mar.</strong></span> <span class='ocrx_word' id='word_1_570' title='bbox 1011 4986 1249 5054; x_wconf 75' lang='lat' dir='ltr'><strong>aprima</strong></span> <span class='ocrx_word' id='word_1_571' title='bbox 1292 4983 1472 5049; x_wconf 88' lang='lat' dir='ltr'><strong>manu,</strong></span> <span class='ocrx_word' id='word_1_572' title='bbox 1498 4983 1796 5048; x_wconf 87' lang='lat' dir='ltr'><strong>horrendas,</strong></span> <span class='ocrx_word' id='word_1_573' title='bbox 1832 4985 1985 5039; x_wconf 88' lang='lat' dir='ltr'><strong>male.</strong></span> <span class='ocrx_word' id='word_1_574' title='bbox 2020 4984 2166 5049; x_wconf 84' lang='lat' dir='ltr'><strong>Ald.,</strong></span> 
     </span>
    </p>
   </div>
   <div class='ocr_carea' id='block_1_106' title="bbox 574 5052 2176 5124">
    <p class='ocr_par' dir='ltr' id='par_1_106' title="bbox 574 5052 2176 5124">
     <span class='ocr_line' id='line_1_109' title="bbox 574 5052 2176 5124; baseline 0 -15"><span class='ocrx_word' id='word_1_575' title='bbox 574 5064 577 5071; x_wconf 84' lang='lat'>‘</span> <span class='ocrx_word' id='word_1_576' title='bbox 623 5058 970 5121; x_wconf 76' lang='lat' dir='ltr'><strong>circumsedit;</strong></span> <span class='ocrx_word' id='word_1_577' title='bbox 1000 5052 1217 5119; x_wconf 60' lang='lat' dir='ltr'><strong>warm,</strong></span> <span class='ocrx_word' id='word_1_578' title='bbox 1250 5054 1365 5108; x_wconf 85' lang='lat' dir='ltr'><strong>Vat.</strong></span> <span class='ocrx_word' id='word_1_579' title='bbox 1393 5054 1457 5117; x_wconf 83' lang='lat' dir='ltr'><strong>A,</strong></span> <span class='ocrx_word' id='word_1_580' title='bbox 1492 5055 1839 5108; x_wconf 86' lang='lat' dir='ltr'><strong>circumsedet.</strong></span> <span class='ocrx_word' id='word_1_581' title='bbox 1871 5055 2176 5124; x_wconf 85' lang='lat' dir='ltr'><strong>Legendurn</strong></span> 
     </span>
    </p>
   </div>
   <div class='ocr_carea' id='block_1_107' title="bbox 620 5124 1255 5182">
    <p class='ocr_par' dir='ltr' id='par_1_107' title="bbox 620 5124 1255 5182">
     <span class='ocr_line' id='line_1_110' title="bbox 620 5124 1255 5182; baseline -0.009 -1"><span class='ocrx_word' id='word_1_582' title='bbox 620 5145 739 5182; x_wconf 87' lang='lat' dir='ltr'><strong>cum</strong></span> <span class='ocrx_word' id='word_1_583' title='bbox 772 5129 890 5180; x_wconf 89' lang='lat' dir='ltr'><strong>aliis</strong></span> <span class='ocrx_word' id='word_1_584' title='bbox 918 5124 1255 5182; x_wconf 85' lang='lat' dir='ltr'><strong>circumsidet.</strong></span> 
     </span>
    </p>
   </div>
   <div class='ocr_carea' id='block_1_108' title="bbox 695 5192 2181 5264">
    <p class='ocr_par' dir='ltr' id='par_1_108' title="bbox 695 5192 2181 5264">
     <span class='ocr_line' id='line_1_111' title="bbox 695 5192 2181 5264; baseline -0.003 -12"><span class='ocrx_word' id='word_1_585' title='bbox 695 5197 817 5252; x_wconf 78' lang='grc'>595.</span> <span class='ocrx_word' id='word_1_586' title='bbox 846 5198 1012 5264; x_wconf 87' lang='lat' dir='ltr'><strong>Epist.</strong></span> <span class='ocrx_word' id='word_1_587' title='bbox 1046 5192 1283 5247; x_wconf 78' lang='lat' dir='ltr'><strong>B.‘Pauli</strong></span> <span class='ocrx_word' id='word_1_588' title='bbox 1313 5192 1377 5247; x_wconf 90' lang='lat' dir='ltr'><strong>ad</strong></span> <span class='ocrx_word' id='word_1_589' title='bbox 1405 5192 1640 5259; x_wconf 76' lang='lat' dir='ltr'><strong>Galatas,</strong></span> <span class='ocrx_word' id='word_1_590' title='bbox 1675 5209 1730 5259; x_wconf 87' lang='lat' dir='ltr'><strong>v,</strong></span> <span class='ocrx_word' id='word_1_591' title='bbox 1763 5193 1865 5248; x_wconf 79' lang='lat' dir='ltr'><strong>l9:</strong></span> <span class='ocrx_word' id='word_1_592' title='bbox 1902 5193 2181 5262; x_wconf 77' lang='lat' dir='ltr'><strong>Manifesta</strong></span> 
     </span>
    </p>
   </div>
   <div class='ocr_carea' id='block_1_109' title="bbox 620 5264 2178 5332">
    <p class='ocr_par' dir='ltr' id='par_1_109' title="bbox 620 5264 2178 5332">
     <span class='ocr_line' id='line_1_112' title="bbox 620 5264 2178 5332; baseline -0.001 -13"><span class='ocrx_word' id='word_1_593' title='bbox 620 5277 784 5319; x_wconf 80' lang='lat' dir='ltr'><strong>autent</strong></span> <span class='ocrx_word' id='word_1_594' title='bbox 810 5276 926 5319; x_wconf 81' lang='lat' dir='ltr'><strong>sunt</strong></span> <span class='ocrx_word' id='word_1_595' title='bbox 948 5279 1101 5331; x_wconf 88' lang='lat' dir='ltr'><strong>opera</strong></span> <span class='ocrx_word' id='word_1_596' title='bbox 1132 5264 1321 5327; x_wconf 89' lang='lat' dir='ltr'><strong>carnis,</strong></span> <span class='ocrx_word' id='word_1_597' title='bbox 1351 5279 1463 5331; x_wconf 77' lang='lat' dir='ltr'><strong>qua:</strong></span> <span class='ocrx_word' id='word_1_598' title='bbox 1488 5273 1601 5315; x_wconf 84' lang='lat' dir='ltr'><strong>sunt</strong></span> <span class='ocrx_word' id='word_1_599' title='bbox 1631 5264 1899 5332; x_wconf 79' lang='lat' dir='ltr'><strong>fornicatio</strong></span> <span class='ocrx_word' id='word_1_600' title='bbox 1918 5303 1932 5326; x_wconf 96' lang='lat'><strong>,</strong></span> <span class='ocrx_word' id='word_1_601' title='bbox 1957 5264 2178 5317; x_wconf 83' lang='lat' dir='ltr'><strong>immun-</strong></span> 
     </span>
    </p>
   </div>
   <div class='ocr_carea' id='block_1_110' title="bbox 619 5332 2176 5405">
    <p class='ocr_par' dir='ltr' id='par_1_110' title="bbox 619 5332 2176 5405">
     <span class='ocr_line' id='line_1_113' title="bbox 619 5332 2176 5405; baseline 0.001 -19"><span class='ocrx_word' id='word_1_602' title='bbox 619 5338 766 5403; x_wconf 87' lang='lat' dir='ltr'><strong>ditia,</strong></span> <span class='ocrx_word' id='word_1_603' title='bbox 796 5335 1134 5405; x_wconf 88' lang='lat' dir='ltr'><strong>impudicitia,</strong></span> <span class='ocrx_word' id='word_1_604' title='bbox 1184 5336 1411 5405; x_wconf 64' lang='lat' dir='ltr'><strong>taxat-ia,</strong></span> <span class='ocrx_word' id='word_1_605' title='bbox 1463 5332 1718 5405; x_wconf 83' lang='lat' dir='ltr'><strong>idolorum</strong></span> <span class='ocrx_word' id='word_1_606' title='bbox 1749 5334 1979 5396; x_wconf 63' lang='lat' dir='ltr'><strong>servitus,</strong></span> <span class='ocrx_word' id='word_1_607' title='bbox 2027 5349 2176 5387; x_wconf 79' lang='lat' dir='ltr'><strong>vene-</strong></span> 
     </span>
    </p>
   </div>
   <div class='ocr_carea' id='block_1_111' title="bbox 618 5403 2175 5473">
    <p class='ocr_par' dir='ltr' id='par_1_111' title="bbox 618 5403 2175 5473">
     <span class='ocr_line' id='line_1_114' title="bbox 618 5403 2175 5473; baseline -0.001 -15"><span class='ocrx_word' id='word_1_608' title='bbox 618 5406 756 5473; x_wconf 68' lang='lat' dir='ltr'><strong>ﬁcia,</strong></span> <span class='ocrx_word' id='word_1_609' title='bbox 787 5403 1080 5461; x_wconf 73' lang='lat' dir='ltr'><strong>inimicitiaz.</strong></span> <span class='ocrx_word' id='word_1_610' title='bbox 1106 5403 1997 5473; x_wconf 71' lang='lat' dir='ltr'><strong>cantentiones,centttlationes,irw,</strong></span> <span class='ocrx_word' id='word_1_611' title='bbox 2029 5405 2175 5468; x_wconf 60' lang='lat' dir='ltr'><strong>rima,</strong></span> 
     </span>
    </p>
   </div>
   <div class='ocr_carea' id='block_1_112' title="bbox 618 5471 2179 5541">
    <p class='ocr_par' dir='ltr' id='par_1_112' title="bbox 618 5471 2179 5541">
     <span class='ocr_line' id='line_1_115' title="bbox 618 5471 2179 5541; baseline -0.001 -15"><span class='ocrx_word' id='word_1_612' title='bbox 618 5471 976 5537; x_wconf 81' lang='lat' dir='ltr'><strong>dissensiones,</strong></span> <span class='ocrx_word' id='word_1_613' title='bbox 1000 5482 1164 5541; x_wconf 79' lang='lat' dir='ltr'><strong>sectw,</strong></span> <span class='ocrx_word' id='word_1_614' title='bbox 1198 5471 1754 5541; x_wconf 29' lang='lat' dir='ltr'><strong>invidiaehhomicidia,</strong></span> <span class='ocrx_word' id='word_1_615' title='bbox 1779 5471 2060 5539; x_wconf 88' lang='lat' dir='ltr'><strong>ebrietates,</strong></span> <span class='ocrx_word' id='word_1_616' title='bbox 2093 5488 2179 5524; x_wconf 83' lang='lat' dir='ltr'><strong>co-</strong></span> 
     </span>
    </p>
   </div>
   <div class='ocr_carea' id='block_1_113' title="bbox 616 5539 2174 5609">
    <p class='ocr_par' dir='ltr' id='par_1_113' title="bbox 616 5539 2174 5609">
     <span class='ocr_line' id='line_1_116' title="bbox 616 5539 2174 5609; baseline 0.001 -15"><span class='ocrx_word' id='word_1_617' title='bbox 616 5544 938 5596; x_wconf 84' lang='lat' dir='ltr'><strong>messationes</strong></span> <span class='ocrx_word' id='word_1_618' title='bbox 975 5552 1019 5594; x_wconf 91' lang='lat' dir='ltr'><strong>et</strong></span> <span class='ocrx_word' id='word_1_619' title='bbox 1067 5539 1369 5595; x_wconf 33' lang='lat' dir='ltr'><strong>Itis’siinilia.</strong></span> <span class='ocrx_word' id='word_1_620' title='bbox 1402 5539 1519 5594; x_wconf 88' lang='lat' dir='ltr'><strong>Vat.</strong></span> <span class='ocrx_word' id='word_1_621' title='bbox 1545 5543 1586 5594; x_wconf 75' lang='grc' dir='ltr'>Α</span> <span class='ocrx_word' id='word_1_622' title='bbox 1618 5552 1670 5595; x_wconf 92' lang='lat' dir='ltr'><strong>et</strong></span> <span class='ocrx_word' id='word_1_623' title='bbox 1694 5541 1830 5609; x_wconf 81' lang='lat' dir='ltr'><strong>l’al.,</strong></span> <span class='ocrx_word' id='word_1_624' title='bbox 1864 5543 2050 5606; x_wconf 86' lang='lat' dir='ltr'><strong>luctus;</strong></span> <span class='ocrx_word' id='word_1_625' title='bbox 2071 5557 2174 5596; x_wconf 89' lang='lat' dir='ltr'><strong>non</strong></span> 
     </span>
    </p>
   </div>
   <div class='ocr_carea' id='block_1_114' title="bbox 616 5613 1089 5678">
    <p class='ocr_par' dir='ltr' id='par_1_114' title="bbox 616 5613 1089 5678">
     <span class='ocr_line' id='line_1_117' title="bbox 616 5613 1089 5678; baseline -0.006 -14"><span class='ocrx_word' id='word_1_626' title='bbox 616 5614 771 5674; x_wconf 84' lang='lat' dir='ltr'><strong>bene,</strong></span> <span class='ocrx_word' id='word_1_627' title='bbox 794 5627 892 5678; x_wconf 91' lang='lat' dir='ltr'><strong>pro</strong></span> <span class='ocrx_word' id='word_1_628' title='bbox 918 5613 1089 5663; x_wconf 77' lang='lat' dir='ltr'><strong>luxus.</strong></span> 
     </span>
    </p>
   </div>
   <div class='ocr_carea' id='block_1_115' title="bbox 685 5679 2173 5743">
    <p class='ocr_par' dir='ltr' id='par_1_115' title="bbox 685 5679 2173 5743">
     <span class='ocr_line' id='line_1_118' title="bbox 685 5679 2173 5743; baseline -0.001 -10"><span class='ocrx_word' id='word_1_629' title='bbox 685 5682 807 5735; x_wconf 82' lang='lat'><strong>598.</strong></span> <span class='ocrx_word' id='word_1_630' title='bbox 841 5682 961 5733; x_wconf 78' lang='lat' dir='ltr'><strong>Ald.</strong></span> <span class='ocrx_word' id='word_1_631' title='bbox 990 5689 1045 5732; x_wconf 89' lang='lat' dir='ltr'><strong>et</strong></span> <span class='ocrx_word' id='word_1_632' title='bbox 1070 5679 1220 5742; x_wconf 61' lang='lat' dir='ltr'><strong>Man,</strong></span> <span class='ocrx_word' id='word_1_633' title='bbox 1253 5687 1437 5733; x_wconf 88' lang='lat' dir='ltr'><strong>contra</strong></span> <span class='ocrx_word' id='word_1_634' title='bbox 1486 5680 1741 5732; x_wconf 86' lang='lat' dir='ltr'><strong>rationem</strong></span> <span class='ocrx_word' id='word_1_635' title='bbox 1773 5680 2047 5743; x_wconf 83' lang='lat' dir='ltr'><strong>carminis,</strong></span> <span class='ocrx_word' id='word_1_636' title='bbox 2084 5681 2173 5731; x_wconf 85' lang='lat' dir='ltr'><strong>ha-</strong></span> 
     </span>
    </p>
   </div>
   <div class='ocr_carea' id='block_1_116' title="bbox 621 5744 2167 5818">
    <p class='ocr_par' dir='ltr' id='par_1_116' title="bbox 621 5744 2167 5818">
     <span class='ocr_line' id='line_1_119' title="bbox 621 5744 2167 5818; baseline 0.005 -23"><span class='ocrx_word' id='word_1_637' title='bbox 621 5744 711 5800; x_wconf 87' lang='lat' dir='ltr'><strong>litu</strong></span> <span class='ocrx_word' id='word_1_638' title='bbox 741 5765 836 5818; x_wconf 90' lang='lat' dir='ltr'><strong>pro</strong></span> <span class='ocrx_word' id='word_1_639' title='bbox 865 5751 1053 5814; x_wconf 86' lang='lat' dir='ltr'><strong>habitu,</strong></span> <span class='ocrx_word' id='word_1_640' title='bbox 1077 5751 1215 5817; x_wconf 82' lang='lat' dir='ltr'><strong>quod</strong></span> <span class='ocrx_word' id='word_1_641' title='bbox 1236 5750 1346 5802; x_wconf 81' lang='lat' dir='ltr'><strong>vult</strong></span> <span class='ocrx_word' id='word_1_642' title='bbox 1374 5750 1530 5802; x_wconf 85' lang='lat' dir='ltr'><strong>etiam</strong></span> <span class='ocrx_word' id='word_1_643' title='bbox 1559 5749 1673 5802; x_wconf 87' lang='lat' dir='ltr'><strong>Vat.</strong></span> <span class='ocrx_word' id='word_1_644' title='bbox 1709 5752 1771 5812; x_wconf 81' lang='grc' dir='ltr'><strong>Α,</strong></span> <span class='ocrx_word' id='word_1_645' title='bbox 1792 5750 1879 5802; x_wconf 88' lang='lat' dir='ltr'><strong>ubi</strong></span> <span class='ocrx_word' id='word_1_646' title='bbox 1903 5759 1983 5803; x_wconf 78' lang='lat' dir='ltr'><strong>est</strong></span> <span class='ocrx_word' id='word_1_647' title='bbox 2007 5749 2167 5803; x_wconf 79' lang='lat' dir='ltr'><strong>abitu.</strong></span> 
     </span>
    </p>
   </div>
   <div class='ocr_carea' id='block_1_117' title="bbox 2290 3940 3850 4013">
    <p class='ocr_par' dir='ltr' id='par_1_117' title="bbox 2290 3940 3850 4013">
     <span class='ocr_line' id='line_1_120' title="bbox 2290 3940 3850 4013; baseline 0.004 -18"><span class='ocrx_word' id='word_1_648' title='bbox 2290 3942 2509 4013; x_wconf 78' lang='lat' dir='ltr'><strong>Habitus</strong></span> <span class='ocrx_word' id='word_1_649' title='bbox 2548 3948 2637 4013; x_wconf 59' lang='lat' dir='ltr'><strong>est</strong></span> <span class='ocrx_word' id='word_1_650' title='bbox 2678 3940 2867 4013; x_wconf 70' lang='lat' dir='ltr'><strong>forma,</strong></span> <span class='ocrx_word' id='word_1_651' title='bbox 2908 3941 3092 4013; x_wconf 73' lang='lat' dir='ltr'><strong>facies,</strong></span> <span class='ocrx_word' id='word_1_652' title='bbox 3130 3949 3322 4013; x_wconf 85' lang='lat' dir='ltr'><strong>status,</strong></span> <span class='ocrx_word' id='word_1_653' title='bbox 3358 3942 3531 3995; x_wconf 84' lang='lat' dir='ltr'><strong>cultus</strong></span> <span class='ocrx_word' id='word_1_654' title='bbox 3568 3946 3850 4013; x_wconf 87' lang='lat' dir='ltr'><strong>corporis.</strong></span> 
     </span>
    </p>
   </div>
   <div class='ocr_carea' id='block_1_118' title="bbox 2294 4010 3687 4081">
    <p class='ocr_par' dir='ltr' id='par_1_118' title="bbox 2294 4010 3687 4081">
     <span class='ocr_line' id='line_1_121' title="bbox 2294 4010 3687 4081; baseline 0 -15"><span class='ocrx_word' id='word_1_655' title='bbox 2294 4011 2476 4077; x_wconf 80' lang='lat' dir='ltr'><strong>Virgil.</strong></span> <span class='ocrx_word' id='word_1_656' title='bbox 2508 4026 2547 4065; x_wconf 83' lang='grc' dir='ltr'><strong>ι.</strong></span> <span class='ocrx_word' id='word_1_657' title='bbox 2575 4011 2726 4081; x_wconf 67' lang='lat' dir='ltr'><strong>1En_.,</strong></span> <span class='ocrx_word' id='word_1_658' title='bbox 2774 4010 2999 4081; x_wconf 75' lang='lat' dir='ltr'><strong>Virginis</strong></span> <span class='ocrx_word' id='word_1_659' title='bbox 3030 4028 3103 4076; x_wconf 91' lang='lat' dir='ltr'><strong>os,</strong></span> <span class='ocrx_word' id='word_1_660' title='bbox 3139 4012 3465 4081; x_wconf 83' lang='lat' dir='ltr'><strong>habitumque</strong></span> <span class='ocrx_word' id='word_1_661' title='bbox 3483 4010 3687 4078; x_wconf 58' lang='lat' dir='ltr'><strong>gerens:</strong></span> 
     </span>
    </p>
   </div>
   <div class='ocr_carea' id='block_1_119' title="bbox 2359 4078 3865 4161">
    <p class='ocr_par' dir='ltr' id='par_1_119' title="bbox 2359 4078 3865 4161">
     <span class='ocr_line' id='line_1_122' title="bbox 2359 4078 3865 4161; baseline 0.003 -25"><span class='ocrx_word' id='word_1_662' title='bbox 2359 4082 2483 4136; x_wconf 87' lang='grc'>599.</span> <span class='ocrx_word' id='word_1_663' title='bbox 2501 4078 2898 4161; x_wconf 19' lang='lat' dir='ltr'><strong>‘l‘ad‘Corinth&#39;.</strong></span> <span class='ocrx_word' id='word_1_664' title='bbox 2929 4095 3041 4146; x_wconf 85' lang='lat' dir='ltr'><strong>vm,</strong></span> <span class='ocrx_word' id='word_1_665' title='bbox 3072 4081 3097 4134; x_wconf 81' lang='grc'><strong>1</strong></span> <span class='ocrx_word' id='word_1_666' title='bbox 3126 4096 3141 4134; x_wconf 88' lang='lat'>:</span> <span class='ocrx_word' id='word_1_667' title='bbox 3170 4078 3395 4136; x_wconf 84' lang='lat' dir='ltr'><strong>Scientia</strong></span> <span class='ocrx_word' id='word_1_668' title='bbox 3421 4081 3591 4148; x_wconf 83' lang='lat' dir='ltr'><strong>inﬂat,</strong></span> <span class='ocrx_word' id='word_1_669' title='bbox 3631 4084 3865 4140; x_wconf 68' lang='lat' dir='ltr'><strong>citerius</strong></span> 
     </span>
    </p>
   </div>
   <div class='ocr_carea' id='block_1_120' title="bbox 2287 4149 3541 4287">
    <p class='ocr_par' dir='ltr' id='par_1_120' title="bbox 2287 4149 3541 4287">
     <span class='ocr_line' id='line_1_123' title="bbox 2287 4149 2675 4219; baseline -0.005 -14"><span class='ocrx_word' id='word_1_670' title='bbox 2287 4166 2403 4205; x_wconf 83' lang='lat' dir='ltr'><strong>vero</strong></span> <span class='ocrx_word' id='word_1_671' title='bbox 2432 4149 2675 4219; x_wconf 67' lang='lat' dir='ltr'><strong>aediﬁcat.</strong></span> 
     </span>
     <span class='ocr_line' id='line_1_124' title="bbox 2356 4218 3541 4287; baseline 0 -13"><span class='ocrx_word' id='word_1_672' title='bbox 2356 4221 2483 4274; x_wconf 72' lang='lat'><strong>400.</strong></span> <span class='ocrx_word' id='word_1_673' title='bbox 2518 4219 2664 4287; x_wconf 84' lang='lat' dir='ltr'><strong>Ald.,</strong></span> <span class='ocrx_word' id='word_1_674' title='bbox 2698 4232 2802 4273; x_wconf 93' lang='lat' dir='ltr'><strong>non</strong></span> <span class='ocrx_word' id='word_1_675' title='bbox 2834 4224 2999 4284; x_wconf 87' lang='lat' dir='ltr'><strong>recte,</strong></span> <span class='ocrx_word' id='word_1_676' title='bbox 3024 4219 3201 4272; x_wconf 88' lang='lat' dir='ltr'><strong>addita</strong></span> <span class='ocrx_word' id='word_1_677' title='bbox 3224 4233 3321 4287; x_wconf 89' lang='lat' dir='ltr'><strong>pro</strong></span> <span class='ocrx_word' id='word_1_678' title='bbox 3347 4218 3541 4274; x_wconf 88' lang='lat' dir='ltr'><strong>abdita.</strong></span> 
     </span>
    </p>
   </div>
   <div class='ocr_carea' id='block_1_121' title="bbox 2326 4288 3862 4371">
    <p class='ocr_par' dir='ltr' id='par_1_121' title="bbox 2326 4288 3862 4371">
     <span class='ocr_line' id='line_1_125' title="bbox 2326 4288 3862 4371; baseline -0.005 -27"><span class='ocrx_word' id='word_1_679' title='bbox 2326 4359 2338 4371; x_wconf 46' lang='lat'><strong>.</strong></span> <span class='ocrx_word' id='word_1_680' title='bbox 2361 4288 3026 4371; x_wconf 42' lang='lat' dir='ltr'><strong>40L.J.urisconsultorum</strong></span> <span class='ocrx_word' id='word_1_681' title='bbox 3053 4291 3236 4342; x_wconf 90' lang='lat' dir='ltr'><strong>canina</strong></span> <span class='ocrx_word' id='word_1_682' title='bbox 3263 4289 3503 4360; x_wconf 78' lang='lat' dir='ltr'><strong>facundia</strong></span> <span class='ocrx_word' id='word_1_683' title='bbox 3531 4289 3588 4345; x_wconf 88' lang='lat' dir='ltr'><strong>in</strong></span> <span class='ocrx_word' id='word_1_684' title='bbox 3630 4304 3862 4362; x_wconf 59' lang='lat' dir='ltr'><strong>provey.</strong></span> 
     </span>
    </p>
   </div>
   <div class='ocr_carea' id='block_1_122' title="bbox 2288 4356 3864 4501">
    <p class='ocr_par' dir='ltr' id='par_1_122' title="bbox 2288 4356 3864 4501">
     <span class='ocr_line' id='line_1_126' title="bbox 2288 4356 3864 4501; baseline 0.004 -20"><span class='ocrx_word' id='word_1_685' title='bbox 2288 4356 2788 4501; x_wconf 31' lang='lat' dir='ltr'><strong>1furii?)bil‘ittbricius</strong></span> <span class='ocrx_word' id='word_1_686' title='bbox 2808 4426 3127 4501; x_wconf 78' lang='lat' dir='ltr'><strong>Herculeam</strong></span> <span class='ocrx_word' id='word_1_687' title='bbox 3156 4426 3359 4501; x_wconf 76' lang='lat' dir='ltr'><strong>clavam</strong></span> <span class='ocrx_word' id='word_1_688' title='bbox 3396 4428 3676 4501; x_wconf 71' lang='lat' dir='ltr'><strong>sapientia:</strong></span> <span class='ocrx_word' id='word_1_689' title='bbox 3696 4431 3864 4501; x_wconf 75' lang='lat' dir='ltr'><strong>adju-</strong></span> 
     </span>
    </p>
   </div>
   <div class='ocr_carea' id='block_1_123' title="bbox 1458 4496 3862 4565">
    <p class='ocr_par' dir='ltr' id='par_1_123' title="bbox 1458 4496 3862 4565">
     <span class='ocr_line' id='line_1_127' title="bbox 1458 4496 3862 4565; baseline 0.002 -14"><span class='ocrx_word' id='word_1_690' title='bbox 1458 4513 1625 4551; x_wconf 78' lang='lat' dir='ltr'><strong>curva:</strong></span> <span class='ocrx_word' id='word_1_691' title='bbox 1654 4499 1707 4551; x_wconf 89' lang='lat' dir='ltr'><strong>in</strong></span> <span class='ocrx_word' id='word_1_692' title='bbox 1733 4508 1895 4551; x_wconf 80' lang='lat' dir='ltr'><strong>terras</strong></span> <span class='ocrx_word' id='word_1_693' title='bbox 1928 4498 2112 4552; x_wconf 68' lang='lat' dir='ltr'><strong>animm</strong></span> <span class='ocrx_word' id='word_1_694' title='bbox 2141 4508 2189 4551; x_wconf 86' lang='lat' dir='ltr'><strong>et</strong></span> <span class='ocrx_word' id='word_1_695' title='bbox 2291 4498 2454 4559; x_wconf 83' lang='lat' dir='ltr'><strong>dicat,</strong></span> <span class='ocrx_word' id='word_1_696' title='bbox 2481 4498 2603 4565; x_wconf 88' lang='lat' dir='ltr'><strong>quia</strong></span> <span class='ocrx_word' id='word_1_697' title='bbox 2632 4497 2885 4551; x_wconf 86' lang='lat' dir='ltr'><strong>Hercules</strong></span> <span class='ocrx_word' id='word_1_698' title='bbox 2914 4511 2944 4550; x_wconf 85' lang='lat' dir='ltr'><strong>a</strong></span> <span class='ocrx_word' id='word_1_699' title='bbox 2972 4496 3144 4550; x_wconf 89' lang='lat' dir='ltr'><strong>doctis</strong></span> <span class='ocrx_word' id='word_1_700' title='bbox 3164 4496 3573 4565; x_wconf 86' lang='lat' dir='ltr'><strong>colebatur,qui</strong></span> <span class='ocrx_word' id='word_1_701' title='bbox 3600 4496 3862 4556; x_wconf 67' lang='lat' dir='ltr'><strong>laboriosi</strong></span> 
     </span>
    </p>
   </div>
   <div class='ocr_carea' id='block_1_124' title="bbox 2291 4566 3860 4632">
    <p class='ocr_par' dir='ltr' id='par_1_124' title="bbox 2291 4566 3860 4632">
     <span class='ocr_line' id='line_1_128' title="bbox 2291 4566 3860 4632; baseline 0.002 -10"><span class='ocrx_word' id='word_1_702' title='bbox 2291 4576 2345 4622; x_wconf 92' lang='lat' dir='ltr'><strong>et</strong></span> <span class='ocrx_word' id='word_1_703' title='bbox 2375 4567 2596 4621; x_wconf 88' lang='lat' dir='ltr'><strong>benetici</strong></span> <span class='ocrx_word' id='word_1_704' title='bbox 2625 4581 2747 4621; x_wconf 90' lang='lat' dir='ltr'><strong>esse</strong></span> <span class='ocrx_word' id='word_1_705' title='bbox 2777 4566 2993 4632; x_wconf 89' lang='lat' dir='ltr'><strong>debent,</strong></span> <span class='ocrx_word' id='word_1_706' title='bbox 3032 4566 3272 4632; x_wconf 83' lang='lat' dir='ltr'><strong>adeoque</strong></span> <span class='ocrx_word' id='word_1_707' title='bbox 3314 4566 3527 4620; x_wconf 82' lang='lat' dir='ltr'><strong>Herculi</strong></span> <span class='ocrx_word' id='word_1_708' title='bbox 3568 4583 3860 4625; x_wconf 85' lang='lat' dir='ltr'><strong>commune</strong></span> 
     </span>
    </p>
   </div>
   <div class='ocr_carea' id='block_1_125' title="bbox 2294 4634 3858 4704">
    <p class='ocr_par' dir='ltr' id='par_1_125' title="bbox 2294 4634 3858 4704">
     <span class='ocr_line' id='line_1_129' title="bbox 2294 4634 3858 4704; baseline 0.003 -14"><span class='ocrx_word' id='word_1_709' title='bbox 2294 4638 2391 4691; x_wconf 80' lang='lat' dir='ltr'><strong>fuit</strong></span> <span class='ocrx_word' id='word_1_710' title='bbox 2424 4651 2543 4691; x_wconf 89' lang='lat' dir='ltr'><strong>cum</strong></span> <span class='ocrx_word' id='word_1_711' title='bbox 2575 4637 2740 4691; x_wconf 92' lang='lat' dir='ltr'><strong>musis</strong></span> <span class='ocrx_word' id='word_1_712' title='bbox 2780 4637 3032 4704; x_wconf 91' lang='lat' dir='ltr'><strong>templum</strong></span> <span class='ocrx_word' id='word_1_713' title='bbox 3073 4636 3126 4689; x_wconf 92' lang='lat' dir='ltr'><strong>in</strong></span> <span class='ocrx_word' id='word_1_714' title='bbox 3155 4634 3299 4690; x_wconf 89' lang='lat' dir='ltr'><strong>circo</strong></span> <span class='ocrx_word' id='word_1_715' title='bbox 3342 4634 3625 4691; x_wconf 87' lang='lat' dir='ltr'><strong>Flaminio.</strong></span> <span class='ocrx_word' id='word_1_716' title='bbox 3662 4640 3858 4694; x_wconf 83' lang='lat' dir='ltr'><strong>Giseli-</strong></span> 
     </span>
    </p>
   </div>
   <div class='ocr_carea' id='block_1_126' title="bbox 2295 4704 3857 4777">
    <p class='ocr_par' dir='ltr' id='par_1_126' title="bbox 2295 4704 3857 4777">
     <span class='ocr_line' id='line_1_130' title="bbox 2295 4704 3857 4777; baseline 0 -17"><span class='ocrx_word' id='word_1_717' title='bbox 2295 4721 2394 4760; x_wconf 90' lang='lat' dir='ltr'><strong>nus</strong></span> <span class='ocrx_word' id='word_1_718' title='bbox 2421 4705 2742 4777; x_wconf 86' lang='lat' dir='ltr'><strong>probabilius</strong></span> <span class='ocrx_word' id='word_1_719' title='bbox 2768 4715 2934 4777; x_wconf 81' lang='lat' dir='ltr'><strong>putat,</strong></span> <span class='ocrx_word' id='word_1_720' title='bbox 2956 4705 3055 4777; x_wconf 88' lang='lat' dir='ltr'><strong>hoc</strong></span> <span class='ocrx_word' id='word_1_721' title='bbox 3082 4705 3198 4760; x_wconf 91' lang='lat' dir='ltr'><strong>loco</strong></span> <span class='ocrx_word' id='word_1_722' title='bbox 3228 4704 3400 4777; x_wconf 60' lang='lat' dir='ltr'><strong>notari</strong></span> <span class='ocrx_word' id='word_1_723' title='bbox 3431 4704 3688 4777; x_wconf 82' lang='lat' dir='ltr'><strong>Cynicos,</strong></span> <span class='ocrx_word' id='word_1_724' title='bbox 3717 4724 3857 4777; x_wconf 78' lang='lat' dir='ltr'><strong>quo-</strong></span> 
     </span>
    </p>
   </div>
   <div class='ocr_carea' id='block_1_127' title="bbox 2215 4759 3860 4844">
    <p class='ocr_par' dir='ltr' id='par_1_127' title="bbox 2215 4759 3860 4844">
     <span class='ocr_line' id='line_1_131' title="bbox 2215 4759 3860 4844; baseline 0.002 -15"><span class='ocrx_word' id='word_1_725' title='bbox 2215 4759 2262 4818; x_wconf 78' lang='grc' dir='ltr'><strong>ί)</strong></span> <span class='ocrx_word' id='word_1_726' title='bbox 2289 4759 2671 4843; x_wconf 64' lang='grc' dir='ltr'><strong>τατὴέὺρειιεχ</strong></span> <span class='ocrx_word' id='word_1_727' title='bbox 2696 4759 2813 4829; x_wconf 72' lang='lat' dir='ltr'><strong>erat</strong></span> <span class='ocrx_word' id='word_1_728' title='bbox 2843 4759 3058 4828; x_wconf 79' lang='lat' dir='ltr'><strong>baculus</strong></span> <span class='ocrx_word' id='word_1_729' title='bbox 3078 4759 3132 4828; x_wconf 89' lang='lat' dir='ltr'><strong>et</strong></span> <span class='ocrx_word' id='word_1_730' title='bbox 3158 4788 3303 4843; x_wconf 90' lang='lat' dir='ltr'><strong>pera.</strong></span> <span class='ocrx_word' id='word_1_731' title='bbox 3328 4759 3713 4831; x_wconf 36' lang='lat' dir='ltr'><strong>Clava‘mint&#39;e&#39;r</strong></span> <span class='ocrx_word' id='word_1_732' title='bbox 3726 4759 3860 4844; x_wconf 53' lang='lat' dir='ltr'><strong>phi-</strong></span> 
     </span>
    </p>
   </div>
   <div class='ocr_carea' id='block_1_128' title="bbox 2288 4844 3857 4914">
    <p class='ocr_par' dir='ltr' id='par_1_128' title="bbox 2288 4844 3857 4914">
     <span class='ocr_line' id='line_1_132' title="bbox 2288 4844 3857 4914; baseline 0.002 -15"><span class='ocrx_word' id='word_1_733' title='bbox 2288 4846 2635 4914; x_wconf 89' lang='lat' dir='ltr'><strong>losophorum</strong></span> <span class='ocrx_word' id='word_1_734' title='bbox 2662 4844 3203 4914; x_wconf 32' lang='lat' dir='ltr'><strong>insigniaAnumerari,</strong></span> <span class='ocrx_word' id='word_1_735' title='bbox 3232 4852 3440 4897; x_wconf 82' lang='lat' dir='ltr'><strong>constat</strong></span> <span class='ocrx_word' id='word_1_736' title='bbox 3460 4858 3530 4898; x_wconf 77' lang='lat' dir='ltr'><strong>ex</strong></span> <span class='ocrx_word' id='word_1_737' title='bbox 3555 4846 3857 4912; x_wconf 77' lang='lat' dir='ltr'><strong>Apollinari</strong></span> 
     </span>
    </p>
   </div>
   <div class='ocr_carea' id='block_1_129' title="bbox 2285 4912 3862 4982">
    <p class='ocr_par' dir='ltr' id='par_1_129' title="bbox 2285 4912 3862 4982">
     <span class='ocr_line' id='line_1_133' title="bbox 2285 4912 3862 4982; baseline -0.001 -12"><span class='ocrx_word' id='word_1_738' title='bbox 2285 4912 2506 4970; x_wconf 78' lang='lat' dir='ltr'><strong>Sidonio</strong></span> <span class='ocrx_word' id='word_1_739' title='bbox 2535 4928 2706 4969; x_wconf 91' lang='lat' dir='ltr'><strong>carm.</strong></span> <span class='ocrx_word' id='word_1_740' title='bbox 2738 4912 2828 4982; x_wconf 70' lang='lat' dir='ltr'><strong>f5,</strong></span> <span class='ocrx_word' id='word_1_741' title='bbox 2868 4912 3069 4966; x_wconf 82' lang='lat' dir='ltr'><strong>Tetrica</strong></span> <span class='ocrx_word' id='word_1_742' title='bbox 3097 4913 3651 4982; x_wconf 58' lang='lat' dir='ltr'><strong>nodosteicommeudat</strong></span> <span class='ocrx_word' id='word_1_743' title='bbox 3698 4918 3862 4981; x_wconf 75' lang='lat' dir='ltr'><strong>pallia</strong></span> 
     </span>
    </p>
   </div>
   <div class='ocr_carea' id='block_1_130' title="bbox 2285 4981 3863 5052">
    <p class='ocr_par' dir='ltr' id='par_1_130' title="bbox 2285 4981 3863 5052">
     <span class='ocr_line' id='line_1_134' title="bbox 2285 4981 3863 5052; baseline 0.002 -15"><span class='ocrx_word' id='word_1_744' title='bbox 2285 4986 2459 5040; x_wconf 71' lang='lat' dir='ltr'><strong>clavar.</strong></span> <span class='ocrx_word' id='word_1_745' title='bbox 2490 4981 2891 5039; x_wconf 39' lang='lat' dir='ltr'><strong>Sirmondus&#39;ad</strong></span> <span class='ocrx_word' id='word_1_746' title='bbox 2924 4982 3199 5052; x_wconf 90' lang='lat' dir='ltr'><strong>Sidonium</strong></span> <span class='ocrx_word' id='word_1_747' title='bbox 3221 4998 3274 5052; x_wconf 90' lang='lat' dir='ltr'><strong>p.</strong></span> <span class='ocrx_word' id='word_1_748' title='bbox 3305 4981 3377 5037; x_wconf 67' lang='lat'><strong>45</strong></span> <span class='ocrx_word' id='word_1_749' title='bbox 3404 4983 3571 5036; x_wconf 84' lang='lat' dir='ltr'><strong>multa</strong></span> <span class='ocrx_word' id='word_1_750' title='bbox 3602 4983 3767 5039; x_wconf 75' lang='lat' dir='ltr'><strong>affert</strong></span> <span class='ocrx_word' id='word_1_751' title='bbox 3793 4986 3863 5040; x_wconf 86' lang='lat' dir='ltr'><strong>de</strong></span> 
     </span>
    </p>
   </div>
   <div class='ocr_carea' id='block_1_131' title="bbox 2287 5051 3864 5122">
    <p class='ocr_par' dir='ltr' id='par_1_131' title="bbox 2287 5051 3864 5122">
     <span class='ocr_line' id='line_1_135' title="bbox 2287 5051 3864 5122; baseline 0.001 -13"><span class='ocrx_word' id='word_1_752' title='bbox 2287 5054 2478 5118; x_wconf 87' lang='lat' dir='ltr'><strong>barba,</strong></span> <span class='ocrx_word' id='word_1_753' title='bbox 2509 5053 2667 5122; x_wconf 92' lang='lat' dir='ltr'><strong>pallio</strong></span> <span class='ocrx_word' id='word_1_754' title='bbox 2703 5063 2757 5107; x_wconf 92' lang='lat' dir='ltr'><strong>et</strong></span> <span class='ocrx_word' id='word_1_755' title='bbox 2793 5055 2939 5107; x_wconf 84' lang='lat' dir='ltr'><strong>clava</strong></span> <span class='ocrx_word' id='word_1_756' title='bbox 2990 5051 3454 5122; x_wconf 84' lang='lat' dir='ltr'><strong>philosophorum,</strong></span> <span class='ocrx_word' id='word_1_757' title='bbox 3494 5061 3550 5107; x_wconf 90' lang='lat' dir='ltr'><strong>et</strong></span> <span class='ocrx_word' id='word_1_758' title='bbox 3578 5052 3682 5108; x_wconf 86' lang='lat' dir='ltr'><strong>hos</strong></span> <span class='ocrx_word' id='word_1_759' title='bbox 3710 5056 3864 5122; x_wconf 75' lang='lat' dir='ltr'><strong>ipsos</strong></span> 
     </span>
    </p>
   </div>
   <div class='ocr_carea' id='block_1_132' title="bbox 2289 5121 3860 5191">
    <p class='ocr_par' dir='ltr' id='par_1_132' title="bbox 2289 5121 3860 5191">
     <span class='ocr_line' id='line_1_136' title="bbox 2289 5121 3860 5191; baseline 0 -14"><span class='ocrx_word' id='word_1_760' title='bbox 2289 5121 2561 5191; x_wconf 76' lang='lat' dir='ltr'><strong>i’rudentii</strong></span> <span class='ocrx_word' id='word_1_761' title='bbox 2636 5136 2823 5177; x_wconf 87' lang='lat' dir='ltr'><strong>versus</strong></span> <span class='ocrx_word' id='word_1_762' title='bbox 2869 5122 2936 5176; x_wconf 91' lang='lat' dir='ltr'><strong>de</strong></span> <span class='ocrx_word' id='word_1_763' title='bbox 2988 5125 3135 5175; x_wconf 81' lang='lat' dir='ltr'><strong>clava</strong></span> <span class='ocrx_word' id='word_1_764' title='bbox 3182 5121 3556 5191; x_wconf 79' lang='lat' dir='ltr'><strong>philosophica</strong></span> <span class='ocrx_word' id='word_1_765' title='bbox 3608 5121 3860 5191; x_wconf 79' lang='lat' dir='ltr'><strong>exponit.</strong></span> 
     </span>
    </p>
   </div>
   <div class='ocr_carea' id='block_1_133' title="bbox 2284 5190 3866 5263">
    <p class='ocr_par' dir='ltr' id='par_1_133' title="bbox 2284 5190 3866 5263">
     <span class='ocr_line' id='line_1_137' title="bbox 2284 5190 3866 5263; baseline -0.001 -18"><span class='ocrx_word' id='word_1_766' title='bbox 2284 5190 2696 5263; x_wconf 79' lang='lat' dir='ltr'><strong>Chrysoswmus</strong></span> <span class='ocrx_word' id='word_1_767' title='bbox 2722 5193 2789 5246; x_wconf 91' lang='lat' dir='ltr'><strong>de</strong></span> <span class='ocrx_word' id='word_1_768' title='bbox 2818 5191 3019 5263; x_wconf 84' lang='lat' dir='ltr'><strong>Statuis</strong></span> <span class='ocrx_word' id='word_1_769' title='bbox 3039 5190 3274 5263; x_wconf 15' lang='lat' dir='ltr'><strong>vungbi</strong></span> <span class='ocrx_word' id='word_1_770' title='bbox 3303 5207 3441 5245; x_wconf 87' lang='lat' dir='ltr'><strong>nunc</strong></span> <span class='ocrx_word' id='word_1_771' title='bbox 3466 5199 3582 5243; x_wconf 76' lang='lat' dir='ltr'><strong>sunt</strong></span> <span class='ocrx_word' id='word_1_772' title='bbox 3630 5199 3717 5261; x_wconf 74' lang='lat' dir='ltr'><strong>qui</strong></span> <span class='ocrx_word' id='word_1_773' title='bbox 3747 5196 3866 5262; x_wconf 77' lang='lat' dir='ltr'><strong>pat-</strong></span> 
     </span>
    </p>
   </div>
   <div class='ocr_carea' id='block_1_134' title="bbox 2285 5260 3864 5331">
    <p class='ocr_par' dir='ltr' id='par_1_134' title="bbox 2285 5260 3864 5331">
     <span class='ocr_line' id='line_1_138' title="bbox 2285 5260 3864 5331; baseline 0.001 -17"><span class='ocrx_word' id='word_1_774' title='bbox 2285 5262 2368 5315; x_wconf 84' lang='lat' dir='ltr'><strong>liis</strong></span> <span class='ocrx_word' id='word_1_775' title='bbox 2395 5260 2722 5328; x_wconf 74' lang='lat' dir='ltr'><strong>amiciuntur,</strong></span> <span class='ocrx_word' id='word_1_776' title='bbox 2752 5270 2799 5315; x_wconf 87' lang='lat' dir='ltr'><strong>et</strong></span> <span class='ocrx_word' id='word_1_777' title='bbox 2820 5262 3119 5331; x_wconf 87' lang='lat' dir='ltr'><strong>promissam</strong></span> <span class='ocrx_word' id='word_1_778' title='bbox 3146 5260 3351 5314; x_wconf 88' lang='lat' dir='ltr'><strong>barbam</strong></span> <span class='ocrx_word' id='word_1_779' title='bbox 3378 5260 3655 5331; x_wconf 75' lang='lat' dir='ltr'><strong>ostentant,</strong></span> <span class='ocrx_word' id='word_1_780' title='bbox 3688 5260 3864 5315; x_wconf 65' lang='lat' dir='ltr'><strong>etcla-</strong></span> 
     </span>
    </p>
   </div>
   <div class='ocr_carea' id='block_1_135' title="bbox 2283 5330 3857 5400">
    <p class='ocr_par' dir='ltr' id='par_1_135' title="bbox 2283 5330 3857 5400">
     <span class='ocr_line' id='line_1_139' title="bbox 2283 5330 3857 5400; baseline 0.001 -17"><span class='ocrx_word' id='word_1_781' title='bbox 2283 5347 2370 5385; x_wconf 82' lang='lat' dir='ltr'><strong>vas</strong></span> <span class='ocrx_word' id='word_1_782' title='bbox 2397 5336 2575 5386; x_wconf 76' lang='lat' dir='ltr'><strong>dextra</strong></span> <span class='ocrx_word' id='word_1_783' title='bbox 2602 5340 2799 5400; x_wconf 87' lang='lat' dir='ltr'><strong>gestant</strong></span> <span class='ocrx_word' id='word_1_784' title='bbox 2822 5330 3020 5385; x_wconf 80' lang='lat' dir='ltr'><strong>externi</strong></span> <span class='ocrx_word' id='word_1_785' title='bbox 3045 5330 3373 5400; x_wconf 81' lang='lat' dir='ltr'><strong>philosOphi?</strong></span> <span class='ocrx_word' id='word_1_786' title='bbox 3401 5330 3460 5385; x_wconf 89' lang='lat' dir='ltr'><strong>S.</strong></span> <span class='ocrx_word' id='word_1_787' title='bbox 3492 5331 3857 5399; x_wconf 80' lang='lat' dir='ltr'><strong>Augustinus,</strong></span> 
     </span>
    </p>
   </div>
   <div class='ocr_carea' id='block_1_136' title="bbox 2285 5400 3865 5467">
    <p class='ocr_par' dir='ltr' id='par_1_136' title="bbox 2285 5400 3865 5467">
     <span class='ocr_line' id='line_1_140' title="bbox 2285 5400 3865 5467; baseline 0 -13"><span class='ocrx_word' id='word_1_788' title='bbox 2285 5402 2357 5455; x_wconf 88' lang='lat' dir='ltr'><strong>lib</strong></span> <span class='ocrx_word' id='word_1_789' title='bbox 2384 5418 2468 5456; x_wconf 81' lang='lat' dir='ltr'><strong>xw</strong></span> <span class='ocrx_word' id='word_1_790' title='bbox 2499 5401 2566 5456; x_wconf 89' lang='lat' dir='ltr'><strong>de</strong></span> <span class='ocrx_word' id='word_1_791' title='bbox 2593 5402 2749 5456; x_wconf 71' lang='lat' dir='ltr'><strong>Civit.</strong></span> <span class='ocrx_word' id='word_1_792' title='bbox 2790 5402 2905 5465; x_wconf 88' lang='lat' dir='ltr'><strong>Dei,</strong></span> <span class='ocrx_word' id='word_1_793' title='bbox 2934 5416 3052 5467; x_wconf 86' lang='lat' dir='ltr'><strong>cap.</strong></span> <span class='ocrx_word' id='word_1_794' title='bbox 3096 5402 3205 5454; x_wconf 76' lang='lat' dir='ltr'><strong>i7:</strong></span> <span class='ocrx_word' id='word_1_795' title='bbox 3248 5400 3486 5453; x_wconf 83' lang='lat' dir='ltr'><strong>Videmus</strong></span> <span class='ocrx_word' id='word_1_796' title='bbox 3541 5400 3709 5451; x_wconf 79' lang='lat' dir='ltr'><strong>adhuc</strong></span> <span class='ocrx_word' id='word_1_797' title='bbox 3748 5416 3865 5454; x_wconf 74' lang='lat' dir='ltr'><strong>esse</strong></span> 
     </span>
    </p>
   </div>
   <div class='ocr_carea' id='block_1_137' title="bbox 2280 5469 3861 5540">
    <p class='ocr_par' dir='ltr' id='par_1_137' title="bbox 2280 5469 3861 5540">
     <span class='ocr_line' id='line_1_141' title="bbox 2280 5469 3861 5540; baseline -0.001 -16"><span class='ocrx_word' id='word_1_798' title='bbox 2280 5472 2628 5540; x_wconf 85' lang='lat' dir='ltr'><strong>philosophos,</strong></span> <span class='ocrx_word' id='word_1_799' title='bbox 2673 5471 2761 5539; x_wconf 88' lang='lat' dir='ltr'><strong>qni</strong></span> <span class='ocrx_word' id='word_1_800' title='bbox 2789 5485 2892 5523; x_wconf 87' lang='lat' dir='ltr'><strong>non</strong></span> <span class='ocrx_word' id='word_1_801' title='bbox 2921 5471 3086 5523; x_wconf 85' lang='lat' dir='ltr'><strong>solum</strong></span> <span class='ocrx_word' id='word_1_802' title='bbox 3113 5471 3423 5524; x_wconf 86' lang='lat' dir='ltr'><strong>amiciuntur</strong></span> <span class='ocrx_word' id='word_1_803' title='bbox 3458 5469 3655 5538; x_wconf 83' lang='lat' dir='ltr'><strong>pallio,</strong></span> <span class='ocrx_word' id='word_1_804' title='bbox 3679 5485 3861 5523; x_wconf 72' lang='lat' dir='ltr'><strong>ves-rm</strong></span> 
     </span>
    </p>
   </div>
   <div class='ocr_carea' id='block_1_138' title="bbox 2279 5542 2866 5608">
    <p class='ocr_par' dir='ltr' id='par_1_138' title="bbox 2279 5542 2866 5608">
     <span class='ocr_line' id='line_1_142' title="bbox 2279 5542 2866 5608; baseline -0.002 -14"><span class='ocrx_word' id='word_1_805' title='bbox 2279 5542 2428 5594; x_wconf 87' lang='lat' dir='ltr'><strong>etiam</strong></span> <span class='ocrx_word' id='word_1_806' title='bbox 2454 5542 2649 5595; x_wconf 87' lang='lat' dir='ltr'><strong>clavam</strong></span> <span class='ocrx_word' id='word_1_807' title='bbox 2680 5544 2866 5608; x_wconf 80' lang='lat' dir='ltr'><strong>ferunt.</strong></span> 
     </span>
    </p>
   </div>
   <div class='ocr_carea' id='block_1_139' title="bbox 2350 5606 3860 5679">
    <p class='ocr_par' dir='ltr' id='par_1_139' title="bbox 2350 5606 3860 5679">
     <span class='ocr_line' id='line_1_143' title="bbox 2350 5606 3860 5679; baseline 0.001 -17"><span class='ocrx_word' id='word_1_808' title='bbox 2350 5610 2475 5667; x_wconf 72' lang='grc'>405.</span> <span class='ocrx_word' id='word_1_809' title='bbox 2521 5612 2579 5663; x_wconf 92' lang='lat' dir='ltr'><strong>In</strong></span> <span class='ocrx_word' id='word_1_810' title='bbox 2622 5606 2862 5665; x_wconf 88' lang='lat' dir='ltr'><strong>editione</strong></span> <span class='ocrx_word' id='word_1_811' title='bbox 2910 5609 3184 5664; x_wconf 83' lang='lat' dir='ltr'><strong>Parmensi</strong></span> <span class='ocrx_word' id='word_1_812' title='bbox 3221 5606 3539 5679; x_wconf 83' lang='lat' dir='ltr'><strong>typographi</strong></span> <span class='ocrx_word' id='word_1_813' title='bbox 3568 5608 3860 5679; x_wconf 19' lang='lat' dir='ltr'><strong>Amendun</strong></span> 
     </span>
    </p>
   </div>
   <div class='ocr_carea' id='block_1_140' title="bbox 2285 5677 3858 5750">
    <p class='ocr_par' dir='ltr' id='par_1_140' title="bbox 2285 5677 3858 5750">
     <span class='ocr_line' id='line_1_144' title="bbox 2285 5677 3858 5750; baseline 0.002 -18"><span class='ocrx_word' id='word_1_814' title='bbox 2285 5679 2497 5750; x_wconf 65' lang='lat' dir='ltr'><strong>Ostenta</strong></span> <span class='ocrx_word' id='word_1_815' title='bbox 2524 5680 2897 5748; x_wconf 89' lang='lat' dir='ltr'><strong>corrigendum</strong></span> <span class='ocrx_word' id='word_1_816' title='bbox 2934 5689 3035 5750; x_wconf 86' lang='lat' dir='ltr'><strong>est.</strong></span> <span class='ocrx_word' id='word_1_817' title='bbox 3066 5679 3122 5750; x_wconf 87' lang='lat' dir='ltr'><strong>ln</strong></span> <span class='ocrx_word' id='word_1_818' title='bbox 3151 5677 3324 5747; x_wconf 73' lang='lat' dir='ltr'><strong>gloSsa</strong></span> <span class='ocrx_word' id='word_1_819' title='bbox 3356 5677 3540 5750; x_wconf 35' lang='lat' dir='ltr'><strong>lsonisA</strong></span> <span class='ocrx_word' id='word_1_820' title='bbox 3567 5677 3858 5750; x_wconf 76' lang='lat' dir='ltr'><strong>legendam</strong></span> 
     </span>
    </p>
   </div>
   <div class='ocr_carea' id='block_1_141' title="bbox 2280 5746 3884 5855">
    <p class='ocr_par' dir='ltr' id='par_1_141' title="bbox 2280 5746 3884 5855">
     <span class='ocr_line' id='line_1_145' title="bbox 2280 5746 3884 5855; baseline -0.001 -54"><span class='ocrx_word' id='word_1_821' title='bbox 2280 5747 2448 5804; x_wconf 72' lang='lat' dir='ltr'><strong>Iudice</strong></span> <span class='ocrx_word' id='word_1_822' title='bbox 2474 5765 2566 5820; x_wconf 88' lang='lat' dir='ltr'><strong>pro</strong></span> <span class='ocrx_word' id='word_1_823' title='bbox 2596 5750 2648 5804; x_wconf 83' lang='lat' dir='ltr'><strong>in</strong></span> <span class='ocrx_word' id='word_1_824' title='bbox 2672 5746 2759 5805; x_wconf 77' lang='lat' dir='ltr'><strong>die</strong></span> <span class='ocrx_word' id='word_1_825' title='bbox 2779 5764 2845 5806; x_wconf 81' lang='lat' dir='ltr'><strong>es</strong></span> <span class='ocrx_word' id='word_1_826' title='bbox 2875 5749 3078 5807; x_wconf 87' lang='lat' dir='ltr'><strong>lsidoro</strong></span> <span class='ocrx_word' id='word_1_827' title='bbox 3101 5749 3196 5805; x_wconf 86' lang='lat' dir='ltr'><strong>lib.</strong></span> <span class='ocrx_word' id='word_1_828' title='bbox 3230 5763 3340 5816; x_wconf 80' lang='lat' dir='ltr'><strong>Vill,</strong></span> <span class='ocrx_word' id='word_1_829' title='bbox 3361 5761 3475 5818; x_wconf 85' lang='lat' dir='ltr'><strong>cap.</strong></span> <span class='ocrx_word' id='word_1_830' title='bbox 3510 5746 3567 5805; x_wconf 82' lang='lat'><strong>6.</strong></span> <span class='ocrx_word' id='word_1_831' title='bbox 3626 5746 3647 5750; x_wconf 64' lang='lat'><strong>&#39;</strong></span> <span class='ocrx_word' id='word_1_832' title='bbox 3858 5823 3884 5855; x_wconf 42' lang='grc' dir='ltr'>ἱ</span> 
     </span>
    </p>
   </div>
  </div>
