4120 6196
345 278 478 338 1041

521 390 679 460 531
708 387 917 445 Incerat
945 385 1145 455 lapides
1177 386 1409 440 fumosos
1438 387 1739 443 idololatrix

341 483 448 538 405
521 479 767 549 Belligio,
801 489 854 533 et
874 479 1052 533 surdis
1080 477 1285 547 pallens
1315 478 1614 533 advolvitur
1639 480 1765 534 aris.

524 573 637 629 lleu
682 570 894 641 quantis
937 571 1161 624 mortale
1196 583 1364 638 genus
1412 569 1605 639 premit
1643 569 1918 637 improbus

1660 660 1847 731 [liOStis

520 754 847 825 Armigeris!
877 760 1077 823 quanto
1108 751 1302 807 ferrata
1332 752 1562 806 satellite
1590 751 1780 806 ductor

522 847 668 905 Bella
688 846 857 917 gerit;
886 853 1081 915 quanta
1113 844 1282 898 victos
1309 842 1509 899 ditione
1537 843 1853 911 triumphat!

525 940 707 1009 Surgit
738 938 792 992 in
841 936 1099 992 auxilium
1136 934 1474 1000 Chananeus,
1521 943 1681 1002 atque
1710 934 1919 1003 agmina

1641 1023 1851 1095 [denset

347 1122 449 1178 410
520 1118 742 1175 Casside
772 1116 1044 1181 terribilis,
1075 1125 1312 1171 setarum
1343 1114 1577 1184 pondera
1608 1124 1790 1168 mento

519 1211 881 1279 Concutiens,
941 1208 1286 1277 dextramque
1336 1206 1481 1276 gravi
1529 1220 1649 1260 cum
1693 1204 1915 1274 cuspide

1544 1297 1846 1369 [quassans.

522 1396 621 1448 Ast
649 1391 749 1445 alia
771 1391 838 1445 de
863 1397 1011 1458 parte
1038 1387 1220 1442 furens
1250 1386 1519 1442 exercitus
1546 1387 1698 1441 ardet

524 1483 683 1553 532
698 1481 856 1550 Regis
871 1479 1169 1534 Amorrhaei
1187 1496 1200 1533 :
1217 1487 1325 1532 tum
1350 1477 1513 1531 millia
1533 1477 1920 1545 Gergeseorum

521 1571 816 1625 Ellundunt
840 1571 1011 1624 aciem
1040 1575 1151 1624 toto
1178 1567 1453 1621 volitantia
1482 1581 1672 1635 campo
1698 1584 1713 1620 :

344 1663 450 1723 415
519 1664 743 1720 Eminus
772 1663 828 1718 lii
852 1661 1073 1730 feriunt,
1098 1659 1390 1730 conﬂigunt
1418 1660 1662 1714 cominus
1690 1660 1785 1714 illi.

1700 275 2214 335 llAMARTIGENA
2225 318 2239 332 .

1940 394 1995 454 Δ

3463 284 3593 341 1042.

2195 395 2335 449 Ecce
2361 394 2653 450 Johnsaicm
2682 394 2885 449 fervent
2911 397 2974 452 ad
3004 401 3184 470 prmlia
3217 409 3425 467 turum,

2198 488 2373 543 Aurea
2407 488 2508 541 tela
2532 489 2742 555 quibus,
2768 490 2833 544 de
2854 496 3107 558 sanguine
3138 496 3297 549 tincta
3319 494 3586 557 draconis,

2202 576 2473 634 Mortifera
2517 578 2801 647 Splendore
2850 579 3042 649 nitent,
3097 584 3429 649 radiantque,
3489 597 3588 637 ne-

3247 670 3517 741 [cantque.

2199 758 2413 813 Necnon
2447 758 2703 813 terrificas
2734 758 2853 827 pilis
2878 774 3089 815 armare
3115 770 3356 817 catervas

2204 849 2279 904 Te
2309 849 2545 915 Cethme,
2571 850 2719 912 juvat
2746 868 2759 904 :
2783 851 2876 906 sed
2904 866 3034 919 gens
3058 852 3291 907 Phereza
3318 853 3525 922 sagittis

2201 939 2427 993 lnsultat
2450 939 2646 995 virtute
2676 941 2806 1009 pari,
2842 942 2934 995 sed
2961 942 3174 1009 dispare
3205 943 3364 998 l‘erro.

2201 1029 2534 1086 Postremum
2563 1047 2792 1088 cuneum
2816 1049 2913 1089 rex
2944 1046 3219 1102 promovet
3241 1036 3592 1104 Heraeorum,

2199 1119 2550 1187 Squamosum
2583 1121 2796 1177 thoraca
2827 1139 3015 1192 gerens
3042 1125 3105 1179 de
3133 1126 3268 1193 pelle
3291 1127 3521 1183 colubri.

2202 1211 2293 1266 llis
2321 1214 2544 1267 subnixa
2576 1215 2705 1269 viris
2730 1216 2987 1270 scelerum
3014 1231 3263 1284 perversa
3291 1228 3526 1285 potestas

2200 1302 2428 1356 Edomat
2456 1303 2712 1357 invalidas
2737 1314 2943 1359 mentes
2968 1323 2979 1357 ε
3000 1321 3117 1374 qua:
3144 1308 3485 1377 simplicitate

2198 1393 2355 1464 533
2383 1393 2665 1459 ludociles,
2689 1394 2920 1463 bellique
2939 1396 3097 1450 rudes
3119 1398 3218 1452 sub
3235 1398 3434 1455 laedere
3464 1401 3597 1457 falso

2200 1482 2391 1538 Tristis
2414 1484 2661 1537 amicitiae
2692 1485 2922 1552 primum
2945 1487 3088 1540 socia
3114 1489 3323 1556 agmina
3349 1492 3592 1559 credunt,

2206 1576 2704 1647 Mammoneamque
2754 1576 2912 1631 fidem
2955 1578 3099 1646 pacis
3146 1579 3247 1634 sub
3288 1595 3471 1636 amore
3515 1599 3599 1638 sc-

3252 1669 3525 1742 [quuntur.

2025 848 2134 905 420

2022 1299 2127 1356 425

1664 1750 1951 1809 GLOSSE
1993 1755 2325 1814 VETERES.

412 1848 538 1904 404.
567 1847 903 1917 Idololatrix,
932 1846 1074 1901 idola
1103 1846 1299 1912 colens,
1328 1844 1480 1899 idolis
1510 1843 1749 1911 serviens,
1778 1844 1819 1899 l.

414 1920 539 1975 405.
567 1918 901 1982 Advolvitur,
925 1917 1225 1976 inclinatur,
1260 1917 1299 1970 1.

412 1988 541 2043 406.
583 1988 799 2054 Premit,
830 1987 1147 2055 constringit,
1182 1986 1220 2039 I.

412 2057 538 2112 407.
571 2057 883 2126 Armigeris,
928 2054 1084 2123 vitiis,
1110 2056 1331 2110 insidiis.
1369 2084 1440 2098 —-
1466 2054 1710 2122 Fcrrata,
1758 2054 1908 2109 dura.

342 2157 414 2169 —-
442 2128 707 2193 Satellite,
739 2128 919 2189 milite,
950 2126 992 2180 1.

413 2196 538 2251 408.
570 2197 904 2266 Triumphat,
934 2205 1166 2264 superat,
1198 2195 1239 2249 l.

413 2267 556 2338 409.Δ
572 2266 910 2335 Chananeus,
941 2269 1191 2338 populus;
1219 2266 1583 2334 interpretatur
1624 2271 1787 2317 motus
1825 2279 1915 2317 eo-

342 2352 452 2389 rum
477 2351 496 2391 :
518 2335 698 2397 Citam.
725 2335 950 2401 calidus,
971 2348 1250 2390 commotus
1278 2338 1670 2402 interpretatur;
1701 2350 1916 2386 comme-

341 2416 507 2477 morat
520 2408 679 2477 modo
696 2407 781 2461 hic
805 2420 991 2477 septem
1016 2417 1185 2476 gentes
1206 2422 1317 2473 qua:
1340 2408 1719 2477 insurrexerunt
1737 2414 1914 2477 contra

339 2474 479 2540 ﬁlias
507 2476 690 2541 Israel,
711 2479 797 2530 sed
830 2474 920 2545 pro
939 2474 1125 2546 septem
1154 2478 1319 2543 posuit
1348 2476 1501 2539 vitiis,
1548 2490 1635 2527 seu
1665 2474 1913 2546 nequitias

341 2546 631 2615 spirituales
657 2542 902 2611 insinuat,
929 2542 1043 2615 qua:
1072 2542 1339 2616 insurgunt
1369 2553 1543 2616 contra
1571 2544 1845 2616 hominem,
1870 2542 1910 2616 1.

414 2617 537 2672 410.
561 2618 798 2682 Casside,
818 2611 984 2686 galea.
1002 2646 1071 2656 —
1088 2611 1355 2683 Setai'um,
1380 2614 1579 2680 bat-bar;
1601 2615 1654 2667 in
1676 2612 1851 2681 barba,
1870 2611 1913 2665 1.

412 2686 537 2740 411.
566 2686 815 2755 Cuspide,
844 2687 1011 2751 hasta,
1042 2687 1082 2741 l.

412 2755 539 2810 412.
564 2754 789 2821 Furens,
818 2758 1001 2810 iratus.
1033 2785 1104 2797 —
1130 2755 1316 2819 Ardet,
1346 2754 1545 2820 stridet,
1579 2754 1620 2808 Ι.

414 2826 522 2881 415
568 2828 883 2893 Amorrhaai,
922 2827 1128 2881 tristitia
1172 2824 1518 2889 Amorrhteus,
1569 2838 1797 2887 amarus,
1836 2821 1916 2877 vel

344 2896 575 2966 loquens.
594 2895 1088 2965 —Gergeseorum,
1112 2896 1407 2967 Gergeseus,
1433 2896 1667 2949 colonum
1687 2893 1914 2962 ejiciens,

344 2967 421 3021 vel
444 2967 637 3022 advena
661 2969 1001 3039 prapinquus,
1030 2967 1069 3020 1.

1944 1850 1992 1910 Β
2090 1848 2217 1903 414.
2247 1847 2554 1911 anitantia,

2018 1997 2204 2059 gnant.
2235 2020 2303 2029 —
2332 1987 2607 2053 Cominus,

2587 1857 2792 1917 prapter
2811 1848 3119 1903 celeritatem
3143 1865 3401 1916 equorum,
3436 1854 3538 1908 lso.

2091 1919 2216 1974 415.
2266 1919 2508 1982 Eminus,
2558 1918 2725 1989 longe,
2769 1928 2967 1972 contra.
3014 1930 3086 1959 —‘-
3128 1919 3445 1990 Conlligunt,
3495 1942 3593 1995 pu-

2092 1997 2204 2041 ant.
2235 2020 2303 2029 -—-
2332 1987 2607 2041 Cominus.
2642 2005 2817 2041 vroue.
2850 1988 2889 2041 1.

2092 2005 2204 2045 ant.
2235 2020 2303 2029 —
2332 2005 2607 2053 Cominus,
2642 2005 2817 2058 prope,
2851 2005 2889 2041 ι.
2952 2045 2957 2051 ,

2089 2058 2215 2112 416.
2243 2059 2557 2133 Jebusaiczn,
2596 2057 2867 2125 Jebuseus,
2889 2058 2945 2111 id
2972 2066 3046 2112 est
3071 2059 3317 2124 calcatus,
3336 2061 3439 2115 sive
3467 2080 3598 2133 pra:-

2022 2143 2138 2198 sepe
2168 2144 2360 2194 eorum,
2401 2129 2439 2181 1.
3468 2129 3477 2133 ’

2091 2199 2217 2253 417.
2260 2202 2433 2253 Aurea
2474 2198 2600 2262 tela,
2644 2197 2879 2251 avaritia.
2908 2198 3208 2264 -—Tincta,
3253 2212 3519 2266 venenata,
3552 2202 3592 2257 l.

2090 2267 2216 2323 420.
2249 2268 2495 2331 Cethme,
2560 2266 2811 2333 Cethtcus,
2850 2269 3099 2322 abscissus
3135 2287 3166 2321 α
3193 2269 3593 2328 CItristianitate.

2020 2367 2099 2411 -λ
2119 2337 2297 2411 Juvat,
2328 2338 2559 2411 delectat.
2588 2367 2658 2378 —-
2689 2336 2943 2405 Pliereza,
2969 2337 3275 2407 Pherezeus,
3306 2354 3594 2411 separatus,

2022 2409 2312 2479 vel_absque
2333 2424 2501 2479 muro,
2534 2408 2575 2462 l.

2092 2476 2381 2542 422(Rex,
2412 2478 2664 2531 diabolus.
2689 2505 2760 2517 ——
2789 2476 3102 2533 Ilevmorum
3121 2518 3137 2547 ,
3189 2478 3411 2534 Hekus
3453 2483 3587 2551 fera-

2022 2546 2109 2602 lis.
2141 2548 2218 2602 vel
2251 2548 2416 2602 ferox.
2446 2548 2485 2602 1.
3558 2557 3563 2563 ’
3602 2549 3613 2557 ’

2044 2563 2109 2612 ts,
2141 2563 2218 2602 vet
2272 2563 2416 2610 erox,
2446 2563 2485 2602 ι.

2092 2617 2224 2699 425..
2240 2563 2507 2699 litoraca,
2533 2617 2739 2682 tlt'orax,
2770 2627 2963 2685 pectus,
2986 2617 3063 2671 vel
3076 2618 3252 2684 cassis,
3274 2619 3395 2687 quia
3424 2628 3599 2690 pectus

2023 2688 2502 2822 coigelftSdbnixa,
2524 2756 2750 2825 subjecta
2770 2796 2783 2821 ,
2816 2758 3026 2809 elevata.
3052 2787 3122 2796 —
3144 2758 3304 2823 Viris,
3350 2759 3505 2821 vitiis,
3552 2755 3596 2813 Ι.

2092 2827 2218 2880 428.
2248 2827 2757 2897 Mammoneamque,
2789 2826 3116 2895 diabolicam,
3140 2828 3488 2897 pecuniosam,
3523 2830 3599 2884 vel

2021 2898 2340 2966 saecularem,
2366 2911 2595 2961 avaram,
2624 2896 2667 2949 1.

1689 3051 2249 3110 COMMENTARIUS.

416 3166 542 3223 404.
573 3167 737 3224 Aldus
764 3168 1005 3224 ediderat
1050 3167 1384 3235 idololatrias,
1433 3166 1668 3220 correxit
1711 3165 1919 3219 inccerat
1947 3165 1993 3227 C
2025 3164 2353 3237 Comment.,
2381 3164 2581 3221 docens
2631 3166 2768 3237 sumi
2811 3180 2909 3232 pro
2958 3168 3193 3235 pondere.
3234 3168 3378 3222 Multi
3417 3169 3598 3237 hujus-

347 3237 541 3307 lapides
567 3239 789 3304 fumosos
838 3240 1109 3301 idolatras,
1154 3252 1435 3306 perperam
1460 3239 1694 3307 incterat,
1728 3246 1776 3290 et
1804 3237 1919 3289 ido-

345 3305 522 3361 l‘atres.
552 3308 661 3362 Nec
682 3308 871 3362 inelius
898 3323 1084 3363 recens
1110 3305 1384 3361 cerrector
1405 3307 1456 3360 in
1479 3305 1626 3372 Rau,
1654 3321 1782 3359 vana
1805 3308 1925 3360 deo-

346 3393 463 3430 rum
476 3391 575 3445 pro
587 3378 904 3443 idololatrix,
921 3393 1013 3433 seu
1026 3376 1330 3431 idololatris.
1346 3375 1919 3445 Gronovio,0bservat.

345 3448 549 3501 eccles.
588 3460 708 3512 cap.
738 3449 793 3511 5,
840 3448 1033 3516 placuit
1080 3446 1409 3513 idololatris,
1452 3460 1627 3512 neque
1654 3446 1924 3516 displicuit

346 3516 569 3572 Heinsio
596 3517 819 3586 aliisque
840 3514 1246 3574 recentioribus
1281 3517 1606 3586 editoribus;
1655 3525 1710 3570 et
1748 3514 1922 3572 facilis

347 3587 562 3653 quidem
606 3585 766 3642 fuerit
797 3590 1016 3642 mutatio
1040 3605 1063 3642 s
1096 3589 1147 3642 in
1177 3604 1214 3641 as
1234 3589 1303 3642 ob
1330 3587 1448 3642 soni
1490 3585 1916 3640 similitudinem.

347 3656 454 3711 Sed
485 3658 667 3725 scripti
715 3657 905 3726 jubent
948 3658 1047 3726 legi
1092 3658 1409 3721 idololatrix,
1441 3665 1495 3710 et
1526 3656 1639 3726 haec
1669 3655 1767 3709 fuit
1786 3670 1919 3710 con-

348 3728 576 3796 suetudo
607 3725 900 3791 Prudentii,
931 3725 1151 3796 ejusque
1180 3728 1375 3792 astatis,
1407 3734 1465 3779 ut
1491 3725 1922 3796 qumdamvoca-

348 3795 473 3849 bula
506 3796 900 3866 (iunco-Latina
929 3793 1198 3860 formarat,
1227 3805 1285 3850 ut
1315 3796 1696 3866 primoplastus.
1728 3793 1787 3847 In
1808 3794 1920 3849 edi-

351 3866 493 3987 tionle
522 3865 793 3989 Parmensi
818 3876 1043 3922 metrum
1070 3865 1377 3936 corruptum
1407 3875 1490 3921 est
1530 3866 1719 3919 inccrat
1751 3869 1921 3934 [unio-

351 3950 431 3989 sos
476 3953 559 3989 am
598 3952 670 3989 es.

344 3950 431 3989 sos
456 3950 670 4001 lapides.

419 4005 852 4061 406.Corrector
888 4005 941 4060 in
989 4005 1136 4068 Rat.,
1187 4004 1358 4059 erasis
1403 4002 1691 4072 prioribus,
1742 4002 1920 4071 inepte

347 4074 618 4146 substituit
667 4076 778 4129 "eu
825 4086 945 4145 quot
990 4075 1204 4146 mortale
1247 4091 1403 4146 genus
1440 4075 1620 4146 premit
1664 4074 1921 4146 improbus

348 4143 508 4197 hostis
537 4144 806 4199 Militibus.
836 4143 974 4213 Gis.,
1016 4145 1201 4209 Fabr.,
1245 4143 1380 4198 Cell.
1412 4144 1694 4213 ediderunt
1739 4144 1921 4210 premit

347 4229 526 4285 genus.
554 4216 675 4285 Ald.
705 4224 755 4269 et
783 4212 973 4281 nostri,
1013 4231 1167 4285 genus
1202 4214 1403 4285 premit.
1456 4212 1508 4266 ld
1541 4212 1707 4285 tenuit
1732 4213 1910 4267 lleins.

417 4284 544 4355 408.
590 4283 874 4355 Trium‘pho
919 4283 1088 4339 active
1134 4287 1209 4355 in,
1236 4284 1484 4355 Vulgata_
1501 4284 1828 4355 reperitur;
1854 4298 1918 4336 eo

347 4354 513 4407 verbo
540 4355 607 4407 ita
637 4357 716 4409 usi
758 4352 883 4409 sunt
908 4356 1121 4424 Livius,
1169 4354 1405 4423 Tacitus,
1454 4352 1677 4422 Plinius,
1715 4353 1922 4410 scilicet

346 4425 635 4493 triumphor
661 4424 889 4493 passive.

416 4492 543 4547 409.
578 4492 744 4549 Aldus
775 4497 1003 4563 primum
1046 4494 1213 4550 edidit
1245 4494 1590 4564 Chananams,
1637 4501 1786 4563 atque
1824 4512 1916 4564 ag-

344 4562 487 4616 mina
524 4565 715 4634 denset,
752 4562 934 4634 pOStea
966 4566 1272 4621 emendavit
1293 4563 1698 4628 Cltananwus,et
1714 4562 1919 4633 agmina

345 4633 539 4703 denset.
571 4633 837 4691 Giseliuus
868 4637 966 4691 hoc
998 4645 1326 4703 postremum
1371 4635 1647 4703 amplexus
1677 4644 1777 4693 est.
1818 4634 1921 4687 La-

344 4702 509 4775 tinius
538 4703 590 4775 in
618 4705 783 4761 Turn.
808 4707 932 4775 legit
959 4702 1298 4770 Chananwus,
1326 4715 1476 4775 atque
1496 4705 1700 4775 agmina
1720 4706 1917 4775 denset,

345 4772 443 4844 sed
492 4772 883 4830 animadvertitw
906 4775 1185 4844 legendum
1228 4776 1309 4828 vel
1351 4772 1653 4844 Cliananeus
1685 4774 1917 4843 trisylla-

347 4840 498 4916 bum,
530 4844 635 4916 v_el,
657 4847 721 4916 ipsi
747 4840 1205 4916 quadris'yllabuur
1237 4846 1333 4908 sit,
1373 4842 1712 4916 Citananwus,
1751 4840 1799 4896 et
1830 4860 1922 4916 ag-

344 4914 503 4964 mina.
548 4914 602 4967 In
654 4915 787 4969 Bihl.
828 4914 1016 4969 Latinii
1052 4914 1300 4969 mendum
1338 4914 1529 4981 opinor
1575 4928 1695 4967 esse
1730 4915 1921 4982 surgite

344 4996 446 5054 pro
472 4985 653 5054 surgit.
687 4986 878 5054 Scripti
907 4985 1223 5049 Chananeus,
1251 4993 1398 5051 atque
1421 4983 1623 5052 agmina
1645 4985 1839 5054 denset,
1865 4994 1921 5035 ut

342 5053 418 5121 sit
461 5051 822 5121 diphthongus
852 5073 960 5110 eus.
998 5056 1127 5109 Vide
1156 5056 1210 5109 in
1242 5051 1618 5121 Apotldvers.
1652 5053 1757 5108 982
1784 5051 1918 5105 Μαι-

346 5118 532 5193 Φρυξί
566 5120 670 5177 Pro
718 5118 886 5179 denset
928 5125 1085 5193 Prag.
1136 5118 1333 5188 densat,
1378 5132 1431 5178 et
1460 5124 1599 5189 apud
1636 5123 1919 5177 Weitzium

343 5189 637 5263 Giselinus,
667 5195 755 5263 qui
786 5202 962 5250 tamen
995 5189 1055 5249 iri
1076 5194 1163 5248 ed.
1192 5195 1227 5246 2
1256 5194 1415 5247 habet
1443 5195 1635 5248 denset.
1670 5193 1923 5262 Allegori-

345 5273 465 5332 eam
514 5262 1001 5332 interpretationem
1056 5265 1243 5318 harum
1291 5265 1564 5317 natiinum
1614 5264 1736 5318 vide
1781 5264 1922 5329 apud

345 5327 734 5405 Lauretuniqiin
780 5333 923 5390 Silva
952 5335 1357 5405 Allegoriarum,
1392 5334 1485 5402 qui
1532 5335 1649 5388 loca
1695 5334 1792 5389 SS.
1820 5327 1923 5388 Pa—

342 5407 487 5452 trum
516 5402 707 5457 similia
734 5405 953 5459 indicat.

419 5470 547 5525 410.
577 5471 727 5539 Ald.,
750 5475 964 5529 terribili
981 5491 999 5539 ;
1018 5480 1225 5540 caeteri,
1254 5474 1513 5529 terribilis.
1538 5472 1810 5527 Fabricius
1829 5488 1925 5539 pro

344 5540 576 5615 pondera
600 5554 771 5615 mento
810 5545 1026 5615 excudit
1050 5545 1465 5615 pandet-amento.
1494 5558 1684 5615 errore
1711 5559 1813 5615 non
1846 5555 1927 5613 ty-

346 5613 679 5680 pographico
722 5632 735 5668 :
781 5632 902 5669 nam
966 5614 1019 5669 in
1051 5613 1258 5668 'lndice
1301 5614 1529 5667 advertit
1583 5614 1926 5667 Prudentium

345 5695 505 5736 usum
552 5686 765 5742 nomine
811 5685 1294 5757 ponderamentum;
1348 5683 1497 5755 quod
1538 5684 1822 5739 conﬁrmat
1872 5684 1923 5739 in

1946 4533 1999 4593 D

2028 3232 2171 3290 modi
2201 3250 2412 3290 errores
2439 3251 2501 3290 ex
2532 3235 2907 3305 conjunctione
2950 3232 3137 3291 vocum
3172 3239 3220 3291 in
3253 3232 3596 3294 Prudentium

2025 3306 2379 3378 irrepserunt.
2411 3307 2700 3378 Acirevera
2730 3308 2783 3360 in
2811 3306 2945 3361 Aldo
2969 3307 3159 3374 legitur
3182 3309 3593 3378 ponderamcnto.

2097 3376 2222 3446 411.
2252 3375 2431 3446 Prag.,
2460 3377 2693 3446 vibrans:
2725 3390 2904 3445 supra,
2932 3375 3200 3446 quassans.

2094 3444 2227 3516 415.
2242 3444 2369 3516 Δ1131.
2401 3445 2467 3508 A,
2496 3445 2767 3510 mendose,
2794 3444 2973 3516 greges
3014 3464 3191 3500 eorum
3212 3463 3307 3516 pro
3329 3449 3597 3516 Gergeseo-

2024 3531 2159 3589 rum.
2188 3514 2253 3589 _H_i
2279 3529 2467 3589 omnes
2492 3525 2660 3589 erant
2686 3514 2865 3583 populi
2898 3528 3053 3571 terrae
3078 3514 3351 3581 Chanaan,
3392 3514 3460 3575 de
3480 3520 3595 3589 qui-

2021 3585 2122 3643 bus
2153 3584 2273 3638 vide
2300 3584 2464 3640 Josue
2492 3586 2585 3641 lib.
2613 3594 2665 3638 et
2693 3590 3028 3654 interpretes.

2095 3654 2227 3729 416ἰ
2245 3655 2645 3729 Put.,_Egm_.__et_
2667 3654 2787 3708 Vat.
2816 3660 2876 3729 A_,
2898 3656 3205 3729 Zebusiacte.
3232 3658 3386 3725 Man,
3411 3658 3593 3729 Prag.,

2025 3722 2164 3789 Gis.,
2194 3722 2491 3793 Jebusaicai.
2530 3724 2722 3779 Weitz.
2754 3733 2812 3778 et
2837 3724 2992 3793 Urb.,
3018 3725 3319 3782 Jebusiacaz.
3355 3722 3597 3785 Aldus'et

2021 3794 2202 3858 Alex.,
2234 3792 2547 3850 Gebusaicm.

2094 3865 2219 3919 418.
2264 3864 2411 3937 Ald,
2461 3865 2590 3917 Mar.
2636 3863 2857 3937 a_prima
2900 3878 3080 3937 manu,
3130 3866 3355 3937 Widm.,
3401 3869 3589 3937 Bong.,

2022 3935 2233 3996 micant,
2255 3934 2578 3999 radiantque,
2609 3934 2930 4000 micantque-
2947 3934 3001 3986 in
3021 3934 3178 4001 Prag.
3202 3936 3408 3990 videtur
3431 3934 3593 3992 fuisse

2021 4004 2230 4068 micant,
2253 4002 2575 4070 radiantque,
2608 4008 2907 4073 nutantque,
2937 4003 3075 4069 quod
3106 4014 3276 4057 metro
3315 4019 3588 4073 repugnat.

2022 4072 2079 4127 in
2111 4073 2305 4137 Oxon.,
2323 4074 2534 4137 micant,
2562 4072 2870 4138 radiantque
2894 4075 3172 4136 nitentque.
3199 4074 3355 4128 Fabr.
3380 4072 3433 4129 ct
3453 4072 3589 4141 Gis.,

2023 4144 2206 4207 nitent,
2257 4142 2578 4211 radiantque,
2628 4142 3309 4213 micantqaeaVetustiores
3357 4144 3595 4213 plerique

2022 4214 2231 4278 micant,
2262 4213 2584 4279 radiantque,
2616 4221 2910 4277 necantque.
2943 4212 3314 4267 Emendandus
3338 4223 3421 4268 est
3443 4212 3595 4269 error

2023 4283 2434 4353 typographicus
2483 4281 2732 4338 editionis
2772 4280 3107 4340 Parmensis.
3136 4283 3455 4353 radiantque,
3507 4302 3595 4338 ne-

2022 4364 2219 4407 cataue.

2093 4370 2219 4479 δῗὲὅξ
2266 4423 2408 4485 Put.,
2467 4421 2657 4484 Ciltee;
2709 4420 2895 4489 θείη..
2948 4421 3137 4475 cum.
3188 4422 3310 4486 Alii,
3368 4422 3593 4488 Cet/tt'rc;

2023 4494 2191 4549 Gisel.
2219 4508 2347 4549 vero
2377 4493 2410 4546 2
2438 4492 2595 4561 edit.,
2634 4490 2845 4561 Cet/tce.
2898 4491 2950 4544 lu
2997 4492 3140 4556 Put.,
3192 4509 3311 4561 gens
3343 4491 3593 4559 Phereza,

2022 4565 2162 4632 quod
2187 4579 2402 4631 sequor,
2429 4576 2548 4632 nam
2574 4560 2846 4616 Pherezaea
2866 4561 3084 4615 carmini
3106 4560 3436 4615 adversatur.
3456 4564 3597 4615 Cha-

2021 4631 2300 4688 millardus
2336 4634 2495 4687 vellet
2524 4631 2733 4698 Bettaze,
2776 4631 2819 4685 si
2861 4640 3087 4686 metrum
3117 4640 3410 4700 pateretur.
3441 4632 3594 4686 Alius

2021 4718 2173 4757 error
2220 4703 2305 4757 hic
2350 4704 2678 4772 occurritqin
2727 4702 2959 4756 editione
3000 4702 3431 4772 Parmensipsed
3475 4720 3596 4772 gens

2023 4773 2282 4827 Pherezae
2310 4774 2528 4842 sagittis.
2578 4770 2796 4826 Teolins
2827 4772 3050 4842 fortasse
3105 4772 3270 4842 voluit
3300 4770 3592 4826 P/ierestra.

2093 4843 2219 4897 4‘22.
2250 4841 2395 4905 Put.,
2424 4842 2570 4904 Rot.,
2601 4841 2747 4899 Ald.,
2774 4841 2910 4904 PaL,
2934 4841 3111 4909 Egm.,
3143 4841 3451 4896 Euveorum.
3479 4844 3596 4896 Vat.

2023 4912 2067 4965 A
2094 4921 2147 4965 et
2172 4913 2360 4981 Bong.,
2388 4927 2672 4965 aeveorum.
2694 4910 2848 4977 Man,
2873 4910 3060 4981 Prag.,
3087 4912 3300 4977 Wcitz.,
3327 4911 3598 4967 Eurorum.

2022 4984 2149 5047 Alii,
2173 4983 2512 5046 Bevaeorum;
2536 4982 2625 5036 alii
2659 4982 2814 5049 paulo
2842 4982 3016 5037 aliter.
3042 4988 3095 5037 ln
3126 4984 3398 5038 nonnullis
3432 4986 3597 5053 vulg.,

2023 5063 2295 5121 prwmovel
2320 5068 2414 5121 pro
2443 5061 2721 5121 promovet.

2094 5124 2224 5178 424.
2267 5123 2531 5178 Scelerum
2575 5131 2820 5192 potestas,
2854 5132 2909 5178 ut
2939 5129 3160 5192 potestas
3200 5123 3520 5176 tenebrarum
3549 5123 3599 5174 in

2024 5207 2177 5248 sacra
2209 5195 2420 5263 pagina.

2054 5311 2056 5314 ,
2100 5260 2227 5319 426.
2261 5260 2520 5319 Ῐηιίοσὶιεο
2568 5278 2633 5318 eo
2674 5278 2831 5318 sensu
2880 5277 2985 5329 quo
3029 5260 3226 5330 hymno
3262 5262 3295 5315 5
3331 5260 3597 5330 Cathem.,

2027 5348 2172 5389 vers.
2208 5337 2335 5400 111,
2359 5335 2611 5398 diximus,
2655 5332 2874 5386 indocile
2900 5328 3079 5398 accipi
3107 5345 3263 5398 posse
3299 5346 3393 5400 pro
3422 5328 3598 5394 docili,

2028 5413 2086 5459 ut
2108 5406 2355 5472 infractus
2385 5419 2479 5471 pro
2509 5408 2690 5472 fracto.

2100 5469 2226 5529 4‘27.
2260 5469 2515 5527 Imitatur
2550 5471 2677 5523 illud
2709 5469 2943 5524 Maronis
2980 5469 3075 5523 lib.
3102 5485 3138 5524 tt
3190 5469 3429 5534 Eneid.,
3462 5472 3606 5523 socia

2027 5545 2238 5613 agmina
2261 5544 2479 5613 credens
2502 5539 2725 5604 Inscius,
2753 5548 2818 5613 et
2849 5538 2951 5613 alia
2977 5556 3094 5609 quae
3117 5552 3434 5613 sequuntur.
3474 5539 3599 5595 \"ide

2027 5608 2191 5671 eiiam
2220 5626 2359 5669 vers.
2391 5612 2491 5668 551
2521 5621 2573 5667 et
2602 5624 2751 5680 seqq.
2788 5608 3241 5681 Psychomachiae.
