4120 6196
594 282 732 338 Ill-l5

1689 280 1964 337 AUREI.”
2005 280 2366 336 PRUDENTH
2405 279 2727 334 CAllMlNA.

3699 267 3845 338 'tott

773 393 889 448 Mox
918 392 1098 448 faciles
1127 395 1192 447 ad
1220 394 1392 447 vincla
1423 395 1556 462 rapi,
1596 394 1718 463 juga
1752 394 1881 447 dura
1911 396 2148 448 volentes
2178 397 2228 454 Α
2255 393 2359 447 M5
2432 391 2660 454 Credite,
2694 391 2884 459 captivi
2917 391 3188 456 mortales,
3221 390 3424 446 hostica
3452 407 3583 460 quos
3610 393 3722 461 jam

593 482 700 539 450
771 483 1015 538 Addictis
1038 485 1265 537 subeunt
1291 482 1611 548 cervicibus,
1637 493 1689 536 et
1717 484 2037 537 nebulonum

642 591 644 594 '
767 575 1056 644 Spirituum
1084 575 1246 641 jussis
1274 575 1475 629 servire
1505 576 1768 628 ferocibus
1791 585 1988 642 optant.

767 667 878 731 llic,
909 668 1252 734 supervacuis
1283 683 1482 735 augens
1510 669 1822 736 patrimonia
1856 669 2050 732 fundis,

767 755 1136 824 Finitimisque
1162 756 1369 810 inhians
1398 768 1701 825 contempto
1726 759 1887 812 limite
1917 760 2118 826 agellis,

765 844 985 898 Ducitur
1009 846 1233 899 innexus
1264 849 1507 913 manicis,
1535 857 1584 900 et
1616 848 1759 900 mille
1782 848 1982 901 catenis

762 1026 871 1081 Nec
893 1041 950 1080 sc
977 1027 1268 1081 barbaricis
1294 1029 1558 1082 addictum
1591 1031 1748 1082 sentit
1780 1030 1997 1084 habenis
2025 1049 2036 1083 :

766 1115 884 1182 llic,
911 1117 1001 1184 qui
1032 1124 1268 1170 ventosa:
1295 1117 1498 1170 scandit
1525 1117 1728 1184 laStigia
1761 1118 1932 1180 laxum,

762 1208 1084 1277 Inllaturque
1110 1223 1239 1262 cavo
1271 1224 1476 1277 pompa:
1509 1208 1780 1276 popularis
1806 1209 2029 1273 honore,

767 1297 867 1362 Qui
892 1312 1179 1363 summum,
1215 1298 1550 1366 solidumque
1577 1297 1770 1350 bonum
1809 1307 1956 1366 putat
1990 1297 2158 1350 anthi-

1907 1389 2086 1460 [tionis

585 1482 692 1538 440

1895 1662 2089 1732 [fasces

758 1754 1052 1823 Frangere,
1091 1753 1356 1807 terribiles
1387 1753 1561 1823 legum
1593 1768 1844 1807 exercere
1865 1769 2100 1819 secures,
2187 1761 2234 1819 Β

759 1845 820 1898 ln
852 1844 1098 1910 laqueum
1126 1843 1235 1911 jam
1262 1843 1397 1897 colla
1423 1843 1585 1907 dedit,
1614 1843 1722 1911 jam
1745 1844 2001 1911 compede
2022 1845 2152 1898 dura

755 1933 1015 2000 Nectitur,
1048 1943 1099 1990 et
1124 1934 1348 2004 pedibus
1377 1933 1591 1988 servilia
1617 1935 1824 1988 vincula
1853 1935 2019 1988 limat.

767 935 904 989 Ante
930 935 1276 1003 triumphales
1307 951 1494 990 currus
1525 947 1641 1005 post
1691 947 1836 1005 terga
1869 939 2154 1004 revinctus,

764 1481 1023 1537 Crescere
1054 1496 1322 1543 successu,
1373 1495 1678 1549 praeconum
1709 1493 1839 1534 voce
1870 1488 2158 1534 trementes

764 1574 924 1645 53a.
953 1572 1271 1628 Exanimare
1301 1588 1444 1638 reos,
1496 1575 1810 1626 miserorum
1855 1573 1906 1625 in
1937 1586 2156 1640 corpora

2445 482 2732 535 Damnatos
2760 481 3014 557 cohibent
3039 482 3322 550 ergastula,
3348 498 3480 550 quos
3501 483 3752 537 famulatu

2439 575 2722 629 Poenarum
2754 576 2923 630 virtus
2949 591 3055 630 non
3086 577 3351 631 intellecta
3385 587 3634 632 coercet:

2441 667 2562 720 llaec
2592 669 2677 719 illa
2705 677 2786 721 est
2804 668 3058 737 Babylon,
3085 668 3198 722 hrec
3223 669 3613 737 transmigratio
3638 678 3835 723 nostra:

2443 757 2651 822 Gentis,
2675 766 2724 810 et
2754 757 3023 810 horribilis
3051 757 3270 810 victoria
3305 758 3556 825 principis
3578 762 3764 821 Assur,

2261 845 2366 901 450
2436 844 2686 898 Carmine
2717 845 2946 900 luetitico
2973 862 3128 914 quam
3155 847 3358 900 deﬂens
3394 849 3664 912 leremias,

2437 937 2686 992 Orbatam
2720 939 2947 1007 propriis
2972 938 3196 992 ululavit
3222 940 3428 993 civibus
3460 942 3667 992 urbem.

2437 1027 2572 1082 Num
2601 1029 2746 1094 latet,
2774 1037 2865 1082 aut
2886 1016 3099 1083 dubium
3131 1038 3232 1095 est,
3285 1031 3491 1084 animas
3517 1029 3583 1085 de
3613 1032 3819 1084 semine

3577 1122 3765 1190 {laetlb

2440 1207 2706 1262 Exsilium
2738 1209 2940 1277 gentile
2970 1210 3074 1277 pati
3102 1227 3112 1261 :
3144 1225 3274 1279 quas
3305 1211 3518 1265 Persica
3547 1227 3708 1279 regna

2433 1299 2591 1368 535
2627 1298 2873 1368 Captivas
2903 1300 3169 1365 retinent,
3220 1311 3381 1369 atque
3414 1303 3463 1354 in
3497 1315 3590 1354 sua
3631 1300 3835 1355 hedera

3495 1393 3715 1464 [cogunt
3739 1396 3762 1444 ?

2436 1481 2548 1536 lllic
2577 1482 2736 1536 natali
2767 1483 3088 1536 desuescunt
3119 1489 3294 1538 vivere
3323 1484 3452 1547 ritu,

2435 1572 2668 1626 Moribus
2699 1581 2751 1628 et
2780 1574 2961 1642 patriis
2989 1584 3182 1639 exntm,
3215 1574 3266 1626 in
3297 1575 3516 1627 barbara
3546 1570 3666 1642 jura

2441 1663 2810 1732 Degener-rut,
2857 1665 3196 1735 linguamque
3245 1681 3470 1729 novam,
3519 1676 3832 1734 vestemque

3419 1758 3759 1828 [sequuntur,

2379 1837 2381 1840 ’
2437 1847 2616 1917 Deque
2639 1849 2919 1918 profanato
2946 1849 3158 1904 discunt
3187 1849 3500 1902 sordescere
3522 1849 3687 1913 cultu,

2438 1937 2815 2009 Nutricemque
2845 1940 3060 1994 abolent
3088 1939 3338 2009 petulanti
3369 1955 3399 1993 e
3434 1948 3644 2008 rectore
3675 1938 3831 1993 Sion.

2260 1481 2363 1535 455

1885 2049 2167 2104 GLOSS/E
2207 2052 2538 2110 VETERES.

625 2142 774 2224 .2130.
808 2142 1066 2224 Addictis,
1090 2141 1396 2214 subjugatis,
1418 2139 1691 2209 deputatis.
1719 2169 1783 2177 —
1806 2137 2149 2206 Nebuiosum,

582 2214 862 2283 nigrorum,
893 2213 930 2267 Ι.
1179 2213 1184 2214 ⁷

650 2283 774 2337 452.
803 2283 918 2345 Ille,
951 2283 1159 2347 aliquis,
1187 2281 1415 2349 quidam.
1455 2310 1521 2320 ——
1549 2279 1920 2347 Supervacuis,
1949 2296 2036 2346 per
2065 2296 2152 2331 ra-

579 2351 753 2420 pinam
779 2354 1172 2405 abundantibus.
1195 2379 1265 2390 --
1289 2351 1487 2404 Fundis
1507 2390 1520 2412 ,
1568 2350 1794 2420 prrediis,
1836 2351 2150 2420 hatreditati-

582 2419 696 2487 bus,
721 2423 975 2490 (edi/iciis,
1024 2423 1169 2474 terris
1197 2423 1274 2474 vel
1316 2420 1547 2487 prardiis;
1570 2419 1768 2488 fundus
1796 2419 1978 2472 dicitur
2008 2435 2147 2488 ager,

577 2507 635 2544 eo
655 2493 789 2555 quod
815 2493 954 2544 nobis
983 2492 1162 2559 fundat
1186 2491 1403 2556 fructus,
1433 2490 1469 2542 1.

647 2560 773 2613 456.
805 2557 1122 2621 Barbaricis,
1173 2559 1438 2611 diabolicis
1472 2587 1535 2597 ——-
1562 2557 1813 2620 llabenis,
1843 2559 2076 2618 vinculis.
2106 2558 2147 2612 Ι.

580 2697 625 2752 v
811 2630 926 2696 llic,
971 2629 1201 2698 quidam,
1239 2628 1445 2696 aliquis,
1477 2627 1514 2680 Ι.
1544 2655 1613 2667 -
1646 2627 1911 2693 Ventosze,
1952 2643 2146 2696 vacuat,

631 2712 657 2749 a
689 2737 701 2749 .
783 2738 798 2752 .

649 2737 971 2832 ZbéTCavo,
1002 2783 1181 2832 racuo,
1208 2767 1250 2822 ἰ.

650 2837 774 2891 459.
810 2837 1149 2900 Ambitionis,
1179 2839 1425 2904 avaritia’,
1455 2837 1496 2891 Ι.

646 2906 774 3031 4410.
796 2908 1077 2971 Successu,
1109 2911 1460 2977 prosperitate.
1483 2938 1548 2949 —
1582 2907 1916 2974 Trementes,
1970 2908 2147 2960 timen-

805 3045 1149 3170 Exgnimare,
1181 3047 1507 3116 mortiﬁcare.
1535 3078 1604 3088 --
1634 3049 1848 3114 Fasces,
1875 3048 2143 3116 potentias,

616 3127 869 3170 temtatas.
923 3155 938 3170 .

622 3118 633 3129 '
705 3119 739 3168 it
779 3127 848 3169 tes
923 3155 938 3171 .

579 3118 772 3242 ώέῖιηίέῖ
796 3118 1082 3254 Etielrcere,
1103 3204 1303 3258 augere.
1324 3218 1389 3228 -—
1405 3188 1650 3257 Securos,
1670 3205 1812 3242 arma
1831 3190 2085 3251 lictorum,
2105 3185 2144 3240 Ι.

2326 2145 2454 2196 ΔΜ.
2489 2144 2678 2211 Limat,
2714 2155 2919 2213 purgat,
2948 2145 2988 2198 1.

2325 2213 2450 2267 445.
2484 2213 2717 2276 llostica,
2748 2215 2975 2279 hostilia,
3005 2215 3042 2267 Ι.

2323 2283 2449 2338 (ΗΘ.
2475 2283 2753 2348 Cohibent,
2783 2287 3156 2352 constringunt.
3189 2311 3255 2321 ——-
3280 2281 3577 2349 Ergastula.
3627 2295 3823 2345 recns,

2255 2369 2411 2420 Opus;
2453 2355 2567 2407 inde
2596 2355 2920 2424 ergastulum,
2957 2353 3097 2407 locus
3123 2353 3207 2407 ubi
3237 2361 3492 2406 exercetur
3518 2353 3826 2404 construaia

2254 2424 2474 2492 alicujus
2504 2426 2688 2494 operis,
2724 2423 2764 2478 1.

2326 2491 2451 2546 419.
2484 2491 2669 2557 Assur,
2703 2494 2922 2561 dirigens
2951 2495 3330 2562 interpretatur,
3359 2491 3400 2545 i.

2326 2564 2451 2616 450.
2484 2564 2672 2628 Quam,
2703 2573 2916 2630 gentem,
2949 2565 2990 2616 1.

2327 2632 2453 2685 451.
2483 2633 2752 2695 Orbatam,
2783 2634 3062 2687 viduatam.
3090 2663 3161 2674 —
3183 2632 3431 2697 Ululavit,
3463 2632 3735 2684 lamentat.
3759 2657 3826 2668 —

2262 2701 2481 2771 Urbem,
2505 2702 2806 2767 Jerusalem,
2830 2702 2870 2756 Ι.

2327 2771 2450 2842 452.
2481 2773 2637 2834 Num,
2671 2775 2920 2842 nunquid,
2955 2773 2995 2824 1.

2326 2841 2451 2895 455.
2480 2842 2714 2909 Persica,
2747 2843 3020 2905 diabolica,
3056 2842 3093 2894 Ι.

2486 2912 2738 2974 Barbara,
2770 2928 2991 2982 pagana,
3027 2912 3061 2963 Ι.

2325 2979 2452 3034 458.
2476 2982 2780 3042 Proianato,
2813 2979 3042 3044 sordido,
3071 2981 3107 3033 Ι.

2325 3050 2452 3104 459.
2503 3051 2751 3112 Abolcnt,
2797 3051 3178 3112 obliviscuntur,
3228 3049 3435 3102 illorum
3483 3050 3825 3119 malignorum

2255 3137 2451 3186 suasu;
2481 3122 2718 3175 alienatio
2743 3131 2814 3174 est
2843 3119 3195 3174 abominabilis
3229 3119 3465 3187 perditio,
3492 3119 3532 3172 Ι.

1936 3279 2488 3338 COMMENTARlUS.

652 3374 774 3430 450.
806 3375 981 3444 Egm.,
1029 3375 1246 3442 Weitz.,
1292 3377 1399 3441 Iso,
1445 3379 1607 3435 Gisel.
1643 3379 1707 3433 ad
1750 3392 1918 3442 oram,
1969 3375 2142 3430 Gil‘an.
2175 3373 2222 3436 C
2253 3376 2412 3439 vitiis,
2445 3391 2561 3444 qute
2588 3375 2764 3445 specie
2788 3375 2998 3428 virtutis
3026 3370 3314 3445 decipiunt.
3347 3369 3611 3445 Cella_rius
3649 3369 3818 3445 inter-

580 3447 698 3499 lnd.
731 3445 967 3502 Lucret.,
993 3447 1158 3500 verbo
1187 3463 1429 3508 VESTlRl-I.
1473 3463 1535 3502 ex
1559 3457 1664 3502 vet.
1694 3449 1811 3512 lib.,
1850 3447 2150 3500 nebulosum

580 3514 733 3586 quasi
761 3515 1137 3586 nebulosorum.
1179 3517 1251 3586 Ita
1284 3519 1442 3570 etiam
1478 3519 1595 3570 Rat.
1629 3533 1746 3571 cum
1786 3517 1960 3586 glossa
1997 3515 2151 3586 falla-

581 3585 736 3653 ciam,
761 3585 1204 3653 tenebricosorum.
1235 3585 1509 3653 Plerique,
1540 3596 1597 3639 ut
1620 3585 1803 3648 Alex.,
1831 3585 1986 3647 Urb.,
2020 3585 2147 3636 Mar.

579 3652 703 3705 Vat.
733 3653 797 3716 A,
846 3651 1024 3719 Prag.,
1078 3653 1370 3718 lleinsiani,
1402 3651 1736 3708 nebulonum.
1782 3655 1890 3708 Nec
1931 3654 2148 3707 dubium

580 3723 706 3791 quin
734 3721 934 3791 nebulo,
956 3731 1013 3772 ut
1035 3722 1323 3784 nebulosus,
1341 3723 1408 3776 de
1431 3725 1640 3777 diabolo
1663 3725 1900 3790 apposite
1923 3724 2144 3775 dicatur.

653 3789 778 3863 45L
812 3791 962 3858 Egm.
991 3791 1207 3863 et_Ald..
1241 3801 1453 3863 aptant;
1483 3792 1592 3857 alii,
1626 3789 1819 3863 optant.
1845 3791 1901 3844 In
1930 3791 2062 3844 Mar.
2085 3807 2150 3845 ex

582 3860 1007 3929 ferocibusrecte
1036 3860 1229 3912 factum
1261 3860 1527 3927 ferocibus.

649 3929 782 4000 455.
811 3928 926 3982 Vat.
958 3929 997 4000 ᾼ
1029 3937 1081 3982 et
1119 3931 1292 3997 Egm.,
1323 3939 1552 3985 contento
1582 3932 1759 3998 limite,
1785 3931 1933 4000 quasi
1961 3939 2150 3984 exten-

583 4008 672 4062 to;
704 3997 785 4052 vel
811 4013 930 4052 cum
963 3998 1116 4051 lim-is
1146 4000 1260 4067 ipse
1303 4002 1371 4054 sit
1399 4011 1699 4065 contentus,
1748 3997 1990 4055 homines
2036 4001 2152 4054 lini-

584 4067 727 4121 timis
758 4067 941 4134 agellis
972 4068 1196 4121 inhiant.
1222 4070 1408 4124 Melius
1427 4072 1626 4130 caeteri.
1651 4080 1957 4137 contempto.
1985 4071 2156 4124 Hera-

582 4139 688 4190 tius
718 4137 808 4190 lib.
839 4152 898 4203 tt,
949 4147 1047 4191 sat.
1083 4137 1150 4192 6:
1180 4138 1222 4190 0
1259 4140 1302 4191 si
1325 4143 1540 4208 angulus
1575 4139 1668 4194 ille
1699 4140 1974 4192 Proximus
2005 4156 2148 4192 acce-

584 4207 694 4278 dat,
726 4208 813 4274 qui
831 4222 964 4258 nunc
997 4209 1257 4260 denormat
1285 4207 1526 4278 agellum.
1558 4209 1774 4263 Teolius
1800 4223 1984 4262 omnes
2008 4210 2147 4262 Vatt.

583 4277 780 4342 allegat
808 4290 902 4344 pro
930 4285 1239 4347 contempto,
1293 4277 1373 4331 vel
1403 4288 1459 4332 ut
1506 4279 1620 4347 ipse
1649 4279 1832 4332 scribit
1879 4289 2148 4333 contemta.

587 4347 764 4398 Facile
796 4346 965 4409 potuit
991 4363 1023 4398 η
1045 4347 1208 4400 videri
1241 4360 1359 4401 esse
1388 4366 1456 4411 m,
1484 4346 1574 4401 aut
1603 4359 1806 4402 contra.

656 4416 783 4470 455.
815 4416 925 4468 Mos
951 4414 1034 4470 hic
1060 4425 1175 4470 erat
1195 4415 1421 4471 ducendi
1443 4419 1680 4487 captivos
1707 4429 1828 4472 ante
1861 4419 2154 4488 triumpha-

585 4485 688 4544 lem
725 4497 958 4538 currum.

657 4553 785 4607 440.
818 4554 997 4622 Prag.,
1048 4556 1184 4610 male
1209 4573 1516 4610 successum.
1565 4557 1831 4612 Przcconis
1864 4559 2000 4614 inter
2048 4559 2151 4612 alia

585 4639 781 4693 munus
806 4632 923 4677 erat
947 4624 1140 4692 judicia
1173 4635 1225 4679 et
1254 4630 1542 4682 sententias
1569 4630 1862 4693 publicare.

657 4692 782 4786 ir“.-
1029 4694 1441 4786 YYii:;_Pier-.:t
1465 4692 1732 4786 ξεεουξιαξλ.
1753 4714 1931 4786 φβέιιξτ
1952 4699 2148 4786 iit-"5::
2187 4728 2232 4786 υ

587 4762 708 4834 Vat.
739 4765 802 4827 A,
839 4764 980 4828 Λίδη
1026 4767 1334 4818 examinare.
1378 4766 1564 4820 Mirum
1597 4769 1733 4834 quod
1767 4769 1848 4822 hic
1888 4783 2037 4822 error
2073 4762 2155 4821 iet

586 4833 796 4905 codices
853 4838 1207 4905 occupaverit.
1281 4836 1502 4889 Metrnm
1561 4833 1788 4905 pustulat
1846 4841 2150 4901 exanimare,

587 4902 729 4968 quod
758 4909 929 4954 exstat
958 4904 1008 4954 in
1039 4904 1175 4958 aliis.
1212 4905 1263 4956 In
1296 4906 1415 4959 Rat.
1451 4915 1533 4960 est
1563 4902 1868 4960 exanimare
1903 4924 1930 4959 a
1965 4923 2151 4961 recen-

590 4970 712 5023 tiori
740 4985 930 5032 manu;
962 4973 1154 5039 alioqui
1184 4984 1296 5026 erat
1324 4979 1634 5031 eramiuare.
1667 4979 1722 5030 lu
1753 4977 2002 5039 Alexan,
2032 4994 2153 5030 exa-

589 5042 817 5116 nimare;
846 5039 943 5116 sed
970 5041 1144 5108 glossa
1175 5044 1494 5116 inuestigare,
1523 5049 1670 5115 quasi
1705 5049 1748 5099 is
1776 5049 1862 5116 qui
1894 5048 2152 5116 glossema

590 5110 814 5173 addidit,
846 5110 1062 5179 legisset
1089 5110 1396 5168 examinare.
1431 5110 1574 5180 AIdI,
1610 5110 1806 5180 Alex"-
1832 5115 1984 5177 Urb..
2014 5116 2150 5179 Gis.,

590 5184 642 5233 in
673 5196 908 5250 corpora,
950 5191 1006 5234 ut
1044 5183 1239 5251 hymno
1280 5185 1335 5239 S.
1376 5185 1614 5238 Cassiani
1661 5200 1799 5238 vers.
1844 5185 1936 5246 47,
1984 5186 2035 5237 in
2064 5203 2155 5238 ora

595 5253 828 5320 frangere
849 5251 1077 5304 tabellas.
1110 5253 1355 5306 Heinsius
1385 5255 1511 5306 nihil
1543 5265 1726 5307 contra
1757 5271 1818 5308 ex
1848 5257 1959 5309 suis
1986 5255 2154 5308 adne~

595 5323 744 5394 tavit.
774 5321 927 5394 illan,
953 5338 1180 5394 corpore,
1211 5332 1424 5378 recente
1455 5340 1610 5377 manu
1640 5326 1689 5377 in
1725 5341 1952 5393 corpore.
1983 5325 2157 5394 Prag.,

594 5390 989 5460 llat..,7Wcitz.,
1017 5392 1070 5442 in
1101 5408 1328 5460 corpore.

665 5458 789 5511 446.
814 5459 1026 5531 Classe
1061 5458 1195 5512 adde
1229 5477 1293 5514 ex
1323 5461 1522 5516 Isidoro
1552 5464 1641 5517 lib.
1665 5480 1752 5527 xv,
1792 5479 1908 5528 cap.
1943 5464 1996 5526 6',
2027 5467 2162 5531 qu'od

595 5529 859 5592 ergastula
887 5529 1042 5582 etiam
1072 5539 1214 5595 sunt,
1233 5532 1320 5584 ubi
1344 5532 1660 5601 deputantur
1693 5535 1836 5588 noxii
1865 5535 1930 5588 ad
1951 5529 2162 5602 aliquod

596 5611 752 5662 υνυς.

678 5669 798 5719 ό-Π.
830 5668 1237 5736 Chazuil'ardus,
1271 5673 1422 5725 t'irtus
1457 5691 1550 5727 non
1575 5675 1826 5729 intrllccta
1859 5675 2041 5742 accipit
2071 5691 2164 5744 pro

2256 3438 2494 3511 pretatur
2534 3438 2760 3500 de'vera
2803 3445 3027 3507 virtute,
3075 3438 3191 3510 quia
3240 3441 3609 3511 ignorantiam
3645 3438 3725 3490 sui
3773 3445 3824 3489 et

2255 3507 2615 3583 contemptum
2646 3515 2877 3568 vindicat
2915 3507 3175 3583 famulatu
3221 3525 3517 3583 prunarum.
3570 3507 3824 3583 Fortasse

2254 3586 2445 3638 melius
2473 3576 2632 3639 uirtus
2659 3601 2759 3637 non
2779 3582 3035 3636 intellecta
3063 3576 3270 3634 dicetur
3295 3593 3414 3633 esse
3445 3581 3523 3631 vis
3578 3576 3820 3643 quaedam

2253 3655 2468 3726 occulta
2486 3667 2538 3726 et
2569 3669 2672 3708 non
2700 3653 3061 3726 intellectaah
3087 3652 3216 3726 ipsis
3243 3651 3330 3716 qui
3362 3649 3529 3726 pmnis
3555 3657 3680 3726 sunt
3702 3645 3822 3726 sub-

2249 3723 2397 3791 jecti.
2449 3724 2539 3778 Sic
2577 3739 2735 3790 supra
2775 3737 2915 3777 vers.
2958 3723 3060 3776 4⁸56
3086 3715 3245 3775 {Nec
3285 3735 3338 3771 se
3366 3716 3643 3770 barbaricis
3675 3715 3820 3765 addi-

2255 3802 2389 3844 ctum
2416 3795 2565 3846 sentit
2588 3794 2814 3846 habenis.

2323 3862 2448 3917 448.
2478 3864 2678 3917 Widm.
2707 3876 2886 3930 supra,
2917 3869 3113 3923 nostra,
3142 3859 3326 3930 minus
3346 3858 3495 3930 bene.
3523 3854 3705 3930 Pergit
3726 3854 3819 3930 (le-

2255 3931 2487 3987 clamare
2509 3934 2562 3987 in
2593 3935 2739 3998 vitia,
2774 3924 2892 3998 que
2934 3930 3111 3996 specie
3150 3929 3360 3980 virtutis
3396 3925 3602 3998 fallunt,
3645 3924 3818 3998 horni-

2255 4017 2456 4068 nesque
2484 3994 2733 4070 captivos
2765 3994 2816 4070 in
2861 3994 3170 4070 servitutem
3213 3998 3476 4063 redigunt.
3533 3994 3608 4047 De
3644 3994 3821 4062 hujus-

2256 4064 2396 4124 Inod'i
2431 4064 2568 4125 vitiis
2596 4069 2866 4126 Juvenalis
2893 4077 3072 4132 satyra
3109 4064 3196 4117 14.

2326 4141 2450 4195 450.
2494 4142 2751 4195 Jeremias
2789 4153 2906 4206 cap.
2939 4139 3198 4197 l'l‘hren.,
3250 4150 3391 4187 vers.
3431 4134 3454 4185 l
3501 4150 3514 4185 :
3559 4132 3822 4206 Quomodo

2255 4211 2387 4262 sedet
2409 4212 2519 4264 so'a
2544 4213 2733 4273 civitas,
2762 4203 2915 4276 plena
2943 4207 3130 4277 popula
3167 4221 3184 4256 :
3213 4206 3348 4273 facta
3379 4213 3451 4257 est
3495 4203 3645 4272 quasi
3675 4204 3824 4254 ridae

2256 4280 2462 4350 domina
2483 4282 2722 4350 gentium.

2325 4348 2452 4405 452.
2483 4341 2571 4405 Ἐκ
2610 4349 2817 4404 diversa
2853 4347 3119 4403 scribendi
3159 4344 3368 4399 ratione
3407 4344 3564 4413 Prag.
3595 4353 3649 4396 et
3678 4341 3822 4402 ΒΜ..

2255 4421 2394 4480 aud;
2423 4419 2573 4488 Egm.
2606 4427 2660 4474 et
2686 4419 2803 4473 Vat.
2832 4419 2899 4484 A,
2931 4419 3069 4470 haud
3099 4431 3195 4485 pro
3225 4424 3335 4467 aut.
3449 4484 3460 4490 _
3753 4480 3765 4490 .

2325 4484 2665 4558 455.'Prag.,
2699 4505 2842 4558 quos,
2882 4499 2933 4543 et
2975 4484 3130 4541 versu
3170 4500 3282 4558 seq.
3321 4484 3573 4554 captivos,
3623 4484 3822 4534 nauita

2256 4559 2392 4613 bene
2421 4574 2483 4614 ac
2511 4555 2720 4627 quds’et
2745 4560 2989 4622 captivas,
3021 4572 3097 4611 sc.
3122 4555 3346 4609 animas.

2327 4630 2452 4684 455.
2485 4631 2603 4682 Vat.
2636 4631 2677 4683 A
2711 4629 2892 4683 scribit
2926 4628 3239 4680 disuescuut.

2329 4701 2454 4754 450'.
2488 4699 2634 4764 Bat.,
2665 4715 2728 4752 ex
2766 4699 2971 4768 patriis.
3011 4696 3192 4764 Prag.,
3220 4694 3377 4768 exuti,
3407 4699 3475 4768 _ut
3499 4703 3662 4756 supra
3692 4702 3822 4768 .quos

2260 4771 2505 4835 captivos.
2539 4761 2663 4824 llrec
2687 4761 2865 4824 omnia
2890 4767 3056 4821 videri
3079 4761 3299 4834 possunt
3325 4766 3375 4816 in
3405 4761 3824 4815 Lamentatiuni-

2259 4837 2358 4891 bus
2386 4839 2649 4893 Jeremia-.

2331 4908 2454 4961 458.
2510 4909 2714 4976 Captivi
2744 4907 3016 4970 lsraelitar,
3047 4916 3101 4958 et
3127 4904 3210 4973 qui
3234 4903 3298 4956 ad
3324 4902 3609 4970 {Egyptum
3645 4897 3826 4976 enniu-

2259 4988 2467 5045 gerant,
2501 4980 2566 5031 ad
2589 4970 2862 5032 'idelorum
2889 4978 3084 5030 cultum
3117 4970 3468 5037 secesserant,
3509 4986 3648 5040 quos
3680 4970 3827 5024 Jere-

2261 5051 2398 5100 mias
2423 5049 2744 5112 objurgavit.

2334 5118 2458 5170 459.
2492 5111 2660 5171 Palat.
2685 5158 2700 5178 ,
2728 5117 2926 5171 Widm.
2954 5159 2966 5180 ,
2999 5117 3148 5183 Egm.
3193 5127 3288 5180 pro
3329 5112 3539 5166 diversa
3580 5111 3828 5183 lecticae.

2266 5186 2482 5249 Weitz.,
2513 5187 2632 5239 Vat.
2660 5187 2703 5240 A
2724 5229 2736 5250 ,
2770 5182 3298 5257 petulantiapectora.
3337 5182 3608 5257 lleinsiaui
3629 5219 3644 5239 ,
3692 5190 3831 5249 peta-

2270 5257 2396 5308 lanti
2417 5274 2442 5307 e
2470 5266 2686 5321 pectore,
2719 5253 2839 5311 cum
2865 5257 2984 5309 Ald.
3017 5253 3231 5308 et'aliis.
3257 5253 3384 5305 Mar.
3410 5267 3438 5304 a
3470 5253 3634 5318 prima
3653 5264 3831 5308 manu,

2273 5327 2413 5386 κτα..
2449 5327 2631 5390 Prag.,
2663 5325 2910 5392 petulanti
2933 5333 3149 5392 pectore.
3185 5323 3238 5375 in
3274 5323 3477 5375 Mariet.
3507 5323 3683 5374 aliena
3722 5332 3838 5392 rna-

2271 5411 2338 5448 nu
2388 5414 2418 5448 η
2457 5387 2626 5450 νοιῖ
2651 5387 2866 5463 pectore.
2910 5387 2966 5448 Ξ.
3002 5395 3250 5447 Paulinus
3285 5394 3418 5466 psai.
3451 5407 3640 5466 essuri
3666 5407 3677 5440 :
3708 5387 3837 5466 Cum

2272 5468 2488 5535 patrium
2516 5459 2724 5517 memori
2753 5465 3061 5535 traheremus
3105 5472 3306 5535 periei-5
3342 5461 3490 5515 Sion.
3539 5459 3635 5513 Ubi
3677 5459 3836 5509 etiam

2275 5531 2578 5602 producitur
2611 5538 2776 5599 prima
2811 5534 3009 5586 vocalis
3035 5574 3047 5594 ,
3077 5547 3235 5596 quam
3270 5531 3588 5602 Fortunat_us_
3626 5540 3839 5602 qiteque

2271 5595 2543 5672 produxit.
2582 5595 2711 5658 Vide
2757 5605 2857 5656 alia
2900 5595 3142 5669 exelnpla
3190 5603 3240 5654 in
3284 5597 3726 5673 iritlit‘e_Fa_b_ricii
3773 5595 3838 5673 ad

2273 5667 2456 5743 poetas
2477 5676 2826 5731 Chiisdanos.
2861 5674 2961 5726 Ahi
2988 5667 3283 5740 corripiunt
3312 5671 3450 5740 quod
3478 5671 3531 5724 in
3565 5667 3647 5722 his
3671 5667 3836 5721 ιιοιιιί-³
