4090 6192
326 250 431 308 ίειδ

1513 454 1780 524 [frangunt

460 550 691 616 Organa,
736 553 791 599 et
831 544 1036 598 externi
1070 545 1284 615 laudant
1313 547 1646 600 anathemata
1678 548 1844 615 regni.

462 639 643 691 Nonne
688 635 784 689 fuit
815 636 1038 702 melius,
1073 650 1269 687 savum
1313 635 1671 704 Memphitidis
1713 636 1849 689 aulas

462 727 619 796 536
668 724 955 793 Imperium
984 724 1243 778 tolerasse
1281 735 1494 792 patres,
1534 724 1847 792 penitusque

1530 814 1779 883 [sinistris

461 909 734 966 Assedisse
756 907 928 962 focis?
957 908 1160 976 positos
1183 905 1474 959 Pharaonis
1499 906 1664 973 iniqui

467 1007 576 1060 Sub
604 1007 826 1074 pedibus
846 1046 860 1070 ,
887 1007 1014 1060 limo
1036 1045 1049 1069 ,
1093 1014 1145 1059 et
1171 1005 1340 1072 paleis
1365 1001 1569 1056 servire
1598 1011 1810 1069 paratos
1832 1042 1846 1065 ,

457 1095 641 1148 Carnis
664 1105 719 1149 et
747 1095 1042 1147 immodicae
1067 1107 1261 1161 Spurco
1291 1092 1584 1145 ructamine
1613 1092 1850 1146 crudos?

458 1185 572 1248 Quo
601 1195 802 1238 tantum
835 1185 1017 1238 auxilii
1051 1201 1144 1251 per
1173 1184 1481 1252 prodigialia
1505 1185 1653 1252 signa

460 1275 652 1330 Effudit
679 1277 961 1340 Dominus,
996 1276 1242 1345 populum
1272 1274 1395 1328 dum
1429 1275 1558 1329 forte
1589 1273 1845 1328 rebellem

460 1366 643 1419 Servat
664 1382 765 1434 ope
790 1367 1076 1430 immerita,
1113 1366 1298 1420 vinclis
1322 1367 1445 1419 dum
1479 1364 1686 1419 subdita
1713 1364 1847 1418 colla

461 1455 659 1515 Solvit,
695 1467 750 1509 et
790 1454 1079 1524 {Egyptum
1126 1458 1271 1523 virga
1311 1465 1560 1524 serpente
1596 1458 1849 1510 coercet?

460 1546 586 1612 Quid
611 1545 759 1613 juvat
789 1560 1117 1614 aequoreum,
1142 1546 1324 1615 pelago
1354 1548 1594 1611 cedente,
1629 1547 1848 1614 profun-

1632 1638 1776 1708 [dum

464 1729 717 1783 Pulverea
746 1727 978 1782 calcasse
1004 1729 1085 1782 via
1112 1746 1122 1781 :
1155 1743 1275 1782 cum
1297 1729 1509 1784 conscia
1537 1732 1682 1797 ponti

461 1819 592 1875 Saxa
615 1819 714 1872 sub
743 1817 922 1888 ignoto
943 1827 1228 1886 patuerunt
1257 1819 1461 1888 prodita
1483 1819 1640 1882 caelo,

267 969 270 973 ’
316 1005 404 1061 us

310 1456 402 1510 470

1623 248 2153 307 HAMARTIGENIA.

323 367 405 420 460
461 362 572 418 lam
624 358 809 429 patria:
861 359 1168 415 meminisse
1218 361 1357 429 piget
1401 378 1414 414 :
1472 361 1578 429 jam
1627 365 1844 433 mystica
1875 368 1922 424 Α

3388 255 3520 312 ιοω

2124 365 2277 421 Aruit
2306 373 2360 419 et
2388 365 2562 418 medio
2587 363 2776 418 sitiens
2805 363 2856 418 in
2881 362 3089 433 gurgite
3113 363 3312 418 limus?

1951 457 2054 511 475
2131 457 2186 512 Si
2211 456 2378 509 victor
2405 456 2599 509 virtute
2631 456 2743 519 Dei,
2774 455 3084 523 mediasque
3107 456 3357 509 tenebras

2129 549 2272 604 Luce
2299 549 2592 602 columnari
2620 549 2870 603 scindens
2900 549 3166 604 exercitus
3188 550 3336 613 olim,

2129 641 2366 694 Perdidit
2424 641 2619 693 inventi
2667 640 2857 694 vallem
2919 641 3197 710 Botryonis
3245 641 3517 708 opimam?

2129 729 2285 799 537
2317 729 2374 784 Si
2403 729 2572 784 nescit
2601 743 2815 784 versare
2855 729 3025 785 solum
3048 772 3062 796 ,
3097 732 3181 785 cui
3227 731 3387 784 melle
3427 746 3518 800 pc-

3273 821 3448 890 [renni

2125 911 2289 966 Gleba
2334 913 2502 967 fluens
2547 912 2736 966 niveos
2786 913 3070 980 permiscet
3118 912 3284 966 lactea
3328 914 3470 966 rivos

1948 1001 2062 1054 480
2126 1003 2180 1055 Si
2209 1003 2462 1058 domitam
2493 1002 2747 1058 Ierichon
2780 1003 2954 1066 lituis,
2983 1014 3142 1070 atque
3181 1017 3288 1056 mre
3319 1017 3516 1055 cancro

2128 1092 2334 1148 Rursus
2360 1094 2410 1146 in
2435 1095 2680 1161 antiquos
2712 1091 2905 1160 patitur
2940 1105 3263 1160 consurgere
3290 1106 3470 1146 muros

2124 1179 2178 1233 Si
2211 1181 2341 1247 ripis
2371 1181 2520 1236 reflui
2554 1181 2800 1236 Jordanis
2828 1181 3042 1247 pellitur
3063 1221 3077 1246 ,
3107 1181 3286 1248 etiam

2129 1268 2334 1324 Deserit
2378 1272 2664 1339 ascriptum
2702 1271 2943 1324 dimensa
2975 1271 3028 1324 in
3060 1269 3244 1339 jugera
3275 1272 3518 1324 sortem?

2111 1361 2349 1430 Denique
2389 1363 2434 1417 si
2481 1370 2736 1416 structam
2778 1361 2939 1415 tantis
2981 1361 3265 1415 sudoribus
3304 1362 3512 1424 urbem,

1947 1458 2054 1516 483
2131 1459 2196 1512 Et
2231 1470 2351 1525 qua:
2379 1453 2669 1523 nubigenas
2696 1451 3082 1506 transcendunt
3111 1452 3342 1506 culmina
3381 1452 3516 1505 nim-

3309 1540 3448 1607 [bos,

2132 1639 2421 1703 Defensare
2447 1633 2662 1703 nequit;
2693 1632 2734 1685 si
2765 1631 2964 1695 nescit,
2995 1630 3114 1700 quis
3154 1630 3289 1697 lapis
3324 1629 3411 1682 ille
3436 1636 3519 1682 est

2131 1729 2380 1784 Hostibus
2409 1726 2696 1790 obsistens,
2725 1733 2783 1778 ut
2812 1722 3217 1791 inexpugnabile
3248 1722 3407 1775 turris

2136 1820 2481 1876 Praesidium:
2528 1831 2682 1886 quem
2727 1830 2830 1871 non
2863 1823 3026 1869 aerato
3063 1813 3304 1868 machina
3349 1820 3520 1867 nstro

1592 1930 1874 1988 GLOSS/E
1913 1932 2243 1988 VETERES.

362 2022 474 2078 46L
519 2021 756 2090 Organa,
789 2020 965 2093 laudes
997 2019 1536 2093 Dei.-—Anathemata
1560 2066 1574 2092 ,
1605 2025 1849 2093 perditio-

301 2109 396 2149 nes.
425 2089 767 2153 alienationes,
798 2089 838 2142 l.
865 2091 1230 2153 Alienationes,
1256 2091 1374 2146 Vat.
1399 2093 1461 2146 Τ.

362 2161 475 2216 Hi2.
512 2159 887 2229 Memphitidis,
913 2160 1256 2229 Egyptiacw,
1291 2161 1331 2214 l.

366 2231 484 2287 465.
514 2232 814 2292 Tolerasse,
843 2229 1312 2298 pati.—Sinistris,
1339 2231 1626 2300 contrariis,
1650 2232 1692 2288 l.

322 2301 471 2423 1.46:.
521 2299 840 2365 Pharaonis,
892 2301 976 2369 qui
1024 2300 1378 2354 nominabatur
1421 2299 1639 2369 Cenclis,
1687 2303 1851 2358 Clien-

342 2389 398 2423 ts.
449 2412 461 2423 .

294 2371 398 2430 clis.
427 2372 461 2424 Ι.

359 2442 472 2496 465.
513 2442 624 2498 Sub
649 2439 890 2509 pedibus,
917 2435 1279 2504 dominatione,
1305 2450 1568 2508 potestate,
1602 2443 1639 2496 Ι.

356 2509 471 2566 465.
505 2510 802 2566 Immodicas
824 2549 839 2573 ,
877 2525 1102 2580 magna),
1139 2510 1191 2562 in
1225 2511 1571 2579 multitudine.
1604 2511 1809 2580 Spurco
1835 2555 1847 2575 ,

293 2581 538 2700 gumunda
557 2579 1204 2705 Ieructatione.---C.rudos,
1236 2591 1513 2647 saturatos,
1544 2579 1735 2651 plenos,
1767 2584 1849 2636 in-

328 2662 523 2705 raestos.
581 2691 595 2705 .

328 2662 494 2718 rgestos
509 2693 523 2711 .
559 2662 595 2705 Ι.

357 2721 474 2773 467.
506 2723 641 2788 Quo,
672 2737 761 2774 cur
784 2721 906 2778 illic.
933 2719 974 2771 l.

358 2789 475 2845 468.
501 2792 793 2854 liebellern,
827 2791 1103 2857 inﬁdelem,
1135 2789 1173 2844 Ι.

355 2861 474 2914 469.
520 2862 653 2928 0pc,
683 2859 900 2922 auxilio,
935 2859 974 2912 Ι.

356 2927 474 2984 470.
525 2927 696 3000 Virga,
725 2931 845 3000 quia
875 2932 1016 3000 virga
1048 2937 1241 2982 mutata
1273 2939 1347 2983 est
1377 2930 1428 2984 in
1458 2940 1844 3000 serpentem.—

1955 2026 2234 2093 Serprnte,
2264 2024 2503 2077 existente
2523 2065 2536 2086 ,
2564 2021 2602 2073 l.

2023 2090 2147 2150 472.
2181 2095 2446 2154 Caleasse.
2478 2090 2758 2154 ambulare,
2791 2090 2829 2143 Ι.

2025 2168 2149 2220 475.
2183 2163 2418 2224 Prodita,
2451 2171 2668 2226 ostensa,
2714 2161 2754 2213 Ι.

2023 2238 2147 2290 477.
2177 2232 2441 2296 Perdidit,
2480 2248 2572 2298 pro
2599 2226 3157 2300 perdit.""B-olryonis,
3189 2235 3372 2280 terram
3404 2241 3520 2292 pro-

1958 2297 2568 2369 missionis.—0pimam,
2597 2297 2840 2368 fertilem,
2882 2297 2924 2350 l.

2027 2377 2152 2430 478.
2194 2363 2438 2433 Versare.
2487 2363 2635 2423 arare
2671 2380 2874 2427 terram,
2926 2366 3221 2428 subvertere,
3259 2364 3439 2428 colere,
3477 2363 3514 2415 1.

2028 2446 2153 2501 480.
2179 2443 2449 2506 Jerichon,
2483 2441 2729 2492 civitatem
2757 2437 2969 2501 diaboli,
2999 2444 3171 2490 sancta
3196 2435 3519 2502 pr-wdiczione

1959 2526 2267 2585 superatam,
2297 2517 2335 2570 l.

2026 2580 2150 2640 484.
2187 2587 2502 2650 Sudoribus,
2538 2585 3107 2648 laboribus—Urbem,
3137 2580 3442 2644 Jerusalem,
3476 2580 3514 2634 l.

2023 2656 2148 2710 485.
2178 2655 2440 2718 Culmina,
2462 2659 2683 2718 uirtutes,
2705 2658 2977 2722 drsirleria,
3002 2658 3042 2709 l.

2024 2725 2151 2781 486.
2181 2727 2338 2795 Lapis
2358 2768 2372 2790 ,
2414 2729 2646 2781 Christus
2685 2737 2800 2798 est;
2830 2727 2924 2798 qui
2954 2743 3128 2798 murus
3149 2768 3176 2798 ,γ
3195 2738 3242 2781 et
3287 2728 3416 2798 lupis
3451 2735 3519 2780 est

1957 2798 2399 2864 inexstinguibilis,
2428 2807 2474 2850 et
2505 2797 2800 2864 prresidium
2823 2797 3139 2866 inde/ﬁciens,
3160 2797 3198 2848 1.

2023 2867 2146 2922 4δ8.
2185 2867 2292 2931 Vis,
2324 2868 2548 2920 immissa
2576 2882 2686 2918 cum
2713 2866 3028 2934 fortitudine,
3063 2867 3100 2919 l.

1639 3023 2184 3080 COMMENTARIUS.

289 3114 442 3168 nibus
475 3113 586 3168 ﬁeri
617 3128 793 3183 posse,
831 3115 1010 3167 monui
1035 3115 1087 3168 in
1121 3114 1321 3180 prolcg.
1346 3115 1386 3167 E
1407 3114 1604 3168 iudicis
1635 3117 1846 3183 Captivi-
1877 3115 1922 3176 C
1955 3133 2055 3171 non
2094 3116 2384 3170 conceditur
2437 3117 2512 3170 uti
2537 3117 2561 3168 Ρ

290 3194 400 3237 tate
425 3184 738 3253 Babyloaica
764 3184 1015 3252 detentis,
1045 3184 1284 3238 nonnulli
1307 3195 1459 3238 erant
1487 3185 1574 3252 qui
1605 3186 1852 3239 recorda-

286 3253 618 3324 renturSion
649 3263 704 3308 et
732 3254 994 3308 idolorum
1027 3256 1222 3324 cultum
1253 3253 1563 3324 horrerent,
1599 3266 1655 3308 ut
1690 3257 1853 3324 liquet

284 3338 350 3376 ex
375 3323 578 3389 psalmo
599 3326 690 3377 cit.
720 3341 732 3376 :
754 3324 922 3392 Super
939 3324 1151 3391 ﬂumina
1174 3322 1446 3392 Babylonis
1472 3324 1580 3376 illic
1608 3322 1848 3392 sedimus,

283 3402 333 3445 et
364 3393 617 3462 ﬂeuimus,
649 3409 762 3445 cum
790 3395 1166 3462 recordaremur
1191 3393 1340 3446 Sion.
1379 3394 1693 3447 Prudentius
1734 3395 1853 3450 illos

283 3476 412 3514 cum
435 3462 662 3515 Jeremia
688 3461 1044 3530 reprehendit,
1062 3463 1151 3531 qui
1175 3462 1414 3532 gentium
1443 3478 1618 3518 mores
1642 3473 1693 3518 et
1720 3465 1854 3519 ritus

282 3533 506 3584 luerunt
529 3532 715 3585 secuti.

355 3600 483 3654 460.
516 3601 666 3674 Apud
695 3600 1004 3674 Weitzium,
1037 3602 1235 3674 Widm.
1257 3645 1271 3669 ,
1308 3619 1427 3656 nam
1463 3617 1560 3672 pro
1581 3607 1714 3674 jam.
1749 3603 1854 3659 Sed

282 3684 398 3723 non
438 3670 669 3737 explicat
715 3670 970 3724 Weitzius
1026 3673 1164 3725 sitne
1208 3688 1326 3725 nam
1372 3670 1595 3740 patriae,
1626 3689 1691 3726 an
1738 3691 1855 3727 nam

282 3740 527 3810 mystica,
559 3753 624 3792 an
654 3747 937 3807 utrumque
970 3757 982 3810 ς
1018 3756 1137 3793 nam
1168 3741 1250 3795 bis
1277 3745 1534 3809 repetitur
1553 3745 1684 3810 jam.
1719 3744 1856 3796 Cha-

282 3808 573 3880 millardus
616 3810 921 3880 opinionem
964 3809 1174 3864 Pinedte
1212 3811 1305 3865 lib.
1339 3808 1409 3863 vn
1447 3811 1514 3865 de
1549 3808 1853 3880 Salomone,

281 3891 406 3949 gap.
463 3876 548 3943 10,
578 3877 743 3932 refert
769 3878 982 3932 Judazos
1012 3880 1246 3934 citharas
1275 3895 1400 3934 suas
1426 3882 1743 3949 appendisse
1772 3876 1858 3936 sa-

284 3947 660 4019 licibus,qua:
701 3958 854 4002 erant
881 3957 1004 4002 ante
1050 3949 1336 4019 BeliJovis
1363 3947 1617 4015 templum
1656 3950 1708 4003 in
1744 3952 1857 4019 ipsa

276 4017 425 4074 urbe
451 4017 716 4085 Babylone
735 4058 750 4082 ,
776 4033 840 4072 ex
865 4017 1298 4086 interpretatione
1324 4019 1511 4085 psalmi
1535 4034 1726 4073 cxxxvr
1748 4017 1775 4074 ξ
1791 4019 1856 4074 In

277 4087 535 4158 salicibus
562 4089 613 4139 in
642 4087 804 4140 medio
834 4089 1318 4158 ejussuspendimus
1348 4103 1538 4158 organa
1565 4098 1737 4142 nostra
1756 4131 1770 4150 .
1805 4099 1858 4145 et

278 4156 340 4210 in
369 4156 563 4210 eadem
609 4157 858 4224 opinione
886 4157 1048 4210 fuisse
1082 4156 1420 4210 Prudentium
1450 4157 1696 4214 affirmat.
1728 4161 1857 4215 Milli

278 4225 337 4280 id
366 4240 482 4296 non,
500 4225 664 4293 liquet
687 4245 700 4278 :
726 4241 848 4296 nam
865 4226 1184 4280 Prudentius
1202 4227 1414 4280 Jndmos
1434 4227 1550 4280 illos
1572 4230 1858 4296 reprehen-

275 4297 365 4349 dit
394 4295 486 4362 qui
520 4310 714 4363 organa
743 4295 1025 4364 fregerant,
1068 4311 1172 4351 non
1200 4297 1288 4364 qui
1313 4295 1718 4364 suspendera’nt.
1755 4298 1858 4353 Ne-

273 4379 395 4433 que
420 4365 724 4431 opinionem
746 4365 958 4420 Pinedze
979 4368 1234 4434 approbat
1251 4366 1495 4432 Lorinus,
1519 4369 1609 4434 qui
1625 4367 1739 4423 fuse
1759 4369 1858 4424 do-

274 4445 488 4499 cteque
518 4434 614 4503 hac
635 4435 702 4488 dc
725 4450 782 4488 re
804 4435 866 4488 ad
895 4450 1013 4488 eum
1045 4437 1301 4503 psalmum
1333 4435 1584 4502 disputat.

351 4503 489 4558 461.
534 4502 590 4575 In
626 4503 742 4557 Vat.
779 4505 827 4558 Α
863 4502 1189 4575 desideratur
1222 4517 1268 4558 et
1298 4516 1419 4575 post
1461 4522 1670 4573 organa.
1715 4509 1856 4561 Ana-

269 4576 519 4627 themata
547 4574 632 4628 hic
672 4582 794 4627 sunt
843 4572 1122 4640 sacriticia,
1164 4572 1340 4628 mores
1369 4585 1422 4628 et
1455 4572 1587 4630 ritus
1629 4579 1858 4643 profani.

266 4646 579 4698 Anathema
609 4658 705 4711 pro
739 4643 954 4697 homine
981 4644 1295 4713 exsecrabili
1329 4659 1430 4697 vox
1467 4647 1821 4702 ecclesiastica
1843 4690 1858 4713 ,

265 4724 335 4766 ut
388 4713 830 4766 anathematizare
873 4712 1008 4780 apud
1061 4713 1117 4766 S.
1182 4713 1560 4782 Hieronymum
1611 4726 1663 4768 et
1706 4712 1858 4771 alios.

266 4783 319 4835 Τ
324 4784 513 4835 eolius
545 4792 724 4836 monet
763 4786 1117 4853 anathemata,
1165 4784 1321 4853 priori
1357 4795 1584 4852 porrecta
1604 4825 1618 4847 ,
1656 4797 1708 4838 ut
1741 4788 1821 4840 hic
1844 4831 1860 4853 ,

264 4865 412 4905 esse
446 4853 666 4905 dunaria
709 4851 910 4905 numini
931 4852 1124 4905 dicata.
1157 4852 1407 4905 Fortasse
1436 4853 1675 4908 scribere
1699 4851 1862 4910 voluit

2028 3187 2152 3240 472.
2185 3187 2451 3241 Cauchius
2487 3202 2550 3240 ex
2588 3184 2785 3251 scripto
2818 3195 2915 3237 suo
2956 3182 3185 3237 malebat
3221 3199 3475 3250 purpurea
3503 3222 3516 3241 .

1953 3257 2077 3326 quia
2120 3271 2300 3312 sermo
2330 3268 2413 3312 est
2448 3257 2514 3310 de
2560 3255 2691 3308 mari
2730 3253 2931 3326 Hubro.
2976 3253 3081 3326 Sed
3117 3253 3390 3326 venustius
3438 3260 3518 3304 est

1958 3322 2192 3398 pulverea
2236 3342 2354 3380 cum
2399 3324 2893 3398 reliquisscriptis,
2934 3323 3082 3388 quasi
3118 3322 3370 3398 Israelita:
3415 3335 3518 3398 non

1958 3393 2130 3450 solum
2168 3398 2310 3452 sicco
2363 3397 2497 3463 pede
2542 3395 2848 3460 trajecerint
2887 3407 3052 3455 mare,
3095 3393 3186 3463 sed
3235 3393 3392 3444 etiam
3436 3393 3518 3443 via

1958 3481 2106 3520 mare
2138 3482 2230 3535 per
2255 3462 2485 3520 medium
2515 3463 2684 3535 fuerit
2701 3463 3083 3535 pulverulenta.
3115 3462 3204 3514 Sic
3232 3475 3356 3535 mox
3387 3463 3520 3535 aruit

1957 3532 2150 3589 limusI
2174 3537 2424 3590 Paulinus
2457 3537 2614 3588 etiam
2643 3533 2762 3586 Nat.
2794 3533 2827 3587 9
2865 3533 2998 3585 dixit
3026 3543 3194 3583 arente
3225 3532 3481 3600 profundo
3504 3569 3519 3593 ,

1957 3616 2011 3661 et
2038 3606 2390 3674 pulverulenta
2418 3605 2628 3673 vestigia
2659 3603 2730 3674 de
2752 3602 2977 3674 transitu
3004 3601 3270 3674 .lordanis.

2026 3669 2148 3728 474.
2179 3675 2371 3730 Weitz.
2406 3683 2460 3727 et
2487 3669 2622 3736 Gis.,
2653 3673 2743 3725 sub
2764 3673 2978 3740 gurgite.
3014 3671 3303 3735 lleinsiani,
3333 3669 3442 3722 Pal.
3471 3677 3524 3722 et

1959 3745 2128 3798 nostri
2157 3745 2338 3808 codd.,
2366 3746 2417 3797 in
2448 3744 2662 3814 gurgite.

2027 3815 2152 3867 475.
2187 3815 2302 3866 Vat.
2333 3818 2372 3865 A
2400 3811 2645 3880 etEg'rn.,
2678 3812 2750 3864 sic
2775 3811 3138 3880 victor,male.

2028 3883 2152 3936 477.
2202 3882 2453 3935 Martialis
2478 3879 2569 3932 lib.
2599 3897 2649 3932 xi
2669 3920 2681 3942 ,
2715 3882 2885 3946 ep7gr.
2911 3879 3013 3932 58:
3050 3879 3160 3931 Nec
3184 3879 3392 3944 dignam
3421 3887 3524 3931 toto

1961 3961 2008 4005 te
2038 3953 2278 4019 botryone
2307 3959 2470 4018 putat.
2510 3949 2610 4002 Alii
2653 3949 2736 4000 hic
2765 3948 3064 4019 intelligunt
3102 3961 3367 4000 racemum
3407 3963 3524 4019 uva:

1959 4017 2280 4082 condititiae,
2306 4017 2391 4072 alii
2424 4033 2520 4071 ova
2552 4019 2847 4085 sepiarum,
2882 4019 2996 4071 sive
3027 4018 3288 4084 liquamen
3322 4032 3383 4068 cx
3410 4017 3527 4068 ovis

1960 4091 2204 4160 piscium.
2235 4089 2501 4160 Palladius
2527 4100 2673 4160 certe
2703 4102 2798 4160 pro
2830 4101 2950 4160 uvm
2975 4101 3190 4160 racenio
3221 4086 3394 4152 posuit
3434 4087 3526 4160 bo-

1963 4157 2207 4230 iryonem.
2242 4158 2559 4230 Prudentius
2609 4157 2839 4230 Loquitur
2879 4157 2945 4230 de
2975 4157 3144 4210 botris
3179 4171 3285 4230 seu
3300 4159 3528 4208 racemis

1963 4225 2118 4283 terra:
2166 4229 2560 4300 promissionis.
2609 4226 2841 4281 Consule
2894 4225 3049 4281 Num.
3095 4240 3211 4292 xnt,
3263 4225 3425 4279 Josue
3477 4241 3526 4276 vr

1961 4307 2016 4355 et
2032 4313 2310 4424 iiii'm.
2334 4367 2520 4424 scribit
2543 4366 2768 4431 Hierico,
2791 4364 2880 4420 alii
2899 4364 3162 4433 Hiericon,
3191 4373 3281 4419 aut
3299 4363 3527 4430 Jericon,

1882 4451 1936 4513 D
1960 4446 2057 4513 aut
2076 4439 2336 4513 Jgriclron.

2031 4509 2156 4590 48.2.
2212 4508 2358 4575 Ald.,
2401 4507 2560 4572 rivis;
2608 4506 2699 4561 alii
2745 4507 2888 4576 ripis.
2938 4505 3054 4560 Vat.
3109 4505 3175 4571 Α,
3222 4505 3396 4574 refluis
3434 4517 3530 4570 pro

1959 4582 2159 4703 "litigii.
2189 4647 2311 4701 Ald.
2345 4646 2505 4701 habet
2541 4645 2673 4700 illest
2699 4660 2794 4714 pro
2821 4645 2910 4699 ille
2935 4653 3026 4698 est.
3069 4642 3409 4714 Perspicuum
3450 4652 3531 4714 est

1963 4718 2232 4772 Christum
2293 4718 2432 4769 hunc
2473 4731 2593 4771 esse
2644 4713 2896 4784 lapidem,
2947 4715 3014 4767 de
3065 4728 3170 4778 quo
3226 4713 3415 4784 Paulus
3463 4713 3526 4764 ad

1965 4788 2159 4855 Ephes.
2206 4803 2272 4846 ll,
2305 4787 2458 4855 207st
2499 4801 2648 4853 seqq.
2699 4785 2827 4840 Vide
2867 4786 3024 4839 etiam
3067 4783 3417 4836 Dittochmum
3451 4791 3524 4837 te-

1967 4854 2224 4911 trasticho
2248 4856 2339 4923 5i,
2371 4854 2540 4909 Pinna
2567 4855 2760 4920 templi.

260 4923 445 4973 tertia
471 4931 724 4990 porrecta.
755 4921 954 4989 Conjici
986 4930 1167 4991 posset
1199 4922 1525 4977 anademata.
1566 4923 1721 4978 Lucr.
1765 4925 1858 4978 lib.

259 5006 350 5055 Iv,
380 4990 695 5043 anademata
726 4993 906 5044 mitrw.

157 5104 165 5120 τ
345 5061 510 5132 462._
527 5060 913 5132 Longissimum
950 5070 1092 5116 esset
1120 5077 1180 5116 ea
1213 5062 1393 5116 omnia
1421 5062 1658 5131 proferre
1685 5079 1803 5132 qua:
1832 5081 1862 5119 e

253 5130 462 5183 sacris
492 5130 709 5183 Litteris
733 5130 1111 5185 Poetaindicat
1138 5142 1228 5185 aut
1250 5130 1433 5188 refert.
1463 5133 1592 5198 Quae
1619 5130 1722 5189 hoc
1747 5135 1864 5190 loco

251 5199 537 5273 attingit,
559 5199 738 5273 videri
772 5210 990 5273 possunt
1017 5202 1186 5273 Exod.
1216 5217 1338 5270 cap.
1370 5219 1406 5266 ι,
1431 5205 1464 5256 5
1494 5212 1548 5257 et
1571 5218 1722 5273 seqq.

339 5267 490 5322 466.
543 5270 631 5322 Ait
670 5267 820 5336 poeta
861 5269 1124 5325 lsraelitas
1170 5267 1332 5325 carne
1379 5267 1767 5329 immodica'se
1812 5275 1862 5328 in

242 5335 530 5408 {Egypto
560 5335 831 5403 refecisse,
861 5344 980 5408 quia
1017 5342 1118 5408 ipsi
1159 5342 1324 5395 Exod.
1360 5358 1465 5406 xvr,
1491 5343 1543 5404 5,
1575 5343 1856 5398 dixerunt:

244 5406 308 5480 ιζ
312 5409 510 5480 {inani
536 5409 723 5460 mortui
744 5406 972 5480 esset—nus
1001 5406 1090 5480 per
1128 5428 1335 5464 manum
1379 5411 1584 5464 Domini
1627 5414 1677 5466 in
1727 5423 1861 5466 terra

233 5475 542 5549 Aligypti,
579 5479 782 5544 quando
819 5475 1109 5534 sedebainus
1151 5498 1307 5545 super
1346 5481 1476 5536 ollas
1519 5484 1771 5549 carnium,
1815 5494 1862 5536 et

220 5545 673 5626 contegat-nimus
693 5565 884 5626 Panem
911 5549 963 5602 in
993 5553 1274 5626 saturitate.

328 5609 482 5669 467.
527 5609 771 5674 Horatius
796 5611 887 5673 lib.
919 5635 970 5680 ι,
1003 5635 1086 5686 ep.
1187 5639 1198 5674 :
1235 5622 1347 5688 Quo
1377 5621 1500 5675 mihi
1531 5621 1786 5692 fortunas,
1816 5623 1859 5678 si

2035 4927 2158 4980 487.
2197 4927 2341 4982 Sich.
2364 4935 2418 4979 et
2447 4926 2614 4993 Bong.
2647 4939 2674 4976 a
2705 4925 2872 4993 prima
2901 4938 3058 4977 manu
3082 4963 3096 4989 ,
3131 4923 3397 4992 terris'pro
3421 4932 3529 4976 tur-

1962 4996 2052 5049 ris.
2085 4996 2200 5050 Vat.
2237 4999 2302 5063 A,
2334 4995 2610 5060 mendose,-
2642 4995 3073 5065 inexpugnabilis.

2036 5067 2161 5139 488.
2212 5060 2297 5120 lta'
2341 5066 2523 5139 legunt
2562 5060 2853 5139 veterrimi'
2883 5065 2998 5127 Put.
3042 5072 3094 5139 et
3134 5062 3340 5115 'l‘huan.
3393 5060 3532 5139 apud

1967 5135 2244 5191 Heinsium
2275 5146 2329 5191 et
2369 5130 2525 5190 A'lex.
2567 5151 2596 5188 a
2637 5138 2803 5203 prima
2836 5149 3013 5187 manu.
3051 5133 3255 5203 Cretera
3293 5130 3531 5203 anmalit

1967 5206 2187 5267 addunt,
2219 5206 2490 5276 superflua
2508 5198 2712 5259 sunt—et
2739 5199 3384 5276 tautologiamredolent,
3414 5198 3531 5276 tros-

1968 5277 2097 5328 tibus
2128 5268 2386 5337 obsistens.
2411 5275 2654 5338 hosticus,
2679 5274 2851 5325 arietis
2871 5272 2940 5322 t-is
2959 5269 3138 5333 quatit,
3166 5268 3346 5338 arietat
3370 5268 3532 5338 ,Ainsi-

1971 5345 2116 5398 liena.
2147 5336 2412 5399 Giselintts
2443 5362 2456 5397 :
2500 5336 2833 5403 Prwsidium,
2867 5352 3011 5405 quem
3043 5353 3142 5388 non
3176 5337 3349 5404 fragor
3376 5336 3534 5387 [rostr-

1971 5432 2080 5478 cus,
2124 5417 2296 5466 arietis
2331 5422 2420 5466 aut
2460 5428 2606 5476 quem
2664 5409 2755 5461 Vis
2790 5409 3014 5471 impacta
3051 5408 3233 5478 quatit,
3291 5421 3388 5456 non
3416 5406 3533 5478 a'ris

1968 5474 2204 5536 mae/tina
2242 5494 2405 5535 rostro
2447 5474 2640 5532 Arietat
2697 5478 2945 5540 insiliens,
2998 5492 3088 5528 nec
3141 5476 3304 5544 ferrea
3333 5474 3533 5526 verbera

1967 5561 2210 5618 amisi-ant
2237 5567 2255 5614 ;
2294 5561 2346 5605 et
2394 5549 2458 5602 ad
2491 5564 2662 5612 oram,
2695 5563 2795 5601 non
2827 5561 2960 5618 arrea
3004 5545 3274 5618 machina.
3320 5544 3486 5618 aldus
3516 5584 3530 5606 ,

1969 5614 2299 5687 Pra’slditmt,
2344 5634 2488 5688 quem
2539 5633 2644 5671 non
2697 5619 2870 5686 fragor
2923 5616 3148 5670 hosticus
3200 5614 3392 5679 arietis,
3446 5623 3533 5666 aut
