4090 6192
547 259 681 316 1017

723 371 932 434 Arietat
959 369 1224 433 insiliens,
1254 381 1352 424 nec
1377 367 1546 422 ferrea
1566 369 1787 423 verbera
1815 371 2112 437 quassant?
2142 377 2194 434 Α

549 461 651 518 190
726 461 888 536 538
933 459 1167 528 Angulus
1203 458 1289 512 hic
1332 465 1500 527 portae
1537 458 1588 510 in
1641 459 1813 526 capite
1852 467 1972 512 est:
2027 458 2112 511 hic

1546 546 1803 616 [continet
1829 561 2041 599 omnem

709 642 972 696 Saxorum
995 635 1214 698 seriem,
1242 643 1649 703 constructaque
1684 636 1864 688 limina
1893 636 2069 688 ﬁrmat
2097 654 2109 686 :

726 734 894 799 Quem
919 728 1005 796 qui
1031 727 1130 780 rite
1159 726 1270 780 suis
1299 740 1392 793 per
1423 725 1812 793 propugnacula
1844 726 2010 778 muris

724 819 944 875 Noverit
969 817 1224 870 insertum
1245 857 1259 881 ,
1295 827 1492 882 seque,
1525 827 1586 866 ac
1617 827 1709 865 sua
1742 813 1934 865 moenia
1976 813 2116 865 vallo

727 909 1026 976 Praecingat
1082 905 1298 973 triplici,
1339 904 1480 957 celsa
1529 911 1676 956 stans
1728 902 1936 955 eminus
1970 917 2114 968 arce,

563 1000 666 1056 195
739 1000 929 1054 Fretus
960 1011 1143 1050 amore
1182 1004 1364 1063 petrzn,
1397 993 1557 1047 castis
1593 1001 1648 1047 et
1676 993 1895 1060 pervigil
1923 993 2114 1045 armis:

732 1091 849 1146 Non
879 1089 1024 1141 illum
1058 1085 1239 1153 regina
1261 1085 1408 1152 Tyri,
1438 1097 1542 1137 non
1574 1083 1751 1136 accola
1778 1083 1950 1150 magni

726 1179 1012 1247 Euphratis
1045 1175 1266 1230 Parthus
1296 1175 1498 1241 rapiet,
1534 1189 1637 1228 non
1670 1174 1885 1228 decolor
1915 1173 2074 1226 lndus
2104 1213 2118 1238 ,

737 1271 1003 1336 Tempora
1036 1266 1278 1336 pennatis
1303 1264 1581 1317 redimitus
1605 1265 1750 1332 nigra
1780 1263 2005 1332 sagittis.

729 1360 895 1427 Quin,
938 1360 983 1413 si
1034 1358 1316 1412 fulmineos
1348 1371 1543 1426 cogens
1582 1355 1647 1408 ad
1695 1355 1829 1408 bella
1881 1357 2123 1421 gigantas

557 1453 658 1509 500
729 1449 1046 1520 Allaphylus
1100 1456 1184 1502 tua
1218 1455 1390 1500 castra
1456 1447 1582 1500 velit
1622 1446 1801 1500 delere
1845 1455 2122 1515 tyrannus.

733 1541 903 1595 Tutus
928 1540 1034 1593 eris
1060 1555 1072 1590 :
1105 1552 1206 1592 nec
1231 1547 1280 1590 te
1309 1538 1456 1589 firma
1486 1536 1712 1590 statione
1739 1537 1971 1590 movebit

739 1629 858 1698 ipse
886 1628 1098 1682 Charon
1124 1626 1324 1694 mundi,
1367 1640 1561 1679 numen
1612 1626 1926 1679 Marcianis:
1973 1625 2084 1693 ipse
2107 1667 2120 1691 ,

733 1722 835 1788 Qui
865 1721 997 1790 regit
1021 1720 1164 1780 aerio
1193 1733 1355 1772 vanas
1386 1719 1485 1772 sub
1505 1717 1617 1772 sole
1643 1717 1908 1772 tenebras.

734 1814 894 1884 539
937 1813 1068 1866 Nam
1109 1825 1331 1874 vanum,
1377 1808 1627 1878 quidquid
1679 1808 1758 1862 sol
1798 1808 2026 1875 aspicit:
2058 1822 2122 1859 ex

1753 1904 2055 1974 [elementis

563 1996 668 2054 505
736 1997 936 2053 Cuncta
988 1992 1330 2061 solubilibus,
1381 1995 1625 2064 ﬂuxoque
1683 1996 1950 2048 creamine
1995 2009 2124 2047 con-

1873 2085 2056 2155 [slanL

1627 254 1903 310 AURELII
1937 253 2296 310 l'RUDENTlI
2334 251 2653 309 CARMINA.

2219 727 2321 782 510

2228 1356 2331 1411 515

3657 245 3787 302 1018

2395 367 2562 428 Fallo,
2592 373 2890 419 creaturam
2921 363 3019 418 nisi
3049 363 3235 419 doetor
3264 362 3549 432 Apostolus
3575 376 3795 418 omnem

2396 455 2702 522 Subjectam
2723 453 2874 506 vanis
2903 467 3010 506 non
3042 461 3233 522 Sponte
3264 453 3534 506 laboribus
3564 467 3742 516 orsus,

2393 546 2616 614 Perjuro
2645 544 2902 613 ingemuit
2929 544 3190 598 miserans
3218 544 3424 597 servire
3454 542 3671 596 latroni.

2393 636 2579 699 Errat,
2611 635 2712 697 ait,
2743 635 2830 702 qui
2858 634 3122 687 luctamen
3146 648 3268 686 cum
3291 634 3548 703 sanguine
3580 631 3753 695 nobis,

2395 727 2460 781 Et
2487 740 2668 788 carne,
2699 733 2753 778 et
2781 725 2930 778 venis
2961 724 3312 787 ferventibus,
3341 733 3396 778 et
3423 724 3619 778 vitioso

2397 814 2542 868 Fclle
2584 822 2759 882 putat,
2795 811 3085 881 calidisque
3126 812 3359 866 animam
3409 826 3632 880 peccare
3677 825 3795 866 mc-

3519 902 3723 973 [dttllis.

2402 997 2516 1052 Non
2550 1005 2780 1050 mentem
2803 1009 2897 1050 sua
2925 996 3160 1050 membra
3191 1003 3473 1064 premunt,
3497 1011 3595 1049 nec
3625 1006 3798 1049 terrea

3531 1085 3723 1155 [virtus

2401 1176 2682 1246 Oppugtiat
2707 1190 2896 1230 sensus
2925 1175 3170 1245 liquidos,
3202 1175 3414 1229 bellove
3443 1175 3655 1229 lacessit
3680 1194 3693 1227 :

2395 1266 2497 1321 Sed
2526 1281 2644 1319 cum
2666 1267 2938 1333 spiritibus
2963 1266 3263 1320 tenebrosis
3289 1275 3450 1320 nocte
3475 1266 3668 1336 dieque

2403 1356 2820 1426 Cougredimur,
2869 1371 3095 1426 quorum
3141 1355 3500 1412 dominatibus
3543 1357 3802 1411 humidus

3582 1448 3734 1520 μειϐ,

2411 1540 2472 1592 Et
2501 1540 2662 1608 pigris
2684 1539 2880 1594 densus
2909 1540 3116 1594 nebulis
3144 1541 3474 1609 obtemperat
3494 1557 3613 1596 aer.

2405 1629 2619 1684 Scilicet
2664 1630 2765 1683 hoc
2811 1629 3073 1696 medium,
3112 1630 3304 1684 ccelum
3341 1631 3495 1697 inter,
3528 1642 3584 1686 et
3619 1632 3801 1686 inﬁma

3556 1719 3737 1789 [terras

2405 1810 2555 1875 Quod
2585 1817 2756 1875 patet,
2779 1819 2832 1864 et
2856 1823 3020 1863 vacuo
3045 1809 3213 1862 nubes
3252 1809 3530 1877 suspendit
3555 1811 3702 1864 hiatu
3722 1851 3738 1874 ,

2407 1898 2583 1952 Frena
2618 1906 2939 1966 potestatum
2971 1900 3236 1950 variarum
3269 1900 3524 1963 sustinet,
3551 1913 3612 1953 ac
3639 1899 3742 1952 sub

2407 1987 2651 2056 Principe
2683 1988 2824 2042 Belia
2854 1988 3150 2042 rectoribus
3182 1988 3365 2042 horret
3387 1989 3600 2058 iniquis.

2409 2079 2500 2134 llis
2532 2080 2881 2134 colluCtamur
2909 2078 3267 2148 praedonibus,
3294 2090 3350 2134 ut
3370 2095 3515 2135 sacra
3545 2082 3702 2138 nobis

2233 1989 2336 2044 520

1863 2189 2147 2246 ΟΕΟΞΞᾹΞ
2189 2187 2523 2245 VETERES.

639 2290 762 2345 689.
815 2290 1039 2355 Arietat,
1084 2290 1283 2356 sternit,
1319 2297 1612 2342 commovet.
1636 2316 1703 2328 ι-
1727 2286 1986 2354 lnsiliens,
2021 2302 2132 2339 cum

565 2369 765 2416 tumore
794 2360 1358 2425 saliens.—Quassant,
1389 2359 1602 2422 laedunt,
1635 2358 1671 2410 1.

634 2431 759 2484 491.
801 2429 1028 2493 Seriem,
1056 2429 1301 2495 ordinem,
1341 2429 1379 2481 l.

634 2498 760 2551 494.
804 2499 1043 2562 Eminus,
1073 2516 1100 2551 e
1126 2497 1555 2562 contra.-—-Arce,
1584 2495 1726 2559 alte;
1755 2497 1874 2564 ﬁde,
1905 2496 1944 2548 l.

634 2568 760 2620 495.
809 2567 1020 2630 Fretus,
1054 2568 1298 2632 confisus,
1331 2567 1436 2620 lso.

631 2635 761 2688 L96.
811 2636 1008 2700 Regina
1037 2636 1182 2703 Tyri,
1208 2635 1446 2699 avaritia,
1481 2635 1522 2686 Ι.

635 2705 761 2759 497.
814 2702 1693 2771 Parthus,’Iuereticus.—ltapiet,
1735 2703 1922 2756 scilicet
1969 2702 2131 2771 capti-

565 2774 955 2836 vum—Indus,
978 2774 1300 2825 immunditia
1317 2817 1330 2838 ,
1358 2773 1397 2824 Ι.

634 2845 760 2897 499.
813 2842 1084 2911 Gigantas,
1111 2858 1344 2912 sequaces
1376 2841 1588 2906 diaboli,
1623 2841 1662 2898 l.

635 2912 761 2967 500.
808 2912 1122 2982 Allophylus
1144 2957 1157 2980 ,
1196 2913 1424 2966 diabolus
1455 2931 1472 2976 ;
1510 2914 1803 2966 Philistazus
1836 2928 1854 2977 ,°
1884 2929 1974 2982 pro
2022 2914 2132 2964 dia-

570 2984 685 3038 bolo
709 2983 897 3053 posuit,
926 2985 1208 3052 alienigena
1228 2999 1258 3034 a
1286 2982 1414 3053 Deo,
1442 2983 1482 3036 l.

638 3052 760 3109 501.
784 3054 970 3119 Tutus,
995 3059 1247 3122 protectus
1267 3093 1280 3118 ,
1307 3052 1346 3105 l.

2309 2283 2432 2338 502.
2485 2284 2721 2350 Charon,
2766 2285 3026 2353 navigator
3068 2284 3283 2352 inferni,
3327 2285 3811 2342 diabolus.—Nu-

2239 2367 2384 2415 men,
2413 2353 2584 2419 Deus;
2611 2357 2776 2406 malus
2799 2354 2942 2416 deus,
2971 2353 3012 2406 l.

2309 2424 2432 2477 505.
2463 2425 2653 2488 Fluxo,
2682 2425 2854 2489 labili,
2885 2423 3165 2490 deﬁcienti,
3195 2422 3233 2477 1.

2308 2493 2432 2548 506.
2465 2493 2633 2558 Fallo,
2663 2493 2898 2558 mentior,
2927 2493 3149 2562 decipio,
3176 2494 3214 2546 l.

2308 2564 2432 2618 507.
2467 2565 2654 2629 Orsus,
2679 2565 2922 2628 dixisset,
2954 2561 2995 2614 1.

2306 2631 2431 2705 508.
2464 2633 2703 2705 Perjuro,
2734 2633 2931 2704 fallaci.
2956 2664 3026 2705 -τ-
3055 2631 3303 2695 Latroni,
3335 2632 3562 2705 diabolo,
3597 2633 3639 2688 1.

2310 2701 2433 2759 509.
2465 2701 2582 2769 Ait,
2612 2701 2882 2773 Apostolus
2908 2720 2926 2756 :
2961 2704 3094 2768 Quia
3118 2719 3218 2755 non
3245 2715 3318 2757 est
3347 2704 3490 2758 nobis
3513 2706 3812 2761 colluctatio

2239 2773 2476 2828 adversus
2507 2789 2710 2828 carnem
2734 2785 2780 2828 et
2805 2775 3130 2842 sanguinem,
3166 2773 3202 2824 Ι.

2310 2844 2432 2896 515.
2465 2843 2870 2911 Congredimur,
2902 2844 3217 2910 prmliamur,
3251 2843 3288 2895 l.

2309 2914 2435 2968 519.
2470 2913 2670 2979 Frena,
2699 2913 3088 2975 dominationes,
3118 2911 3154 2964 Ι.

2312 2983 2434 3036 520.
2468 2984 2640 3049 Belia,
2671 2983 2894 3046 diabolo,
2922 2985 2958 3035 ι.

2313 3053 2436 3106 521.
2471 3053 2568 3120 Ut,
2598 3055 2758 3118 sicut,
2785 3053 2822 3104 l.

1920 3159 2470 3216 C(lilMENTARlUS.

572 3271 718 3324 quem
752 3254 843 3309 Vis
893 3254 1326 3324 impaclaAqualil,
1387 3269 1486 3308 non
1539 3255 1654 3308 aeris
1699 3253 1935 3305 machina
1978 3262 2142 3324 rostro
2169 3251 2215 3312 C
2247 3252 2544 3324 sagittando
2586 3251 2803 3324 valent,
2835 3251 3042 3324 sagittis
3093 3251 3278 3324 solitos
3324 3253 3486 3324 caput
3535 3250 3809 3324 redimire.

568 3321 780 3379 Arietat.
804 3321 1081 3389 Weittius,
1114 3322 1441 3386 Praesidium,
1477 3341 1624 3390 quem
1655 3339 1752 3375 non
1778 3327 1950 3393 fragor
1976 3321 2135 3375 hosti-

569 3411 687 3458 cus,
729 3396 900 3446 arietis
928 3403 1016 3446 aut
1045 3395 1116 3446 vis
1147 3393 1377 3446 Concutit
1408 3395 1634 3456 impacta
1657 3435 1671 3457 ,
1717 3403 1803 3444 aut
1838 3401 1995 3444 cerato
2029 3407 2137 3443 ma-

569 3465 720 3516 china
752 3473 916 3516 rostro
956 3464 1174 3515 Arietat.
1216 3462 1331 3517 Gis.
1367 3465 1389 3516 1
1426 3463 1554 3516 edit.
1592 3463 1654 3514 ad
1701 3477 1892 3528 marg.,
1940 3459 2137 3514 Praesi-

569 3534 715 3586 dium
735 3572 750 3595 ,
777 3549 923 3600 quem
949 3549 1048 3584 non
1075 3537 1246 3598 fragor
1276 3533 1495 3584 hosticus
1516 3571 1532 3593 ,
1561 3532 1734 3583 arietis
1757 3540 1841 3582 aut
1869 3546 2013 3597 quem
2051 3530 2137 3586 Vis

569 3603 733 3664 quatit
757 3603 1008 3667 impacta,
1041 3610 1200 3651 mrato
1227 3615 1326 3652 non
1355 3601 1592 3651 machina
1623 3609 1790 3653 rostro
1814 3601 2024 3654 Arietat.
2057 3601 2137 3655 Si-

570 3670 821 3734 cltardus,
847 3668 1176 3731 Prwsidium,
1208 3684 1355 3737 quem
1384 3685 1485 3720 non
1508 3669 1683 3738 fragor
1705 3671 1942 3730 hosticus,
1964 3671 2136 3724 arietis

569 3741 642 3792 vis
690 3739 920 3793 Concutit
964 3739 1206 3802 impacto,
1257 3749 1344 3789 aut
1387 3746 1543 3789 cerato
1577 3755 1674 3791 non
1705 3738 1940 3790 machina
1969 3750 2134 3792 rostro

572 3809 786 3861 Arietat.
832 3808 903 3859 lta
936 3806 1000 3859 ad
1037 3820 1184 3876 oram
1213 3821 1383 3876 :inam
1418 3808 1471 3858 in
1503 3815 1646 3876 tpxtu
1687 3807 1920 3860 cohmret
1951 3807 2134 3876 prima:

569 3877 792 3932 editioni
831 3875 1416 3931 Giselini.l\lemhran:e
1460 3875 1612 3933 indue
1647 3877 1785 3930 inter
1831 3890 1889 3931 se
1935 3875 2136 3933 discre-

565 3956 712 4014 pant.
730 3947 856 4002 Cum
885 3947 1105 4000 Weitzio
1128 3944 1327 4000 faciunt
1350 3947 1491 4009 Rat.,
1517 3947 1696 4014 Prag.,
1715 3947 1842 3998 Mar.
1866 3961 1894 3998 a
1917 3957 2132 4004 recente

568 4033 751 4082 manu,
785 4025 838 4070 et
879 4016 1051 4084 Egm.,
1107 4017 1203 4069 nisi
1249 4017 1388 4085 quod
1432 4017 1484 4068 in
1513 4017 1612 4070 hoc
1653 4015 1843 4083 legitur
1879 4017 2133 4072 mendose

567 4089 758 4141 arietus
810 4101 904 4153 pro
947 4087 1138 4138 arietis.
1185 4086 1314 4139 Tres
1354 4086 1563 4139 codices
1608 4086 1751 4139 Vati.
1804 4099 1898 4152 pro
1949 4086 2131 4140 eadem

570 4158 798 4211 lectione
823 4155 1035 4210 Teolius
1061 4155 1270 4223 allegat.
1307 4155 1429 4208 Mihi
1456 4156 1611 4208 aliter
1636 4157 1828 4208 visum.
1861 4155 2133 4211 Mariettus

568 4240 600 4279 a
620 4228 786 4292 prima
815 4240 991 4294 manu,
1018 4225 1260 4277 Hosticus
1281 4226 1453 4277 arietis
1475 4235 1563 4276 aut
1595 4225 1681 4278 Vis
1704 4227 1926 4287 impacta
1947 4227 2128 4294 quatit,

567 4312 667 4347 non
690 4306 848 4349 aerato
871 4292 1103 4347 machina
1132 4305 1314 4348 rostro.
1344 4295 1615 4348 Mariettus
1643 4310 1746 4348 non
1777 4296 1911 4349 bene
1935 4292 2133 4364 allega-

565 4375 718 4419 verat
752 4365 1063 4421 Siehardum
1084 4405 1098 4428 ,
1128 4365 1214 4433 qui
1247 4365 1298 4417 in
1322 4380 1414 4418 sua
1440 4365 1606 4433 prima
1629 4365 1862 4419 editione
1884 4372 1912 4420 a
1946 4380 2030 4419 me
2057 4366 2132 4419 vi-

566 4449 682 4496 sus,
724 4437 794 4488 ita
827 4435 989 4487 edidit
1024 4443 1082 4486 ut
1125 4433 1283 4488 modo
1327 4435 1456 4488 dixi.
1491 4435 1641 4488 Alex.
1670 4437 1732 4488 ad
1764 4449 1936 4495 oram.
1977 4435 2129 4500 Urb.,

565 4505 769 4567 Oxon.,
820 4504 1150 4568 Prcesidium,
1196 4520 1342 4570 quem
1383 4521 1483 4558 non
1525 4505 1701 4572 fragor
1750 4506 2002 4566 hosticus,
2045 4517 2133 4559 aut

567 4576 740 4627 arietis
782 4574 865 4625 Vis
902 4576 1120 4640 impacta
1159 4575 1354 4640 quatit,
1385 4591 1485 4626 non
1509 4583 1664 4627 arrato
1693 4576 1926 4627 machina
1966 4585 2130 4628 rostro

560 4652 750 4697 contra
784 4653 1028 4697 metrum.
1059 4643 1114 4696 In
1147 4642 1271 4697 Rot.
1302 4652 1355 4697 et
1386 4645 1550 4697 tribus
1579 4643 1757 4710 Tum,
1796 4644 1885 4698 Vis
1911 4645 2129 4713 impacta

565 4715 745 4782 quatit,
771 4730 916 4782 quem
937 4723 1090 4766 aerato
1121 4714 1356 4766 machina
1380 4723 1563 4767 rostro.

639 4781 787 4852 490.
818 4784 891 4836 De
921 4783 1151 4846 tihristo,
1183 4782 1356 4850 lapide
1377 4781 1638 4851 angulari,
1681 4784 1766 4851 qui
1808 4792 1861 4837 et
1898 4783 2128 4852 parietes

565 4860 624 4903 et
651 4851 1334 4922 fundamentumcontinet,
1365 4853 1486 4908 vide
1515 4851 1947 4922 Cltrysostomum
1980 4855 2124 4910 hom.

568 4921 623 4985 6,
648 4935 766 4986 cap.
796 4935 854 4978 tt.
879 4921 946 4972 ad
975 4921 1172 4988 Ephcs.

637 4989 764 5069 49b.
825 4989 1008 5069 _\Veit.,
1048 4989 1185 5056 Gis.,
1217 4992 1498 5061 prwcingit.
1531 4993 1675 5057 Rat,
1705 4994 1994 5064 praecingit,
2037 5001 2131 5047 aut

563 5067 855 5129 pra'cinget.

635 5129 763 5184 496.
798 5130 975 5196 Inepte
1013 5131 1174 5200 aliqui
1200 5133 1264 5186 ad
1293 5132 1526 5199 reginam
1560 5132 1696 5187 Saba
1719 5174 1732 5196 ,
1759 5133 1847 5186 alii
1873 5132 1936 5186 ad
1967 5131 2126 5186 Dido-

567 5214 690 5254 nem
741 5200 793 5254 id
842 5202 1246 5256 transtulerunt.
1299 5201 1485 5269 Tyrios
1526 5202 1766 5269 intelligit
1813 5202 2134 5256 Prudentius

562 5283 681 5324 esse
712 5271 795 5325 vel
836 5271 1112 5324 avaritiam
1138 5312 1154 5338 ,
1184 5272 1265 5326 vel
1298 5270 1596 5339 superbiam
1623 5311 1637 5334 ,
1672 5287 1786 5338 qua:
1813 5287 1906 5339 per
1935 5272 2131 5336 Tyrum

565 5339 846 5409 allegorice
876 5341 1221 5410 signiﬁcatur.
1261 5339 1390 5410 Vide
1415 5337 1895 5400 EzechielIxxv’nt.
1923 5341 2132 5406 Ruper-

563 5417 677 5534 illm
726 5409 1046 5490 T_uitientem
1076 5426 1192 5480 cap.
1227 5428 1280 5464 ix
1311 5409 1465 5478 Osee,
1497 5419 1551 5465 et
1581 5411 1795 5480 Sylvam
1827 5411 2130 5482 allegoriar.

610 5491 802 5533 aureti.

610 5491 802 5533 aurett.

635 5550 760 5604 498.
793 5550 1017 5606 Carolus
1043 5551 1374 5614 Paschalius,
1403 5552 1470 5606 de
1494 5549 1718 5605 Coronis
1746 5565 1865 5619 pag.
1893 5551 1997 5606 200
2021 5591 2036 5616 ,
2065 5564 2129 5605 ex

565 5617 650 5675 bis
674 5620 917 5678 versibus
937 5622 1134 5690 colligit
1157 5621 1334 5692 ludos,
1365 5631 1416 5678 et
1448 5622 1498 5676 in
1528 5621 1609 5678 his
1632 5617 1960 5690 Bactrianos,
1989 5622 2128 5692 quod

2161 4612 2210 4671 D

2315 3321 2440 3377 499.
2484 3322 2675 3390 Scripti
2713 3322 2982 3376 Heinsiani
3015 3329 3069 3375 et
3109 3322 3279 3382 Μαι..
3303 3322 3585 3390 gigantas;
3615 3321 3703 3373 alii
3733 3323 3813 3387 gi-

2243 3402 2440 3459 gantes.
2476 3391 2672 3446 Harum
2701 3391 2933 3460 gentium
2963 3390 3232 3445 voeabulis
3264 3392 3639 3459 intelliguntur
3678 3392 3810 3443 vitia

2239 3477 2356 3542 quae
2381 3463 2459 3516 eis
2477 3461 2875 3543 quodammodo
2898 3461 3348 3543 dominabantur,
3381 3471 3474 3515 aut
3510 3461 3808 3523 daemones,

2239 3533 2326 3600 qui
2355 3546 2415 3585 ea
2439 3533 2563 3584 vitia
2589 3532 2866 3599 inspirant.
2898 3531 3031 3584 Vide
3059 3531 3280 3599 glossas.

2240 3668 2250 3670 _
2309 3601 2451 3670 500.
2475 3599 2583 3654 Cur
2614 3602 2664 3654 in
2703 3600 3006 3670 Allop/tylus
3035 3618 3064 3669 y
3095 3601 3432 3669 corripiatur,
3464 3600 3574 3654 dixi
3603 3603 3656 3654 in
3687 3616 3814 3668 pro—

2238 3668 2343 3738 leg.
2376 3669 2690 3739 Allaphylus
2720 3668 2902 3724 Graece
2940 3668 3093 3724 sonat
3133 3668 3442 3738 alienigena.
3473 3673 3517 3723 A
3550 3670 3810 3724 Christia-

2238 3740 2321 3792 nis
2352 3739 2695 3805 scriptoribus
2733 3741 2927 3800 passim
2970 3754 3067 3808 pro
3109 3740 3376 3794 Philistazo
3414 3741 3718 3806 accipitur;
3758 3750 3816 3794 et

2237 3823 2335 3879 pro
2356 3808 2656 3879 APhilistzeis
2685 3808 2823 3862 LXX
2869 3810 3188 3878 interpretes
3232 3818 3449 3863 vertunt
3492 3812 3808 3879 allaphglas.

2237 3877 2296 3931 S.
2342 3877 2608 3932 Orientius
2656 3880 2707 3931 in
2751 3877 3032 3932 Common.
3064 3879 3152 3932 lib.
3197 3894 3213 3932 ι
3249 3893 3399 3933 novae
3442 3877 3814 3934 collectJEd-

2237 3949 2418 4001 mundi
2441 3947 2676 4002 Martene
2707 3963 2828 4016 pag.
2862 3948 2920 4000 H
2954 3965 2966 3999 :
2999 3947 3155 4001 Illum
3184 3949 3398 4015 miriﬁco
3441 3951 3693 4015 famosum
3724 3965 3810 4002 ro-

2237 4016 2352 4087 bore
2384 4017 2603 4087 saanson
2633 4017 2827 4087 Forma
2865 4019 3035 4071 decem
3074 4019 3215 4071 siccis
3256 4019 3464 4070 tradidit
3494 4018 3809 4087 Allophylis.

2235 4085 2293 4156 S.
2319 4085 2567 4140 Paulinus
2593 4088 2761 4141 Natali
2790 4086 2822 4140 8
2847 4105 2860 4141 :
2892 4087 3092 4140 Credite
3114 4128 3129 4152 ,
3159 4104 3258 4140 non
3287 4089 3460 4154 armis,
3508 4085 3669 4156 neque
3689 4085 3810 4140 ciri-

2237 4155 2462 4226 busiesse
2491 4159 2736 4210 timendos
2762 4156 3093 4226 Allophylum
3123 4158 3357 4226 populos.
3391 4157 3455 4210 Et
3485 4159 3539 4210 in
3571 4155 3810 4210 carmine

2239 4224 2305 4276 ad
2329 4225 2636 4294 Cytherium
2661 4227 2726 4281 de
2756 4225 3032 4295 naufragio
3063 4224 3360 4280 Martiniani
3389 4227 3667 4294 Allophyla
3693 4242 3810 4277 mu-

2236 4295 2331 4347 lier
2361 4304 2434 4348 est
2464 4297 2587 4348 mihi
2626 4297 2708 4349 lea:
2737 4312 2940 4349 carnea.
2975 4296 3089 4348 Alia
3131 4296 3298 4350 videri
3340 4306 3565 4364 possunt
3611 4297 3666 4349 in
3712 4296 3810 4350 Se-

2236 4378 2361 4418 vero
2388 4365 2644 4432 Sulpicio,
2677 4367 2728 4419 in
2758 4367 2950 4420 Attoue
2977 4366 3043 4419 de
3070 4365 3346 4419 obsidione
3372 4366 3618 4420 Lutetiae.

2306 4434 2432 4489 505.
2479 4435 2660 4504 Prag.,
2689 4439 2856 4487 varias
2889 4449 2982 4502 pro
3009 4451 3187 4489 vanas.

2306 4505 2430 4560 504.
2461 4505 2582 4558 Vat.
2611 4506 2684 4568 A,
2714 4505 2836 4558 1am
2865 4521 3069 4557 vanum.
3098 4506 3276 4572 Prag.,
3312 4504 3452 4558 Nam
3490 4519 3677 4557 vanum
3708 4513 3804 4558 est.

2305 4572 2428 4629 505.
2461 4575 2594 4639 PaL,
2618 4586 2797 4627 cuncta
2828 4575 3150 4638 volubilibus,
3191 4575 3365 4629 minus
3394 4575 3550 4629 bene.

2303 4644 2428 4699 506.
2462 4644 2517 4697 in
2545 4645 2811 4697 nonnullis
2839 4645 3004 4713 vulg.,
3034 4647 3190 4712 male,
3226 4654 3515 4698 creaturam
3544 4659 3643 4712 pro
3667 4659 3808 4696 crea-

2235 4723 2421 4768 turam.
2455 4715 2624 4780 Epist.
2647 4714 2713 4767 ad
2747 4713 2897 4768 Rom.
2926 4730 3014 4767 vui
3037 4755 3051 4779 ,
3078 4713 3147 4768 20
3173 4731 3187 4768 :
3228 4713 3455 4766 Vanitati
3485 4720 3618 4766 enim
3661 4730 3804 4766 crea-

2234 4793 2349 4837 tura
2392 4785 2615 4852 subjecta
2642 4793 2714 4836 est
2755 4799 2856 4835 non
2883 4783 3073 4850 volens,
3097 4792 3200 4837 etc.
3226 4802 3237 4835 :
3267 4786 3454 4836 scimus
3500 4785 3634 4836 enim
3672 4784 3807 4849 quod

2235 4853 2396 4906 omnis
2422 4863 2656 4906 creatura
2696 4853 3091 4922 ingemiscit.....
3117 4863 3162 4907 et
3207 4854 3302 4922 ipsi
3342 4855 3480 4905 intra
3527 4869 3620 4904 nos
3649 4853 3807 4920 gemi-

2235 4939 2370 4987 mus,
2401 4924 2723 4987 adoptionem
2754 4922 2977 4987 ﬁliOrum
3011 4922 3106 4976 Dei
3129 4933 3471 4990 exspectantes
3499 4922 3808 4992 redemptio-

2236 5007 2346 5044 nem
2374 4994 2597 5046 cornoris
2625 4995 2799 5046 nostri.

2308 5062 2428 5133 509.
2463 5060 2584 5133 Hzcc
2620 5077 2725 5116 non
2769 5078 2834 5116 ex
2877 5063 3111 5133 Epistula
3155 5062 3219 5115 ad
3261 5062 3558 5126 Romanos,
3591 5060 3687 5133 sed
3729 5075 3805 5113 ex

2237 5131 2337 5184 alia
2365 5132 2429 5184 ad
2460 5132 2718 5200 Ephesios
2743 5146 2794 5185 VI
2813 5173 2827 5194 ,
2856 5131 2948 5196 l2,
2979 5134 3139 5186 sumit
3169 5133 3506 5194 Prudentius,
3533 5132 3686 5200 cujus
3723 5133 3810 5184 in-

2239 5203 2670 5267 terpretationem
2694 5203 3076 5257 vindicarimus
3107 5203 3306 5271 proleg.
3331 5217 3450 5272 cap.
3479 5202 3532 5255 9.

2309 5272 2430 5326 518.
2465 5272 2572 5325 Gis.
2599 5281 2654 5326 et
2681 5272 2861 5338 Fabr.,
2885 5290 2944 5325 ac
2970 5288 3147 5325 vacuo.

2308 5343 2428 5396 520.
2462 5341 2640 5408 Egm.,
2669 5336 2855 5396 Bellia.
2883 5343 3056 5411 Vulg.,
3082 5340 3270 5395 Belial.
3305 5340 3665 5399 Vetustiores,
3697 5336 3806 5411 Be-

2238 5412 2328 5464 lia.
2359 5413 2428 5463 lta
2459 5407 2600 5463 enim
2647 5411 2962 5466 Prudentius
2985 5407 3305 5477 'httjusmodi
3341 5411 3551 5464 nomina
3583 5407 3806 5476 propria

2237 5482 2426 5534 ellerre
2471 5479 2609 5535 solet
2640 5480 2815 5547 Helia,
2843 5483 3002 5547 Italia,
3032 5481 3199 5544 Iuda,
3233 5497 3350 5548 qua:
3389 5480 3618 5547 alioquin
3663 5478 3711 5548 iu
3739 5491 3809 5528 as

2236 5551 2604 5604 terminantur.
2643 5546 2997 5615 Qttod’autem
3029 5552 3079 5604 in
3126 5546 3296 5613 Belia,
3338 5559 3429 5603 aut
3468 5546 3635 5604 Belial
3679 5546 3809 5600 dua

2238 5620 2422 5689 prima:
2447 5619 2514 5673 ab
2541 5619 2659 5674 aliis
2681 5621 3052 5690 corripiantur,
3083 5621 3213 5677 nihil
3241 5620 3424 5676 refert.
