4120 6196
370 266 513 327 1019

542 382 661 440 Oris
689 380 965 451 apostolici
994 382 1145 437 testis
1166 378 1427 435 sententia
1452 379 1650 450 prodit.

544 472 704 545 550
744 471 912 528 Nemo
952 471 1188 527 habitum
1231 479 1468 537 natum,
1507 477 1598 524 aut
1645 470 1938 523 irritamina

1621 557 1869 629 [peccans

546 652 796 722 Corporis
821 659 1073 707 accuset:
1106 648 1261 705 facile
1286 657 1370 705 est
1392 650 1606 705 frenare
1632 649 1862 704 rebelles

543 742 779 799 Allectus
808 742 1015 807 carnis,
1043 741 1341 810 nimiosque
1368 739 1655 795 retundere
1687 738 1870 807 pulsus

542 832 773 888 Materia
796 830 1021 900 fragilis,
1047 838 1105 885 et
1125 831 1333 885 viscera
1362 831 1498 884 victa
1525 828 1765 883 domare.

542 922 748 992 Quippe
762 921 969 975 animus
983 920 1137 990 longe
1154 919 1514 988 priestantior,
1530 923 1713 986 utpote
1730 930 1940 970 summo

540 1011 763 1067 IEthere
783 1011 1071 1076 demissus,
1101 1009 1373 1077 subjectos
1400 1009 1445 1062 si
1470 1008 1599 1063 velit
1625 1015 1773 1061 artus

543 1100 772 1170 imperio
800 1112 1056 1169 quassare
1080 1101 1258 1168 gravi,
1285 1098 1557 1168 juss’sque
1577 1097 1782 1152 severis

542 1191 768 1257 Dedere,
794 1190 1036 1260 regnanti
1072 1189 1289 1243 domino
1314 1189 1397 1243 vis
1425 1188 1567 1242 nulla
1594 1188 1828 1243 resistet.

540 1284 708 1350 Major
736 1283 875 1336 inest
902 1280 981 1335 vis
1006 1281 1092 1336 illa
1122 1280 1359 1345 homini,
1389 1295 1511 1351 qua:
1539 1278 1703 1334 ﬂatile
1734 1281 1883 1335 virus

549 1373 780 1441 Ingerit,
807 1381 861 1427 et
887 1379 1099 1427 tenuem
1130 1371 1275 1426 tenui
1305 1371 1427 1428 ferit
1450 1385 1575 1425 aere
1601 1378 1857 1426 mentem.

543 1464 786 1521 Parthica
814 1478 919 1518 non
950 1479 1101 1532 atque
1139 1472 1327 1518 ventos
1359 1462 1673 1516 transcurrit
1708 1462 1936 1528 arundo,

544 1555 703 1623 Cujus
732 1553 834 1609 iter
865 1554 1040 1608 nullus
1071 1553 1208 1623 potis
1229 1563 1312 1608 est
1337 1553 1727 1623 comprendere
1754 1553 1901 1607 visus
1925 1569 1939 1605 :

540 1644 756 1715 Prsepes
791 1645 965 1712 enim,
999 1644 1240 1699 volucres
1270 1643 1396 1699 dum
1424 1643 1615 1715 pennis
1645 1643 1942 1698 transvolat

1669 1734 1867 1806 [auras,

542 1830 829 1900 lmprovisa
856 1830 1033 1897 venit,
1066 1842 1165 1883 nec
1194 1827 1394 1884 stridor
1421 1827 1629 1882 nuntiat
1648 1834 1772 1882 ante

543 1923 839 1978 Adventum
868 1919 1017 1984 lethi,
1050 1934 1204 1989 quam
1239 1918 1472 1987 pectoris
1499 1916 1676 1971 abdita
1708 1923 1940 1986 rumpat,

546 2011 801 2068 Securam
830 2013 1045 2081 rapiens
1072 2010 1334 2065 medicata
1362 2008 1583 2064 vulnere
1606 2008 1791 2062 vitam.

545 2104 655 2160 Sed
683 2104 849 2175 magis
882 2104 1077 2173 aligera
1113 2111 1229 2171 est,
1260 2102 1432 2173 magis
1456 2112 1510 2158 et
1549 2102 1809 2158 medicata
1854 2116 1942 2156 sa-

1688 2190 1837 2263 [gitta
1854 2231 1869 2255 ,

371 2285 477 2342 N0
550 2283 704 2357 54],
745 2283 913 2352 Quam
937 2282 1065 2353 jacit
1106 2281 1345 2338 umbrosi
1390 2281 1684 2336 dominatio
1733 2281 1939 2336 lubrica

1632 2374 1837 2446 [mundi
1856 2416 1873 2440 ,

545 2466 774 2524 Eludens
803 2480 1026 2524 excussa
1054 2467 1257 2531 oculos,
1281 2466 1577 2536 calamique
1601 2466 1842 2522 volantis

360 744 473 809 ~525

364 1647 470 1704 555

1704 264 2238 325 llAMARTlGENlA.

1961 387 2012 445 Α

1968 1749 2018 1809 Β

3472 280 3609 338 105)

2216 382 2455 450 Pracpcte
2479 386 2786 438 transcursu
2811 383 2990 440 cordis
3020 388 3307 453 penetralia
3350 390 3536 459 ﬁgens.

2217 468 2324 525 Nec
2362 469 2539 540 segnis
2575 479 2763 529 natura
2808 473 3001 528 anima:
3038 482 3149 546 est,
3190 484 3283 535 aut
3325 479 3474 553 tarda
3516 495 3608 535 ca-

3358 568 3537 639 [vendi

2222 649 2505 705 Vulneris:
2535 650 2755 721 ignitum
2787 652 3034 721 quoniam
3059 653 3200 709 Deus
3231 656 3419 712 indidit
3445 658 3539 713 olli

2042 737 2148 793 545
2222 737 2492 808 ingenium
2512 780 2525 802 ,
2554 755 2775 809 purum,
2802 742 3040 816 sapiens,
3071 744 3291 812 subtile,
3325 762 3611 816 serenum,

2219 826 2435 894 Mobile,
2460 829 2744 885 sollicitum
2762 870 2778 897 ,
2798 814 2982 897 velox,
3010 834 3330 903 vegetabile,
3357 847 3566 892 acutum

2223 918 2505 975 Factorem
2534 921 2693 976 modo
2719 930 2864 977 casta
2893 936 3047 977 suum
3069 935 3377 994 veneretur,
3399 937 3451 983 et
3476 929 3578 997 ipsi

2217 1008 2437 1075 Militet,
2462 1024 2525 1065 ac
2548 1011 2746 1066 victum
2777 1014 3048 1081 proculcet
3080 1014 3257 1069 sobria
3292 1018 3576 1085 mundum;

2218 1097 2302 1153 Nil
2320 1101 2388 1153 de
2417 1100 2678 1167 pestiferis
2700 1102 2912 1170 opibus,
2936 1111 3028 1157 aut
3057 1104 3351 1162 falsiﬁcatis

2219 1190 2501 1243 Terrarum
2526 1192 2709 1258 spoliis
2731 1192 2895 1246 stulto
2919 1193 3271 1251 oblectamine
3302 1196 3497 1264 libans,

2220 1278 2297 1332 Ne
2321 1281 2420 1333 sub
2451 1281 2591 1336 fasce
2610 1282 2817 1350 jacens,
2849 1283 3024 1339 alieno
3046 1294 3099 1339 et
3120 1285 3295 1341 dedita
3327 1303 3491 1357 regno

2219 1369 2333 1423 Non
2360 1379 2517 1438 queat
2540 1382 2755 1441 argutas
2784 1373 2951 1428 hostis
2974 1375 3140 1430 vitare
3166 1378 3408 1445 sagittas.

2221 1460 2325 1517 Sed
2352 1460 2475 1529 quid
2504 1475 2602 1530 ego
2641 1477 2803 1519 omne
2831 1466 3025 1518 malum
3078 1467 3397 1536 mundique,
3442 1467 3611 1524 homi-

3040 1554 3297 1625 [numque
3327 1558 3540 1627 maligni

2222 1641 2399 1696 Hostis
2433 1640 2499 1696 ad
2532 1640 2782 1697 invidiam
2824 1642 3157 1715 detorqueo:
3188 1661 3308 1701 cum
3342 1649 3478 1701 mala
3512 1664 3612 1705 no-

3387 1736 3542 1809 [stra,

2046 1824 2151 1880 555
2223 1825 2298 1880 Ex
2330 1825 2527 1880 nostris
2554 1835 2800 1882 concreta
2847 1826 3060 1893 animis,
3092 1842 3279 1897 genus,
3322 1839 3378 1884 et
3422 1838 3615 1899 caput,

3309 1919 3385 1991 [et
3418 1920 3545 1974 vim.

2222 2006 2380 2078 542
2402 2006 2537 2074 Quid
2564 2006 2699 2074 sint,
2722 2007 2849 2077 quid
2874 2008 3102 2077 valeant,
3128 2018 3342 2065 sumant
3369 2010 3435 2065 de
3455 2009 3618 2065 corde

3269 2099 3544 2171 [parente‘l

2222 2186 2314 2242 ille
2344 2186 2558 2258 quidem
2604 2185 2774 2243 fomes
2803 2197 3141 2258 nostrorum,
3178 2199 3233 2245 et
3261 2205 3417 2245 causa
3451 2192 3619 2246 malo-

3276 2282 3413 2353 [rum
3442 2292 3546 2338 est.

2228 2362 2332 2427 S'ed
2376 2379 2578 2427 tantum
2621 2372 2837 2429 turbare
2866 2380 3072 2445 potest,
3101 2384 3194 2430 aut
3224 2374 3408 2431 fallere
3445 2389 3616 2442 quan-

3414 2467 3547 2540 [tum

2046 1189 2150 1245 550

1673 2575 1951 2633 GLOSSE
1992 2574 2320 2635 VETERES.

441 2696 564 2772 ξὲἓ.
593 2695 958 2772 yrodit,_dicit
974 2735 991 2761 ,
1017 2692 1125 2749 lso.
1228 2762 1240 2772 _
1588 2760 1620 2772 Δ,

442 2767 567 2822 525.
598 2767 924 2831 lrritamina,
952 2762 1333 2832 provocamina,
1362 2762 1933 2832 provocationes,_quia,

373 2852 582 2906 corpore
610 2830 915 2904 provocante
932 2830 977 2889 et
1005 2841 1323 2905 suggerente,
1353 2831 1527 2892 anima
1552 2830 1798 2885 consentit
1824 2846 1940 2902 pec-

375 2915 544 2958 catum
570 2906 868 2974 aliquando,
898 2906 939 2959 Ι.

444 2975 570 3029 5°25.
603 2973 856 3038 Allectus,
882 2973 1132 3027 desideria
1151 3012 1164 3035 ,
1188 2973 1231 3027 1.

445 3044 569 3098 527.
617 3043 993 3111 Praestantior,
1042 3042 1254 3108 melior,
1304 3039 1526 3096 nobilior
1576 3040 1766 3094 scilicet
1818 3053 1935 3104 cor-

374 3114 883 3307 Ροὲἒθζρυαεεπθ,
932 3182 1175 3254 fatigare,
1224 3181 1490 3248 edomare,
1537 3195 1785 3250 premere,
1808 3182 1811 3195 '
1837 3178 1937 3233 do-

374 3267 532 3307 mare.
588 3289 606 3307 .

374 3267 532 3319 mare,
566 3267 606 3307 ι.

441 3323 568 3393 5'50.
600 3321 825 3393 Dedere,
855 3338 1121 3393 occupare,
1146 3321 1315 3375 animo
1346 3321 1566 3393 tradere.
1592 3345 1665 3361 --
1690 3318 1941 3385 Domino,

369 3391 565 3446 animo.
586 3420 657 3462 τ·
680 3391 774 3462 Yis
803 3393 944 3446 nulla
964 3390 987 3458 ,“
1011 3392 1202 3462 scilicet
1228 3392 1474 3462 corporis,
1506 3390 1546 3462 _l.

442 3462 566 3514 55L
598 3460 787 3528 Major,
819 3462 881 3515 de
908 3457 1076 3514 animo
1105 3461 1249 3516 dicit.
1270 3457 1341 3501 -ἔ
1370 3460 1456 3514 Vis
1504 3460 1614 3523 illa,
1640 3458 1877 3528 diaboli,
1896 3457 1937 3511 l.

438 3529 562 3583 532.
596 3527 821 3597 Ingerit,
842 3532 1084 3585 immittit.
1100 3560 1172 3570 —
1188 3530 1426 3599 Tenuem
1445 3570 1459 3594 ,
1484 3529 1736 3599 fragilem.
1750 3558 1818 3572 -ε
1843 3527 1943 3583 Fe-

368 3598 466 3661 rit,
496 3601 817 3665 percutit.--
840 3601 1000 3663 Aere,
1027 3601 1369 3667 persuasione,
1399 3598 1441 3653 ἰ.

448 3669 574 3726 555.
602 3668 805 3740 .Eque,
847 3669 1107 3737 similiter,
1145 3685 1246 3725 non
1284 3672 1378 3724 sic.
1399 3697 1470 3710 —-
1494 3667 1747 3736 Arundo,
1778 3672 1941 3741 sagit-

2047 2699 2131 2756 ta,
2165 2690 2205 2743 l.

2114 2761 2241 2815 555.
2273 2759 2507 2829 Prmpes,
2537 2761 2683 2815 velox
2697 2801 2711 2825 ,
2736 2760 2778 2815 1.

2115 2831 2242 2886 558.
2273 2831 2554 2897 Medicato,
2584 2831 2738 2897 illita,
2771 2828 3014 2896 toxicato,
3039 2829 3078 2882 1.

2114 2901 2235 2957 559.
2266 2901 2473 2967 Aligera
2491 2941 2506 2965 ,
2536 2901 2699 2954 velox.
2723 2929 2794 2938 -—
2823 2900 3076 2954 Medicata
3095 2943 3110 2966 ,
3135 2906 3405 2965 venenata,
3435 2901 3477 2956 1.

2112 2971 2238 3025 540.
2277 2969 2556 3037 Umbrosi,
2590 2969 2858 3023 tenebrosi.
2885 2999 2951 3008 —
2980 2969 3190 3032 Mundi,
3220 2969 3441 3035 diaboli,
3469 2971 3509 3024 1.

2112 3040 2249 3111 541.
2268 3040 2526 3111 Eludens,
2558 3040 2834 3111 decipiens.
2859 3069 2928 3079 -—
2952 3039 3186 3095 Excussa
3203 3079 3218 3108 ,
3253 3040 3522 3110 sagittata.
3545 3066 3614 3083 -κ

2052 3108 2252 3168 Calami
2269 3151 2284 3175 ,
2311 3110 2427 3177 teli,
2458 3109 2500 3163 Ι.

2118 3179 2243 3234 546.
2273 3178 2555 3245 Agitabile,
2584 3178 2785 3242 mobile,
2813 3178 2852 3236 Ι.

2116 3249 2245 3305 550.
2276 3248 2493 3315 Libans,
2518 3249 2745 3318 cupiens,
2773 3251 2812 3304 Ι.

2116 3320 2240 3375 551.
2274 3319 2463 3386 Fasce,
2495 3334 2665 3382 onere,
2692 3318 2733 3372 1.

2115 3389 2243 3444 552.
2277 3389 2523 3457 Argutas,
2549 3389 2738 3443 scilicet
2763 3388 2905 3453 viles,
2932 3388 2970 3445 Ι.

2115 3458 2241 3514 554.
2273 3459 2593 3528 Detorqueo,
2617 3466 2871 3521 converto,
2899 3458 2937 3512 l.

2113 3528 2241 3582 555.
2272 3528 2561 3593 Concreta,
2587 3529 2890 3597 coagulata,
2921 3528 3021 3583 Iso.

2117 3598 2243 3719 5157.
2275 3597 2400 3722 Ιιιῗ,
2439 3597 2782 3654 diabolus.—
2808 3597 3022 3664 Fames,
3060 3597 3395 3664 incentivum,
3421 3600 3498 3653 vel
3535 3599 3615 3653 in-

2117 3686 2135 3721 ι
2177 3684 2309 3722 tum.
2367 3703 2384 3721 .

2044 3669 2309 3735 cendium,
2342 3669 2384 3722 1.

1666 3835 1675 3842 ’
1697 3821 2257 3879 COMMENTARIUS.

429 3933 561 4015 .525.
590 3933 743 4000 Man,
772 3935 1079 4005 nimiasque,
1117 3933 1212 3991 sed
1240 3948 1400 4004 supra
1428 3935 1713 3991 recentiori
1747 3950 1935 4002 manu,

370 4009 720 4073 minimasque.

438 4074 565 4128 550.
596 4072 749 4127 Alex.
778 4089 898 4129 eum
932 4075 1234 4131 Heinsianis
1263 4072 1531 4129 nonnullis
1566 4073 1782 4126 resistet.
1813 4072 1933 4127 Ald.

370 4144 532 4215 et_alii
555 4144 684 4215 editi
702 4158 821 4215 eum
850 4144 977 4199 Urb.
1000 4146 1224 4215 aliisque
1251 4160 1405 4210 mss.,
1432 4144 1649 4215 resistit:
1675 4142 1813 4211 quod
1842 4157 1937 4198 ne-

368 4211 483 4265 scio
513 4227 606 4267 cur
643 4213 892 4267 Heinsius
939 4211 1154 4269 damnet
1196 4232 1209 4267 :
1254 4229 1375 4268 nam
1424 4212 1562 4268 idem
1606 4221 1687 4265 est
1723 4226 1932 4266 sensus.

368 4279 652 4402 serperam
672 4292 847 4337 autem
870 4284 1063 4355 vulgati
1090 4283 1484 4354 distinguebant
1501 4282 1684 4336 dedere
1702 4284 1936 4352 regnanti

407 4366 602 4402 οηιιηο.

407 4366 602 4405 omina.

438 4421 561 4495 555.
594 4422 774 4495 Prag.,
800 4424 1105 4477 transcendit
1131 4439 1241 4495 pro,
1254 4423 1569 4495 transcurrit.
1600 4420 1806 4495 Verttti,
1837 4436 1931 4477 seu

369 4489 997 4561 telicursum'eleganter
1021 4489 1191 4548 dici'a
1224 4494 1469 4548 Lucretio
1498 4500 1647 4547 notat
1667 4491 1927 4559 Gifanius,

367 4570 423 4614 et
447 4559 553 4632 hoc
582 4559 849 4632 Prudentii
882 4564 1185 4631 exemplum
1211 4564 1424 4632 allegat.

441 4630 564 4684 555.
590 4631 734 4695 Ald.,
760 4632 975 4696 Weitz.,
1004 4630 1165 4698 Man,
1192 4630 1441 4697 volucris,
1471 4632 1662 4687 melius
1700 4632 1819 4696 alii,
1846 4646 1934 4685 vo-

368 4697 562 4771 lucres,‘
591 4700 645 4754 in
676 4716 805 4755 mss.
833 4702 1059 4771 antiquis
1093 4697 1246 4757 casus
1286 4702 1585 4770 huiusmodi
1628 4716 1771 4771 saepe
1797 4702 1852 4756 in
1888 4702 1932 4763 is

369 4770 742 4840 terminantur,
767 4787 829 4825 ex
861 4770 967 4838 quo
990 4787 1050 4826 ea
1074 4774 1302 4827 varietas
1328 4773 1453 4824 oriri
1486 4772 1674 4840 potuit.

435 4838 558 4958 3:7.
611 4840 802 4905 Fabr.,
850 4841 1051 4911 Bong.,
1100 4844 1263 4907 Man,
1318 4838 1499 4906 Siclt.,
1545 4842 1772 4909 rumpit,
1824 4855 1931 4901 non

366 4920 527 4960 male.

438 4976 564 5031 538.
598 4978 782 5047 Egm.,
830 4994 860 5034 a
910 4981 1141 5036 secunda
1189 4996 1378 5043 manu,
1428 4979 1627 5047 Bong.,
1671 4978 1818 5033 Sich.
1866 4979 1934 5033 ad

365 5059 545 5112 oram,
571 5047 709 5114 Put.,
737 5051 933 5115 Oxon.,
957 5052 1189 5117 Thuan.,
1220 5060 1509 5119 penetrans.
1535 5050 1684 5117 Egm.
1711 5063 1739 5100 a
1765 5049 1932 5117 prima

367 5130 561 5195 manu,
601 5118 781 5186 Alex.,
824 5119 977 5185 Urb.,
1020 5118 1428 5189 aliiquemostri
1470 5134 1590 5173 cum
1634 5120 1808 5188 vulg.,
1849 5133 1936 5171 ra-

402 5200 530 5239 iens.

586 5255 776 5378 Ἐεῐηοο
796 5259 969 5328 segni,
1000 5274 1105 5313 non
1132 5259 1290 5327 bene,
1323 5271 1419 5327 pro
1442 5258 1627 5327 segnis.
1659 5256 1809 5325 Ald.,
1842 5267 1931 5322 ut;

422 5342 492 5378 ιι.
516 5342 581 5378 au
609 5364 623 5378 .

367 5337 457 5380 aut
478 5366 492 5390 ,
516 5337 623 5379 aut.

436 5396 560 5466 546.
587 5397 792 5466 Legum
811 5397 975 5451 nobile
994 5397 1112 5452 Rat.
1138 5413 1165 5452 a
1190 5398 1359 5466 prima
1386 5395 1928 5466 manu,Mar.,iPrag.,

362 5461 585 5532 Weitz.,
615 5461 725 5521 Gis.
765 5467 872 5521 Sed
900 5468 950 5520 in
990 5461 1237 5521 omnibus
1279 5467 1491 5530 lleins.,
1527 5467 1679 5530 Ald.,
1709 5465 1826 5519 Vat.
1851 5461 1925 5529 Ᾰ,

364 5536 544 5601 Alex.,
579 5536 698 5589 Rat.
726 5549 757 5589 a
792 5536 1022 5590 secunda
1049 5552 1205 5590 manu
1228 5576 1242 5601 ,
1272 5535 1476 5590 mobile.
1500 5536 1585 5590 Sic
1623 5535 1813 5590 melius
1848 5544 1932 5589 est

362 5604 635 5673 vegetabile
656 5620 775 5658 cum
804 5606 1015 5659 Thuan.
1043 5621 1072 5658 a
1100 5621 1255 5659 manu
1284 5610 1469 5673 prima,
1495 5606 1671 5669 Alcm,
1701 5606 1929 5673 Bolierio

364 5681 688 5742 pervetusto.
719 5673 854 5731 Nam
891 5675 1159 5746 agitabile,
1199 5672 1339 5744 quad
1381 5675 1472 5732 alii
1510 5675 1740 5742 habent,
1784 5672 1924 5731 idem

2036 3942 2195 3991 sonat
2222 3948 2285 3989 ac
2311 3933 2511 3987 mobile.
2544 3932 2660 3987 Non
2696 3940 2778 3987 est
2814 3939 2991 3988 autem
3023 3935 3407 3990 contemnenda
3452 3936 3611 3991 lectio

2040 4003 2226 4068 nobile,
2255 4002 2517 4072 agitabile,
2545 4017 2665 4070 quas
2690 4011 2866 4072 exstat
2900 4003 2953 4072 in
2984 4001 3115 4058 Urb.
3141 4012 3194 4058 et
3222 4005 3361 4061 aliis.
3394 4006 3612 4062 Teolius

2038 4073 2091 4127 in
2124 4087 2229 4127 uno
2257 4071 2456 4126 tantum
2486 4072 2605 4127 Vat.
2630 4071 2761 4125 vidit
2789 4071 2974 4126 nobile.

2109 4144 2235 4198 547.
2266 4142 2477 4211 Optimi,
2496 4142 2779 4211 Heinsiani
2798 4182 2814 4207 ,
2845 4142 2997 4211 Man,
3036 4142 3155 4197 Rat.
3174 4183 3190 4207 ,
3219 4144 3405 4209 Alex.,
3433 4144 3606 4211 Sicb.,

2041 4210 2441 4283 Weitz.,icasta.
2465 4210 2584 4283 Vat.
2610 4214 2676 4277 Α,
2704 4212 2849 4283 Ald.,
2877 4210 3019 4283 Gis.,
3047 4212 3201 4283 urb.,
3228 4216 3383 4283 facta.

2111 4282 2237 4338 549.
2268 4282 2322 4336 in
2353 4281 2473 4336 Rat.
2504 4281 2601 4335 fuit
2628 4281 2983 4350 folsi/icantis,
3010 4282 3103 4336 sed
3141 4300 3173 4335 η
3202 4281 3284 4336 est
3308 4284 3604 4338 inductum.

2041 4349 2318 4434 Fit/silici“
2339 4352 2508 4434 Plauti
2530 4349 3280 4434 εει..Ἐθοοὶριειιιιειίαιεζῇεαζε
3293 4352 3606 4434 ωηιιειιιιειηι

2043 4422 2257 4487 rejecit,
2283 4436 2403 4475 cum
2429 4422 2577 4491 plura
2599 4422 2700 4475 alia
2729 4422 2892 4476 verba
2920 4421 3088 4475 solius
3116 4421 3385 4476 Prudentii
3423 4433 3610 4476 aucto-

2040 4490 2198 4571 ritate
2227 4493 2365 4546 inter
2380 4491 2574 4571 _Latina
2597 4491 3028 4571 reposuissetnln
3055 4490 3341 4571 editione-.2
3358 4491 3605 4571 piselini,

2041 4569 2096 4613 et
2149 4562 2200 4613 in
2254 4561 2481 4628 quodam
2533 4560 2825 4628 exemplari
2877 4560 3129 4615 editionis
3178 4560 3491 4616 Weitzianue
3540 4562 3607 4615 ad

2041 4644 2234 4698 marg,
2260 4631 2339 4683 vel
2368 4644 2463 4698 pro
2491 4638 2600 4698 aut.

2109 4697 2236 4754 551.
2270 4697 2428 4763 Mari,
2451 4697 2667 4763 Weitz.,
2696 4715 2789 4762 ne;
2829 4699 2952 4764 alii,
2981 4716 3091 4754 nec.
3123 4700 3264 4764 Rat,
3305 4717 3427 4756 non.
3464 4700 3610 4755 Non-

1955 4759 2008 4819 D
2034 4769 2169 4842 nulli
2196 4770 2391 4842 vulgati
2416 4759 2573 4842 'male
2613 4759 2954 4842 distinguunt
2987 4786 3076 4842 nec
3114 4769 3206 4823 sub
3253 4759 3390 4842 fasce
3425 4775 3607 4842 jacens

2038 4839 2238 4973 alibenfo,
2272 4848 2319 4893 et
2356 4839 2527 4892 dedita
2557 4853 2730 4910 regno.
2772 4839 2830 4895 In
2861 4839 3079 4894 Heinsio
3116 4840 3367 4898 mendum
3406 4839 3490 4897 est
3516 4856 3608 4895 nec

2038 4924 2097 4961 sn
2182 4925 2288 4964 ace.

2036 4924 2129 4961 suo
2161 4924 2288 4964 ιαερ.

2109 4977 2233 5032 552.
2269 4979 2455 5045 Aldus,
2488 4992 2551 5031 ne
2579 4991 2675 5045 pro
2701 4994 2823 5035 non.

2110 5046 2235 5118 555.
2269 5048 2464 5104 Weilz.
2484 5090 2498 5113 ,
2526 5049 2707 5101 mundi
2734 5049 3129 5118 hominumque;
3157 5050 3368 5118 caueri,
3402 5046 3610 5106 mundi-

2038 5133 2155 5187 que,
2176 5117 2815 5189 hominumqueLrectius.
2846 5119 2977 5174 Cum
3004 5117 3456 5189 demonstraverit
3476 5118 3606 5189 P_ru-

2038 5188 2253 5256 dentius
2295 5186 2473 5245 Deum'
2510 5203 2614 5243 non
2654 5203 2774 5243 esse
2804 5191 3006 5256 peccati
3036 5200 3304 5243 auctorem
3324 5226 3338 5248 ,
3366 5188 3458 5243 sed
3490 5186 3607 5240 dia-

2039 5254 2221 5327 bolum
2252 5274 2371 5313 eum
2399 5273 2517 5314 esse
2538 5258 2624 5327 qui
2652 5254 2895 5311 homines
2932 5260 2983 5311 in
3016 5265 3226 5327 peccata
3254 5258 3506 5327 traxerit,
3539 5271 3606 5310 ne

2036 5322 2088 5396 in
2111 5331 2433 5383 contrariam
2455 5322 2658 5396 partem
2681 5327 2951 5381 declinare
2976 5322 3239 5396 videatur,
3261 5331 3342 5387 et,
3366 5334 3422 5378 ut
3442 5325 3604 5396 alium

2035 5394 2472 5451 Marcionitarnm'
2500 5410 2737 5449 errorem
2769 5402 3003 5459 evertat,
3032 5394 3099 5449 ad
3131 5394 3430 5448 libertatem
3464 5395 3607 5449 arbi-

2036 5465 2122 5517 trii
2150 5466 2531 5519 ostendendam
2554 5463 2876 5530 aggreditur.

2103 5535 2229 5588 556.
2262 5534 2364 5587 Alii
2396 5533 2592 5587 habent
2610 5532 2675 5584 de
2694 5532 2846 5585 corde
2878 5532 3097 5600 parenti.
3122 5532 3396 5587 Sententia
3423 5546 3607 5589 sumn-

2034 5610 2086 5655 ta
2117 5611 2198 5655 est
2225 5618 2290 5656 ex
2318 5601 2498 5673 Matth.
2524 5617 2610 5673 xv,
2633 5601 2701 5673 i9
2727 5618 2739 5654 :
2768 5602 2846 5656 De
2866 5604 3017 5659 corde
3039 5604 3175 5659 enim
3202 5612 3382 5658 exeunt
3410 5604 3601 5673 cogita-

2035 5672 2195 5727 tiones
2224 5671 2394 5741 mala,
2422 5671 2719 5741 homicidia,
2748 5681 2851 5728 etc.
