4090 6192
557 271 684 327 1051

727 381 828 434 Nos
860 379 1131 433 volumus:
1163 376 1247 446 qui
1271 374 1545 442 decrepito
1576 383 1822 441 suggesta
1855 373 1997 426 leoni

551 471 658 526 560
722 474 1067 524 Armamcnta
1097 467 1310 518 damus:
1344 465 1499 532 friget
1535 463 1640 516 fera
1668 461 1812 514 futile
1845 461 2114 527 frendens,

731 559 949 613 llumani
977 556 1184 624 generis
1213 554 1264 606 ni
1295 568 1388 619 per
1409 552 1658 619 suffragia
1685 553 1893 618 gliscat.

727 650 1000 718 Gignitnus
1025 662 1182 698 omne
1214 645 1409 698 malum
1442 644 1657 712 protirio
1679 642 1745 696 de
1775 655 1995 708 torpore
2028 655 2121 692 no-

1811 730 1998 801 [strnm
2033 747 2045 781 :

728 826 796 880 Ut
824 827 1003 894 genuit
1037 824 1194 877 David
1215 868 1228 890 ,
1258 823 1386 876 alias
1419 834 1568 890 pater
1597 821 1850 888 Optimus,
1887 836 1916 870 ιι
1945 836 2046 870 ιιΙιιι

725 919 938 972 Crimen
996 917 1344 970 Abessilon:
1397 923 1589 966 tetrum
1653 925 1802 980 pater
1851 913 1971 977 ilic,
2029 909 2122 962 sed

1868 1002 2049 1069 ιιιιιιιιη

554 1102 658 1157 563
733 1100 990 1152 lnnocnas
1017 1098 1152 1152 inter
1180 1097 1390 1150 Subules
1417 1095 1598 1164 genuit
1626 1094 1776 1162 patri.
1797 1093 1933 1145 illam
1967 1109 1978 1142 :

731 1198 903 1248 Ausus
943 1194 998 1249 in
1038 1203 1308 1247 auctorem
1350 1193 1562 1260 generis
1593 1190 1680 1258 qui
1727 1189 1989 1255 stringere
2021 1186 2124 1240 fer-

1879 1281 2015 1350 [rum
2035 1319 2049 1344 ,

729 1377 806 1428 Ah
841 1376 1034 1440 pietas!
1066 1374 1230 1443 signis
1260 1373 1524 1427 contraria
1556 1372 1703 1438 signa
1735 1372 1972 1438 paternis

731 1465 871 1535 Egit,
902 1473 956 1518 et
980 1466 1133 1517 unitts
1156 1463 1424 1516 commisit
1447 1460 1722 1529 sanguinis
1746 1475 1913 1513 arma.

727 1557 915 1608 Nostra
946 1555 1122 1608 itidem
1154 1553 1297 1607 diros
1329 1563 1516 1606 urente
1548 1553 1834 1620 propagine
1867 1558 2020 1604 natos

558 1649 660 1702 570
735 1649 951 1702 Pectoa
985 1647 1321 1715 parturiunt:
1349 1647 1517 1699 versis
1543 1646 1631 1714 qui
1661 1646 1901 1714 protinus
1942 1646 1992 1699 in
2026 1661 2124 1700 nos

1644 260 1918 316 AURELII
1961 258 2319 314 l‘RUDliNTll
2358 256 2674 312 CARMINA.

3665 258 3798 314 1052

2401 369 2636 434 Viscera,
2667 379 2718 422 et
2749 367 2964 421 interitu
2995 367 3243 435 genitalis
3264 367 3446 436 Stirpis
3474 369 3709 423 aluntur.

2399 463 2711 530 Pragenicm
2743 475 2925 514 verum
2973 460 3060 514 ille
3092 476 3238 513 suam
3259 504 3272 527 ,
3314 476 3407 515 rex
3437 471 3620 531 utpote
3649 477 3794 515 sum-

3553 556 3568 625 |_
3587 570 3724 618 tnns,

2259 646 2359 700 575
2399 645 2569 711 Atque
2593 643 2680 695 Dei
2706 651 2868 705 vates,
2897 643 3146 710 paritum
3168 651 3219 695 et
3245 643 3464 712 virginis
3492 654 3695 706 auctor,

2402 734 2665 787 Tristibus
2708 743 2866 799 atque
2904 733 2999 800 piis
3037 735 3364 797 variaverat,
3403 745 3459 787 ut
3495 734 3798 789 Salomonis

2402 823 2584 876 Frater
2601 823 2893 875 Abessalon
2917 832 3120 874 sereret
3145 838 3236 875 sua
3258 825 3480 877 crimina
3505 826 3652 889 iustis

2401 914 2736 982 I‘ignorihus,
2757 914 3070 982 dulcemque
3085 915 3300 967 domum
3327 917 3560 970 turbaret
3577 920 3794 973 amaris.

2399 1007 2505 1061 Nos
2533 1007 2748 1075 diguutn
2783 1008 3064 1063 Salomone
3093 1008 3222 1061 nihil
3254 1027 3265 1059 :
3311 1024 3407 1061 nos
3437 1009 3666 1078 degener
3698 1015 3796 1064 im-

3622 1103 3732 1168 plet

3588 1100 3684 1172 [ρει

2261 1187 2364 1242 580
2402 1185 2559 1241 Solus
2586 1186 2898 1250 Abessalon,
2929 1187 3165 1240 lacerans
3184 1188 3267 1254 pia
3292 1189 3492 1242 viscera
3519 1189 3684 1244 ferro.

2400 1278 2455 1331 Si
2479 1278 2602 1331 licet
2633 1293 2693 1330 ex
2724 1278 2911 1331 ethicis
2935 1278 3220 1345 quidquam
3254 1294 3574 1344 prtesnmere
3595 1324 3608 1344 ,
3640 1282 3725 1334 vel
3755 1284 3799 1335 si

2403 1373 2478 1427 De
2526 1373 2758 1442 physicis
2796 1373 3020 1440 exempli
3063 1373 3298 1440 aliquid;
3349 1374 3425 1428 sic
3483 1375 3663 1440 vipera
3690 1418 3702 1431 .
3743 1389 3797 1429 nt

3525 1463 3728 1531 [:xiunt,

2404 1551 2658 1607 Dentibus
2685 1551 2940 1606 emoritur
2968 1550 3095 1604 fusa:
3118 1565 3212 1618 per
3234 1551 3431 1604 viscera
3462 1554 3656 1620 prolis.

2404 1642 2564 1713 544.
2594 1644 2758 1697 Mater
2789 1652 2961 1695 morte
2980 1657 3099 1705 sua,
3127 1657 3230 1693 non
3248 1657 3378 1695 sexu
3399 1642 3610 1709 fertilis,
3637 1646 3799 1698 auide

731 1738 887 1809 543
926 1737 1186 1792 Morsibus
1227 1738 1538 1792 insuescunt
1576 1736 1886 1806 gignentum
1934 1738 2120 1791 vivere
2156 1735 2199 1793 Β
2261 1733 2366 1789 585
2405 1733 2698 1786 Coneubitu
2725 1732 2956 1785 distenta
2996 1741 3241 1795 uterum;
3270 1733 3362 1784 srd
3387 1748 3506 1784 cum
3532 1734 3668 1788 c.-.let
3696 1737 3793 1805 igni

1881 1845 2013 1883 mnis
2039 1846 2052 1881 ἒ

1881 1845 2013 1883 mnis
2039 1846 2052 1881 :

737 1920 1132 1990 Depopulantur
1161 1921 1302 1977 enim
1336 1919 1555 1976 nimium
1587 1828 2118 1988 fecunda[ti)arentum

2406 1824 2611 1878 Pet-cita
2635 1823 2861 1875 femineo
2885 1863 2898 1886 ,
2934 1824 3246 1875 moriturum
3280 1823 3510 1876 obscena
3551 1826 3794 1878 maritum

2402 1915 2507 1969 Ore
2529 1914 2639 1968 sitit
2671 1913 2850 1982 patulo
2876 1929 2889 1977 ;
2919 1921 3074 1981 caput
3095 1913 3279 1967 inserit
3308 1913 3398 1967 ille
3422 1915 3669 1985 trilingue

1844 2035 2125 2089 GLOSSAS
2169 2033 2504 2090 VETERES.

627 2125 748 2180 559.
785 2125 1097 2189 Decrepito,
1139 2126 1378 2192 antiquo,
1423 2126 1566 2188 seni,
1615 2134 1864 2194 veterano.
1891 2125 2122 2194 —Sug-

557 2207 702 2265 gesta
721 2239 733 2258 ,
757 2195 1157 2250 subministrata.
1184 2225 1250 2236 —-
1283 2196 1476 2258 Leoni,
1504 2194 1666 2258 hosti,
1695 2193 1730 2246 l.

629 2259 1158 2337 E.§.).__Arn_tatnenta,
1192 2267 1467 2337 utensilia,
1505 2281 1676 2326 arma,
1723 2265 1798 2317 vel
1840 2263 2122 2337 add'utoria.

563 2362 630 2372 ——
661 2333 853 2395 Futile,
883 2334 1124 2398 inaniter,
1155 2335 1422 2396 inutiliter,
1450 2335 1488 2388 l.

630 2401 750 2470 561.
785 2403 1072 2470 SulTragia,
1097 2406 1312 2456 auxilia.
1335 2435 1404 2445 —
1435 2404 1664 2466 Gliscat,
1697 2412 1918 2465 crescat,
1951 2403 1990 2454 1.

633 2469 756 2525 564.
789 2469 1036 2535 Tetrum,
1075 2474 1388 2542 infaustum,
1432 2474 1708 2542 infelicem.
1739 2473 2043 2538 Abessalon,
2080 2480 2127 2524 et

565 2541 783 2594 Absalon
815 2554 1080 2606 utrumque
1105 2541 1336 2605 dicimus,
1368 2543 1407 2596 I.

636 2610 758 2679 565.
792 2611 1109 2663 Patricidam
1128 2654 1140 2674 ,
1163 2616 1251 2679 qui
1281 2621 1474 2678 patrem
1504 2612 1716 2675 occidit,
1742 2613 1782 2665 1.

631 2677 754 2751 566.
786 2680 873 2745 In,
897 2689 1109 2751 contra.
1137 2677 1201 2720 ~4-
1223 2677 1528 2749 Sttingere,
1575 2697 1693 2732 nam
1737 2681 1893 2735 voluit
1935 2689 2130 2746 patrem

564 2747 867 2815 interﬁcere.
895 2750 936 2803 l.

633 2817 756 2891 567.
792 2819 900 2891 Ah!
933 2820 1171 2874 heulubi
1205 2829 1276 2874 est
1315 2821 1462 2891 modo
1492 2821 1688 2889 pietas?
1723 2820 2000 2891 interjectio
2039 2819 2132 2872 dc-

564 2886 731 2959 lentis,
757 2917 823 2928 —-
856 2890 1045 2959 Signa,
1070 2891 1281 2950 vexilla,
1313 2890 1351 2944 Ι.

636 2957 758 3028 568.
802 2957 944 3027 Egit,
995 2963 1246 3028 portavit,
1288 2959 1522 3020 elevavit,
1569 2960 1748 3022 duxit,
1799 2960 2035 3025 por.’avit.
2063 2987 2132 2997 —

571 3025 766 3098 Unius,
809 3025 1034 3098 proprii;
1075 3029 1283 3082 Juda’os
1323 3046 1436 3082 cum
1479 3029 1697 3082 Judwis.
1725 3057 1793 3067 --
1825 3030 2129 3092 Commisit,

568 3097 684 3163 fecit
712 3100 974 3152 committi.
998 3129 1070 3138 —
1099 3102 1254 3152 Arma
1274 3140 1288 3163 ,
1321 3098 1465 3152 civile
1492 3100 1704 3162 bellum,
1741 3100 1777 3150 Ι.

640 3164 763 3221 569.
798 3167 1009 3230 Itidem,
1047 3169 1184 3221 item.
1211 3197 1278 3207 --
1307 3169 1628 3235 Prnpaginc,
1673 3171 2036 3234 procreatione.
2066 3197 2134 3206 —

569 3233 753 3306 Natos,
787 3239 1044 3290 suasiones
1074 3233 1440 3306 malignorum,
1471 3239 1570 3291 lso.

636 3305 760 3378 57I.
801 3306 1146 3378 Gignentum,
1176 3305 1400 3377 patrum,
1420 3309 1539 3378 quia
1569 3307 1667 3378 ipsi
1693 3323 1843 3376 pecca
1869 3309 1909 3360 is
1945 3309 2130 3360 nostris

563 3377 936 3442 excruciantur,
968 3377 1007 3430 ι.

2298 2121 2422 2176 574.
2467 2121 2686 2182 Verum,
2721 2121 2832 2182 sed,
2868 2120 2904 2172 Ι.

2296 2191 2418 2244 575.
2461 2185 2713 2260 Virginis,
2748 2190 2950 2254 Maria},
2968 2189 3082 2259 quia
3095 2191 3157 2242 de
3179 2206 3359 2260 genere
3389 2190 3552 2244 David
3576 2189 3673 2256 [ait
3704 2189 3799 2244 Dei

2225 2262 2468 2331 genitrix,
2493 2260 2533 2313 l.

2297 2331 2421 2384 576.
2458 2319 2745 2391 Tristibus,
2779 2331 2927 2382 ma'is
2956 2329 3108 2380 natis.
3140 2358 3208 2368 —
3229 2329 3334 2381 Piis
3361 2371 3375 2390 ,
3399 2329 3574 2390 bonis,
3609 2330 3651 2383 1.

2296 2402 2422 2456 577.
2462 2399 2657 2465 Justis,
2691 2402 2962 2468 fratribus,
2994 2401 3072 2450 vel
3104 2400 3292 2452 sanctis
3319 2401 3508 2453 scilicet
3541 2401 3798 2468 operibus,

2229 2472 2420 2524 sanctis
2445 2470 2564 2537 ﬁliis
2583 2509 2596 2530 ,
2633 2471 2670 2520 Ι.

2230 2610 2259 2662 b
2299 2541 2422 2662 5781.
2467 2537 2801 2607 Pignoribus,
2851 2537 2993 2606 ﬁliis.
3025 2567 3094 2579 —
3123 2537 3364 2603 Amaris,
3399 2539 3591 2592 scilicet
3627 2541 3794 2608 aperi-

2264 2627 2353 2662 us.
2421 2648 2434 2661 .

2264 2627 2353 2670 US,
2397 2627 2434 2662 I.

2300 2679 2425 2732 579.
2467 2677 2771 2740 Salomone,
2805 2677 3129 2749 Salomonem
3147 2688 3286 2731 vocat
3305 2679 3584 2749 justitiam.
3625 2709 3675 2718 —
3707 2679 3801 2732 Ni-

2230 2748 2325 2811 hil,
2359 2749 2543 2801 scilicet
2592 2749 2792 2816 agimus
2834 2748 2909 2799 t'el
2950 2747 3221 2812 habemus,
3249 2747 3366 2814 quia
3400 2765 3490 2800 nos
3526 2749 3658 2801 uitiis
3689 2750 3803 2815 plus

2230 2819 2492 2884 implemus
2513 2833 2662 2883 quam
2694 2816 2988 2882 Salomone,
3020 2818 3108 2880 qui
3127 2819 3380 2885 signiﬁcat
3409 2821 3616 2871 virtutes
3635 2863 3647 2880 ,
3682 2818 3722 2869 I.

2301 2889 2425 2942 580.
2470 2886 2762 2957 Abessalon
2787 2927 2799 2944 ,
2823 2887 2964 2938 vitia.
2991 2916 3058 2924 —
3085 2886 3368 2945 Lacerans.
3401 2905 3725 2957 oppugnaris,
3756 2886 3801 2938 Ι.

2301 2958 2424 3012 581.
2467 2956 2646 3020 Licet,
2678 2957 2871 3007 licitum
2898 2965 2987 3008 est.
3022 2986 3090 2994 --
3120 2957 3318 3010 Etltieis
3344 2997 3357 3018 ,
3392 2956 3664 3010 moralibus
3689 3000 3702 3020 ,
3737 2959 3805 3007 de

2233 3029 2474 3080 moribus.
2496 3055 2566 3066 -—
2594 3025 2945 3089 Prmsumere,
2975 3041 3204 3089 sumere,
3245 3029 3522 3093 attingere,
3555 3027 3594 3079 ι.

2305 3097 2430 3152 582.
2473 3097 2547 3150 De
2569 3095 2821 3164 physicis,
2854 3095 3191 3166 naturalibus,
3220 3097 3281 3150 de
3300 3097 3568 3166 scripturis
3599 3104 3808 3148 uatum-

2239 3166 2363 3218 liunt
2389 3181 2580 3230 rerum,
2606 3166 2668 3216 de
2692 3165 2908 3226 naturis,
2935 3164 2973 3217 I.

2307 3237 2430 3289 585.
2475 3235 2732 3298 Distenta,
2761 3234 2971 3296 repleta,
3002 3235 3076 3286 rel
3107 3236 3340 3305 gravida,
3373 3235 3411 3288 l.

2307 3306 2433 3359 586.
2479 3305 2712 3366 Pereita,
2743 3305 3018 3363 insaniens,
3055 3306 3090 3356 Ι.

2308 3376 2430 3428 587.
2475 3375 2635 3441 Sitit,
2670 3373 2828 3444 cupit.
2858 3402 2926 3413 —
2973 3375 3243 3444 Trilinguc
3271 3414 3286 3438 ,
3319 3390 3544 3443 serpens,
3582 3388 3806 3444 quantus

1861 3509 1869 3517 .
1901 3466 2454 3522 COMMENTARIUS.

1861 3509 1869 3517 .
1928 3470 2016 3522 '0}
2043 3468 2342 3522 MENTARI
2411 3469 2454 3522 ‘.

641 3555 762 3611 559.
795 3556 1046 3628 Diabolus
1079 3558 1218 3613 leoni
1248 3558 1474 3628 rugienti
1504 3525 1841 3628 comparatur
1875 3470 2044 3628 eius:
2077 3559 2125 3626 l,
2158 3557 2204 3621 ϐ
2235 3468 3351 3620 ουηιυιιῗίῑεηηὶδεενεισγὲηιίηα.ι]ιι·ιιιιι1ἰιιθι
3371 3565 3548 3624 potest
3573 3556 3807 3611 retineri.

569 3623 689 3678 Pet.
713 3641 765 3689 v,
795 3628 847 3680 8.
876 3625 888 3632 ’

640 3695 768 3766 560.
800 3696 854 3766 ln
885 3696 1014 3750 Mar.
1046 3697 1142 3750 fuit
1172 3695 1355 3762 futtule
1379 3712 1475 3765 pro
1505 3699 1669 3766 futile.
1701 3708 1965 3763 corrupte.

643 3763 767 3835 561.
801 3765 856 3820 S.
887 3767 1242 3834 Augustinus,
1284 3763 1396 3819 sive
1437 3763 1609 3835 potius
1645 3768 1904 3822 Ctesarius
1945 3768 2133 3822 Arela-

573 3833 739 3904 tensis
774 3833 1022 3890 sermone
1063 3836 1129 3888 57
1180 3835 1410 3903 append.
1435 3833 1492 3888 S.
1524 3839 1827 3904 Augustini,
1873 3838 2004 3890 alias
2034 3839 2134 3891 197

572 3907 638 3974 de
667 3901 948 3974 Tempore,
976 3901 1390 3958 diabolumcani
1418 3901 1630 3971 alligata
1657 3922 1993 3974 comparans,
2021 3910 2130 3960 ait:

574 3971 782 4026 Latrare
802 3971 994 4044 potest,
1023 3974 1298 4028 sollicitare
1325 3984 1520 4044 potest,
1550 3971 2008 4030 mordereomnino
2034 3993 2136 4030 non

572 4051 762 4110 potest,
794 4046 891 4096 nisi
917 4051 1179 4100 uolentem.

642 4113 770 4185 56:}.
805 4115 948 4185 Ald.,
980 4113 1160 4176 Fabr.,
1188 4114 1353 4184 Bong.
1390 4129 1509 4171 cum
1539 4115 1679 4182 aliis,
1706 4117 1767 4168 de
1795 4130 2007 4185 corpore
2045 4132 2138 4170 no-

571 4190 693 4234 stro.
727 4181 989 4250 Plerique,
1022 4192 1268 4236 nostrum.

646 4251 770 4304 564.
805 4255 873 4305 Ita
913 4252 1053 4306 LXX
1097 4253 1412 4320 interpretes
1459 4255 1683 4308 efferunt
1713 4257 2018 4318 Abessalon,
2047 4255 2137 4320 qui

574 4318 624 4396 in
647 4321 890 4396 ynlgatis
933 4323 1112 4375 Bibliis
1143 4318 1333 4396 dicitur
1363 4324 1626 4388 Absatom,
1662 4325 1728 4396 de
1760 4342 1864 4394 quo
1897 4327 2010 4396 lege
2038 4318 2133 4378 lib.

575 4387 617 4442 ll
647 4387 846 4452 Regum
876 4406 942 4444 xv
970 4402 1022 4444 et
1047 4407 1195 4458 seqq.
1223 4391 1324 4444 Alii
1349 4396 1583 4446 scribunt
1615 4387 1908 4448 ribussoton.

646 4458 770 4530 565.
803 4460 913 4530 Gis.
941 4461 1003 4512 ad
1033 4476 1209 4523 orant,
1242 4463 1517 4528 paricidam
1551 4480 1642 4530 pro
1671 4467 1994 4523 patricidam.

646 4529 770 4582 567.
802 4529 1028 4582 ltnitatio
1054 4530 1250 4583 Lucani
1275 4533 1424 4584 initio
1453 4529 1756 4587 Pharsalia}.

803 4598 1054 4671 Weitzius
1080 4615 1173 4671 pro
1199 4601 1353 4654 duros
1384 4602 1574 4669 allegat
1611 4605 1750 4662 Ald.,
1786 4603 1968 4671 Fabr.,
2003 4604 2130 4656 Bon-

578 4680 692 4732 gar.
721 4669 825 4722 Sed
854 4669 1017 4723 Aldus
1057 4669 1184 4722 mihi
1217 4671 1375 4724 habet
1403 4671 1562 4726 diros.
1601 4673 1654 4724 In
1697 4669 2135 4726 Fabricio-etiam

578 4735 696 4815 lego
726 4739 884 4790 diros.
915 4737 1024 4791 Gis.
1145 4754 1338 4815 marg.,
1370 4741 1547 4815 duros,
1579 4744 1717 4815 quod
1748 4745 1797 4815 in
1831 4744 1996 4810 prima
2023 4744 2139 4815 edi-

581 4809 724 4859 tione
769 4817 1026 4881 tenuerat.
1070 4809 1256 4862 Melius
1300 4812 1510 4876 eteteri,
1557 4814 1713 4865 diros.
1765 4809 1843 4866 De
1884 4812 2136 4881 peccatis,

579 4888 695 4940 quae
725 4891 792 4928 ex
825 4878 984 4929 corde
1015 4887 1230 4942 parente
1253 4890 1477 4943 exeunt,
1504 4896 1678 4934 sermo
1705 4891 1806 4935 cst.

653 4943 778 5018 572.
822 4945 943 5018 Vat.
974 4947 1034 5007 A,
1061 4949 1431 5018 depopulatur;
1459 4960 1600 5005 recte
1619 4966 1775 5004 manu
1805 4952 2003 5006 recenti
2034 4950 2141 5006 fac-

581 5019 691 5085 tum
723 5015 1116 5085 depopulantur.

655 5081 1070 5156 574.caucbius
1095 5101 1158 5138 ex
1188 5089 1515 5152 coniectura,
1541 5105 1655 5142 vero
1685 5104 1780 5156 pro
1809 5105 2000 5142 varum.
2027 5088 2139 5143 Non

581 5152 758 5227 video,
790 5157 877 5224 qui
908 5155 1054 5209 locus
1081 5169 1202 5210 esse
1231 5159 1352 5211 huic
1379 5152 1701 5226 conjecturae
1733 5160 1929 5227 possit,
1961 5159 2140 5214 invitis

583 5226 926 5279 membranis.

653 5294 775 5348 576.
818 5294 1008 5349 Tristes
1053 5311 1150 5362 pro
1195 5295 1351 5350 malis
1385 5309 1477 5350 seu
1510 5295 1764 5360 improbis
1809 5297 1893 5352 hic
1929 5299 2140 5365 accipi,

582 5372 709 5435 nota
737 5379 798 5417 ex
821 5367 1014 5433 glossa.
1042 5367 1313 5434 Significat
1342 5369 1498 5420 ctiam
1528 5368 1684 5421 tristis
1707 5371 1919 5435 iratum,
1952 5369 2144 5422 diffici-

582 5431 708 5494 lem,
741 5431 964 5500 Stevum,
1001 5431 1270 5501 asperum,
1302 5437 1585 5491 infelicem.
1725 5431 1738 5445 ’

651 5501 754 5574 577
806 5506 959 5556 ,ιιι-χ.
989 5543 1002 5566 ,
1028 5503 1144 5555 Ριιι.
1171 5547 1184 5568 ,
1219 5506 1425 5559 Tltuatt.
1457 5549 1470 5572 ,
1504 5508 1628 5560 ιιοι.
1655 5550 1671 5574 ,
1695 5506 1847 5572 Egm.
1871 5547 1885 5571 ,
1915 5507 2079 5561 Palat.
2111 5521 2140 5560 a

581 5573 756 5643 prima
773 5586 950 5643 manu,
984 5574 1337 5639 Canchianus,
1367 5587 1547 5629 sereret
1574 5573 1667 5636 sua
1696 5578 1942 5638 crimina;
1974 5593 2143 5643 neque

581 5639 785 5694 abludit
815 5642 924 5697 Vat.
956 5649 1018 5697 Α.
1047 5644 1238 5700 Verum
1258 5645 1411 5710 Man,
1440 5645 1590 5711 Urb.,
1622 5646 1997 5714 Ald.,We-tz.,
2026 5639 2138 5703 (iis.

2166 4913 2218 4976 D

2309 3628 2433 3682 578.
2459 3627 2578 3682 Vat.
2593 3628 2658 3692 A,
2679 3627 2954 3692 turbasset;
2981 3629 3175 3681 rectius
3195 3641 3379 3695 supra,
3404 3628 3631 3680 turbaret
3653 3643 3674 3680 :
3696 3643 3810 3680 nam

2237 3713 2395 3753 versu
2423 3712 2542 3764 sup.
2574 3708 2654 3750 est
2684 3706 2888 3749 sereret.

2307 3769 2432 3821 581.
2464 3766 2609 3824 ΑΜ..
2642 3766 2918 3830 mendose,
2937 3782 2999 3819 ea:
3026 3767 3237 3819 ethnicis
3269 3780 3364 3833 pro
3392 3781 3454 3819 ea:
3476 3765 3655 3818 ethicis
3680 3783 3693 3817 :
3725 3766 3808 3833 qui

2238 3852 2390 3892 error
2447 3836 2729 3889 nonnullos
2770 3844 2976 3888 veteres
3005 3837 3218 3890 codices
3251 3835 3476 3899 insedit,
3504 3848 3574 3901 ,ιιι
3601 3835 3732 3890 Mar.
3758 3847 3809 3889 et

2239 3907 2416 3968 Prag.,
2452 3907 2504 3959 in
2527 3906 2717 3972 quibus
2743 3915 2956 3958 recente
2979 3905 3677 3972 manucorrectioadhibita
3709 3917 3810 3959 est.

2237 3977 2295 4032 1n
2323 3975 2466 4038 ltat.,
2494 3968 2742 4027 et'etlticis
2760 3988 2852 4042 pro
2879 3991 2940 4027 ea:
2966 3976 3163 4028 ethicis.
3194 3975 3371 4040 Neque
3399 3968 3806 4038 Chamillardus,

2238 4060 2411 4114 neque
2433 4044 2660 4105 Teolius,
2689 4059 2858 4114 neque
2871 4045 3130 4098 Cellarius
3152 4049 3201 4097 in
3214 4045 3322 4096 suis
3341 4044 3603 4096 indicibus
3621 4045 3808 4096 adver-

2239 4124 2436 4178 terunt,
2462 4130 2489 4167 e
2508 4114 2559 4166 in
2576 4115 2900 4182 etliicis,qu.'c
2920 4114 3074 4181 longa
3101 4129 3201 4179 εει,
3227 4129 3254 4166 a
3276 4114 3566 4167 Prndentio
3593 4114 3806 4180 curripi.

2310 4184 2434 4238 582.
2474 4183 2734 4236 Observat
2761 4183 3026 4237 Giselinus
3065 4195 3208 4237 recte
3251 4183 3482 4249 adjicere
3515 4192 3724 4246 poetam
3754 4194 3806 4234 ut

2239 4255 2419 4317 aiunt;
2445 4267 2630 4306 revera
2659 4254 2800 4307 enim
2842 4253 3016 4306 fabula
3045 4263 3128 4307 est
3153 4269 3182 4306 a
3211 4253 3378 4306 Plinio
3408 4253 3638 4320 aliisque
3669 4260 3809 4305 rete—

2239 4325 2388 4379 ribus
2413 4324 2680 4390 adoptata.
2710 4323 2893 4376 Obiter
2917 4323 3145 4376 monebo
3177 4339 3280 4376 non
3329 4337 3554 4388 peccare
3583 4324 3800 4390 scripto-

2241 4407 2328 4447 rcs
2357 4394 2472 4462 pios
2492 4435 2505 4455 ,
2533 4402 2624 4445 attt
2653 4393 2927 4462 depravati
2949 4393 3133 4460 judicii
3157 4408 3276 4446 esse
3303 4393 3637 4460 arguendos,
3670 4391 3803 4460 quod

2241 4461 2546 4530 hujusmodi
2579 4461 2881 4515 historiolas
2911 4471 3000 4516 aut
3027 4462 3191 4514 falsas
3212 4506 3225 4529 ,
3253 4471 3462 4515 autnon
3495 4464 3628 4514 satis
3659 4477 3803 4514 cotu-

2243 4533 2493 4600 probatas
2527 4533 2578 4583 in
2609 4533 2909 4598 exemplum
2937 4533 3001 4584 ad
3031 4531 3394 4585 informandus
3428 4546 3608 4584 mores
3639 4540 3806 4584 trans-

2242 4603 2451 4665 ferunt;
2476 4600 2665 4670 quibus
2689 4601 2763 4654 illi
2793 4609 3040 4669 tanquam
3072 4603 3209 4654 veris
3238 4601 3406 4664 factis,
3441 4601 3484 4653 si
3511 4603 3800 4662 evenerint,

2241 4681 2330 4724 aut
2364 4683 2610 4739 tanquam
2639 4671 2879 4739 apologis
2903 4714 2917 4737 ,
2945 4672 2988 4724 si
3018 4671 3211 4724 fuerint
3237 4670 3479 4724 conficta:
3504 4712 3516 4730 ,
3551 4685 3651 4724 suo
3691 4671 3804 4737 jure

2243 4750 2482 4794 tttuntur.
2517 4740 2756 4794 Teoliutn
2791 4755 2893 4792 non
2918 4741 3171 4806 intelligo,
3204 4742 3291 4806 qui
3350 4743 3424 4792 ait
3463 4740 3802 4793 Prudentium

2239 4811 2393 4864 aliter
2422 4825 2540 4864 esse
2569 4812 2893 4872 locuturum,
2929 4813 2970 4862 si
3006 4811 3057 4864 in
3081 4811 3182 4863 hoc
3213 4820 3448 4864 nostrum
3478 4825 3651 4864 atrum
3683 4811 3802 4861 luis-

2243 4889 2324 4933 set
2344 4880 2582 4942 delatus,
2618 4896 2732 4933 cum
2762 4889 2950 4932 constet
2998 4881 3168 4932 omnia
3194 4881 3436 4932 animalia
3463 4883 3805 4950 cujuscunque

2278 4951 2442 5002 eneris
2483 4966 2545 5002 ea:
2572 4966 2660 5002 ovo
2689 4950 2860 5012 nasci,
2900 4951 2950 5001 in
2990 4965 3088 5014 quo
3135 4960 3250 5002 sunt
3296 4953 3533 5017 formata.
3575 4950 3806 5018 Negitue

2289 5019 2559 5073 rudentius
2602 5035 2664 5073 ex
2707 5034 2808 5070 ovo
2836 5060 2850 5081 ,
2903 5021 2955 5071 in
2995 5034 3101 5086 quo
3143 5029 3225 5073 est
3271 5022 3493 5072 formata
3520 5061 3535 5081 ,
3572 5022 3802 5086 viperam

2243 5092 2428 5142 nasci?
2481 5089 2650 5142 Claris
2695 5090 2872 5141 verbis
2917 5099 3094 5154 postea
3141 5089 3252 5149 ait,
3301 5099 3571 5157 postquam
3620 5090 3806 5140 semine

2243 5159 2438 5221 adulto,
2471 5168 2575 5211 etc.
2604 5159 2804 5211 Plinius
2835 5157 2928 5210 lib.
2960 5173 3015 5221 Χ,
3046 5173 3161 5224 cap.
3196 5157 3262 5211 62
3291 5175 3304 5209 :
3341 5158 3534 5211 Rursus
3558 5159 3607 5210 in
3627 5170 3806 5210 terres-

2243 5228 2402 5280 tribus
2429 5243 2520 5280 ova
2549 5229 2752 5295 pariunt
2784 5237 3146 5296 serpentes.....
3178 5226 3376 5295 Vipera:
3415 5244 3524 5280 mas
3550 5229 3807 5296 caputin-

2243 5299 2361 5351 serit
2392 5299 2445 5350 in
2473 5315 2546 5358 os,
2579 5298 2713 5364 quod
2741 5297 2832 5348 illa
2855 5295 3055 5348 abrodtt
3080 5298 3350 5364 voluptatis
3377 5299 3656 5350 dulcedine.
3686 5295 3806 5346 Ter-

2247 5369 2479 5419 restrium
2500 5367 2676 5419 eadem
2704 5369 2814 5419 sola
2841 5367 2974 5418 intra
2995 5383 3045 5419 se
3065 5368 3196 5436 parit
3228 5382 3319 5419 ora
3343 5369 3488 5420 unius
3509 5367 3690 5420 coloris
3710 5405 3723 5428 ,
3757 5375 3810 5417 et

2248 5437 2426 5490 mollia
2449 5475 2464 5500 ,
2498 5446 2551 5488 ut
2572 5437 2752 5504 pisces.
2787 5437 2858 5488 De
2889 5436 3103 5490 insectis
3129 5436 3216 5490 illa
3243 5447 3325 5491 est
3352 5437 3605 5506 qutcstio,
3635 5451 3698 5489 an
3736 5449 3808 5487 ex

2249 5507 2415 5575 putri,
2445 5515 2500 5558 ut
2530 5506 2699 5573 aiunt,
2733 5514 3037 5558 nascantur.

2481 5572 2692 5640 Vat.A,'
2712 5589 2862 5627 sexus
2887 5589 2981 5643 pro
3009 5591 3152 5630 sexu.

2320 5643 2442 5698 587.
2476 5645 2640 5701 Aldus
2688 5645 2856 5701 edidit
2899 5644 3183 5716 trilinguaz,
3229 5644 3529 5702 emendavit
3567 5643 3814 5713 triligue;
