4120 6196
383 254 522 313 1655

557 466 838 522 insinuans
859 469 970 522 oris
998 467 1140 521 coitu
1169 466 1404 536 genitale
1428 480 1715 520 venenum.

556 558 751 627 Nupta,
785 559 1071 624 voluptatis
1105 561 1150 610 vi
1183 558 1380 619 saucia,
1418 557 1687 611 mordicus
1724 557 1969 610 haustum

557 650 776 719 Frangit
804 649 1061 703 amatoris
1085 647 1277 702 blanda
1303 649 1439 701 inter
1463 647 1665 702 foedera
1692 659 1893 717 guttur,

556 741 867 809 lul'usasque
894 740 1190 803 bibit,caro
1223 745 1498 806 pereunte.
1535 739 1753 792 salivas.

558 830 652 884 llis
689 839 836 898 pater
868 830 1137 884 illecebris
1169 828 1536 894 consumitur,
1572 837 1624 881 at
1656 826 1965 896 genitzicem

555 922 750 978 Clausa
790 933 944 977 necat
983 921 1228 986 soboles;
1276 936 1396 975 nam
1445 931 1723 990 postquam
1761 921 1968 974 semine

1685 1010 1897 1082 [adulto

557 1106 825 1176 Incipiunt
849 1105 1038 1160 calidis
1065 1107 1379 1174 corpuscula
1412 1119 1573 1172 parva
1603 1105 1825 1158 latebris

554 1198 804 1266 Serpcre,
838 1207 1204 1264 motatumque
1237 1206 1443 1250 uterum
1475 1195 1676 1248 vibrata
1705 1195 1890 1260 ferire,

558 1290 774 1345 Aistuat
806 1292 1018 1344 interno
1041 1291 1253 1359 pietatis
1282 1290 1508 1344 crimine
1532 1299 1724 1357 mater,

556 1383 716 1454 545
775 1381 1202 1452 Carniliccmque
1241 1383 1410 1453 gemit
1454 1383 1693 1436 damnati
1749 1385 1960 1437 conscia

1701 1473 1892 1544 [sexus

552 1561 890 1633 Progeniem,
917 1564 1051 1632 septi
1090 1574 1426 1633 rumpentem
1449 1565 1722 1619 obstacula
1758 1577 1958 1635 partus.

550 1657 721 1724 Nam,
751 1659 873 1728 quia
912 1660 1164 1714 nascendi
1209 1661 1384 1715 nullus
1415 1670 1560 1729 patet
1581 1663 1777 1725 exitus,
1811 1664 1962 1714 aivus

548 1749 771 1805 Fetibus
792 1752 843 1804 in
875 1752 1047 1806 lucem
1071 1753 1362 1807 nitentibus
1384 1754 1690 1808 excruciata

549 1839 814 1912 Carpitur,
843 1853 1003 1914 atque
1033 1845 1171 1898 viam
1197 1847 1427 1901 lacerata
1453 1861 1549 1916 per
1571 1847 1655 1900 ilia
1683 1845 1886 1917 pandit.

549 1933 788 1987 Tandem
820 1934 969 1989 obitu
993 1935 1195 1990 altricis
1218 1936 1395 2005 prodit
1421 1951 1551 2007 grex
1575 1938 1666 1991 ille
1689 1937 1958 2001 dolorum,

547 2022 851 2094 ingressum
876 2026 998 2080 vitae
1022 2028 1108 2080 vix
1139 2027 1424 2095 eluctatus,
1459 2037 1512 2083 et
1541 2037 1718 2082 ortum

551 2115 655 2170 Per
681 2117 856 2170 scelus
878 2117 1198 2186 exsculpcns
1222 2135 1234 2171 :
1264 2117 1508 2173 lambunt
1530 2118 1706 2172 natale
1733 2118 1965 2172 cadaver

548 2208 840 2278 Reptantes
861 2210 1041 2277 catuli,
1062 2211 1258 2280 proles,
1284 2210 1410 2264 dum
1440 2212 1700 2278 nascitur,
1733 2211 1885 2276 orba,

377 556 482 614 590

376 1106 483 1162 595

372 1655 478 1712 630

370 2113 476 2173 605

1755 261 2294 319 ΙΙΑΜΑΒΤΙΟΕΝΙΑ.

553 371 810 442 Coniugis
838 372 890 427 in
923 371 1100 434 fauces
1128 380 1291 443 atque
1313 371 1491 427 oscula
1522 369 1756 428 fervidus
1779 373 1965 440 intrat,
1998 386 2052 442 Α

3495 272 3656 332 -1051

2252 378 2402 434 llaud
2445 388 2663 449 experta
2715 381 2898 453 diem,
2951 384 3162 440 misera:
3214 386 3316 442 nisi
3371 389 3656 457 posthuma

3342 477 3584 547 [matris.

2250 558 2364 613 Non
2391 559 2571 630 dispar
2594 571 2788 617 nostrae
2819 574 3106 634 conceptus
3136 569 3363 633 mentis;
3393 569 3461 622 ab
3492 585 3586 624 ore

2168 674 2179 684 ο
2249 651 2476 720 Vipereo
2499 653 2730 707 infusum
2753 656 2829 708 sic
2852 659 3105 712 combibit
3131 659 3214 712 illa
3245 675 3514 715 venenum

2073 742 2177 796 610
2253 743 2489 812 Conjuge
2521 744 2734 799 Beliade
2754 787 2768 811 ,
2789 747 2865 800 sic
2888 748 3067 801 oscula
3091 750 3309 802 devorat
3334 750 3543 815 haustu,

2247 835 2581 902 luteriusque
2609 837 2766 905 rapit,
2797 838 2872 892 sic
2897 837 3021 893 felle
3053 841 3287 895 libidinis
3319 842 3513 896 ardens

2248 925 2410 996 546
2438 927 2693 994 impletur
2722 928 2884 991 vitiis,
2917 931 3151 995 perituro
3178 932 3340 984 mixta
3365 934 3576 988 marito.

2248 1017 2395 1070 'l‘uuc
2422 1032 2699 1084 praegnans
2734 1018 2930 1072 lethale
2957 1035 3140 1088 genus,
3159 1032 3414 1090 concepta
3437 1023 3652 1092 maligni

2248 1110 2551 1180 lt‘ertopcra
2586 1113 2804 1181 ingenii,
2832 1114 2897 1166 de
2927 1115 3132 1169 semine
3163 1115 3438 1184 complicis
3465 1116 3650 1186 hydri:

2248 1201 2413 1266 Quem
2435 1206 2607 1270 pomis
2635 1220 2859 1272 pensare
2883 1207 3030 1274 prius
3058 1221 3150 1259 sua
3183 1207 3314 1261 facta
3338 1218 3654 1263 necesseest

2247 1292 2523 1362 Corruptus
2553 1311 2648 1364 pro
2671 1306 2854 1366 stupro
2887 1298 3099 1368 anima},
3137 1314 3336 1368 proque
3366 1300 3495 1354 orbe
3532 1317 3652 1368 pcr-

3347 1390 3364 1461 [
3381 1403 3577 1460 empto.

2243 1476 2416 1545 ipsam
2449 1492 2609 1546 porro
2641 1479 2870 1532 animam
2901 1481 3135 1534 crudelia
3169 1483 3390 1536 vulnera
3422 1495 3650 1552 carpunt

2249 1567 2392 1622 Mille
2415 1570 2728 1637 puerperiis,
2762 1571 2974 1625 soboles
2997 1572 3121 1626 dum
3147 1575 3371 1642 parturit
3399 1591 3463 1629 ex
3496 1591 3555 1630 se

2240 1659 2437 1714 Contra
2468 1669 2708 1714 naturam
2742 1662 2978 1731 genitas,
3017 1665 3322 1732 pccramina
3355 1669 3544 1721 crebra

2071 1200 2174 1254 615

1992 1743 2043 1802 Β
2068 1750 2170 1807 620
2243 1751 2476 1816 Scilicet,
2504 1761 2558 1806 et
2581 1761 2758 1821 pastos
2789 1764 3028 1808 materno
3060 1757 3240 1810 iuuere
3266 1767 3439 1812 natos.

2247 1843 2383 1898 lliu‘c
2404 1845 2490 1897 illa
2517 1852 2600 1898 est
2621 1844 2829 1897 Domini
2849 1845 2990 1914 justa
3021 1846 3321 1916 objurgatio
3347 1849 3576 1904 Christi:

2241 1935 2431 1988 Nonne
2461 1944 2609 2003 pater
2630 1935 2840 1989 daemon
2862 1977 2874 2001 ,
2909 1952 3002 1991 vos
3029 1937 3252 2006 increpo
3275 1979 3290 2005 ,
3317 1951 3645 2009 peccatores,

2242 2026 2540 2082 Concubitu
2567 2030 2742 2081 carnis
2772 2043 2954 2082 semen
2989 2030 3218 2083 sitientis
3249 2032 3485 2100 iniquum

2248 2119 2351 2174 Vos
2373 2120 2592 2190 genuit?
2625 2120 2876 2174 Sanctum
2907 2164 2920 2189 ,
2956 2119 3122 2176 lector
3145 2161 3160 2186 ,
3207 2138 3463 2191 percense
3495 2126 3644 2178 volu-

3368 2214 3523 2283 [ttteit
3559 2232 3572 2268 :

1679 2300 1970 2357 GLOSSXE
2014 2301 2347 2358 VETERES.

369 2409 471 2447 non
508 2394 690 2448 habeat
720 2396 819 2448 nisi
856 2396 1083 2466 linguam
1111 2413 1264 2450 unam
1286 2437 1301 2461 ,
1337 2404 1479 2450 tanta
1501 2405 1669 2450 tamen
1700 2397 1954 2448 celeritate

369 2481 482 2517 eam
501 2475 682 2530 movet,
716 2475 768 2518 ut
791 2467 1054 2520 rideantur
1083 2476 1180 2521 tres
1207 2483 1314 2522 esse
1334 2508 1348 2534 ,
1381 2467 1422 2522 1.

437 2536 562 2605 588.
605 2538 821 2603 Uscula,
847 2553 956 2605 per,
978 2537 1018 2589 1.

436 2603 560 2678 569.
604 2603 900 2678 lit-iuuans,
933 2609 1229 2662 immittens.
1262 2639 1331 2648 —
1362 2607 1538 2672 Coitu,
1571 2623 1686 2678 pro,
1723 2608 1798 2672 in,
1835 2607 1872 2659 1.

436 2675 561 2728 590.
601 2676 796 2747 Nupta,
823 2680 1032 2747 conjux.
1063 2709 1133 2716 —
1156 2679 1346 2732 Saucia
1367 2723 1380 2746 ,
1414 2675 1661 2732 sauciata.
1701 2707 1766 2716 —-
1797 2679 1941 2731 Mor-

365 2743 516 2798 dicus
537 2786 553 2811 ,
582 2743 870 2800 adverbium
890 2743 924 2814 ,⁷
946 2748 1251 2801 mordaciter
1279 2790 1293 2814 ,
1334 2743 1636 2802 mordenda.
1673 2777 1740 2788 -—
1774 2749 1945 2801 [laus-

368 2824 501 2887 luttt,
531 2818 864 2883 deroratum,
890 2821 942 2870 in
975 2834 1060 2871 ore
1089 2831 1438 2887 assumptum,
1471 2820 1510 2871 1.

433 2885 556 2956 591.
599 2887 836 2956 Frangit,
866 2889 1078 2942 mordet.
1111 2919 1180 2928 —
1202 2885 1501 2954 Amatoris,
1536 2889 1730 2956 mariti,
1756 2888 1796 2940 1.

433 2955 558 3011 592.
597 2955 761 3022 (Σίποξ
791 2961 974 3011 marito
996 2999 1012 3022 ,
1041 2959 1078 3012 l.

434 3025 554 3082 595.
597 3027 757 3082 Pater
776 3069 791 3096 ,
820 3029 908 3081 ille
929 3031 1206 3084 masculus.
1237 3060 1308 3069 —
1333 3029 1606 3085 Illecebris
1625 3068 1637 3092 ,
1667 3027 1948 3096 voluptati-

362 3095 483 3159 bus,
514 3099 556 3153 l.

430 3168 554 3222 594.

429 3239 555 3292 596.

428 3307 553 3381 597.
597 3309 816 3363 Pietatis
841 3352 856 3374 ,
887 3310 1068 3378 prolis.
1108 3341 1178 3350 ——-
1209 3311 1445 3365 Crimine
1467 3352 1480 3376 ,
1537 3307 1655 3381 quia
1700 3314 1942 3363 maritum

357 3380 543 3431 occidit
569 3394 586 3431 :
617 3382 750 3430 dolet
781 3382 910 3432 enim
941 3397 992 3434 se
1023 3397 1128 3433 esse
1155 3383 1447 3449 carui/irem
1475 3380 1663 3446 mariti,
1698 3383 1736 3434 Ι.

427 3450 555 3502 598.
597 3449 934 3512 Carnificem,
959 3467 1032 3514 se,
1070 3451 1106 3504 Ι.

425 3516 550 3572 599.
593 3518 763 3586 Sepli,
791 3520 997 3585 inclusi,
1023 3522 1298 3586 reconditi,
1332 3522 1654 3586 circumdati,
1687 3524 1724 3577 I.

425 3587 550 3642 605.
591 3588 772 3649 Obitu,
808 3603 987 3644 morte.
1022 3620 1090 3630 ——
1119 3593 1352 3657 Altricis,
1383 3594 1582 3660 matris,
1615 3595 1654 3645 Ι.

425 3662 548 3730 (illi.
594 3661 889 3725 Eluctatus,
921 3663 1155 3724 evadens,
1186 3663 1222 3715 Ι.

427 3732 549 3786 605.
590 3731 946 3801 Exsculpeus,
966 3734 1196 3800 sulcatis,
1221 3734 1806 3805 irwestigans;sculpere
1834 3753 1941 3791 rem

596 3167 780 3233 Necat,
810 3170 1016 3232 occidit,
1051 3170 1092 3223 1.

598 3238 877 3310 bimatum,
909 3250 1236 3293 commotum.
1286 3269 1355 3280 —
1376 3241 1616 3306 Vibrata,
1645 3239 1870 3310 pulsata,
1900 3239 1936 3292 Ι.
1971 3237 2016 3300 C

2034 2395 2302 2459 'dicimus,
2327 2412 2441 2449 cum
2465 2395 2755 2465 di/ﬁettltale
2777 2395 3076 2466 investigare
3093 2437 3107 2462 ,
3134 2394 3174 2448 1.

2132 2467 2258 2520 606.
2300 2467 2463 2533 Orba,
2491 2477 2688 2532 orbata,
2726 2467 2764 2518 1.

2128 2539 2250 2592 607.
2299 2538 2471 2599 Diem,
2497 2538 2668 2589 vitam.
2696 2565 2763 2576 —-
2788 2536 3076 2589 Posthuma
3110 2535 3310 2602 proles,
3342 2545 3455 2604 post
3501 2553 3642 2589 mor-

2055 2609 2484 2676 tem;postlmma
2518 2612 2682 2677 proles
2723 2607 2910 2659 dicitur
2949 2624 3064 2677 qua:
3090 2616 3199 2675 post
3229 2617 3438 2658 mortem
3481 2609 3640 2676 putris

2051 2689 2138 2732 aut
2171 2678 2349 2732 matris
2379 2689 2498 2731 nata
2521 2686 2613 2740 est,
2639 2676 2676 2730 1.

2028 2753 2037 2759 ’
2122 2751 2244 2804 609.
2293 2749 2542 2816 Vipereo,
2570 2747 2852 2812 diabolica,
2885 2749 2922 2800 1.

2121 2820 2244 2875 610.
2292 2818 2535 2881 Beliade,
2567 2818 2803 2882 diabolo;
2828 2820 3236 2888 patronymicun
3280 2834 3309 2869 a
3350 2816 3540 2872 Belial.
3572 2846 3639 2858 --

2050 2891 2276 2956 llaustu,
2310 2898 2634 2958 consumpta,
2673 2888 2709 2942 Ι.

2123 2965 2246 3016 615.
2294 2963 2606 3029 Prmguans,
2633 2975 2793 3024 mens,
2819 2959 2922 3012 Iso.

2119 3033 2243 3086 614.
2287 3032 2596 3098 Co.nplicis,
2627 3031 2775 3100 socii,
2811 3030 3058 3098 censorii,
3092 3029 3376 3100 conjuncti,
3409 3034 3631 3096 compti-

2050 3118 2170 3167 ces;
2198 3103 2503 3172 frequentius
2535 3104 2586 3153 in
2619 3098 2754 3152 malo
2787 3111 3067 3166 ponuntur,
3104 3101 3141 3151 Ι.

2120 3167 2241 3228 615.
2284 3167 2542 3237 Pensare,
2568 3186 2975 3238 recompensure,
3010 3171 3083 3222 vel
3111 3172 3380 3232 resolvere,
3416 3167 3454 3221 1.

2121 3244 2248 3299 616.
2289 3245 2448 3304 Orbe,
2484 3242 2688 3305 orbem;
2713 3241 2966 3293 hominem
2993 3240 3240 3309 appellat,
3259 3240 3332 3291 vel
3358 3241 3632 3303 mundum,

2053 3317 2140 3386 qui
2173 3316 2224 3368 in
2254 3313 2634 3386 similitudinem
2653 3312 2803 3386 _orbis
2841 3320 2914 3362 est
2939 3313 3210 3386 conditus;
3239 3312 3312 3386 vel
3346 3311 3513 3386 ipsum
3549 3329 3635 3386 or_-

2057 3381 2185 3449 bem,
2201 3401 2348 3453 quem
2374 3383 2564 3449 laqueis
2587 3383 2690 3434 suis
2713 3391 2926 3433 conatur
2941 3381 3190 3451 decipere,
3209 3390 3251 3433 et
3277 3381 3576 3453 inter/icere,
3593 3381 3632 3433 1.

2126 3452 2251 3510 618.
2293 3454 2614 3521 Puerperiis,
2648 3453 3015 3522 rtativittztiotts,
3045 3452 3491 3522 parturitionibus,
3521 3453 3560 3504 l.

2126 3526 2250 3581 619.
2296 3524 2628 3586 l‘eecamiua,
2659 3532 2885 3591 peccata,
2916 3521 2957 3574 Ι.

2125 3599 2250 3650 621.
2291 3595 2622 3662 Objurgatio,
2648 3593 2947 3660 increpatii,
2983 3592 3022 3646 1.

2127 3667 2254 3723 624.
2294 3666 2578 3730 Percurre,
2598 3665 2858 3733 perquire,
2893 3663 2994 3719 lso.

1704 3846 2261 3904 COMMENTARIUS.

351 3957 579 4025 opinor,
621 3956 787 4010 voluit
824 3956 1002 4010 dicere
1058 3955 1318 4024 trilmgue.
1379 3956 1451 4008 ita
1502 3957 1698 4009 habent
1749 3961 1931 4024 Alcx.,

352 4027 509 4090 Urb.,
538 4027 722 4091 Fabr.,
758 4029 920 4092 liong.
943 4068 958 4092 ,
990 4027 1100 4079 Gis.
1139 4028 1187 4078 in
1221 4038 1494 4080 contextu.
1527 4028 1668 4089 Pnt.,
1701 4027 1932 4091 'l‘huan.,

350 4098 542 4151 Weitz.
565 4137 578 4162 ,
603 4107 655 4151 et
685 4099 769 4149 aii
805 4099 1060 4165 trilingut’t:
1087 4111 1116 4148 a
1154 4097 1458 4164 trilinguus,
1489 4099 1627 4164 quod
1673 4099 1936 4154 Salmasio

352 4169 632 4235 probatum
669 4169 829 4221 refert
861 4167 1131 4228 lleinsins,
1157 4167 1244 4232 qui
1278 4182 1381 4218 non
1408 4171 1610 4220 viderat
1640 4169 1758 4223 Aldi
1808 4185 1932 4223 eor-

350 4249 665 4305 rcctionem,
695 4253 815 4291 cum
847 4238 1136 4291 asscruerit
1165 4237 1354 4290 Alduin
1382 4253 1487 4290 non
1532 4239 1687 4292 aliter
1719 4255 1938 4309 expres-

349 4325 503 4363 $1550.

419 4381 541 4434 51:5.
572 4379 737 4433 Gisel.
772 4419 786 4444 ,
821 4379 988 4432 Palat.
1021 4393 1176 4447 sUpra
1197 4419 1212 4441 ,
1241 4377 1369 4431 Mar.
1398 4397 1459 4432 ac
1482 4394 1577 4448 pro
1599 4390 1672 4437 at.
1704 4380 1822 4435 Vat.
1857 4385 1923 4449 A,

349 4464 628 4518 perperam
661 4451 747 4502 ad.

422 4522 546 4573 591.
587 4519 700 4571 Vat.
735 4523 798 4584 Α,
851 4519 1066 4584 sobolis;
1119 4519 1230 4588 alii,
1265 4519 1494 4587 soboles,
1521 4519 1689 4590 Bong.
1721 4522 1935 4588 adulta;

348 4606 530 4655 supra,
560 4591 759 4641 adulto.

422 4660 544 4712 596.
578 4661 868 4724 Gisclinus,
897 4669 1120 4722 mutatu;
1146 4661 1346 4727 caeteri,
1383 4671 1644 4715 motarum.

419 4731 539 4783 597.
567 4731 757 4793 Gisel.,
789 4741 1017 4799 pectore;
1047 4733 1108 4781 ad
1146 4746 1311 4797 marg.
1341 4776 1354 4797 ,
1389 4733 1595 4784 crimine
1620 4773 1634 4795 ,
1680 4733 1819 4800 quod
1845 4741 1930 4787 cst

351 4800 403 4853 in
443 4803 560 4853 alis
593 4804 869 4862 omnibus;
903 4809 957 4852 ct
987 4801 1473 4861 significantissimo
1513 4803 1712 4855 dictum
1744 4805 1933 4857 obser-

350 4881 438 4922 vat
461 4872 526 4922 .\l.
565 4875 784 4939 liergius
815 4871 950 4938 apud
985 4869 1290 4935 Weitzium,
1318 4874 1435 4939 quia
1466 4873 1632 4939 pictas
1660 4882 1741 4926 est
1787 4874 1929 4942 quod

350 4946 485 4992 tctus
505 4943 666 5008 patris
693 4956 876 4995 necem
895 4942 1190 5009 ulciscitur,
1219 4955 1268 4994 at
1297 4958 1497 4995 Cl‘llll..‘ll
1528 4943 1669 5010 quod
1705 4956 1926 4999 matrem

347 5013 558 5065 OCl'i'lll.

418 5084 542 5135 600.
584 5083 920 5135 Burmaunus
955 5093 1083 5136 tom.
1135 5084 1153 5136 l
1191 5083 1502 5152 Antholog.,
1549 5100 1664 5153 pag.
1699 5083 1823 5148 463,
1861 5099 1926 5137 ex

348 5151 500 5218 Egm.
536 5155 660 5222 legit
685 5155 797 5221 jam
819 5155 958 5222 quia,
993 5168 1044 5208 et
1077 5156 1257 5208 multis
1283 5151 1467 5222 prohat
1501 5151 1743 5208 libra—rios
1779 5168 1928 5208 vete-

346 5235 434 5293 res
460 5238 602 5292 sa~pc
636 5235 866 5278 mutasse
888 5226 1000 5293 jam
1032 5227 1080 5277 in
1113 5241 1252 5278 nam.
1287 5227 1411 5278 ll.t:c
1441 5227 1649 5280 diversi
1682 5227 1842 5280 lectio
1871 5226 1923 5278 in

345 5292 697 5360 Egmondano
728 5296 848 5347 cod.
883 5292 1014 5363 fugit
1043 5296 1327 5349 Weitzium
1361 5307 1414 5348 et
1445 5297 1742 5349 llemsium.

420 5366 542 5417 605.
586 5365 662 5417 Ex
695 5377 931 5418 veterum
961 5367 1232 5434 opinione,
1263 5368 1345 5420 cui
1379 5375 1740 5419 recentiorum
1772 5383 1855 5432 ex,
1877 5382 1926 5422 e-

343 5435 536 5488 rientia
593 5437 897 5503 Opponitur.
954 5436 1151 5489 Plinius
1199 5439 1267 5490 ita
1318 5453 1431 5490 rem
1477 5438 1693 5501 exponit
1726 5439 1818 5490 lib.
1871 5453 1923 5504 κ,

344 5520 464 5571 cap.
505 5506 610 5558 62;
657 5505 831 5558 Tertia
858 5506 941 5557 die
989 5507 1122 5557 intra
1171 5518 1368 5559 uterum
1415 5509 1552 5558 catul
1589 5523 1609 5559 δ
1661 5509 1922 5569 exrlurL-t;

346 5577 530 5647 deinde
545 5577 770 5644 singulos
788 5577 1002 5646 singulis
1026 5577 1201 5629 diebus
1218 5580 1345 5647 parit
1366 5578 1540 5646 viginti
1568 5577 1671 5645 fere
1694 5595 1831 5628 nam:
1846 5592 1924 5631 r0.

347 5645 532 5713 Itaque
553 5647 722 5698 timeri
749 5645 1006 5700 tarditatis
1034 5645 1352 5715 impatientes
1377 5645 1711 5718 p.rrumpttut
1738 5649 1920 5712 latera,

346 5719 512 5770 occisa
539 5725 763 5786 parente.

2115 3959 2237 4012 606.
2270 3955 2389 4008 V'at.
2421 3954 2484 4016 A,
2508 3953 2666 4022 prolis
2695 3967 2789 4020 pro
2812 3953 2997 4022 proles.

2113 4029 2238 4081 607.
2271 4025 2416 4090 Ald.,
2463 4020 2575 4076 Gis.
2634 4032 2690 4074 et
2731 4020 2819 4076 alii
2863 4022 3032 4088 vulg.,
3065 4020 3244 4084 matri;
3301 4020 3624 4074 VO'llrlilll’CS

2041 4099 2249 4162 Ileius.,
2274 4096 2417 4161 R:it.,
2440 4094 2568 4145 Mar.
2591 4108 2615 4145 a
2642 4095 2811 4162 prima
2844 4106 3034 4156 manu,
3055 4090 3233 4158 Piag.,
3264 4092 3440 4157 Μυκη
3468 4091 3624 4153 Urb.,

2042 4169 2244 4231 ma'ris,
2276 4181 2396 4219 cum
2431 4163 2659 4219 Weitzio
2691 4164 2940 4230 aliisque.

2120 4228 2243 4294 610.
2290 4237 2412 4290 Ald.
2441 4244 2495 4288 et
2541 4233 2671 4287 Fab.
2698 4274 2714 4298 ,
2743 4228 2886 4288 male
2913 4273 2926 4296 ,
2964 4228 3209 4293 Beliade),
3232 4244 3402 4296 neque
3435 4228 3623 4282 melis

2043 4310 2190 4374 Ald.,
2221 4309 2422 4359 hausto.
2458 4304 2724 4360 Giselinus
2753 4305 2859 4366 ait,
2893 4308 2942 4356 in
2980 4302 3079 4355 hoc
3115 4315 3331 4374 nom:_ne
3371 4309 3623 4374 patrony-

2045 4367 2187 4434 mico
2214 4376 2424 4450 Beliade
2453 4375 2970 4450 corripisecundam
3001 4412 3016 4436 ,
3049 4387 3165 4450 qua:
3199 4370 3341 4450 prius
3381 4373 3456 4450 in.
3477 4367 3622 4450 Ilelia

2045 4454 2302 4519 producta
2331 4447 2434 4519 fuit
2473 4440 2614 4500 vers;
2645 4445 2748 4519 520
2775 4487 2789 4510 ,
2832 4446 2900 4519 ob
2933 4443 3200 4496 licentiam
3232 4442 3286 4519 iu
3314 4440 3622 4519 nominibus

2043 4510 2297 4589 prOpriis.
2330 4518 2530 4571 Prazter
2555 4518 2691 4589 hanc
2718 4517 2855 4569 liccn
2875 4517 2987 4589 iam
3022 4522 3192 4589 potest
3219 4513 3378 4589 etiam
3412 4510 3618 4589 admitti

2041 4579 2324 4660 synaeresis
2353 4590 2402 4641 in
2436 4588 2669 4660 secunda
2693 4596 2745 4640 et
2766 4587 2944 4660 tertia,
2965 4579 3031 4636 ut
3049 4585 3118 4636 sit
3140 4581 3430 4660 _5poml:e_us
3455 4579 3621 4660 Belin,

2044 4650 2262 4729 L'egam,
2289 4661 2334 4713 si
2367 4675 2459 4726 per
2491 4659 2829 4713 membranas
2853 4657 3250 4729 liceat_co_ujuge
3276 4651 3420 4705 Belia
3447 4667 3464 4704 :
3487 4650 3620 4704 nihil

2041 4725 2180 4786 enim
2207 4725 2430 4785 necesse
2450 4740 2532 4783 est
2553 4729 2976 4801 patronymicum
3000 4725 3264 4801 deducere
3289 4741 3302 4776 :
3324 4737 3453 4801 nam
3471 4731 3619 4801 post-

2037 4820 2098 4856 ea
2129 4805 2197 4856 de
2227 4803 2418 4854 semine
2447 4793 2707 4867 com-plicis
2737 4793 2886 4869 hydri
2912 4839 2926 4865 ,
2957 4797 3046 4866 qui
3079 4807 3160 4850 est
3204 4797 3315 4865 ipse
3346 4793 3491 4847 Belia
3522 4799 3616 4845 aut.

2043 4873 2230 4937 Belial,
2257 4872 2358 4923 hoc
2381 4882 2460 4923 est
2487 4870 2753 4924 diabolus.

2109 4931 2232 4997 611.
2263 4939 2506 5007 Complea:
2536 4941 2599 4992 ad
2633 4940 2970 4994 Latinitatem
3014 4936 3313 5004 prolapsam
3362 4931 3618 5007 refertur.

2040 5012 2113 5066 Ita
2154 5014 2313 5065 locuti
2357 5004 2480 5063 sunt
2523 5011 2812 5075 Sidonius,
2838 5009 3244 5072 Cassiodorius,
3282 5015 3338 5061 et
3361 5004 3617 5074 aequales.

2038 5084 2273 5138 lsidorus
2324 5081 2416 5134 lib.
2463 5097 2515 5134 x.
2547 5081 2725 5151 Etym.
2775 5091 2942 5144 notat,
2988 5079 3054 5134 ad
3096 5080 3294 5134 bonum
3347 5088 3618 5144 nunquam

2037 5154 2330 5225 complicem
2362 5152 2486 5216 dici,
2506 5168 2610 5225 quo
2641 5154 2724 5206 lso
2751 5153 2987 5225 respicit.

2108 5219 2230 5279 618.
2267 5225 2445 5291 Prag.,
2473 5219 2673 5290 proles;
2697 5223 2901 5285 caztcri,
2936 5219 3150 5291 soboles.

2107 5295 2228 5349 620.
2266 5286 2536 5347 lleinsiaui
2577 5286 2846 5345 et‘nostri
2885 5305 3004 5344 cum
3051 5286 3384 5350 Wcitzianis,
3419 5296 3614 5355 pastos.

2034 5367 2158 5420 Ald.
2191 5375 2244 5418 et
2265 5365 2430 5417 Gisel.
2459 5363 2510 5416 in
2533 5371 2808 5430 comextu,
2836 5370 3028 5430 partos.

2103 5435 2226 5488 622.
2260 5434 2416 5485 Joan.
2439 5449 2547 5496 vtu,
2577 5433 2644 5485 M
2679 5449 2691 5482 ε
2724 5428 2906 5482 Vosea:
2928 5439 3080 5496 patre,
3099 5428 3304 5483 diabolo
3333 5429 3473 5483 estis.

2103 5503 2226 5557 621.
2271 5501 2462 5554 Wcitz.
2517 5495 2635 5554 eum
2693 5501 2853 5553 Fabr.
2902 5507 2956 5553 et
3004 5495 3115 5554 Gis.
3147 5541 3160 5563 ,
3199 5498 3616 5566 repugnantibus

2031 5576 2246 5641 scriptis
2269 5573 2379 5625 fere
2402 5573 2673 5635 omnibus,
2695 5586 2950 5640 percurre.
2981 5570 3168 5638 Bong.,
3207 5571 3400 5623 Widui.
3431 5582 3612 5641 Sltpl‘a,

2031 5634 2204 5706 Sich.,
2241 5644 2488 5709 perguire.
2514 5634 2783 5696 Ileinsniui
2809 5657 3013 5707 omnes,
3043 5634 3216 5710 Εεξτηη
3245 5642 3422 5707 Alcm,
3457 5634 3611 5710 Urb.,

2029 5731 2291 5784 percense,
2345 5730 2463 5768 cum
2498 5713 2634 5768 Aldo
2664 5723 2715 5770 ct
2746 5713 2860 5769 aliis
2887 5709 3124 5783 nostris”,
3171 5713 3272 5769 nisi
3313 5711 3453 5782 quod
3486 5709 3594 5764 Mar
