4090 6192
478 331 608 387 1059

654 533 805 602 Quod
859 531 1128 601 placitum,
1179 528 1413 595 nullique
1451 527 1686 579 animum
1729 526 2048 593 subjungerc

1739 613 1938 685 [vinclo
1956 612 1978 663 ?

651 711 730 764 An
756 724 876 762 cum
909 717 960 761 te
987 705 1258 759 dominum
1287 704 1512 769 cunctis,
1542 715 1868 772 quaecunque
1895 713 2048 754 crea-

1843 791 1944 862 [ττιι
1965 832 1980 853 ν

659 889 958 943 Ρτωῐίεετθι
985 928 998 952 ,
1025 886 1385 954 mundumque
1421 885 1524 938 tuis
1551 883 1752 939 servire
1770 882 1986 950 jnberet

661 973 924 1042 Imperiis,
953 985 1180 1040 cumque
1210 983 1354 1034 arva,
1386 969 1587 1037 polum,
1617 980 1785 1028 mare,
1814 964 2050 1026 llumina,

1099 1064 1102 1068 '
1773 1053 1984 1125 [ventos

659 1155 910 1220 Dederet,
946 1153 1224 1207 arbitrium
1273 1151 1340 1205 de
1380 1159 1432 1204 te
1463 1149 1559 1204 tibi
1604 1147 1824 1202 credere
1865 1159 2057 1198 avarus

659 1248 849 1312 Nollet,
883 1256 935 1299 ut
966 1245 1202 1314 indigno,
1239 1243 1646 1310 libertatemque
1696 1240 1951 1308 negaret?

660 1337 826 1403 Quale
853 1343 988 1399 erat,
1038 1335 1240 1388 electus
1268 1332 1442 1399 magni
1477 1346 1571 1384 rex
1619 1331 1764 1382 orbis
1796 1337 1847 1380 ut
1875 1337 2056 1393 esset,

485 1428 588 1484 685
659 1428 773 1480 Non
800 1439 896 1479 rex
924 1424 1037 1490 ipse
1067 1423 1168 1484 sui,
1201 1429 1353 1474 curto
1380 1419 1604 1472 foedatus
1635 1417 1837 1471 honore
1862 1417 1884 1468 ?

669 1516 800 1570 Nam
831 1513 952 1583 quis
977 1513 1147 1566 honos
1189 1509 1386 1564 domini
1419 1509 1690 1576 est,cujus
1723 1522 1871 1560 mens
1895 1507 2059 1560 libera

1715 1598 1842 1667 [non
1878 1607 1988 1651 est:

663 1697 779 1752 Una
820 1693 914 1750 sed
945 1691 1206 1760 impositae
1239 1688 1406 1745 servit
1435 1688 1699 1743 sententia
1731 1687 1832 1756 legi
1863 1687 1885 1740 ἲ

482 893 584 948 686

1557 321 1826 376 AUliELll
1867 317 2229 376 PllUDENTll
2270 316 2589 371 CAlUllNA.

646 441 805 514 551
831 437 958 493 lure
973 435 1273 498 voluntatis,
1295 431 1553 487 liceatcui
1586 432 2036 500 velle,sequique,
2069 432 2121 490 Α

3595 317 3620 369 ‘.
3633 317 3745 372 069

2342 433 2468 497 Quae
2498 430 2612 481 laus
2642 439 2802 494 porro
2847 424 3100 489 hominis,
3138 427 3220 480 vel
3257 427 3397 495 quod
3430 428 3684 482 meritum
3705 472 3722 495 ,

3339 517 3476 589 [sine
3507 531 3662 573 certo

2332 617 2472 668 Inter
2522 620 2801 678 utramque
2827 609 2969 661 viam
2998 606 3308 662 discrimine
3344 608 3418 660 vix
3432 625 3522 663 ere
3546 609 3738 678 juste?

2159 695 2266 749 690
2341 694 2454 746 Non
2509 693 2782 758 titsponte
2809 687 3023 753 bonus,
3075 687 3159 740 cui
3197 701 3304 740 non
3353 699 3436 741 est
3486 700 3742 758 prompta

3400 778 3668 849 [potestas

2336 875 2487 927 Velle
2517 870 2680 928 aliud.
2708 870 2980 936 nexosque
3001 869 3164 922 animi
3186 880 3502 925 convertere
3519 887 3740 926 sensus.

2340 970 2407 1018 At
2429 964 2495 1030 gui
2528 976 2625 1015 nec
2658 962 2830 1015 bonus
2850 969 2952 1025 est,
2979 974 3075 1013 nec
3105 960 3472 1014 collaudabilis
3505 963 3595 1016 ille
3621 1006 3637 1030 ,

2339 1055 2498 1127 552
2539 1053 2636 1120 Qui
2670 1067 2775 1107 non
2820 1061 3008 1120 sponte
3035 1051 3245 1107 bonus:
3279 1055 3531 1120 quoniam
3560 1054 3744 1122 prohi-

3329 1141 3459 1210 [tate
3482 1156 3672 1194 eoaeta

2347 1232 2526 1287 Gloria
2561 1231 2704 1285 nulla
2740 1230 2906 1296 venit,
2934 1229 3226 1296 sordetque
3257 1231 3482 1299 ingloria
3537 1234 3746 1285 virtus.

2169 1326 2274 1382 695
2348 1325 2453 1377 Nec
2484 1331 2660 1376 tamen
2687 1329 2770 1374 est
2801 1320 2989 1384 virtus,
3015 1319 3068 1371 ni
3101 1319 3370 1374 deteriora
3392 1321 3633 1374 refutans

2336 1415 2561 1478 Einieet,
2587 1423 2639 1468 et
2669 1413 2892 1466 meliore
2917 1411 3057 1464 viam
3091 1422 3234 1479 petat
3261 1412 3434 1468 indole
3462 1424 3700 1469 rectam.

2340 1504 2510 1570 Vade,
2541 1505 2612 1558 ait
2652 1506 2766 1574 ipse
2796 1518 3008 1572 parens,
3042 1502 3329 1572 Opilexque
3351 1544 3365 1570 ,
3396 1515 3448 1559 et
3488 1506 3755 1559 conditor

3545 1595 3711 1666 [Adm
3738 1614 3750 1647 :

2345 1689 2509 1757 Vade,
2553 1688 2735 1755 homo,
2767 1695 2820 1742 et
2845 1686 3026 1741 alllatu
3059 1687 3227 1742 nostri
3256 1687 3564 1756 pra‘nobilis
3590 1691 3712 1742 oris
3737 1729 3752 1752 ,

1777 1799 2058 1856 GLOSSIE
2099 1800 2434 1856 VETERES.

559 1905 682 1960 6'78.
716 1899 1000 1963 Placitum,
1027 1895 1215 1950 scilicet
1245 1893 1357 1958 tibi,
1387 1893 1428 1945 1.

565 1973 691 2028 682.
731 1961 998 2030 Credere,
1038 1968 1158 2019 dare
1191 1965 1317 2027 tibi,
1367 1961 1738 2015 commendare.
1761 1990 1830 1998 —
1855 1961 2059 2016 Avarus

489 2061 601 2114 ipse
627 2043 799 2094 Deus:
835 2054 1008 2114 sensus
1039 2044 1145 2114 est“,
1165 2050 1291 2114 cum
1320 2031 1459 2112 Dens
1479 2031 1652 2082 omnia
1679 2031 1870 2114 homini
1898 2032 2057 2114 dedit,

493 2099 692 2180 simque
717 2108 949 2181 potestati
991 2104 1236 2181 subdidit,
1281 2103 1424 2181 quasi
1459 2115 1652 2181 avarus.
1675 2099 1871 2181 homini
1902 2101 2060 2153 nollet

492 2170 769 2238 libertatein
791 2178 986 2239 dure,et
1007 2174 1269 2228 arbitrium
1297 2172 1414 2225 boni
1439 2171 1512 2224 vel
1529 2170 1672 2236 ntali,
1705 2170 1744 2224 l.

565 2254 688 2308 685.
733 2249 819 2316 Ut,
847 2247 1015 2317 quasi,
1042 2246 1083 2317 l.

567 2323 688 2375 681.
730 2308 914 2385 Quale,
945 2308 1458 2385 qualisque—Rex,
1490 2309 1666 2374 homo,
1699 2308 1741 2362 1.

565 2391 687 2444 685.
727 2384 911 2447 Curto,
937 2385 1090 2449 brevi,
1121 2384 1160 2436 1.

575 2460 698 2513 686.
744 2457 974 2518 Domini,
1017 2447 1510 2511 hominis.—Mens,
1561 2464 1679 2501 nam
1707 2449 1857 2501 homo
1887 2448 1940 2500 in
1969 2447 2064 2501 hoc

497 2529 741 2580 honorem
770 2542 868 2578 non
885 2524 1110 2586 haberet,
1133 2523 1175 2574 si
1195 2521 1351 2573 libero
1377 2519 1588 2572 arbitrio
1609 2534 1707 2570 non
1740 2526 1991 2582 uteretur,
2017 2518 2063 2570 1.

569 2597 694 2650 687.
736 2596 1018 2657 Ιιιιιιοεὶιω,
1042 2591 1230 2643 scilicet
1251 2588 1741 2657 sibi.—Senteutia,
1777 2589 2016 2640 bonitatis
2043 2626 2060 2654 ,

497 2656 960 2732 hominis.-—Legi,
985 2661 1108 2729 ligni
1132 2661 1181 2712 in
1215 2658 1474 2729 paradiso,
1503 2656 1542 2709 Ι.

2087 1897 2136 1957 Β
2233 1893 2355 1947 689.
2400 1891 2542 1946 Inter
2565 1898 2860 1958 utramque,
2885 1887 3016 1940 inter
3039 1886 3222 1938 bonum
3253 1896 3300 1938 et
3321 1889 3605 1940 malum.—
3627 1887 3719 1941 Dis
3736 1920 3752 1928 -

2165 1963 2422 2028 crimine,
2470 1960 2706 2024 arbitrio,
2740 1957 2814 2012 vel
2833 1957 3067 2028 decreto,
3095 1965 3140 2009 et
3174 1958 3374 2026 judicio
3396 1958 3756 2012 discriminari

2163 2035 2297 2087 inter
2319 2034 2500 2084 bonum
2517 2041 2563 2083 et
2592 2031 2804 2095 malum,
2831 2027 2869 2080 Ι.

2236 2103 2363 2157 690.
2408 2102 2678 2168 Prompta,
2709 2099 2890 2160 libera,
2921 2097 2963 2151 1.

2237 2172 2360 2226 691.
2406 2165 2582 2231 Velle,
2607 2169 3053 2236 concupiscere.—
3068 2165 3254 2232 Aliud,
3285 2173 3432 2236 quam
3463 2165 3672 2231 bonum,
3696 2166 3741 2223 Ι.

2241 2242 2365 2295 69ὶ.
2408 2239 2598 2306 Atqui,
2627 2247 2780 2299 certe,
2811 2238 2914 2291 lso.

2243 2311 2368 2366 695.
2411 2305 2711 2376 Probitate,
2743 2306 3285 2371 bonitate—Coacta,
3326 2305 3563 2374 probitati
3613 2307 3757 2358 inri-

2173 2392 2269 2445 tae,
2305 2381 2342 2433 Ι.

2243 2444 2367 2504 694.
2408 2448 2674 2519 lngloria,
2715 2447 3027 2519 inglorio'sa,
3060 2447 3168 2500 sine
3213 2445 3399 2515 gloria.
3423 2474 3492 2484 —
3518 2444 3706 2499 Virtus
3731 2485 3750 2509 .

2169 2521 2357 2576 scilicet
2381 2519 2547 2584 aliter,
2575 2518 2614 2572 1.

2245 2589 2367 2643 695.
2411 2587 2684 2649 Refutans,
2715 2599 2972 2656 respuens,
2998 2585 3036 2638 l.

2239 2659 2363 2714 696.
2407 2659 2641 2726 Emicet,
2674 2652 3232 2719 claréscat.-—lndole,
3264 2654 3544 2722 nobilitate,
3575 2653 3621 2708 1.

1817 2743 2368 2804 COMMENTARIUS.

571 2848 693 2903 677.
737 2844 879 2911 Ald.,
907 2843 1088 2914 Fabr.,
1109 2845 1230 2914 jure
1255 2841 1559 2914 potestatis.

569 2920 694 2972 6725.
732 2909 879 2981 Ald.,
906 2909 1124 2980 Weitz.,
1147 2911 1372 2979 Widiu.,
1405 2912 1535 2964 Mar.
1561 2925 1592 2964 a
1614 2909 1848 2965 secunda
1873 2925 2052 2976 manu,

500 2987 631 3057 quod
656 2987 894 3057 placitum
922 2993 1015 3057 est.
1068 3052 1079 3057 _
1293 3051 1306 3057 Α
1440 3049 1453 3057 _
2047 3047 2050 3050 ἠ

570 3049 692 3111 679.
734 3054 913 3123 Prag.,
940 3052 1176 3105 dominus
1195 3091 1207 3114 ,
1237 3051 1412 3123 minus
1440 3049 1596 3123 bene.

567 3126 692 3180 682.
733 3117 948 3188 Vath,
982 3123 1222 3185 dederat;
1267 3120 1411 3181 Ald.,
1462 3119 1643 3187 Egm.,
1686 3117 1899 3172 dederit.
1925 3118 2062 3174 Neu-

500 3203 639 3249 trum
677 3195 832 3248 bene.
869 3191 1186 3260 Legendum
1213 3190 1432 3243 dederet.

571 3261 696 3317 684.
737 3263 792 3316 In
826 3258 1017 3314 VatCA
1047 3259 1375 3312 desideratur
1403 3258 1608 3311 electus.

572 3332 697 3386 686.
754 3330 954 3384 Widm.
981 3345 1175 3399 supra,
1209 3327 1442 3399 homini;
1477 3327 1660 3399 Bong._
1686 3339 1868 3399 supra,
1902 3325 2069 3381 homi-

503 3403 619 3466 nis;
645 3401 844 3460 caeteri,
866 3395 1078 3453 domini.
1103 3397 1245 3451 Wid.
1287 3412 1382 3465 pro
1408 3397 1552 3466 cujus
1578 3395 1738 3466 hibet
1762 3397 1862 3447 cui.

569 3464 693 3524 688.
735 3469 880 3522 Wid.
913 3484 1093 3533 supra,
1120 3470 1227 3519 sine
1253 3464 1415 3529 nullo,
1461 3464 1616 3518 male.
1646 3465 1769 3517 llaec
1803 3465 1934 3518 ratio
1956 3464 2072 3518 elli-

506 3555 604 3592 cax
649 3547 762 3600 est,
809 3553 911 3605 qua
956 3537 1054 3591 88.
1090 3538 1304 3599 Patres,
1358 3535 1611 3602 theologi,
1644 3533 1960 3605 philosophi
2004 3534 2072 3587 ad

508 3603 878 3662 stabiliendaiu
927 3605 1222 3658 libertatem
1280 3611 1496 3656 utuntur
1518 3643 1532 3666 ,
1567 3603 1764 3654 nullam
1792 3617 1910 3656 esse
1939 3603 2073 3655 iutu-

503 3691 618 3730 ram
651 3677 882 3739 laudem,
929 3674 1130 3726 nullum
1162 3673 1404 3725 meritum
1427 3711 1439 3734 ,
1485 3671 1585 3725 nisi
1619 3680 1819 3726 eertum
1857 3673 1926 3725 sit
1965 3673 2073 3724 dis-

510 3748 712 3799 crimen
747 3743 958 3798 vivendi
999 3743 1138 3809 juste
1180 3745 1320 3794 inter
1360 3750 1642 3806 utramque
1685 3741 1862 3809 viam;
1897 3741 2071 3795 dicam

505 3814 777 3867 vocabulis
821 3807 1042 3874 schola},
1083 3811 1182 3863 nisi
1231 3811 1368 3862 adsit
1418 3810 1633 3862 libertas
1678 3807 2066 3864 indiﬂ'erentite.

506 3884 604 3938 88.
636 3883 849 3936 Patrum
865 3881 1210 3935 anetoritates
1232 3879 1386 3946 plena
1411 3878 1785 3932 manudabuut
1811 3878 2062 3947 theologi.

575 3953 698 4007 690.
745 3953 860 4004 Vat.
897 3956 958 4013 Α,
989 3952 1050 4002 sit
1076 3965 1171 4015 pro
1207 3950 1285 4016 fit.
1330 3947 1648 4002 Prudentius
1682 3948 1847 4016 magis
1878 3951 2071 4013 magis-

503 4039 605 4090 que
644 4023 938 4075 libertatem
970 4019 1335 4090 iudiﬂ‘erentite
1364 4018 1594 4090 explicat
1621 4056 1634 4079 ,
1655 4027 1719 4090 et
1742 4017 1944 4090 clarius
1961 4018 2070 4071 for-

505 4085 668 4156 tasse,
714 4107 870 4160 quam
917 4089 1154 4142 nonnulli
1202 4085 1593 4160 vellent.Vi_de
1621 4085 1779 4160 alia_t
1831 4087 2070 4160 in_Sytn-

505 4155 677 4214 mach.
712 4155 854 4214 vers.
882 4160 1015 4222 555,
1045 4173 1162 4224 quae
1193 4159 1481 4225 plurimum
1526 4155 1706 4208 laudat
1727 4155 1997 4209 Petavius.

576 4231 696 4283 695.
741 4231 796 4284 S.
830 4230 1157 4298 Augustinus
1205 4227 1268 4298 ad
1315 4225 1647 4298 laudabiliter
1688 4226 1945 4298 agendum
1978 4240 2071 4298 vo-

511 4301 768 4352 luntatem
791 4301 856 4350 ab
879 4295 1022 4350 omni
1048 4313 1160 4349 ιιιὲοι
1179 4297 1251 4348 ssi
1278 4305 1361 4348 ate
1385 4297 1601 4348 liberam
1633 4297 1824 4361 smpius
1848 4295 2072 4362 requirit

515 4371 598 4421 his
629 4368 949 4427 rationibus.
983 4382 1113 4433 quas
1145 4377 1296 4432 poeta
1328 4373 1507 4417 noster
1536 4364 1923 4430 complectitur.
1949 4364 2066 4418 Lib.

510 4439 576 4491 de
601 4439 793 4492 Natura
837 4447 891 4490 et
937 4435 1115 4488 Gratia
1140 4450 1256 4500 eap.
1305 4435 1374 4486 65
1415 4436 1756 4487 vehementer
1809 4433 2068 4501 approbat

511 4511 622 4560 base
643 4510 702 4560 8.
734 4507 1040 4574 Hieronymi
1067 4509 1224 4556 verba
1254 4521 1264 4554 :
1297 4503 1459 4555 Liberi
1490 4503 1693 4574 arbitrii
1722 4518 1812 4555 nos
1841 4504 2068 4555 condidit

507 4575 665 4639 Deus,
701 4592 785 4628 nec
808 4576 874 4627 ad
897 4572 1126 4654 virtutem
1151 4614 1166 4639 ,
1210 4589 1298 4626 nec
1333 4574 1402 4651 ad
1453 4572 1571 4626 vitia
1625 4576 1912 4624 necessitate
1939 4607 1942 4610 ‹
1966 4583 2068 4624 tra-
2094 4603 2146 4663 Β

511 4648 712 4696 himur:
758 4647 983 4712 alioquin
1027 4645 1110 4696 ubi
1157 4643 1422 4696 necessitas
1453 4653 1546 4705 est,
1593 4657 1682 4692 nec
1732 4656 1918 4712 corona
1972 4652 2065 4694 est.

503 4715 704 4780 Qubus
746 4716 814 4766 ita
846 4711 1114 4768 Concinit:
1163 4713 1286 4777 Quis
1327 4728 1426 4763 non
1471 4721 1710 4780 agnoscat
1744 4711 1767 4761 Ζ)
1806 4711 1918 4777 quis
1968 4727 2068 4762 non

506 4779 607 4835 toto
634 4786 784 4836 corde
811 4783 1083 4852 suscipiat!
1107 4781 1298 4846 Quidni
1329 4783 1463 4834 hanc
1484 4779 1889 4832 indiilerentiam
1923 4779 2072 4834 liberi

505 4853 711 4904 arbitrii
756 4854 811 4904 S.
854 4853 1174 4919 Augustinus
1220 4858 1550 4919 agnosceret.
1593 4863 1711 4903 cum
1747 4864 1864 4902 eam
1892 4864 1920 4902 a
1953 4864 2073 4919 pas-

509 4921 734 4984 toribus,
764 4935 792 4972 a
835 4918 1025 4986 pot-tis,
1065 4921 1131 4972 ab
1162 4919 1406 4983 indoctis,
1439 4933 1470 4970 a
1507 4918 1696 4982 doctis,
1729 4933 1756 4971 a
1788 4918 2070 4986 magistris,

506 4990 572 5041 ab
602 4990 928 5054 antistitibus,
958 4991 1022 5042 ab
1051 4991 1192 5042 omni
1221 5004 1415 5056 genere
1455 4987 1685 5040 humano
1721 4988 1919 5040 laudari
1951 4988 2072 5041 fate-

507 5071 672 5112 retur.
718 5059 851 5112 Audi
882 5062 996 5126 ejus
1019 5058 1174 5111 verba
1202 5073 1319 5125 cap.
1358 5057 1442 5126 11,
1477 5057 1569 5110 lib.
1601 5057 1667 5126 de
1696 5056 1920 5126 duabus
1944 5059 2075 5110 Aui-

506 5131 692 5182 mabus
731 5124 922 5180 contra
962 5124 1317 5181 Manichreos:
1363 5124 1596 5178 Etiamne
1624 5125 1673 5175 hi
1715 5125 1828 5177 libri
1873 5125 2071 5178 obscurt

507 5199 636 5248 mihi
679 5197 938 5250 scrutandi
965 5206 1127 5258 erant,
1161 5197 1296 5249 unde
1326 5196 1566 5248 discerem
1606 5195 1852 5246 neminem
1879 5196 2076 5263 vitupe-

506 5267 700 5318 ratione
733 5268 1037 5334 suppliciove
1063 5267 1292 5335 dignum,
1319 5266 1402 5332 qui
1443 5265 1624 5335 autid
1659 5264 1771 5315 velit
1805 5265 1938 5335 quod
1961 5269 2076 5332 jus-

508 5337 616 5386 titia
647 5335 770 5387 velle
796 5333 899 5405 non
931 5333 1174 5405 prohibet,
1204 5345 1289 5388 aut
1315 5335 1368 5386 id
1399 5350 1498 5405 non
1526 5333 1680 5403 faciat
1729 5333 1864 5397 quod
1913 5333 2077 5402 facere

508 5421 607 5456 non
635 5404 828 5473 potest?
852 5404 900 5456 Ν
908 5404 1036 5457 onne
1058 5407 1155 5456 ista
1183 5412 1384 5456 cantant
1407 5415 1453 5457 et
1481 5404 1534 5456 in
1557 5405 1805 5455 montibus
1829 5416 2073 5473 pastores,

510 5484 556 5525 ct
580 5472 642 5524 in
669 5473 872 5526 theatris
903 5484 1081 5540 poette,
1111 5483 1156 5526 et
1176 5475 1364 5525 indocti
1392 5477 1444 5525 in
1484 5473 1686 5526 circulis
1707 5513 1720 5533 ,
1761 5482 1808 5524 et
1835 5473 1968 5523 docti
2013 5472 2068 5526 in

508 5543 838 5611 bibliothecis,
861 5555 905 5594 et
938 5544 1163 5611 magistri
1177 5545 1228 5594 in
1240 5543 1444 5607 scholis,
1473 5552 1516 5596 et
1540 5542 1786 5595 antistites
1815 5543 1864 5593 in
1893 5557 2068 5611 sacra-

506 5613 570 5662 tis
597 5610 743 5675 locis,
775 5614 887 5663 etin
909 5610 1034 5664 orbe
1055 5623 1299 5663 terrarum
1320 5627 1474 5680 genus
1503 5612 1820 5664 humanum?
1851 5610 1996 5673 Quod
2023 5611 2067 5662 si

508 5695 652 5760 nemp
676 5683 1042 5754 vituperatione
1070 5683 1145 5736 vel
1166 5681 1488 5736 damnatione
1516 5681 1699 5749 dignus
1741 5691 1832 5747 est,
1857 5692 1941 5732 aut
1965 5695 2067 5733 non

2171 2855 2349 2899 contra
2399 2845 2595 2897 vetitum
2631 2844 2850 2914 justitire
2893 2844 3106 2911 faciens,
3130 2853 3220 2896 aut
3265 2844 3401 2911 quod
3440 2860 3541 2896 non
3581 2854 3756 2910 potest

2170 2931 2268 2966 non
2299 2915 2510 2982 faciens,
2557 2913 2667 2983 quis
2715 2913 2902 2966 dubitet
2946 2923 3064 2965 tunc
3095 2931 3201 2965 esse
3228 2923 3522 2982 peccatum,
3552 2930 3673 2965 cum
3704 2924 3754 2966 et

2170 2984 2296 3037 velle
2319 2982 2674 3047 iniustumest,
2695 2992 2740 3035 et
2769 2982 2979 3035 liberum
2995 2984 3131 3037 nolle
3149 2999 3166 3036 :
3185 2993 3233 3035 et
3256 2985 3367 3034 ideo
3398 2983 3754 3049 deﬁnitionem

2170 3053 2316 3107 illam
2343 3064 2387 3106 et
2416 3067 2582 3105 veram
2612 3067 2715 3105 esse
2735 3092 2750 3117 ,
2796 3063 2841 3104 et
2873 3051 2941 3104 ad
2973 3053 3354 3120 intelligendum
3393 3052 3704 3119 facillimam
3731 3098 3746 3119 ,

2171 3132 2216 3176 et
2239 3139 2338 3176 non
2359 3122 2510 3174 modo
2535 3137 2670 3173 nunc
2691 3160 2704 3184 ,
2728 3123 2815 3174 sed
2837 3131 2954 3173 tunc
2980 3137 3172 3188 quoque
3197 3137 3228 3172 a
3249 3137 3327 3172 me
3346 3123 3572 3188 potuisse
3600 3124 3708 3174 dici
3729 3139 3750 3176 :

2174 3191 2445 3245 Peccatum
2469 3201 2542 3244 est
2570 3192 2802 3243 voluntas
2843 3191 3090 3243 retinendi
3118 3192 3192 3242 vel
3227 3191 3565 3254 consequendi
3605 3193 3751 3257 quod

2099 3250 2146 3314 C
2167 3262 2374 3333 justitia
2398 3269 2629 3333 vetattet
2653 3263 2783 3313 unde
2813 3260 3023 3333 liberum
3055 3270 3126 3312 est
3165 3250 3431 3333 abstinere.
3465 3250 3630 3333 Quod
3653 3277 3752 3314 ex-

2177 3328 2422 3400 plicatius
2451 3331 2611 3383 tradit
2636 3344 2754 3397 cap.
2785 3343 2897 3398 seq.
2926 3345 2939 3380 :
2973 3328 3175 3400 Peccati
3205 3345 3345 3380 reum
3384 3331 3545 3400 teneri
3570 3346 3754 3398 quem-

2174 3399 2344 3470 quam,
2369 3401 2488 3468 quia
2513 3415 2610 3451 non
2636 3400 2753 3470 fecit
2793 3401 2928 3470 quod
2959 3399 3124 3466 facere
3155 3399 3488 3470 nonipotuitr,
3531 3415 3753 3453 summa:

2174 3467 2455 3536 iniquitatis
2481 3477 2552 3522 est
2577 3478 2624 3520 et
2655 3468 3226 3532 insaiiiw.Qttaritoorent
3251 3467 3356 3519 illas
3383 3469 3571 3521 anima:
3587 3471 3719 3535 quid
3729 3497 3751 3510 ο

2174 3541 2296 3607 quid
2327 3540 2550 3606 faciunt,
2585 3540 2628 3590 si
2654 3546 2867 3607 natura,
2889 3553 2989 3590 non
3019 3537 3278 3590 voluntate
3303 3538 3498 3607 faciunt
3519 3577 3535 3600 ,
3568 3540 3625 3590 id
3649 3549 3745 3603 est,

2174 3606 2219 3661 si
2260 3608 2420 3660 libero
2460 3617 2507 3660 et
2544 3607 2610 3659 ad
2651 3606 2939 3673 faciendum
2978 3616 3024 3657 et
3063 3607 3130 3658 ad
3161 3622 3260 3658 non
3291 3606 3578 3675 faciendum
3606 3621 3751 3661 motu

2174 3678 2329 3730 animi
2369 3686 2581 3739 carent;
2626 3677 2669 3729 si
2699 3676 2919 3741 denique
2959 3675 3037 3727 his
3064 3675 3347 3727 abstinendi
3373 3677 3434 3726 ab
3463 3691 3620 3741 Opere
3651 3693 3746 3728 sua

2173 3755 2390 3816 potestas
2425 3746 2571 3816 nulla
2600 3745 2893 3816 conceditur
2913 3783 2927 3809 ,
2957 3755 3214 3816 peccatum
3243 3753 3611 3816 earumgteuere
3642 3761 3748 3816 non

2208 3829 2457 3868 assumus.
2490 3813 2670 3884 itaque
2696 3814 2754 3869 8.
2790 3813 3148 3884 Augustinus,
3179 3815 3267 3880 qui
3294 3813 3361 3867 de
3396 3813 3646 3884 libertate
3670 3815 3740 3868 ad

2208 3833 2457 3868 οδευηιιιδ.
2490 3833 2670 3884 Itaque
2696 3833 2754 3869 Do
2790 3833 3115 3880 augusunus
3134 3855 3148 3877 ,
3179 3833 3267 3880 (1111
3294 3833 3361 3867 ue
3396 3833 3646 3867 ttuertate
3670 3833 3740 3868 au

2172 3833 2308 3938 Bene
2341 3883 2919 3953 agendumnecessaria
2959 3897 3018 3936 se
3050 3883 3233 3937 eadem
3263 3898 3380 3953 cum
3409 3883 3599 3945 doctis,
3627 3898 3748 3934 rna-

2172 3952 2744 4022 gistris,’antistitibus,
2779 3955 2884 4007 imo
2911 3967 3030 4022 cum
3062 3952 3381 4020 pastoribus,
3406 3967 3524 4006 cum
3542 3957 3745 4020 poetis,

2172 4021 2291 4077 eum
2321 4021 2550 4076 indoctis
2586 4024 2786 4076 sentire
2814 4021 3087 4090 professus
3121 4030 3223 4086 est,
3265 4031 3409 4090 certe
3437 4037 3541 4074 non
3569 4024 3752 4075 tenuit

2173 4106 2293 4146 eam
2319 4092 2662 4157 sententiam,
2695 4089 2852 4159 quam
2882 4091 3074 4144 frustra
3096 4091 3148 4144 in
3178 4089 3505 4158 pastoribus,
3535 4091 3587 4143 in
3617 4105 3749 4158 poe-

2173 4163 2262 4227 tis,
2289 4161 2340 4213 iu
2363 4161 2589 4214 indoctis
2617 4160 2911 4229 quaesieris,
2936 4174 3004 4214 ne
3026 4173 3437 4214 commemorem
3461 4175 3600 4212 nunc
3624 4176 3746 4212 nta-

2172 4230 2384 4297 giStros,
2416 4230 2680 4292 doctores,
2712 4230 2997 4290 antistites,
3031 4231 3118 4296 qui
3158 4237 3282 4282 ante
3307 4243 3430 4282 eum
3471 4241 3562 4282 aut
3619 4244 3746 4281 cum

2172 4313 2235 4354 eo
2264 4302 2543 4353 vixerunt:
2576 4313 2709 4368 quos
2760 4299 2901 4352 ultro
2944 4299 3096 4352 nobis
3149 4301 3459 4353 concedunt
3497 4299 3584 4366 qui
3637 4300 3750 4351 Au-

2172 4370 2369 4436 gustini
2401 4378 2631 4422 mentem
2661 4369 2764 4421 alio
2813 4368 3154 4436 detorquent.
3197 4368 3462 4433 Quorsum
3506 4369 3620 4421 haec
3651 4383 3747 4420 au-

2174 4439 2316 4491 tem?
2367 4441 2659 4504 quorsum?
2701 4447 2756 4490 ut
2806 4447 2983 4506 pateat
3033 4439 3349 4491 Catholicam
3399 4451 3519 4490 esse
3572 4439 3747 4490 nostri

2174 4519 2342 4574 poetae
2365 4507 2430 4562 de
2460 4509 2702 4561 libertate
2737 4507 3076 4572 sententiam,
3107 4508 3194 4576 qui
3219 4521 3282 4560 ea
3313 4517 3514 4560 tantum
3539 4509 3748 4560 docue-

2174 4577 2240 4629 rit
2285 4592 2401 4644 quas
2449 4591 2670 4644 magnus
2713 4578 2896 4644 gratiae
2941 4576 3140 4630 'dOClOl‘
3195 4577 3521 4644 Augustinus
3567 4578 3748 4632 obviis

2177 4645 2314 4699 ulnis
2348 4647 2779 4712 amplectebatur.

2249 4717 2370 4769 697.
2412 4714 2676 4770 Giselinus
2704 4716 2905 4769 invenit
2930 4715 3077 4777 vade,
3110 4717 3198 4780 ait,
3225 4715 3319 4769 sed
3349 4716 3579 4784 prmtulit
3610 4718 3747 4768 unde

2178 4785 2274 4847 ait,
2302 4785 2426 4853 quia
2451 4786 2617 4853 magis
2645 4786 2810 4838 servit
2832 4787 3088 4838 orationis
3113 4788 3458 4850 connexioni,
3487 4796 3544 4838 et
3568 4785 3742 4838 facilis

2182 4855 2280 4908 iuit
2305 4854 2546 4907 mutatio.
2598 4855 2672 4906 lta
2701 4854 2912 4921 quidem
2955 4854 3152 4908 habent
3201 4855 3362 4918 aliqui
3393 4854 3553 4908 codd.
3583 4894 3598 4918 ,
3647 4857 3744 4907 sed

2183 4933 2292 4977 tres
2343 4923 2660 4976 vetustiores
2707 4923 3013 4988 lleiusiaui,
3062 4924 3216 4977 Alex.
3237 4964 3250 4986 ,
3279 4923 3414 4976 Urb.
3439 4939 3562 4976 cum
3594 4924 3743 4987 Ald.,

2184 4993 2368 5054 Fabr.,
2401 4993 2559 5057 vade,
2589 4994 2682 5044 ait.
2707 4991 3134 5048 Elmenhorstius
3161 4993 3211 5045 in
3245 4991 3535 5045 Aruubium
3560 4992 3656 5045 lib.
3681 5008 3739 5052 ιι,

2187 5077 2308 5130 pag.
2338 5062 2757 5131 60,,sententiam
2777 5061 3169 5131 hancillustrat,
3191 5063 3576 5130 conﬁrmatque
3596 5063 3741 5131 quod

2178 5131 2251 5184 ait
2284 5129 2548 5182 Arnobius
2571 5147 2586 5182 :
2612 5130 2762 5183 Nulli
2790 5130 2929 5183 Deus
2958 5131 3109 5198 infert
3132 5132 3492 5184 necessitatem.

2249 5199 2370 5253 698.
2417 5198 2472 5251 in
2497 5199 2612 5252 Put.
2637 5200 2787 5254 abest
2805 5208 2853 5252 et
2877 5209 2994 5268 post
3016 5200 3185 5261 homo,
3213 5200 3340 5253 utin
3363 5200 3506 5265 A'd.,
3531 5209 3585 5254 et
3607 5199 3737 5252 Mar.

2180 5285 2208 5322 a
2234 5270 2400 5337 prima
2428 5282 2606 5321 manu.
2633 5268 2914 5332 Cauchius,
2947 5269 3091 5330 vade,
3119 5271 3288 5333 homo,
3306 5270 3377 5322 ait
3405 5272 3552 5336 ﬂatu.
3585 5271 3738 5322 Ales.

2181 5353 2299 5392 cum
2330 5339 2475 5400 Put.,
2499 5338 2643 5402 vade,
2681 5339 2831 5390 homo
2859 5337 3049 5406 afflatu.
3085 5338 3237 5399 Urb.,
3293 5339 3445 5405 l’rag.
3472 5379 3487 5403 ,
3521 5339 3738 5402 Weitz.,

2182 5409 2320 5472 Gis.,
2354 5408 2499 5469 vade,
2519 5408 2692 5470 homo,
2720 5415 2766 5458 et
2788 5407 2997 5476 afﬂatu.
3022 5407 3297 5476 bipariettus
3323 5417 3471 5459 notat
3490 5423 3552 5460 ex
3576 5407 3737 5474 Prag.

2174 5486 2225 5530 et
2250 5476 2393 5540 Rat.,
2421 5477 2556 5526 unde
2579 5490 2674 5543 pro
2697 5475 3035 5541 vade,'nomo.
3054 5475 3275 5528 Delendi
3295 5477 3344 5529 id
3371 5486 3566 5543 posset,
3588 5478 3735 5540 vade,

2174 5547 2345 5612 homo,
2389 5546 2604 5612 afﬂatu,
2642 5543 2736 5598 sed
2768 5544 2838 5614 ita
2864 5551 2922 5597 ut
2948 5559 3054 5600 non
3083 5545 3308 5600 elidatur
3335 5553 3432 5600 aut.
3453 5561 3479 5599 ι
3505 5547 3558 5600 in
3585 5546 3734 5614 vade,

2175 5624 2265 5670 aut
2289 5632 2318 5667 ο
2343 5626 2663 5684 postremum
2687 5614 2738 5668 iu
2767 5613 2939 5668 homo.
3305 5631 3313 5634 -
