4090 6192
389 331 509 386 1061
1741 328 1950 385 ΙΙΛΜΛΙ

2052 329 2272 385 GEMA.

555 437 713 509 553
746 437 800 489 in
828 436 1061 505 subjecta
1097 444 1302 505 potens,
1333 452 1510 492 rerum
1552 438 1775 502 arbiter,
1810 439 1949 494 arbi-
1977 442 2026 499 A

1213 602 1216 604 Ι
1582 528 1685 598 [ter
1711 529 1871 595 idem,

386 623 488 678 700
564 621 630 673 Et
655 617 818 688 judex
845 617 1041 671 mentis
1069 616 1316 685 propriae,
1350 617 1478 669 mihi
1511 613 1744 672 subdere
1775 619 1876 672 soli

555 711 754 776 Sponte
783 717 890 770 tua,
921 722 1025 774 quo
1050 707 1118 759 sit
1149 705 1409 773 subjectio
1446 715 1499 760 et
1525 707 1638 774 ipsa
1665 707 1842 760 soluto

553 801 742 853 Littera
763 798 999 867 judicio;
1032 812 1138 849 non
1167 811 1319 866 cogo,
1363 812 1461 851 uec
1490 798 1644 866 exigo
1671 813 1765 866 per
1794 799 1898 852 vim
1927 815 1941 852 :

548 888 651 944 Sed
703 901 914 952 moneo,
969 885 1222 954 injustum
1275 886 1461 956 fugias,
1501 886 1814 955 justumque
1860 903 1945 943 se-

1633 976 1831 1047 [quaris
1856 993 1870 1030 :

554 1070 662 1122 Lux
703 1081 882 1122 comes
921 1073 1002 1120 est
1023 1065 1179 1134 justi,
1211 1079 1391 1118 comes
1425 1075 1504 1118 est
1544 1079 1686 1118 mors
1726 1066 1940 1120 horrida

3489 331 3626 385 “6‘1

2233 439 2478 506 lmpciio.
2519 437 2628 490 lloc
2659 436 2853 491 mulier
2886 451 2974 490 rea
3015 437 3254 492 criminis
3282 441 3624 504 exprobranti

2227 528 2524 597 Respondit
2551 529 2776 582 Domino
2806 545 2820 582 :
2851 528 3084 582 suadelis
3105 543 3162 582 se
3190 528 3494 583 malefabris

2050 619 2152 674 715
2227 619 2484 682 illectum,
2514 619 2747 672 suasisse
2777 619 2929 673 viro:
2957 619 3040 672 vir
3064 628 3117 672 et
3142 619 3255 689 ipse
3287 620 3514 674 libenter

2228 707 2538 762 Consensit.
2576 708 2817 762 Lieuitne
2856 708 3157 763 hortantem
3192 724 3448 778 Spernere
3487 714 3621 766 recti

2223 798 2494 854 Libertate
2532 799 2728 852 animi?
2759 799 2904 854 licuit
2931 816 2944 854 :
2972 815 3199 869 namque
3235 810 3290 855 ct
3329 802 3465 856 Deus
3492 812 3619 858 ante

2224 887 2500 954 Suaserat,
2535 896 2594 941 ut
2629 889 2850 942 meliora
2876 890 3058 943 volens
3084 901 3496 958 sequeretur:at
3519 893 3615 946 ille

2223 981 2498 1046 Spernens
2529 980 2830 1043 consilium,
2864 995 3008 1033 sazro
3043 983 3160 1048 plus
3189 982 3415 1036 credidit
3453 983 3615 1039 hOSti.

1651 1154 1868 1224 [iniqui;

376 1249 480 1300 71)ἷὶ
569 1249 716 1315 Elige
746 1260 854 1300 rem
882 1245 1024 1312 vita},
1060 1252 1145 1298 tua
1175 1246 1339 1297 virtus
1372 1251 1531 1297 temet
1562 1245 1614 1296 in
1649 1260 1817 1297 a-vum

555 1337 839 1400 Provehat,
867 1345 1122 1389 internum
1152 1343 1239 1386 tua
1260 1333 1476 1385 damnet
1503 1335 1657 1400 culpa
1685 1334 1935 1400 vicissim,

559 1429 778 1480 l‘rmstet
795 1433 848 1478 et
866 1424 1171 1477 alterutram
1202 1423 1459 1490 permissa
1484 1421 1692 1475 licentia
1716 1433 1936 1476 sortem.

562 1519 666 1570 Ilac
695 1517 888 1582 pietate
917 1529 1097 1582 vagus,
1125 1522 1176 1566 et
1204 1522 1345 1565 tanto
1383 1527 1602 1565 munere
1631 1513 1931 1577 abundans,

553 1603 714 1678 554
741 1605 950 1658 Transit
986 1605 1316 1672 propositum
1350 1602 1449 1668 fas,
1479 1612 1530 1656 et
1570 1602 1785 1655 lethalia
1817 1617 1939 1670 pru-

1716 1694 1868 1764 [deus

2046 1067 2147 1123 7°20
2219 1068 2370 1123 Nunc
2411 1069 2548 1123 inter
2590 1069 2713 1122 vitae
2765 1070 3066 1136 Dominum,
3114 1073 3407 1142 mortisque
3455 1077 3626 1144 magis

3376 1173 3543 1217 SU‘UI“

3376 1173 3543 1217 strum

2219 1246 2481 1300 Consistit
2527 1247 2730 1302 medius
2755 1265 2769 1300 :
2796 1256 2949 1304 vocat
2993 1248 3117 1303 hinc
3159 1249 3321 1317 Deus,
3352 1161 3490 1307 [inde
3531 1264 3614 1323 ty-

2223 1405 2561 1474 Amb’guum,
2582 1417 2739 1476 atque
2767 1407 2876 1460 suis
2899 1422 2954 1460 se
2974 1408 3204 1462 motibus
3227 1341 3605 1468 οιιὲιᾜιῗὶὲῗη.

2225 1497 2422 1563 Accipe
2452 1505 2718 1564 gestarum
2762 1507 3107 1550 monumenta
3140 1501 3362 1569 insignia
3406 1518 3608 1567 rerum,

2216 1587 2374 1657 555
2430 1587 2676 1639 Praelusit
2717 1587 2908 1655 quibus
2947 1588 3166 1646 historia
3208 1593 3500 1658 spectabile
3542 1595 3616 1647 si-

3336 1682 3539 1752 [guum.

395 1768 500 1822 '.-l0
573 1767 741 1834 Eligit,
764 1764 1134 1832 atquevoleus,
1155 1761 1321 1832 magis
1342 1762 1605 1816 ntiledum
1629 1759 1933 1830 sibi‘credit,
1969 1801 2015 1860 Β
2041 1769 2144 1823 7‘25
2218 1769 2353 1822 Loth
2383 1769 2588 1837 fugiens
2605 1769 2850 1822 Sodomis
2872 1769 3201 1837 ardentibus,
3231 1775 3407 1826 omnia
3435 1773 3625 1829 secum

549 1857 718 1924 Quod,
751 1855 1067 1926 prohibente
1100 1857 1228 1921 Deo,
1272 1856 1538 1922 persuasit
1586 1854 1807 1907 callidus
1847 1869 1940 1908 an-

1712 1944 1868 2015 [guis.

551 2037 818 2092 Persuasit
846 2045 996 2091 certe
1023 2036 1260 2104 hortatu,
1292 2051 1396 2089 non
1424 2035 1633 2104 impulit
1653 2037 1764 2090 acri

2225 1859 2448 1927 Pignora
2482 1875 2600 1913 cari
2634 1859 2824 1914 domus
2865 1860 3204 1928 properabat,
3234 1863 3362 1917 sede
3407 1867 3612 1931 relicta,

2221 1951 2457 2006 Nubibus
2489 1950 2800 2005 urbicremis
2830 1950 3127 2005 subducere
3153 1968 3167 2004 :
3209 1953 3464 2021 sulphure
3491 1971 3612 2011 cum

3460 2061 3541 2100 nm

1670 2124 1946 2181 GLOSSAE
1985 2129 2319 2185 VETERES.

446 2219 568 2273 699.
599 2218 655 2271 in
687 2216 947 2283 subjecta,
978 2231 1128 2286 super
1157 2224 1356 2269 terrena
1385 2216 1575 2270 omnia.
1597 2243 1668 2256 —
1691 2216 1930 2285 Arbiter,

377 2292 635 2357 magister.
665 2316 733 2326 —
756 2286 920 2357 Idem,
953 2294 1004 2336 tu
1029 2287 1154 2354 ipse,
1185 2285 1222 2339 Ι.

448 2355 570 2412 701.
599 2361 734 2422 Quo,
767 2365 839 2419 ut,
875 2355 916 2407 I.

449 2429 571 2498 702i.
599 2427 880 2498 iniustum,
906 2423 1229 2498 injustitiam.
1253 2424 1578 2498 :—_.lustur_n,
1600 2425 1873 2498 justitiam,
1891 2425 1928 2479 1.

450 2495 572 2549 704.
607 2497 737 2560 Lux,
769 2493 926 2546 Deus.
948 2523 1018 2532 ——-
1040 2493 1198 2558 Mors,
1231 2493 1484 2560 diabolus,
1517 2495 1556 2547 l.

449 2566 566 2619 705.
595 2565 725 2626 Tua,
755 2572 809 2615 ut
839 2571 945 2625 tua,
969 2562 1008 2615 1.

449 2635 566 2686 706.
599 2634 900 2697 lEternum,
929 2632 1095 2684 aliter.
1115 2660 1185 2670 —
1208 2631 1454 2696 Damnat,
1491 2634 1763 2686 damnetur
1786 2675 1797 2698 ,
1824 2632 1927 2689 iso.

451 2704 569 2755 707.
603 2704 841 2764 Ρι-ωυιοι,
880 2703 1049 2770 eligat.
1073 2730 1142 2740 —
1169 2702 1422 2767 Licentia,
1464 2703 1584 2770 quia
1629 2702 1832 2758 licentia
1860 2713 1931 2755 est

379 2773 621 2839 permissa
652 2774 850 2841 cuique,
877 2773 1033 2837 sequi,
1057 2774 1158 2823 sive
1178 2772 1291 2824 velit
1311 2774 1514 2836 bonum,
1533 2773 1634 2826 sire
1653 2774 1802 2825 etiam
1825 2788 1938 2824 ma-

382 2844 504 2904 lum,
535 2842 572 2894 I.

450 2911 569 2964 708.
600 2910 822 2974 Pietate,
853 2907 966 2961 Dei.
990 2937 1058 2948 —
1082 2909 1276 2976 Vagus,
1309 2908 1476 2973 homo,
1507 2909 1542 2964 1.

452 2980 570 3032 709.
601 2980 926 3043 Propositum
961 2978 1058 3041 ias,
1085 2993 1147 3030 ne
1177 2979 1407 3030 comedas
1446 2979 1505 3031 de
1539 2979 1675 3046 ligno
1715 2980 1937 3034 scientia:

383 3048 497 3102 boni
525 3057 566 3100 et
597 3047 736 3099 ntali.
760 3077 830 3085 —
854 3048 1114 3107 i’rude-s,
1143 3049 1401 3115 superbus,
1428 3049 1504 3101 vel
1541 3048 1761 3116 subtilis,
1785 3049 1826 3102 Ι.
1889 3107 1894 3112 ,

453 3118 573 3171 710.
611 3118 821 3183 Volcns,
853 3116 1186 3182 voluntarius,
1215 3117 1254 3169 Ι.

2113 2223 2235 2276 715.
2269 2220 2644 2289 Exprobrenti,
2678 2222 2928 2290 arguenti.
2964 2221 3002 2274 i-.
3287 2283 3296 2290 ί

2114 2291 2236 2344 714.
2267 2291 2541 2364 suadelis,
2558 2291 2775 2360 ingeniis
2807 2294 3067 2362 serpentis.
3101 2321 3168 2330 —
3200 2292 3522 2360 Malclabris,
3551 2295 3634 2364 Ii?

2042 2361 2155 2426 ctis,
2184 2362 2500 2430 artiﬁciosis,
2523 2359 2559 2413 i.

2114 2432 2234 2484 715.
2270 2429 2526 2496 lllectam,
2567 2430 2849 2496 deceptam,
2880 2429 2919 2482 ῐ.

2110 2500 2234 2554 718.
2273 2500 2486 2563 Voleus,
2521 2498 2748 2561 libenter,
2781 2501 2885 2554 150.

2112 2570 2234 2624 719.
2267 2569 2580 2631 Consilium,
2609 2567 2838 2630 Domini,
2870 2569 2911 2621 i.

2111 2637 2233 2692 7‘20.
2265 2639 2592 2705 Magistrum,
2625 2635 2905 2700 diabolum,
2938 2635 2992 2690 L'

2111 2709 2234 2761 721.
2267 2708 2490 2770 Medius,
2517 2721 2636 2758 nam
2675 2707 2791 2776 [tino
2825 2715 2966 2759 vocat
2997 2705 3132 2760 Deus
3177 2709 3245 2760 ad
3283 2710 3457 2776 vitam,
3491 2712 3609 2766 inde

2042 2785 2288 2847 tyrannus
2313 2779 2380 2829 ad
2405 2786 2650 2847 mortem,_
2671 2774 2709 2828 l.

2114 2848 2234 2918 7gb.
2261 2847 2478 2918 accipe,
2490 2845 2816 2918 intelligeL—
2837 2843 3196 2918 Monumenta,
3218 2847 3537 2918 documenta,
3557 2852 3576 2904 1
3596 2893 3608 2904 .

2113 2915 2237 2987 724.
2269 2915 2527 2978 Prtelusit,
2553 2914 2788 2987 ostendit,
2818 2914 3038 2981 scripsit.
3073 2944 3139 2952 —
3165 2915 3484 2987 Spectabile,
3517 2914 3600 2974 ee-

2044 2985 2288 3046 ncrabile,
2320 2981 2658 3046 memorabile,
2688 2982 2728 3034 Ι.

2115 3054 2236 3115 727.
2269 3053 2614 3121 Urbicremis,
2646 3067 2758 3120 qua:
2786 3053 2956 3107 urbem
2981 3053 3288 3120 cremabant,
3318 3055 3358 3109 L

1710 3210 1896 3267 COMM
1907 3211 2196 3267 ENTARIU
2207 3210 2262 3266 S.
2606 3253 2610 3256 .
3124 3228 3126 3230 '
3459 3263 3464 3270 .

450 3301 573 3357 699.
601 3301 743 3366 Put.,
772 3301 966 3369 Oxon.,
1001 3301 1146 3366 Ald.,
1177 3300 1313 3366 Gis.,
1347 3302 1502 3367 Urb.,
1537 3302 1753 3370 Boltcr.,
1787 3305 1936 3372 Egm.
1972 3310 2016 3372 C
2049 3304 2305 3358 mendum
2325 3310 2406 3354 cst
2432 3303 2658 3372 qucﬁpro
2680 3302 2776 3372 liae
2805 3301 3004 3368 pietate.
3044 3301 3166 3372 Alii,
3198 3302 3355 3356 etiam
3381 3314 3608 3372 veteres,

381 3388 504 3442 cum
525 3373 660 3434 aliis,
683 3373 973 3442 insnbjecte,
1004 3381 1060 3424 ut
1085 3373 1308 3437 innatus,
1338 3374 1608 3440 ingenitus,
1645 3390 1748 3426 non
1773 3376 1940 3438 male;

383 3441 481 3495 sed
512 3455 630 3493 cum
661 3441 845 3507 agatur
871 3441 935 3494 de
965 3442 1194 3495 hominis
1229 3443 1466 3495 dominio
1502 3445 1551 3495 in
1599 3459 1684 3497 res
1714 3456 1940 3508 creatas,

382 3510 577 3564 melius
607 3509 710 3572 lso,
736 3510 913 3571 Afex.,
943 3510 1056 3562 Vat.
1082 3512 1147 3574 A,
1171 3511 1352 3578 Prag.,
1388 3511 1532 3575 Itat.,
1571 3511 1784 3577 Weitz.,
1812 3513 1939 3564 Mar.

386 3589 440 3638 et
472 3579 583 3641 alii,
617 3580 666 3630 in
697 3579 925 3648 subjecta
953 3588 1144 3645 potens.
1175 3581 1350 3647 Egm.,
1381 3582 1457 3632 orl
1472 3582 1513 3633 is
1537 3582 1740 3646 arbiter,
1773 3592 1826 3634 et
1855 3598 1943 3636 su-

391 3652 624 3716 spicatur
657 3648 905 3701 Heinsius
942 3648 1097 3710 orbis,
1146 3659 1192 3701 et
1227 3651 1412 3701 arbiter
1456 3650 1607 3702 idem.
1644 3654 1696 3703 In
1725 3651 1839 3703 Vat.
1874 3656 1940 3717 A,

385 3731 551 3771 arum
576 3718 761 3770 arbiter
789 3717 944 3784 idem,
968 3717 1241 3771 mendose.
1268 3720 1409 3772 Bene
1435 3729 1516 3772 est
1547 3735 1711 3772 rerum
1736 3720 1943 3785 arbiter,

388 3787 576 3838 arbiter
600 3788 754 3843 idem.

457 3855 578 3909 704.
614 3856 858 3908 lleinsius
879 3871 998 3908 etim
1023 3855 1257 3909 Ciselino
1279 3857 1405 3922 legit
1428 3873 1528 3910 nox
1553 3859 1781 3923 horrida,
1803 3859 1943 3925 quod

385 3928 712 3979 recentiores
743 3928 908 3978 secuti
942 3935 1098 3987 sunt;
1138 3927 1287 3992 quasi
1329 3929 1425 3978 hoc
1458 3928 1572 3979 loco
1599 3941 1849 3994 ageretur
1875 3929 1944 3981 de

386 3994 476 4046 illa
509 3995 764 4048 sententia
802 4013 813 4045 :
845 3994 943 4057 Qui
971 3995 1100 4045 male
1123 3995 1248 4063 agit,
1279 3997 1380 4047 odit
1411 3995 1594 4050 lucent.
1634 3996 1946 4048 tiallandius

386 4065 615 4116 attirmat
643 4069 910 4129 postulare
951 4079 1053 4115 nos:
1083 4065 1291 4117 horrida
1313 4066 1599 4117 antithesin
1623 4063 1730 4125 lux,
1754 4075 1802 4118 et
1823 4080 1940 4118 nox.

388 4133 591 4194 Nestri,
621 4131 902 4186 Weitziani
931 4149 1051 4185 eum
1083 4132 1227 4197 Ald.,
1261 4134 1406 4187 Sieh.
1437 4146 1488 4186 et
1509 4134 1651 4196 aliis,
1678 4150 1831 4197 mors,
1864 4149 1948 4188 re-

384 4209 494 4265 cte,
546 4203 665 4268 quia
702 4217 879 4255 sermo
911 4211 995 4254 est
1035 4203 1100 4255 de
1145 4204 1361 4269 praemio
1400 4203 1522 4255 boni
1563 4203 1762 4270 operis,
1807 4204 1948 4268 quod

387 4273 479 4322 tua:
510 4269 727 4342 dicitur,
769 4281 821 4324 et
861 4271 927 4324 de
957 4286 1130 4342 parum
1153 4271 1298 4342 mali,
1332 4288 1448 4339 qute
1479 4282 1561 4326 est
1600 4269 1754 4324 iners.
1799 4271 1949 4342 Elige

392 4355 498 4408 rem
531 4341 663 4402 vine,
695 4342 865 4407 pergit
894 4351 1068 4408 poeta.
1098 4338 1376 4403 Weitzius’,
1410 4342 1500 4406 qui
1530 4342 1656 4408 legit
1683 4357 1842 4406 iners,
1871 4338 1949 4395 iii-

387 4407 679 4462 itilominus
724 4411 774 4461 in
811 4407 1208 4461 commentariis
1243 4411 1464 4462 intrudit
1495 4407 1617 4474 nox,
1664 4420 1717 4464 et
1753 4414 1949 4466 multus

387 4487 470 4531 est
500 4480 551 4533 in
574 4479 774 4543 vulgari
800 4479 886 4532 illa
917 4480 1176 4532 sententia
1207 4482 1624 4546 comprobanda,
1649 4481 1787 4544 quod
1813 4495 1932 4548 pec-

386 4557 536 4600 cator
565 4557 706 4600 amat
751 4550 1037 4601 tenebras:
1071 4563 1228 4615 quem
1275 4549 1466 4614 partim
1509 4551 1764 4602 cxseribit
1806 4550 1948 4603 tgha.

389 4617 684 4670 m;llardns.
727 4617 884 4670 Poeta
924 4619 1140 4684 respicit
1176 4617 1241 4669 ad
1282 4619 1410 4670 illud
1455 4619 1809 4672 Ecelesiastici
1858 4635 1946 4684 xv,

392 4688 458 4740 H
485 4697 537 4739 et
566 4702 761 4753 seqq.‘:
786 4685 922 4739 Deus
945 4667 1179 4738 abriititio
1210 4689 1463 4738 constituit
1495 4688 1766 4751 hominem,
1792 4698 1840 4739 et
1875 4667 1954 4740 re:
1980 4667 2031 4726 D

391 4757 536 4820 liquit
565 4758 707 4808 illum
732 4756 783 4808 in
812 4773 965 4808 manu
990 4757 1191 4808 consilii
1216 4759 1314 4807 sui.
1344 4757 1471 4808 Ante
1502 4759 1750 4807 Itonu'nem
1773 4758 1872 4808 vita
1907 4767 1953 4809 et

391 4841 548 4886 mors,
597 4825 779 4877 bonum
815 4836 861 4878 et
907 4827 1143 4876 malum:
1188 4825 1323 4892 quod
1362 4826 1608 4892 placuerit
1655 4827 1716 4888 ei,
1754 4829 1956 4878 dabitur

388 4896 487 4948 illi.
533 4895 598 4948 Et
644 4894 1036 4947 Deuteronomii
1066 4908 1190 4956 xxx,
1238 4895 1340 4946 19:
1389 4893 1555 4946 Testes
1597 4895 1772 4944 invoco
1810 4897 1958 4946 laede

389 4966 575 5016 emtum
608 4975 651 5015 et
692 4973 914 5026 terram,
962 4962 1097 5030 quod
1147 4964 1497 5032 proposuerim
1542 4963 1867 5032 robisrilam
1914 4973 1959 5015 et

389 5045 600 5084 mortem
627 5073 640 5096 ,
673 5029 1067 5086 benedictionem
1097 5029 1155 5084 et
1185 5034 1608 5085 iiialcdictiencm.
1659 5029 1803 5100 Elige
1839 5047 1957 5100 ergo

387 5111 569 5166 vitam,
603 5113 704 5154 etc.

466 5172 589 5224 706.
625 5170 812 5234 Aldus,
855 5172 1144 5236 alternum;
1186 5171 1274 5224 alii
1315 5169 1497 5236 scripti
1527 5178 1580 5223 et
1626 5169 1776 5232 editi.
1807 5180 1951 5224 reter-

390 5255 536 5304 num,
569 5251 622 5294 et
673 5241 725 5292 in
762 5241 894 5294 Mar.
940 5249 1089 5294 notat
1132 5242 1306 5309 glossa
1343 5253 1463 5292 esse
1504 5239 1832 5292 adverbium.
1869 5241 1951 5293 Iso

391 5311 604 5363 videtur
651 5311 842 5377 legisse
899 5311 1177 5373 alternum,
1221 5309 1371 5376 cujus
1421 5316 1502 5360 est
1554 5309 1732 5374 glossa
1781 5311 1949 5362 aliter.

392 5380 592 5439 0mm,
621 5380 855 5432 alterum.
880 5379 938 5433 In
963 5380 1237 5433 l’arinensi
1261 5379 1495 5432 editione
1521 5378 1722 5430 damnet
1745 5389 1831 5432 tua
1858 5394 1953 5447 pro

393 5459 484 5501 tua
514 5449 712 5501 damnet
745 5451 994 5502 mendum
1023 5458 1169 5517 puto,
1201 5463 1308 5518 quo
1329 5460 1502 5501 tamen
1537 5461 1713 5516 neque
1740 5463 1953 5515 sensus,

394 5534 568 5586 neque
609 5528 832 5571 metrum
867 5519 1126 5572 turbatur.

466 5587 616 5657 708.,
655 5587 858 5656 Leguut
913 5603 1071 5657 vagus
1113 5587 1382 5642 licinsiani
1427 5588 1582 5644 codd.
1631 5603 1749 5642 cum
1799 5587 1953 5651 Aldo,

393 5656 571 5726 Εειη.³
601 5656 806 5732 Ρίιιξιμ,⁷
832 5656 1003 5722 Ales.,
1040 5657 1152 5714 Vat.
1187 5658 1250 5725 A,
1285 5658 1435 5729 Urb.,
1471 5659 1522 5714 in
1555 5673 1660 5727 quo
1685 5667 1956 5728 postremo

2053 3375 2243 3442 vigens,
2279 3381 2332 3424 ut
2356 3372 2513 3434 Mar.,
2546 3366 2729 3439 Prag.,
2757 3366 2873 3423 Rat.
2897 3385 3014 3424 eum
3043 3366 3256 3434 \Veitz.,
3280 3373 3416 3440 Gis.,
3447 3366 3612 3430 Torn;

2045 3457 2097 3498 et
2130 3443 2381 3510 Vulgatis.
2411 3441 2464 3494 lit
2501 3457 2657 3509 vagus
2697 3442 2876 3493 ultima
2922 3442 3235 3508 producitur
3261 3444 3465 3496 ratione
3502 3459 3609 3498 ca:-

2047 3528 2208 3583 surze.
2237 3513 2449 3583 Teotius
2483 3510 2994 3583 provigensaliquos
3028 3510 3169 3564 \‘att.
3210 3511 3366 3564 codd.
3394 3512 3611 3583 allegat,

2047 3582 2186 3650 quod
2207 3596 2305 3648 ego
2328 3582 2376 3633 in
2395 3583 2521 3650 solo
2543 3580 2670 3632 Mar.
2701 3579 2827 3632 vidi.

2081 3721 2092 3731 ο
2119 3652 2240 3704 709.
2292 3649 2353 3702 lu
2391 3649 2547 3716 Egm.
2594 3659 2863 3715 corrupte,
2907 3649 3054 3716 pmpi
3096 3649 3246 3700 silum
3281 3663 3380 3718 pro
3425 3667 3615 3719 propa-

2048 3730 2244 3842 “U720.
2279 3788 2352 3841 Ita
2383 3787 2516 3840 Mar.
2547 3803 2573 3839 a
2605 3786 2775 3855 prima
2814 3800 2992 3846 manu,
3037 3787 3213 3849 Ales.,
3253 3787 3407 3852 Urb.,
3440 3789 3549 3843 Gis.
3585 3791 3612 3844 1

2008 3903 2010 3906 .
2051 3858 2162 3918 ed.,
2213 3868 2265 3910 et
2304 3858 2368 3908 ad
2418 3871 2588 3922 marg.
2636 3856 2672 3905 9.
2719 3856 2873 3914 edit.,
2914 3855 3135 3910 Boher..
3177 3858 3352 3921 Egm.,
3407 3857 3614 3923 Oson.,

2039 3927 2196 3988 .ltot.,
2227 3924 2724 3994 aliique.r|leiusius
2749 3937 2867 3994 cum
2896 3923 3012 3974 aliis
3035 3931 3087 3974 et
3110 3923 3389 3988 Weitzius,
3419 3924 3611 3994 Eligit;

2049 4007 2196 4063 atque
2215 3993 2381 4063 volens
2412 3991 2540 4063 illud
2570 3992 2728 4060 magis
2761 3990 2886 4042 utile
2913 4000 3070 4063 retur.
3203 4060 3212 4063 _
3263 4059 3284 4063 _
3461 4035 3464 4037 .

2121 4063 2244 4116 712.
2283 4062 2396 4116 Vat.
2427 4062 2490 4125 Α,
2513 4059 2812 4128 perperam,
2841 4060 2953 4128 agri
2985 4075 3078 4128 pro
3109 4060 3234 4112 acri.
3263 4059 3320 4112 in
3353 4076 3518 4114 serm.
3548 4064 3616 4118 ’57

2051 4134 2280 4202 append.
2306 4129 2405 4202 sub
2435 4127 2712 4197 Augustini
2750 4127 2963 4180 nomine
2995 4145 3006 4178 :
3042 4127 3163 4181 Non
3197 4130 3333 4202 enim
3362 4133 3613 4199 cogendo,

2051 4200 2138 4258 sed
2169 4200 2430 4256 suadendo
2453 4209 2595 4252 nocet
2624 4215 2642 4263 ;
2673 4213 2761 4250 nec
2781 4207 3037 4264 extorquet
3063 4215 3094 4250 ιι
3124 4200 3266 4252 nobis
3296 4215 3616 4268 consensum,

2051 4275 2140 4328 sed
2163 4275 2304 4328 netit.

2125 4291 2427 4405 Eligam”
2452 4341 2593 4403 haec;
2622 4337 2734 4403 alii,
2761 4338 2874 4389 hoc.
2900 4335 3078 4390 Lectio
3101 4336 3220 4390 Aldi
3249 4344 3392 4391 stare
3421 4347 3615 4405 potest,

2053 4411 2097 4466 si
2131 4411 2454 4479 intelligatur
2499 4409 2774 4479 mulierem
2821 4406 3159 4479 respondisse
3207 4408 3429 4479 Domino
3471 4407 3610 4479 hec,

2053 4495 2145 4534 seu
2179 4477 2338 4534 talia':
2371 4496 2475 4533 non
2504 4479 2609 4531 hwc
2635 4477 2833 4542 mulier,
2882 4485 2938 4528 ut
2971 4477 3037 4528 ad
3080 4477 3246 4541 ipsam
3279 4477 3384 4527 [nec
3409 4477 3613 4532 refera-
3693 4539 3696 4542 _

2058 4561 2159 4604 tur.
2192 4550 2488 4615 Responsio
2517 4552 2634 4600 tvm
2659 4546 2848 4612 legitur
2874 4559 2993 4611 cap.
3027 4554 3080 4597 ut
3105 4544 3349 4600 Genesis.

2127 4620 2248 4672 718.
2282 4621 2459 4686 Prag.,
2485 4618 2589 4685 ipse
2612 4630 2706 4680 pro
2732 4615 2840 4668 ille.

2132 4689 2252 4740 72L
2284 4684 2406 4740 Vat;
2433 4684 2511 4750 Α.
2531 4689 2730 4752 inepte,
2762 4684 2986 4736 consistit
3011 4685 3207 4737 melius.

2131 4757 2251 4809 72").
2298 4755 2684 4809 Animadvertit
2731 4753 3020 4815 Mariettus,
3068 4755 3399 4806 alternantem
3451 4754 3620 4808 videri

2060 4841 2180 4878 esse
2214 4825 2373 4878 modo
2407 4831 2455 4876 in
2489 4825 2642 4886 hanc,
2679 4821 2838 4873 modo
2860 4822 2912 4890 in
2950 4822 3092 4874 illam
3127 4831 3326 4890 partem
3356 4823 3626 4878 inclinan-

2064 4905 2189 4958 tem,
2228 4905 2284 4946 ut
2322 4893 2457 4946 infra
2496 4907 2637 4945 vers.
2684 4890 2786 4943 776
2813 4907 2824 4941 :
2851 4888 3042 4944 Diridit
3084 4888 3182 4944 huc
3209 4893 3350 4956 illuc,
3380 4904 3486 4948 etc.
3519 4895 3627 4947 ilac

2062 4973 2209 5016 certe
2253 4963 2659 5030 signiﬁcatione,
2682 4959 2844 5030 verbo
2875 4960 3164 5030 alternandi
3194 4972 3409 5016 utuntur
3449 4963 3622 5017 Latini

2063 5028 2375 5098 scriptores.
2406 5029 2720 5094 Columella,
2752 5028 3002 5096 Virgilius
3031 5039 3085 5083 et
3114 5030 3226 5082 alii.

2137 5097 2257 5154 72-5.
2300 5101 2456 5154 Fabr.
2504 5108 2558 5155 et
2592 5098 2703 5154 Gis.
2736 5098 2769 5151 2
2805 5097 2915 5162 cd.,
2947 5098 3195 5162 historice;
3233 5099 3340 5161 alii.
3395 5101 3626 5156 historia.

2066 5170 2245 5238 Prag.,
2274 5172 2516 5231 sectatile,
2549 5172 2706 5230 male,
2742 5184 2836 5234 pro
2865 5169 3151 5233 spectabile.

2131 5236 2254 5292 7'25.
2287 5241 2514 5292 llistoria
2541 5240 2653 5291 hinc
2687 5238 2871 5304 legitur
2891 5251 3005 5302 cap.
3037 5252 3127 5290 χιχ
3146 5236 3338 5290 Gencs.

2130 5310 2255 5364 726.
2287 5310 2344 5362 in
2379 5309 2494 5363 Vat.
2541 5308 2586 5360 A
2620 5306 2826 5359 videtur
2855 5319 2972 5359 esse
3014 5322 3166 5371 cura;
3207 5307 3300 5360 sed
3349 5306 3632 5376 legendum

2061 5389 2141 5433 cst
2170 5397 2306 5432 cara.

2132 5449 2250 5502 727.
2276 5448 2513 5502 Giianius
2544 5445 2656 5500 lnd.
2696 5444 2878 5506 Lucr.,
2907 5442 3068 5496 Verbo
3094 5442 3276 5508 Nisus,
3304 5460 3397 5512 pro
3419 5446 3634 5500 nubibus

2063 5532 2124 5572 ex
2154 5526 2282 5570 vett.
2316 5516 2462 5570 libris
2490 5515 2767 5584 legendum
2791 5517 2864 5584 ait
2897 5513 3108 5579 nisibus,
3134 5529 3237 5582 qua
3265 5531 3392 5569 roce
3415 5516 3637 5570 niiritice

2063 5603 2216 5640 usum
2244 5582 2584 5638 Prudentium
2615 5585 2776 5638 dicit:
2811 5582 2967 5654 Nisus
2999 5585 3131 5654 enim
3158 5585 3352 5637 videtur
3379 5586 3636 5654 appellare

2062 5655 2336 5711 omniailla
2363 5656 2673 5721 molimento,
2704 5654 2922 5724 furores,
2945 5652 3161 5723 labores,
3191 5657 3340 5725 fugas
3363 5652 3515 5725 ign‘s,
3543 5657 3636 5709 ho-
