4120 6196
409 320 547 379 1075
1244 314 1254 339 ⁸

589 524 696 576 Illis
725 524 841 575 viva
874 522 1037 586 acies,
1070 536 1168 575 nec
1194 520 1389 590 pupula
1418 534 1602 589 parva,
1631 520 1722 574 sed
1752 520 1890 591 ignis

338 654 349 673 .
411 616 518 671 875
587 614 867 681 Trajector
894 613 1122 678 nebulm,
1137 613 1267 666 vasti
1284 620 1338 667 et
1363 622 1667 681 penetrator
1683 612 1854 681 operti
1873 622 1973 667 est.

331 683 349 712 η

346 858 355 887 )

588 702 669 756 Ν-ἰι
718 701 1105 771 ferrugineum,
1136 702 1432 757 solidumve
1472 703 1761 757 tuentibus
1782 704 1975 756 obstat.

590 793 746 864 567
762 793 927 846 Noctu
937 806 1046 845 rnze
1057 793 1250 847 cedunt
1262 793 1466 847 nebula!
1485 812 1496 846 :
1515 794 1773 862 nigrantia
1786 793 1981 847 cedunt

591 885 779 940 Nubila
810 927 822 948 ,
852 886 1098 951 pmtenti
1127 886 1268 940 cedit
1310 896 1450 941 teres
1480 901 1601 939 area
1643 885 1849 938 mundi.

592 977 699 1031 Nec
729 986 931 1030 tantum
962 978 1141 1031 aerius
1168 978 1282 1031 visu
1316 976 1630 1031 transmittit
1658 977 1833 1030 hiatus

592 1069 855 1139 Spiritus:
879 1072 1153 1138 oppositos
1182 1068 1273 1122 sed
1302 1068 1491 1123 transit
1512 1067 1711 1122 lumine
1742 1079 1980 1132 montes,

592 1159 788 1213 Oceani
826 1159 957 1213 lines
988 1169 1145 1226 atque
1169 1158 1354 1211 ultima
1377 1158 1550 1212 littora
1577 1156 1775 1211 Thules

593 1251 953 1320 Transadigit,
969 1250 1314 1318 volucresque
1326 1249 1510 1303 oculos
1526 1249 1576 1301 in
1597 1256 1791 1301 tartara
1806 1247 1984 1301 mittit.

589 1344 804 1398 Nostris
822 1358 1015 1412 nempe
1030 1358 1223 1397 omnes
1250 1350 1474 1410 pereunt
1498 1340 1598 1395 sub
1609 1349 1765 1395 nocte
1784 1340 1992 1394 colores

597 1433 841 1497 Visibus,
867 1443 921 1488 et
942 1449 1086 1489 cteco
1124 1435 1368 1488 delentur
1410 1443 1649 1502 tempore
1694 1433 1896 1485 furtiue.

424 1526 530 1582 885
603 1525 930 1595 Nttuquid'et
955 1536 1128 1580 esum
1144 1524 1419 1590 membris,
1450 1540 1512 1580 ac
1534 1526 1738 1580 viscere
1761 1524 1984 1590 perdunt

591 1617 753 1686 568
799 1615 1083 1686 Agnitione
1127 1626 1280 1671 notas
1330 1630 1541 1683 rerum,
1587 1614 1666 1668 vel
1714 1614 1990 1684 gressibus

1676 1703 1879 1775 [errant
1892 1704 1914 1755 Ἰ

1748 315 2283 377 ΠΑΜΑΙΠΊΟΕΝΞΛ.

588 433 912 487 llorrescuut
935 432 1093 497 setis,
1122 433 1311 487 ciliove
1360 430 1639 484 umbrante
1674 430 1968 499 teguntur?
2001 436 2047 492 Α

3524 324 3658 381 1078
3690 337 3696 345 ·

2259 431 2375 488 Una
2394 434 2598 489 animas
2617 448 2832 504 semper
2863 438 3023 492 iacies
3054 438 3156 492 hab
3176 445 3233 501 -ι,
3260 444 3312 492 et
3336 436 3483 491 color
3518 454 3657 489 unus

2260 525 2438 589 Aeris,
2462 532 2518 578 ut
2541 526 2731 593 cuique
2752 536 2835 580 est
2861 527 3170 581 meritorum
3189 542 3417 591 summa,
3432 523 3652 590 sinistri,

2261 615 2365 669 Seu
2404 614 2575 669 dextri
2605 634 2616 668 :
2647 616 2881 671 alternas
2918 632 3015 671 nec
3042 618 3416 672 commutabile
3446 626 3653 684 tempus

2262 706 2566 772 Convertit,
2615 707 2890 776 variatque
2966 708 3110 764 vices
3163 726 3175 761 :
3223 708 3437 777 longum
3501 717 3661 776 athe

3189 802 3445 874 [perenne
3474 810 3556 855 est
3576 844 3590 865 ,

2267 890 2534 960 Quidquid
2561 890 2610 945 id
2634 900 2717 946 est
2739 909 2754 948 :
2775 908 2910 949 unus
2932 893 3091 951 volvit
3110 908 3204 949 sua
3230 892 3425 947 saecula
3450 907 3662 945 cursus.

2272 980 2537 1049 Expertus
2564 982 2798 1049 dubitas,
2829 985 3034 1039 animas
3061 1000 3377 1053 percurrere
3404 984 3521 1038 visu
3700 975 3706 984 ’

2272 1072 2481 1137 Abdita,
2515 1074 2790 1142 corporeis
2816 1075 2986 1129 oculis
3015 1089 3138 1130 cum
3168 1091 3310 1145 saepe
3342 1076 3536 1144 quietis

2269 1164 2407 1218 ﬂore
2430 1167 2697 1234 soporatis
2733 1176 2918 1221 cernat
2948 1182 3099 1222 mens
3129 1168 3245 1221 viva
3292 1177 3560 1231 remotos,

2273 1254 2646 1323 Distantesque
2682 1257 2845 1322 locos,
2868 1258 3035 1312 aciem
3069 1273 3165 1326 per
3202 1274 3347 1321 rura,
3372 1273 3463 1326 per
3490 1267 3659 1315 astra.

2271 1342 2373 1398 Per
2395 1348 2558 1398 maria
2582 1346 2905 1401 intendens?
2924 1364 3021 1403 nec
3042 1350 3184 1404 enim
3215 1364 3273 1403 se
3292 1358 3535 1419 segregat
3557 1348 3669 1415 ipsa

2271 1434 2406 1489 Ante
2434 1435 2633 1487 obitum
2666 1436 2799 1491 vivis
2829 1452 2892 1491 ex
2925 1439 3147 1493 artubus
3167 1480 3182 1503 ,
3211 1451 3303 1493 aut
3343 1439 3473 1507 fugit
3512 1440 3664 1492 exsul

2274 1526 2578 1598 Sanguinis,
2608 1538 2661 1585 et
2684 1532 2863 1585 carnis
2899 1533 3215 1601 penetralia,
3244 1549 3407 1603 seque
3448 1533 3667 1586 medul—

3503 1624 3592 1693 [lis

2083 707 2191 763 890
2214 722 2219 727 '

2094 1254 2199 1309 895

1722 1794 2033 1849 GLOSSA‘}
2051 1794 2397 1851 VETERES.

490 1890 612 1942 875.
644 1888 820 1949 Setis,
852 1896 982 1941 setas
1010 1896 1154 1941 vocat
1185 1888 1361 1953 cilius,
1390 1902 1514 1957 quos
1550 1900 1639 1939 nos
1692 1884 1840 1937 etiam
1870 1893 1981 1937 tau-
2014 1887 2061 1946 B
2158 1886 2279 1957 886.
2318 1886 2511 1957 Notas,
2559 1888 2802 1941 rationes.
2834 1917 2904 1928 —
2926 1887 3241 1954 Gressibus,
3276 1888 3589 1950 rationibus,
3626 1890 3664 1940 Ι.

420 1970 558 2012 tones
583 1960 782 2026 proprie
808 1960 1150 2023 nominamus,
1178 1959 1216 2012 I.

489 2032 521 2080 8
560 2023 611 2080 4.
646 2023 784 2092 litis,
817 2030 1107 2094 animabus,
1154 2028 1312 2082 oculis
1349 2028 1657 2079 animarum.
1697 2053 1763 2068 -
1802 2023 1943 2094 Ignis
1966 2064 1981 2089 ,

420 2100 594 2168 igneus
622 2100 783 2163 viqor,
814 2100 853 2152 I.

491 2166 615 2222 875.
640 2169 935 2236 Trajt-ctor,
966 2177 1276 2237 penetrator,
1309 2166 1650 2232 tranunissor,
1678 2165 1719 2237 1.

491 2238 614 2290 8⁷6.
646 2235 1047 2309 Ferrngiueu’m,
1078 2238 1667 2309 ,nigrum,itenebrosum,

486 2309 611 2361 878.
640 2306 889 2364 Praeteriti
908 2349 924 2372 ,
961 2306 1165 2362 velocis.
1199 2336 1266 2347 -
1295 2308 1431 2362 Area
1450 2347 1466 2372 ,
1517 2306 1804 2359 rotunditas
1825 2346 1839 2372 ,

420 2379 585 2430 nities.
615 2407 685 2419 ——
716 2380 917 2443 Mundi,
941 2380 1071 2442 cmli,
1097 2378 1138 2433 Ι.

492 2449 618 2502 879.
647 2449 1052 2515 Tantutn,_sicut
1100 2448 1222 2513 facit
1251 2448 1428 2499 oculus
1454 2448 1703 2515 corporis.
1733 2476 1802 2487 —-
1832 2445 1983 2509 Visu,

424 2532 559 2568 cum.
592 2548 661 2558 —
690 2513 892 2583 Hiatus,
916 2522 1199 2585 apertiones
1230 2518 1301 2569 vel
1327 2513 1600 2582 vastitates,
1634 2513 1676 2570 ι.

491 2588 614 2642 880.
643 2589 1109 2657 8ρὶτὶιιιε,,αηίιηα.
1137 2617 1206 2627 --
1232 2588 1536 2655 Oppositus,
1564 2596 1742 2640 contra
1771 2586 1983 2657 positos.

423 2685 492 2695 -—
524 2657 744 2712 Lumine
764 2700 778 2721 ,
808 2659 1057 2727 sapientia
1079 2699 1093 2723 ,
1127 2657 1165 2709 1.

492 2729 617 2781 881.
646 2725 877 2792 Thulcs,
900 2729 1079 2781 ultima
1103 2727 1409 2794 insularum,
1443 2725 1483 2781 l.

490 2797 617 2851 882.
647 2797 1002 2865 Transadigit,
1038 2800 1236 2861 transit,
1265 2795 1307 2850 Ι.

493 2866 615 2921 884.
639 2867 813 2931 Οερεο,
835 2870 886 2919 in
909 2876 1069 2928 mete,
1094 2866 1133 2919 I.

1874 2303 1987 2376 pla-

492 2937 860 3060 885..|Esut:e,
891 2937 1121 3005 spiritus,
1159 2935 1361 3005 animm,
1390 2935 1589 3005 fama.
1626 2964 1705 2977 -ν
1727 2934 1944 2990 Viscere
1970 2977 1983 3003 ,

492 3021 591 3060 τηρ.
644 3046 657 3059 .

422 3021 591 3072 carne,
621 3021 657 3060 ι.

2162 1956 2289 2010 888:
2312 1955 2518 2024 Cuique
2544 1998 2557 2021 ,
2591 1959 2881 2024 unicuique.
2922 1989 2989 1998 —
3028 1957 3245 2013 Summa
3266 2002 3280 2026 ,
3326 1959 3570 2027 qualitas.
3602 1988 3669 2002 -ς

2090 2026 2323 2091 Sinistri,
2356 2028 2513 2091 mali,
2546 2029 2885 2092 adt-eraitatis,
2917 2028 2955 2082 1.

2164 2096 2287 2150 889.
2321 2097 2531 2159 Dextri,
2564 2098 2701 2161 boni,
2749 2098 3125 2165 prosperitatis;
3158 2098 3394 2151 dextrum
3432 2100 3508 2151 rel
3542 2099 3670 2151 sini-

2094 2176 2256 2239 strum
2277 2183 2445 2239 aerem
2474 2179 2615 2219 vocat
2644 2170 2876 2220 dextram
2917 2170 2993 2221 vel
3020 2169 3301 2239 sinistram,
3325 2186 3540 2239 quarunt
3568 2184 3669 2221 una

2093 2237 2161 2289 ad
2190 2238 2361 2296 vitam,
2393 2238 2557 2290 altera
2583 2240 2649 2290 ad
2679 2248 2889 2290 mortem
2925 2235 3111 2303 tendit,
3138 2238 3179 2292 1.

2161 2307 2285 2359 890.
2322 2307 2499 2369 Vices,
2523 2318 2770 2377 tempora,
2804 2310 2839 2359 I.

2160 2377 2284 2431 891.
2314 2377 2605 2446 Quidquid,
2625 2375 2735 2431 sive
2756 2379 2972 2447 requies,
2996 2379 3100 2431 sive
3131 2394 3276 2447 pruna
3302 2378 3387 2442 sit,
3412 2375 3450 2429 I.

2163 2447 2291 2502 892.
2321 2447 2605 2511 Expertes,
2634 2448 2892 2518 probatos,
2920 2449 2958 2502 l.

2322 2518 2537 2640 1bdita,
2569 2517 2758 2573 secreta
2779 2520 2913 2574 loca.
2942 2547 3009 2558 —-
3036 2518 3271 2586 Quietis,
3304 2517 3501 2581 somni,
3528 2518 3669 2585 quis.

2190 2605 2311 2640 tnts.
2368 2626 2381 2639 .

2093 2598 2311 2651 tudinis,
2342 2598 2381 2640 ι.

2165 2657 2290 2713 894.
2319 2657 2481 2723 Rore,
2522 2658 2803 2719 suavitate,-
2836 2657 2896 2710 in
2926 2667 3089 2712 nocte.
3128 2686 3197 2700 -—
3244 2656 3543 2726 Soporatis,
3576 2657 3670 2710 hoc

2098 2728 2343 2790 minibus,
2378 2727 2482 2781 Iso.

2169 2797 2294 2851 895.
2328 2798 2528 2860 Aciem,
2559 2796 2740 2849 visum.
2773 2826 2844 2838 -—
2874 2798 3052 2863 Astra,
3080 2798 3285 2862 caelum,
3311 2795 3352 2849 1.

2169 2866 2294 2919 896.
2320 2866 2627 2936 Intendens,
2661 2866 2783 2920 bene
2805 2869 3218 2936 prospiciens.——
3246 2868 3382 2933 Ipsa,
3406 2867 3601 2934 anima,
3628 2864 3667 2919 Ι.

2169 2937 2294 2989 897.
2328 2935 2493 3001 Vivis,
2518 2944 2571 2988 ut
2602 2946 2719 2989 ante
2747 2935 2958 2989 mortem
2981 2948 3155 2991 exeant
3185 2956 3215 2990 a
3239 2952 3472 3003 corpore,
3501 2936 3538 2990 1.

2168 3007 2290 3061 898.
2310 3005 2627 3074 Penctralia,
2639 3007 3035 3064 δέσποθ-ἔδω
3045 3008 3184 3073 ullis,
3196 3008 3257 3061 ab
3269 3008 3613 3075 interioribus,
3629 3006 3666 3060 Ι.

1765 3097 2325 3155 COMMENTARIUS.

496 3214 617 3267 873.
655 3212 773 3264 Vat.
800 3214 860 3272 A,
883 3223 1053 3275 error,
1082 3210 1243 3262 aliove
1270 3209 1554 3261 umbrante.

494 3284 618 3337 874.
650 3282 706 3334 1η
752 3280 1068 3342 Alexandr.,
1100 3279 1333 3345 Thuan.,
1361 3280 1481 3332 Rot.
1516 3286 1565 3331 et
1604 3276 1770 3331 tribus
1802 3279 1984 3343 Torr.,

424 3364 470 3407 et
517 3354 729 3418 pupula.
762 3351 891 3413 Alii,
942 3366 1029 3401 nec
1076 3348 1287 3418 pupula,
1314 3348 1455 3417 quod
1484 3348 1662 3401 sensui
1690 3362 1991 3418 congruere

426 3416 668 3483 videtur;
717 3429 771 3473 et
816 3419 981 3473 secuti
1030 3416 1155 3472 sunt
1199 3416 1339 3473 Cell.
1380 3428 1434 3472 et
1482 3418 1630 3472 Teol.
1683 3416 1993 3485 Suspicatur

429 3492 679 3547 Heinsius
702 3506 789 3542 nec
812 3492 1005 3559 pupula
1025 3505 1203 3560 prata.
1239 3489 1361 3542 Mihi
1389 3490 1548 3543 lectio
1577 3487 1732 3542 unice
1755 3503 1877 3542 vera
1909 3498 1992 3543 est

426 3577 517 3614 nec
548 3562 739 3629 pupula
776 3576 951 3628 parva.

535 3625 627 3683 75.
650 3625 785 3683 Vat.
805 3633 867 3693 A,
899 3628 1094 3682 nebula:
1111 3638 1159 3681 et
1178 3629 1306 3681 vasti
1334 3634 1637 3696 penetrator.
1666 3625 1990 3691 Descriptio-

428 3714 552 3753 nem
584 3701 855 3753 oculorum
887 3699 1063 3752 videre
1093 3700 1252 3752 etiam
1282 3698 1481 3766 poteris
1515 3696 1654 3766 apud
1680 3696 1991 3751 Ciceronem

428 3768 520 3822 lib.
553 3784 586 3821 ιι
609 3769 675 3821 de
700 3768 891 3822 Natura
916 3768 1158 3823 deorum.

496 3839 622 3892 876.
648 3836 705 3890 lit
728 3837 859 3890 edit.
879 3836 1154 3890 Parmensi
1175 3836 1443 3889 emendari
1461 3838 1619 3892 debet
1641 3837 1889 3893 mendum
1912 3854 1995 3890 so-

426 3909 644 3963 lidumve
670 3905 1004 3969 mentibus,et
1032 3906 1392 3971 reponendum
1415 3909 1695 3959 solidumve
1718 3908 1991 3961 tuentibus.

500 3979 626 4031 878.
656 3974 777 4030 Ald.
805 3983 990 4027 contra
1023 3981 1274 4033 metrum,
1308 3978 1499 4041 patenti
1524 3976 1675 4027 cedit.

498 4048 623 4102 881.
655 4046 754 4099 ΑΙῘί
785 4044 1019 4098 scribunt
1054 4042 1185 4112 Τέω.
1210 4040 1511 4112 ἨίῖΤΙιυΙο,
1538 4045 1622 4096 alii
1651 4044 1829 4106 Thule,
1862 4055 1908 4095 et
1943 4044 1993 4097 in

429 4116 674 4187 gignendi
704 4130 827 4168 casu
857 4112 1061 4187 Thulin,
1090 4111 1169 4187 vel
1214 4110 1423 4187 Thales.
1452 4110 1524 4168 De
1568 4113 1726 4187 'l:t_mle
1752 4113 1993 4187 vide__El-

434 4180 817 4241 inenlmrstium
840 4183 904 4235 ad
937 4186 996 4236 Α·
1016 4182 1155 4235 uohii
1190 4180 1349 4234 verba
1373 4182 1464 4237 lib.
1490 4198 1561 4245 vt,
1592 4184 1835 4236 Ultimam
1867 4183 1998 4252 Thy-

430 4259 549 4311 lem.
579 4254 771 4309 Ultima
796 4254 907 4305 huic
931 4254 1098 4306 insula
1121 4251 1351 4319 antiquis
1372 4252 1668 4316 dicebatur,
1695 4254 1836 4315 quod
1859 4251 1994 4307 ultra

428 4324 697 4394 progressi
742 4338 846 4394 non
881 4322 1151 4394 fuissent»:
1184 4336 1242 4394 ea
1273 4330 1355 4375 est
1392 4319 1646 4394 Islandia.
1678 4322 1868 4375 Notum
1916 4334 1999 4377 est

428 4390 648 4452 Seneca;
678 4391 985 4447 vaticinium
1013 4393 1108 4461 (ita
1138 4390 1518 4461 enimgvocant)
1542 4392 1615 4446 de
1630 4406 1768 4461 novo
1796 4394 1997 4447 mundo

427 4464 712 4533 aliquando
736 4459 1077 4533 inveniendo.
1110 4461 1165 4515 In
1188 4459 1368 4533 Medea
1400 4460 1470 4533 ita
1496 4459 1638 4515 canit
1665 4460 1859 4533 chorus
1888 4472 1996 4533 aet.

2014 3210 2059 3272 C
2090 3210 2443 3275 declaraturus
2468 3216 2662 3277 portat.

2166 3277 2293 3333 882.
2349 3276 2768 3343 PrteStantiores,
2805 3286 2862 3331 ut
2912 3276 3026 3329 Vat.
3075 3277 3141 3337 A.
3174 3276 3331 3339 Mar.,
3372 3276 3667 3340 Heinsiani,

2094 3348 2760 3415 Weitz.,transadigit.Gis.
2772 3390 2785 3406 .
2801 3347 3088 3409 transadiit,
3104 3362 3224 3400 cum
3238 3347 3357 3400 Ald.
3369 3388 3382 3409 ,
3402 3348 3625 3414 Bongar.
3642 3362 3671 3404 a

2096 3420 2261 3484 prima
2286 3434 2463 3477 manu.
2482 3420 2558 3471 Ad
2578 3434 2723 3471 oram
2740 3417 2877 3484 Gis.,
2892 3420 3193 3470 transcurrit
3208 3434 3226 3481 ;
3244 3418 3336 3481 al.,
3359 3418 3668 3469 transuadit.

2094 3487 2150 3541 In
2174 3489 2351 3556 Vulg..
2381 3489 2663 3541 transabiit.
2691 3488 2844 3558 Egm.
2875 3497 2924 3541 et
2950 3486 3171 3552 Widtn.,
3194 3488 3518 3558 transadigit.
3544 3484 3672 3558 Ver-

2094 3559 2221 3613 bum
2249 3573 2369 3611 esse
2397 3556 2756 3619 Virgiliamtm‘
2784 3559 3127 3627 transadigere
3167 3558 3371 3610 monuit
3401 3556 3668 3611 Heinsius.

2167 3629 2294 3683 883.
2324 3628 2443 3682 Vat.
2478 3628 2520 3681 A
2542 3669 2555 3691 ,
2603 3628 2777 3696 Egm.,
2810 3628 2946 3690 PaL,
2990 3628 3149 3679 oculis
3191 3642 3286 3695 pro
3331 3643 3523 3680 omnes.
3557 3628 3670 3680 Non

2096 3698 2291 3766 placet.
2319 3697 2437 3762 Quo
2464 3713 2624 3751 sensu
2657 3707 2876 3763 pereant
2906 3707 3060 3751 nocte
3085 3697 3315 3763 colores,
3348 3697 3550 3751 dictum
3591 3707 3674 3750 est

2097 3768 2298 3839 hymno
2325 3768 2563 3839 270mb”
2592 3782 2733 3839 vers.
2764 3769 2816 3839 7.

2169 3836 2294 3892 885.
2327 3838 2559 3899 ’l‘ltttm.,
2588 3838 2743 3898 Maia,
2770 3838 2950 3905 Prag.,
2980 3837 3125 3898 llat.,
3151 3834 3288 3901 Gis.,
3313 3834 3527 3900 Weitz.,
3551 3853 3673 3888 exu-

2100 3918 2182 3967 tae.
2212 3908 2613 3959 idestauimre.
2662 3908 2929 3960 llcinsiani
2959 3919 3155 3958 omnes
3196 3915 3391 3972 prater
3432 3906 3669 3968 Thuau.,

2097 3981 2256 4037 exuti,
2283 3976 2426 4042 quod
2475 3977 2672 4030 habent
2700 3978 2875 4040 Alex.,
2929 3975 3058 4029 Urb.
3088 3984 3143 4028 et
3178 3974 3293 4028 alii.
3333 3975 3481 4027 Tunc
3527 3975 3672 4027 visus

2100 4047 2465 4114 intelliguntur
2493 4046 2656 4099 exuti.
2688 4045 2863 4110 Prag.,
2908 4048 3130 4106 viscera,
3168 4044 3284 4098 Vat.
3311 4045 3375 4109 Α,
3399 4045 3623 4112 pendunt
3651 4060 3669 4096 :

2103 4130 2385 4183 utrumque
2414 4116 2599 4169 falsum
2632 4131 2728 4181 pro
2747 4116 2928 4168 viscere
2952 4124 3006 4168 et
3028 4114 3267 4183 perdunt.

2171 4182 2313 4240 887.7
2339 4186 2484 4247 ΑΜ..
2514 4186 2777 4248 animum;
2818 4185 2928 4251 alii,
2980 4182 3198 4238 animas.
3229 4183 3405 4237 Locus
3454 4182 3539 4235 hic
3583 4182 3672 4236 diu

2106 4257 2261 4309 torsit
2299 4255 2733 4310 Chamillardnm.
2762 4255 2900 4324 Lege
2926 4254 3156 4324 glossam
3203 4254 3390 4324 Isonis,
3433 4262 3488 4306 et
3516 4252 3672 4306 intel-

2100 4326 2204 4394 lige
2245 4341 2356 4379 rem
2401 4339 2522 4379 esse
2548 4324 2615 4380 de
2645 4322 2888 4379 extremo
2916 4322 3148 4392 ‘judicio,
3177 4332 3234 4394 et
3260 4323 3328 4377 de
3357 4332 3534 4394 sorte,
3582 4337 3675 4377 seu

2103 4391 2261 4461 bona,
2294 4410 2387 4448 seu
2421 4395 2581 4463 mala,
2616 4409 2773 4461 quam
2796 4391 2990 4447 animm
3010 4393 3435 4463 sunthabituraa.
3462 4391 3664 4463 Nescio,

2101 4464 2224 4531 quid
2251 4464 2464 4518 Tcolius
2503 4461 2749 4530 amplecti
2778 4464 3025 4530 voluerit,
3074 4462 3314 4525 animant,
3344 4477 3409 4515 an
3441 4461 3674 4514 animas:

425 4551 462 4589 ιι
494 4530 921 4622 ς’ῑῆειξὶεηιαηρξδ
951 4530 1747 4622 Stecu'la‘ser‘is,quibus'geeanus
1777 4530 1995 4584 Vincula
2023 4560 2071 4622 η
2102 4530 2226 4622 riam
2251 4547 2487 4622 errprem
2514 4534 2957 4622 tXpographiclum
2988 4542 3116 4622 puto
3147 4532 3261 4586 Una
3262 4533 3466 4622 nisainsa.
3478 4546 3674 4622 se'm'per

425 4620 596 4659 serum
624 4604 779 4667 laxet,
806 4608 852 4653 et
878 4602 1053 4672 ingens
1083 4599 1470 4672 Pateat__trl.'us,
1488 4600 1808 4672 _Tipltysque
1837 4615 1990 4653 novos

429 4675 637 4744 Detegat
669 4674 846 4744 orbes:
871 4668 960 4723 nec
986 4672 1050 4725 sit
1078 4672 1223 4744 terris
1268 4668 1459 4744 Ultima
1486 4668 1667 4725 Thule.
1706 4668 1837 4737 Quae
1863 4672 1988 4724 dum

428 4740 577 4812 lego,
616 4742 746 4797 nihil
775 4742 1034 4812 Senecam
1066 4740 1133 4812 de
1171 4740 1465 4812 novo‘orbe
1500 4750 1696 4812 nostra
1726 4744 1991 4812 cogitasse

426 4808 573 4879 puto,
601 4813 693 4866 sed
722 4828 783 4865 ea
814 4811 984 4863 solum
1014 4809 1227 4863 laudare
1256 4808 1505 4873 voluisse,
1540 4826 1656 4877 qua:
1689 4811 1740 4864 in
1771 4808 1989 4878 expedi-

426 4884 569 4937 tione
587 4879 884 4937 Britannica
900 4895 936 4932 a
966 4879 1187 4934 Claudio
1210 4879 1561 4948 gerebantur:
1590 4896 1711 4933 nam
1734 4895 1851 4933 eam
1886 4889 1991 4932 tra-

426 4955 653 5019 goediam
695 4953 762 5006 tle
810 4949 993 5003 Medea
1035 4959 1087 5019 et
1115 4950 1308 5004 Jasnne
1352 4948 1540 5019 fecisse
1566 4990 1580 5012 ,
1610 4959 1666 5002 ut
1710 4950 1991 5019 occasione

430 5018 610 5087 prima:
637 5019 986 5085 navigationis
1031 5018 1254 5072 Claudio
1278 5018 1607 5084 adularetur,
1641 5019 1782 5073 etab
1802 5018 1991 5071 exsilio

427 5092 664 5145 revocari
697 5091 985 5153 obtineret,
1019 5089 1167 5142 multi
1194 5098 1435 5141 asserunt
1464 5097 1518 5142 et
1553 5088 1882 5156 exploratqu
1914 5089 1993 5140 vi-

426 5162 598 5214 detur.
648 5161 803 5228 Igitur
834 5159 1053 5211 chorum
1106 5158 1333 5228 inducit,
1368 5158 1741 5225 prirdicentem
1774 5174 1833 5212 ea
1873 5172 1991 5228 qua;

427 5246 524 5285 suo
556 5226 791 5298 tempore
819 5230 1065 5282 accidere
1096 5227 1328 5298 videbat,
1360 5232 1429 5298 de
1459 5228 1685 5298 posteris
1717 5229 1827 5295 ipse
1858 5226 1989 5298 nihil

425 5296 709 5361 sollicitus,
728 5313 1052 5366 exaggerans
1075 5306 1248 5350 tamen
1272 5297 1472 5349 Clittdii
1492 5299 1785 5350 maritimos
1808 5296 1991 5366 trium-

428 5370 576 5436 phos.
611 5370 683 5423 De
726 5382 831 5435 quo
858 5365 978 5419 audi
1012 5366 1361 5434 Pomponium
1387 5367 1573 5420 Metam
1626 5367 1717 5420 lib.
1748 5381 1841 5419 In:
1875 5365 1988 5417 Bri-

422 5440 595 5491 tannia
616 5440 781 5507 qualis
813 5436 876 5487 sit
902 5443 946 5507 et
976 5440 1151 5503 quales
1189 5445 1514 5505 progeneret,
1545 5451 1681 5507 θηρατ-
1700 5436 1914 5488 certiora
1944 5443 1989 5507 et

422 5510 583 5577 magis
607 5505 871 5576 explorata
887 5505 1134 5577 dicentur.
1159 5507 1357 5576 Quippe
1374 5506 1549 5560 tandiu
1572 5505 1989 5577 clausamaperit

422 5575 534 5629 ecce
560 5575 842 5647 principum
883 5575 1158 5640 maximus,
1186 5575 1277 5627 nec
1306 5577 1664 5628 inxlomitarunt
1695 5575 1845 5647 modo
1870 5583 1989 5627 ante

425 5660 496 5709 se,
526 5662 687 5699 verum
723 5646 1013 5701 lenonum
1044 5661 1239 5713 quoque
1276 5648 1500 5713 gentium
1528 5648 1681 5699 victor
1704 5661 1719 5706 ;
1744 5646 1829 5712 qui
1868 5659 1985 5710 pro-

424 5722 645 5780 priarum
678 5732 842 5770 rerum
870 5715 1018 5783 fidem
1066 5726 1117 5769 ut
1153 5714 1280 5768 bello
1316 5715 1598 5781 aﬂ'ectartt,
1629 5717 1696 5767 ita
1727 5714 1983 5778 triumpho

2099 4602 2254 4670 facies
2274 4603 2449 4667 habet;
2473 4599 2829 4658 sed—recte'ad
2865 4599 3003 4657 hunc
3031 4600 3390 4656 locum-alieni
3412 4599 3540 4654 illud
3576 4599 3674 4653 Ec-

2096 4673 2224 4726 cles.
2256 4687 2329 4736 si,
2360 4672 2430 4726 3:
2464 4672 2525 4726 Si
2571 4673 2805 4726 ceciderit
2852 4674 3048 4741 lignum
3093 4672 3161 4726 ad
3206 4680 3439 4725 austrum
3483 4680 3571 4723 aut
3607 4672 3675 4722 ad

2098 4741 2411 4812 aquilonem,
2432 4742 2484 4812 in
2512 4758 2809 4812 quocunque
2836 4746 2946 4796 loco
2970 4744 3219 4807 ceciderit,
3252 4742 3322 4795 ibi
3346 4743 3462 4795 erit.

2170 4811 2295 4865 892.
2328 4810 2401 4862 Ita
2454 4811 2597 4875 Pun,
2641 4810 2842 4877 Onam,
2888 4812 3113 4876 Cauch.,
3155 4812 3302 4870 Rot..
3336 4820 3445 4866 tres
3492 4810 3675 4872 Torr.,

2100 4880 2281 4944 Alcm,
2314 4879 2469 4947 Urb.,
2524 4879 2641 4933 Rat.
2676 4896 2704 4933 a
2758 4883 3233 4947 manu-secunde,
3287 4880 3412 4945 Eg.,
3458 4880 3582 4933 Ald.
3624 4888 3675 4933 et

2100 4950 2303 5003 Bonon.
2334 4948 2438 5001 Alii
2482 4950 2659 5014 legunt
2710 4965 2942 5014 expertos
2971 4953 3109 5006 visus
3152 4966 3273 5006 cum
3304 4950 3461 5013 Man,
3499 4950 3619 5003 Rat.
3646 4966 3673 5002 a

2099 5034 2258 5091 manu
2284 5020 2473 5091 prima,
2502 5019 2683 5091 [δι-ως..
2718 5018 2943 5091 Weitz..
2987 5022 3129 5091 quod
3169 5022 3335 5091 edidit
3366 5020 3673 5091 Giselinus;

2099 5089 2191 5142 sed
2216 5089 2422 5161 monuit
2447 5098 2650 5161 postea.
2673 5090 2725 5142 in
2747 5087 3063 5157 quibusdam
3090 5090 3408 5161 apographis
3428 5102 3548 5161 esse
3573 5087 3675 5161 Es;-

2100 5168 2242 5226 perto
2273 5159 2473 5211 dubitas
2501 5160 2699 5211 animas
2726 5175 3015 5227 percurrere
3043 5159 3170 5225 uisu,
3193 5160 3334 5228 quod
3366 5159 3468 5227 ipsi
3500 5159 3676 5225 appri-

2103 5243 2189 5299 me
2221 5228 2500 5299 placebat;
2522 5238 2587 5299 et
2608 5231 2657 5281 iu
2692 5228 2864 5297 prima
2887 5229 3121 5283 editione
3142 5232 3507 5299 adoptaverat.
3539 5229 3675 5283 Ante

2103 5298 2395 5369 Qiselinum
2423 5298 2713 5353 Sichardus
2742 5307 2957 5369 secutus
2980 5299 3150 5352 fuerat
3178 5298 3407 5369 expertos
3437 5300 3591 5369 uisus.
3621 5299 3675 5351 In

2102 5366 2310 5420 Thuan.
2336 5376 2451 5437 erat
2481 5382 2508 5419 a
2541 5384 2696 5421 manu
2722 5368 2889 5436 prima
2920 5378 3175 5437 expertas,
3206 5366 3487 5423 a'secunda
3518 5382 3676 5422 manu

2100 5437 2339 5503 expertis.
2387 5435 2547 5489 Poeta
2594 5435 2899 5508 exemplum
2954 5435 3170 5508 adducit
3218 5452 3437 5508 eorum,
3472 5454 3592 5508 qua:
3626 5437 3675 5491 in

2097 5510 2300 5560 somnis
2324 5508 2648 5572 experimur.
2681 5507 2928 5569 Plerique
2960 5505 3099 5560 male
3131 5506 3269 5561 hunc
3301 5505 3675 5561 locum'imer-

2096 5575 2614 5675 pugggngﬂonjicio
2637 5583 2887 5644 expertes.
2904 5577 3006 5629 hoc
3034 5584 3137 5639 est,
3159 5577 3362 5629 animas
3380 5588 3671 5645 separatas.

2369 5659 2457 5675 .mn
2539 5663 2626 5675 ...Α
2661 5663 2765 5675 η...
2798 5654 3027 5675 unum...”
3075 5647 3391 5675 ιηηη.ιηέη..ι.

2167 5645 2293 5698 896.
2323 5645 2505 5717 Prag.,
2539 5663 2626 5698 nec
2657 5654 3047 5717 sesesegregat,
3075 5647 3411 5717 inconcinne.

2170 5717 2291 5769 891.
2325 5715 2383 5770 ln
2410 5718 2674 5776 nonnullis
2708 5715 2872 5785 vulg.,
2906 5715 3119 5784 artibus,
3154 5716 3314 5769 male.
