4064 6444
182 380 255 434 25

177 497 356 562 ﬁniit,
388 499 577 545 omnes
603 484 914 544 accurrunt,
938 483 996 530 ut
1021 470 1138 542 ejus
1163 478 1391 540 pugnas,
1421 469 1617 524 artem,
1642 455 1809 511 robur

187 550 440 660 spectare
461 577 702 652 possint;
723 572 954 642 hincque
986 564 1165 622 videas
1194 561 1605 616 innumerorum
1633 550 1810 606 itOttti-

187 641 324 738 nrum
372 641 678 734 theatrum,
725 663 818 736 qui
867 641 918 716 in
963 673 1023 715 ea
1056 671 1116 712 re
1159 661 1214 710 et
1257 649 1452 706 mentis
1482 654 1537 702 et
1566 641 1814 715 corporis

189 735 374 829 oculis
402 769 501 825 toti
530 735 882 825 incumbunt,
912 764 970 809 ut
997 750 1128 807 nihil
1155 746 1222 802 ad
1249 739 1614 817 spectaculum
1644 735 1811 829 perti-

191 883 331 924 nens
360 878 423 920 se
466 856 747 934 praeterire
775 849 965 922 possit.
995 845 1132 901 Tum
1160 842 1205 896 si
1233 838 1355 911 quis
1384 835 1617 891 eximius
1649 828 1818 885 musi-

189 922 293 1016 cus
311 922 703 1013 adveritaverit,
726 945 778 1001 hi
802 955 991 1000 omnes
1008 935 1257 993 similiter
1274 931 1544 1012 theatrum
1570 922 1815 994 implent,

195 1051 491 1120 missisque
515 1042 767 1101 omnibus
807 1052 927 1108 quae
955 1047 1068 1105 prae
1099 1026 1352 1084 manibus
1379 1021 1601 1085 habent,
1624 1017 1727 1120 etsi
1754 1029 1818 1070 ca

192 1160 344 1216 saepe
386 1109 693 1198 necessaria
720 1133 831 1190 sint
858 1138 910 1186 et
944 1123 1189 1197 urgentia
1213 1161 1231 1188 ,
1273 1127 1577 1174 conscenso
1608 1109 1820 1165 theatro

193 1215 413 1303 sedent,
436 1230 784 1298 studioseque
803 1230 1022 1279 cantum
1043 1227 1099 1274 et
1117 1216 1610 1270 instrumentorum
1625 1215 1820 1259 sonum

194 1295 572 1403 excipientes,
603 1322 671 1378 de
696 1295 1054 1386 utrorumque
1097 1315 1370 1367 concentu
1396 1303 1697 1372 disputant.
1745 1295 1822 1403 ira

194 1387 423 1499 quidem
451 1387 634 1476 multi.
660 1413 764 1484 Qui
793 1418 974 1467 autem
1002 1407 1056 1461 in
1082 1398 1368 1459 rhetoricis
1389 1395 1545 1469 periti
1565 1399 1713 1499 sunt,
1744 1387 1827 1444 id-

197 1482 378 1590 ijpsum
420 1526 548 1584 erga
588 1482 862 1579 sophistas
893 1498 968 1576 (a)
1005 1502 1284 1569 praestant.
1316 1487 1452 1545 Nam
1493 1482 1636 1557 apud
1683 1483 1826 1585 istos

195 1575 421 1684 quoque
449 1575 672 1659 theatra.
690 1604 819 1655 sunt
839 1603 895 1649 et
908 1575 1216 1654 auditores,
1247 1583 1493 1655 plausus,
1523 1575 1788 1647 strepitus
1805 1614 1822 1640 ,

197 1671 259 1764 et
300 1671 570 1760 dictorum
600 1706 836 1751 examen
859 1683 1210 1759 exquisitum.
1243 1677 1399 1748 Quod
1432 1674 1478 1730 si
1499 1671 1780 1728 rhetorum
1808 1709 1825 1734 ,

199 1760 486 1856 tibicinum
512 1787 954 1853 athletarumque
985 1792 1082 1833 seu
1112 1781 1470 1846 spectatores,
1491 1780 1590 1822 seu
1617 1760 1831 1818 audito-

202 1855 297 1947 res
325 1883 489 1943 simul
517 1890 573 1939 et
600 1885 952 1949 spectatores,
970 1884 1095 1926 cum
1113 1875 1264 1922 tanta
1283 1861 1472 1919 sedent
1490 1855 1826 1913 attentione:

201 1986 466 2054 quantum
497 1970 684 2037 studii,
715 1972 976 2040 quantum
998 1957 1294 2031 diligentiae
1319 1967 1418 2009 vos
1445 1949 1708 2054 adhibere
1731 1959 1832 2054 pqr

203 2036 293 2131 est
318 2114 336 2140 ,
370 2083 495 2126 cum
529 2065 641 2136 jam
670 2036 776 2118 non
809 2058 1008 2114 tibicen
1033 2093 1051 2120 ,
1081 2066 1192 2107 non
1218 2046 1460 2118 sophista
1485 2083 1502 2110 ,
1532 2039 1628 2096 sed
1658 2038 1740 2093 vir
1764 2036 1836 2092 de

201 2132 345 2222 ctelo
372 2132 578 2217 tonitru
603 2152 891 2210 clariorem
922 2146 1181 2203 emittens
1215 2151 1410 2195 vocem
1437 2135 1452 2167 ¹
1475 2176 1490 2201 ,
1518 2132 1587 2188 ad
1618 2137 1834 2200 specta-

203 2257 390 2314 culum
419 2263 518 2306 vos
537 2243 765 2304 evocet?
793 2240 992 2297 Totum
1020 2235 1222 2314 quippe
1247 2230 1436 2286 orbem
1466 2225 1570 2280 hoc
1598 2223 1838 2283 clamore

206 2312 517 2417 occupavit,
538 2331 976 2409 comprehendit;
999 2312 1262 2400 implevit,
1294 2337 1404 2377 non
1433 2315 1691 2374 clamoris
1724 2327 1840 2368 tua-

206 2412 518 2515 guitudine,
539 2432 636 2489 sed
666 2432 847 2501 lingua
865 2441 934 2483 ex
960 2423 1158 2480 divinae
1181 2417 1372 2492 gratiae
1392 2420 1540 2470 motu
1558 2412 1836 2480 loquente.

208 2509 482 2603 Quodque
507 2526 705 2582 mirum
735 2528 820 2578 est
843 2560 861 2588 ,
900 2526 1082 2574 tantus
1115 2511 1208 2568 ille
1251 2509 1458 2566 clamor
1481 2546 1497 2572 ,
1544 2517 1650 2559 non
1680 2513 1842 2570 asper

211 2595 318 2692 est,
352 2595 464 2680 non
494 2616 766 2684 insuavis,
799 2611 896 2670 sed
926 2608 1074 2667 omni
1108 2604 1315 2662 musica
1341 2598 1626 2657 harmonia
1648 2595 1845 2668 jucun-

213 2686 340 2776 dior
393 2724 452 2772 et
495 2706 912 2769 desiderabilior
982 2698 1349 2772 captandique
1409 2691 1675 2762 majorem
1734 2686 1844 2742 vim

218 2811 467 2869 habens:
489 2792 751 2879 praeterea
780 2797 1158 2856 sanctissimus
1184 2798 1308 2857 est,
1333 2796 1388 2844 et
1412 2783 1706 2842 admodum
1740 2792 1849 2836 tre-

219 2905 458 2966 mendus
525 2909 607 2957 tot
632 2895 851 2953 arcanis
879 2893 1075 2965 plenus
1096 2931 1111 2954 ,
1147 2896 1226 2943 tot
1254 2885 1394 2941 bona
1422 2878 1715 2938 conferens
1742 2919 1757 2942 ,
1792 2885 1850 2930 ut

220 3000 315 3072 qui
344 2996 635 3068 diligenter
664 2989 815 3046 illum
840 2984 1123 3056 excipiunt
1147 2988 1312 3061 atque
1336 2981 1668 3033 conservant
1692 3013 1707 3038 ,
1741 2984 1850 3024 non

223 3059 332 3166 iam
364 3059 613 3147 homines
638 3085 767 3149 sint,
791 3094 900 3137 non
916 3079 1029 3150 jam
1058 3079 1110 3132 in
1141 3059 1286 3131 terra
1315 3078 1603 3134 maneant;
1635 3064 1735 3123 sed
1762 3080 1856 3121 su-

225 3157 326 3257 pra
351 3179 635 3240 saecularia
659 3174 846 3232 omnia
870 3181 926 3227 et
952 3184 1076 3227 cum
1098 3165 1310 3237 angelis
1331 3173 1535 3221 sortem
1569 3157 1852 3225 habentes,

227 3248 433 3334 ierratn
467 3271 619 3344 quasi
649 3267 844 3325 ca-lutn
878 3262 1139 3320 incolant.
1168 3252 1385 3315 Ettenim
1427 3253 1519 3310 ille
1543 3249 1764 3308 tonitrui
1795 3248 1853 3303 ﬁ-

227 3370 339 3430 lius
361 3342 559 3444 (Marc.
589 3363 643 3418 ὅ.
678 3360 794 3433 17),
812 3356 1031 3413 Christo
1051 3352 1314 3418 dilectus,
1341 3349 1594 3406 columna
1612 3342 1858 3399 omnium

230 3435 439 3537 quze'iu
469 3459 603 3515 orbe
632 3463 761 3512 sunt
787 3449 1178 3512 Ecclesiarum,
1206 3444 1297 3516 qui
1325 3442 1442 3498 ρευιί
1466 3441 1647 3496 claves
1668 3435 1855 3504 habet,

231 3531 326 3631 qui
347 3556 418 3614 de
443 3554 615 3611 calice
643 3547 841 3605 Christi
875 3544 1041 3611 bibit,
1073 3550 1130 3598 et
1159 3539 1278 3609 ejus
1315 3537 1583 3607 baptismo
1615 3531 1859 3603 baptiza-

235 3621 326 3709 tus
351 3657 473 3718 est,
506 3645 598 3717 qui
629 3656 752 3700 cum
780 3651 975 3713 magna
1005 3633 1198 3693 ﬁducia
1231 3644 1395 3704 supra
1429 3637 1618 3701 pectus
1647 3621 1861 3683 Domini

237 3742 513 3806 recubuit,
543 3737 632 3793 hic
663 3735 775 3808 jam
801 3747 900 3788 nos
921 3727 1195 3795 convenit;
1220 3743 1326 3782 non
1358 3723 1593 3779 fabulam
1619 3730 1860 3786 acturus,

242 3851 354 3895 non
383 3839 708 3906 personatus
736 3825 948 3884 accedit
977 3823 1182 3899 (neque
1211 3819 1356 3877 enim
1390 3819 1516 3872 talia
1546 3816 1867 3887 loquntur-us

241 3929 378 4002 est),
409 3941 520 3983 non
556 3925 612 3980 in
639 3930 953 3994 suggestum
985 3915 1252 3982 ascendit,
1279 3930 1385 3968 non
1413 3911 1750 3968 orchestram
1775 3923 1870 3979 pe-

242 4024 316 4080 de
344 4017 595 4093 percutit,
619 4031 727 4071 non
751 4028 916 4069 aurea
946 4010 1165 4067 indutus
1192 4015 1277 4064 est
1302 4018 1475 4072 veste;
1505 4004 1601 4060 sed
1631 4003 1871 4075 ingredi-

133 4129 146 4138 ‘
248 4127 338 4171 tur
352 4128 477 4169 cum
500 4106 792 4182 singularis
810 4102 1230 4178 pulchritudinis
1250 4100 1472 4155 amictu.
1488 4097 1707 4154 Christo
1724 4097 1870 4152 enim

250 4205 472 4265 indutus
502 4198 838 4271 conspicitur
859 4193 1014 4270 (Gal.
1061 4195 1115 4250 5.
1141 4191 1261 4263 27),
1293 4190 1460 4261 pedes
1489 4190 1746 4262 speciosos
1764 4187 1877 4243 cal-

237 4299 440 4359 ‘ecatos
470 4297 675 4353 habens
703 4294 759 4350 in
783 4289 1184 4366 praeparatione
1215 4286 1482 4357 evangelii
1515 4284 1664 4357 pacis
1694 4277 1872 4355 (nam.

256 4395 346 4452 10.
377 4391 470 4464 l5)
501 4407 517 4457 ;
547 4402 686 4444 zona
715 4401 825 4442 non
856 4391 1046 4456 pectus
1069 4423 1084 4448 ,
1116 4380 1213 4437 sed
1267 4378 1480 4434 lumbos
1510 4375 1838 4449 praecinctus
1858 4416 1873 4442 ,

258 4499 367 4543 non
394 4499 461 4540 es
483 4492 754 4555 purpurea
785 4477 930 4549 pelle
955 4517 970 4541 ,
1009 4489 1186 4545 neque
1213 4486 1449 4542 superne
1478 4485 1615 4524 auro
1644 4480 1834 4524 ornata
1861 4509 1876 4534 ,

259 4576 358 4633 sed
390 4577 506 4646 ipsa
538 4571 771 4629 veritate
799 4575 1055 4625 contexta
1084 4576 1140 4622 et
1169 4563 1512 4620 concinnata.
1545 4559 1697 4616 Talis
1737 4574 1884 4615 nunc

262 4671 420 4751 nobis
459 4661 685 4726 ollertur
707 4665 828 4722 sine
856 4664 1003 4720 larva
1035 4680 1048 4718 :
1082 4660 1226 4716 nulla
1256 4657 1404 4715 enim
1436 4654 1578 4726 apud
1609 4655 1786 4726 ipsum
1811 4654 1884 4709 si-

265 4749 514 4831 mulatio,
544 4762 688 4818 nulla
719 4759 865 4816 ﬁctio
888 4758 970 4816 vel
1002 4755 1201 4820 fabula;
1233 4753 1329 4808 sed
1362 4749 1510 4806 nudo
1535 4750 1714 4821 capite
1737 4791 1753 4816 ,
1787 4764 1888 4803 utt-

265 4863 391 4920 dam
424 4857 642 4915 nuntiat
681 4854 988 4910 veritatem.
1019 4849 1208 4920 Neque
1238 4861 1363 4902 cum
1405 4845 1583 4914 reipsa
1610 4842 1751 4897 alios
1780 4841 1886 4906 sit,

267 4957 371 5012 alia
403 4969 470 5009 es
504 4949 715 5013 habitu,
742 4946 938 5013 oculis,
970 4957 1104 4998 voce
1134 4939 1476 4996 auditoribus
1499 4935 1770 5001 suadebit;
1793 4949 1893 4990 nec

269 5042 650 5107 instrumentis
674 5039 742 5096 ad
791 5040 908 5095 haec
934 5034 1232 5093 nuntianda
1263 5047 1402 5105 Opus
1433 5030 1632 5095 habet,
1665 5043 1771 5084 non
1811 5027 1892 5083 ci—

274 5144 429 5198 thara
456 5181 473 5208 ,
506 5153 614 5194 non
647 5136 762 5207 lyra
791 5176 806 5201 ,
839 5149 946 5189 non
974 5131 1083 5187 alio
1129 5132 1322 5202 quovis
1351 5123 1725 5198 hujuscemodi
1751 5140 1766 5189 ;
1797 5122 1894 5178 sed

276 5234 458 5290 omnia
502 5245 599 5302 per
647 5230 884 5300 linguam
925 5233 1182 5296 operatur
1206 5264 1220 5287 ,
1250 5232 1306 5278 et
1333 5219 1526 5292 quavis
1571 5219 1780 5274 cithara
1813 5215 1898 5271 vel

277 5328 483 5384 musica
534 5323 843 5380 suaviorem
889 5320 1268 5388 utilioremque
1312 5330 1501 5371 vocent
1549 5312 1771 5368 emittit.
1803 5310 1902 5366 Est

280 5469 413 5507 snam
436 5450 790 5505 Commentarti
817 5455 1031 5512 partem,
1054 5449 1190 5495 inter
1212 5437 1763 5512 homilias,_et_quiden_t
1781 5439 1899 5512 jure

280 5500 852 5574 meritarecensentes',
880 5500 1195 5574 tituli'instar
1215 5507 1434 5574 habent:
1459 5500 1592 5566 tith
1609 5500 1694 5563 a';
1720 5500 1898 5552 alorci.

283 5593 425 5640 vero,
451 5568 503 5627 in
521 5568 1005 5640 superscriotionem
1031 5571 1182 5640 etl'ert
1209 5568 1517 5640 :npooiutov.

351 5633 425 5709 (ai
448 5633 699 5709 Sophista
721 5637 1020 5709 dicebantur
1045 5633 1297 5706 rhetores,
1325 5635 1509 5709 artium
1537 5633 1763 5709 m‘aglstrt
1783 5647 1902 5709 ,ιδε-

287 5696 752 5772 plétttes,doctores
775 5715 789 5762 ;
817 5697 1224 5772 tllaautemjpsa
1240 5710 1336 5772 vos
1359 5696 1625 5772 aliquando
1646 5699 1699 5746 in
1721 5697 1901 5767 malam

285 5757 484 5882 mrem
497 5757 876 5881 'zectipitur,'pro
896 5763 956 5812 iis
973 5757 1059 5824 qui
1077 5757 1326 5810 simulatis
1343 5757 1621 5809 ratibciniis
1642 5760 1900 5810 veritatem

367 5845 502 5882 .oruu
541 5843 571 5877 u
605 5865 617 5877 .

354 5836 617 5894 torquent.

354 5897 370 5928 ι
404 5884 540 5945 Unus
566 5893 737 5950 habet.
761 5903 880 5945 voce
905 5884 1172 5942 clariorem
1190 5884 1412 5941 emittant
1433 5896 1619 5940 vocem.

1456 345 1519 399 ΙΝ
1558 340 1878 400 ,ΙΟΛΝΝΕΜ
1921 342 2152 401 HOMIL.
2197 346 2236 401 Ι.

3474 324 3547 379 26

1924 457 1998 513 llli
2024 457 2392 530 proscenium,
2423 455 2615 511 ctclum
2646 460 2855 518 totum;
2885 448 3182 513 theatrum,
3215 439 3400 508 orbis;
3425 454 3550 508 sph-

1921 559 2160 606 etatores
2185 560 2240 605 et
2270 549 2549 604 auditores
2573 587 2589 615 ,
2621 560 2812 602 omnes
2832 540 3033 614 angeli,
3059 549 3114 596 et
3138 553 3202 593 ex
3235 531 3548 590 hominibus

1921 649 2184 714 quotquot
2224 641 2403 712 angeli
2431 648 2592 707 sunt,
2621 645 2716 694 aut
2753 635 2867 692 ﬁeri
2908 631 3152 705 cupiunt.
3188 627 3253 684 lii
3313 637 3551 692 namque

1923 737 2022 792 soli
2055 744 2282 808 possunt
2332 733 2473 790 hanc
2501 731 2844 788 harmoniam
2875 735 3133 785 accurate
3158 719 3382 778 auribus
3422 733 3554 790 per-

1923 828 2129 897 cipere,
2161 838 2213 884 et
2237 826 2496 898 operibus
2523 824 2808 890 exhibere,
2838 832 3004 892 atque
3032 816 3335 879 auditores,
3364 812 3556 884 quales

1922 931 2142 995 aportct
2163 965 2178 990 ,
2208 936 2334 978 esse
2364 922 2404 976 ⁸.
2439 921 2543 976 Alii
2590 934 2720 975 vero
2747 931 2942 972 omnes
2963 957 2977 981 ,
3022 928 3124 969 ceu
3146 909 3409 974 iul'autcs,
3434 904 3556 981 [au-

1927 1013 2082 1070 diunt
2105 1013 2347 1086 quidem,
2373 1028 2474 1070 nec
2507 1022 2686 1067 tamen
2715 1009 2897 1065 audita
2927 1006 3261 1077 intelligunt,
3284 997 3409 1074 sed]
3441 999 3560 1070 pla-

1928 1109 2103 1165 centis
2135 1107 2548 1178 puerilibusque
2579 1105 2719 1161 ludis
2743 1103 2936 1158 intenti
2961 1107 3092 1156 sunt
3121 1116 3133 1152 :
3160 1099 3232 1152 ita
3267 1097 3318 1150 hi
3342 1106 3564 1166 quoque

1929 1200 2084 1264 risui,
2115 1197 2329 1255 deliciis
2349 1240 2364 1263 ,
2396 1198 2590 1269 opibus
2613 1238 2629 1264 ,
2660 1195 2924 1268 potentia:
2952 1190 3145 1256 dediti,
3171 1189 3455 1265 ventrique
3487 1185 3569 1240 vi-

1929 1303 2142 1358 ventes,
2166 1290 2310 1346 dicta
2334 1289 2554 1360 quidem
2584 1287 2857 1343 interdum
2888 1283 3137 1350 audiunt;
3158 1281 3256 1337 sed
3283 1279 3418 1336 nihil
3445 1295 3566 1334 tua-

1928 1398 2094 1454 gnum
2121 1385 2206 1438 vel
2239 1383 2473 1438 sublime
2499 1380 2762 1453 operibus
2798 1377 3064 1435 exhibent
3083 1418 3097 1442 ,
3128 1373 3274 1448 quod
3303 1387 3364 1429 se
3393 1369 3567 1428 semel

1931 1477 2169 1534 lateritio
2193 1477 2347 1550 operi
2393 1486 2451 1533 et
2475 1477 2590 1531 luto
2623 1475 2955 1530 dediderint.
2986 1470 3129 1528 Huic
3173 1467 3436 1542 apostolo.
3469 1465 3569 1521 ad-

1933 1581 2080 1628 stant
2106 1587 2360 1643 supcrnte
2386 1573 2641 1638 virtutes,
2672 1571 2819 1625 illius
2849 1567 3045 1623 animae
3078 1563 3566 1637 pulchritudinem,

1935 1665 2276 1738 prudentiam
2309 1665 2636 1736 virtutisque
2663 1662 2902 1735 speciem
2931 1661 3195 1715 mirantes
3220 1698 3237 1725 ,
3279 1670 3377 1728 per
3407 1671 3570 1726 quam

1937 1762 2115 1833 ipsum
2145 1758 2424 1817 Christum
2455 1759 2714 1824 attraxit,
2755 1765 2812 1813 et
2836 1755 3181 1827 spiritualem
3210 1753 3424 1822 accepit
3453 1767 3578 1822 gra-

1939 1855 2091 1909 tiam.
2128 1853 2344 1909 Etenim
2378 1867 2478 1908 ccu
2513 1851 2685 1923 lyram
2713 1849 3006 1922 quamdam
3037 1846 3345 1918 speciosam
3377 1843 3578 1916 lapillis

1938 1944 2234 2019 aureisque
2283 1944 2480 2001 ﬁdibus
2510 1953 2758 1999 ornatam
2785 1984 2801 2011 ,
2835 1941 2916 1998 sic
2961 1941 3202 1996 animam
3243 1951 3582 2009 componens

1940 2053 2096 2093 suam
2122 2077 2138 2103 ,
2182 2036 2235 2093 id
2264 2035 2447 2092 eﬁ‘ecit
2479 2043 2538 2091 ut
2579 2049 2836 2107 magnum
2882 2041 2939 2090 et
2976 2030 3258 2088 excelsum
3303 2028 3581 2101 quidpiam

1943 2130 2151 2202 Spiritu
2179 2138 2421 2186 sonaret.

2016 2224 2072 2279 2.
2101 2223 2325 2279 Joannis
2355 2222 2666 2278 sublimitas.
2699 2219 2974 2289 Quomodo
3016 2217 3338 2290 evangelium
3373 2216 3486 2286 ejus
3522 2215 3590 2269 sit

1945 2321 2286 2376 audiendum.
2315 2350 2388 2362 —
2418 2319 2607 2392 itaque
2639 2335 2747 2374 non
2793 2326 2853 2374 ut
2883 2315 3203 2388 piscatoris,
3242 2326 3346 2369 nec
3391 2319 3450 2367 ut
3492 2311 3588 2367 ﬁlii

1948 2413 2223 2479 Zcbcdtei,
2249 2413 2345 2471 sed
2370 2413 2562 2485 utejus
2577 2413 2668 2485 qui
2694 2411 2958 2484 profunda
2990 2409 3085 2466 Dei
3115 2408 3290 2478 novit,
3315 2407 3582 2477 Spiritum

1948 2508 2074 2564 dico
2099 2508 2242 2563 hanc
2270 2508 2448 2580 lyram
2472 2507 2801 2578 pulsantem,
2836 2506 2916 2560 sic
2936 2503 3245 2559 audiamus.
3269 2501 3414 2558 Nihil
3443 2500 3591 2556 enim

1952 2601 2254 2656 humanum
2285 2601 2454 2668 dicet,
2487 2600 2584 2656 sed
2612 2598 2875 2671 quidquid
2908 2599 3163 2670 loquetur
3189 2612 3255 2652 ex
3285 2595 3591 2668 spirituali-

1953 2694 2056 2750 bus
2082 2693 2297 2765 ahyssis
2324 2693 2578 2750 haustum
2611 2703 2717 2760 est,
2753 2709 2819 2747 ex
2847 2691 3064 2747 arcanis
3085 2689 3217 2755 illis,
3247 2704 3369 2759 qua:
3397 2705 3466 2744 ne
3494 2705 3595 2744 au-

1955 2787 2060 2859 geli
2085 2786 2329 2858 quidem,
2359 2797 2652 2864 antequam
2680 2785 2770 2841 illa
2803 2785 3022 2850 ﬁerent,
3052 2789 3340 2839 noverant.
3371 2781 3508 2838 Nam
3540 2789 3598 2838 et

1960 2882 2064 2953 ipsi
2097 2881 2382 2938 uobiscum
2409 2895 2506 2952 per
2534 2880 2761 2938 Joannis
2791 2893 3016 2946 vocem,
3040 2886 3098 2935 et
3127 2893 3224 2949 per
3247 2893 3349 2934 nos
3384 2876 3596 2933 didice-

1960 2985 2090 3033 runt
2116 2991 2179 3032 ea
2206 2991 2329 3047 qum
2360 2991 2461 3031 nos
2491 2975 2766 3030 novimus.
2802 2973 2868 3028 Et
2897 2972 3001 3028 hoc
3022 2987 3240 3043 quoque
3270 2971 3601 3042 signiﬁcavit

1960 3069 2104 3125 alius
2126 3065 2410 3139 apostolus
2441 3065 2527 3121 his
2567 3065 2787 3121 verbis:
2817 3062 2886 3121 Ut
2921 3064 3208 3118 innotescat
3236 3078 3374 3116 nunc
3404 3061 3600 3133 princi-

1964 3162 2170 3230 patibus
2202 3170 2249 3215 et
2282 3156 2620 3231 potestatibus
2669 3174 2761 3229 per
2806 3154 3097 3211 Ecclesium
3137 3153 3475 3226 multiformis
3520 3171 3606 3211 sa-

1966 3254 2161 3327 pientia
2182 3251 2283 3308 Dei
2321 3251 2542 3325 (Epltes.
2573 3251 2628 3307 5.
2659 3251 2774 3321 l0).
2805 3249 2863 3306 Si
2891 3263 3024 3320 ergo
3049 3248 3386 3321 principatus
3411 3289 3424 3310 .
3451 3255 3608 3318 pote-

1965 3358 2155 3415 states,
2179 3347 2479 3404 Cherubim
2508 3355 2562 3403 et
2593 3345 2882 3416 Seraphim
2916 3345 3034 3400 hate
3063 3359 3160 3414 per
3185 3340 3488 3398 Ecclesiatn
3517 3341 3606 3396 di-

1968 3440 2217 3497 dicerunt
2242 3482 2256 3507 ,
2292 3441 2470 3512 palam
2499 3450 2584 3510 est
2626 3439 2748 3494 illos
2778 3452 2970 3510 magna
3001 3452 3126 3492 cum
3154 3433 3458 3490 attentione
3494 3434 3612 3489 ha‘c

1969 3535 2282 3596 edidicisse.
2311 3533 2476 3596 Certe
2527 3552 2633 3595 non
2672 3551 2843 3611 parvo
2887 3533 3017 3589 hinc
3040 3533 3258 3593 honore
3300 3531 3608 3604 alticimur,

1936 3636 1942 3645 '
1972 3635 2117 3708 quod
2162 3635 2341 3706 angeli
2373 3649 2436 3691 ea
2464 3633 2751 3690 nobiscum
2802 3632 3048 3699 audiant,
3082 3649 3207 3704 qua:
3235 3631 3553 3703 ignorabant
3595 3650 3609 3686 :

1971 3728 2117 3802 quod
2146 3735 2326 3784 autem
2354 3727 2518 3784 etiam
2552 3742 2648 3798 per
2674 3742 2794 3793 nos,
2833 3725 3074 3781 nondum
3106 3725 3283 3781 dicam
3313 3722 3613 3795 quomodo.

1974 3821 2203 3878 Multum
2249 3835 2382 3892 ergo
2421 3819 2784 3876 adhibeamus
2811 3833 2936 3875 cum
2979 3817 3249 3875 modestia
3291 3813 3573 3876 silentium
3599 3857 3616 3880 ,

1976 3932 2085 3972 non
2112 3916 2276 3973 hodie
2305 3924 2536 3980 tantum,
2569 3925 2658 3971 aut
2689 3930 2757 3970 eo
2779 3914 3066 3972 dumtaxat
3093 3930 3204 3986 quo
3233 3914 3486 3971 audimus
3505 3913 3617 3978 die,

1979 4010 2074 4067 sed
2105 4025 2204 4081 per
2234 4017 2404 4065 totam
2439 4011 2625 4075 vitam;
2657 4009 2783 4080 quia
2813 4008 2969 4064 illum
2997 4007 3148 4064 omni
3181 4017 3428 4078 tempore
3456 4006 3620 4063 audi-

1981 4121 2044 4162 re
2075 4105 2413 4161 fructuosum
2443 4098 2546 4160 est.
2579 4103 2712 4158 Nam
2744 4102 2789 4158 si
2817 4109 2882 4158 ea
2912 4117 3036 4173 qua:
3058 4103 3112 4157 in
3139 4103 3286 4171 regia
3312 4109 3578 4174 geruntur
3603 4142 3620 4165 ,

1982 4201 2127 4256 seire
2152 4207 2426 4270 optamus;
2460 4211 2658 4267 nempe
2689 4195 2820 4266 quid
2848 4193 3151 4265 Imperator
3180 4193 3361 4261 faciat,
3391 4192 3521 4263 quid
3550 4192 3622 4250 de

1989 4291 2219 4348 subditis
2245 4289 2532 4354 consulat,
2563 4287 2778 4344 etiamsi
2809 4301 2957 4357 saepe
2995 4283 3049 4340 id
3093 4285 3227 4340 nihil
3253 4286 3322 4340 ad
3362 4301 3463 4340 nos
3491 4287 3624 4340 atti-

1988 4395 2116 4440 neat
2147 4401 2161 4440 :
2194 4384 2369 4438 multo
2397 4381 2570 4453 magis
2607 4395 2730 4451 quae
2764 4379 2908 4434 Deus
2937 4377 3076 4433 dixit
3101 4377 3292 4433 audire
3322 4379 3624 4449 optandum

1987 4489 2117 4537 est:
2150 4493 2273 4534 eum
2317 4475 2555 4532 maxime
2605 4473 2697 4528 illa
2740 4472 2923 4527 omnia
2951 4470 3021 4526 ad
3063 4486 3164 4526 nos
3195 4471 3629 4543 speetent..llavc

1993 4588 2157 4645 porro
2184 4581 2376 4628 cuncta
2410 4578 2667 4626 accurate
2693 4568 2785 4623 ille
2817 4565 2974 4623 nobis
3005 4566 3318 4634 enarrabit,
3364 4565 3510 4637 quod
3542 4580 3630 4622 rc-

1993 4666 2076 4737 gis
2101 4666 2312 4721 amicus
2353 4662 2445 4728 sit,
2476 4662 2586 4716 imo
2614 4658 2758 4732 quod
2791 4673 2978 4730 regem
3008 4657 3062 4713 in
3095 4671 3156 4713 se
3183 4659 3500 4729 loquentem
3531 4656 3634 4712 ha-

1995 4763 2124 4819 beat
2151 4759 2446 4828 omniaque
2467 4755 2650 4811 abillo
2671 4753 2876 4817 audiat,
2910 4768 3032 4824 qua:
3053 4751 3144 4808 ille
3160 4767 3189 4807 a
3210 4753 3373 4808 Patre
3394 4753 3587 4823 accipit
3617 4771 3632 4808 :

1999 4870 2124 4911 nam
2167 4852 2243 4908 ait
2267 4894 2282 4918 ,
2341 4848 2445 4905 Vos
2471 4848 2582 4904 dixi
2609 4849 2805 4902 amicos
2829 4888 2843 4912 ,
2893 4846 3017 4918 quia
3056 4847 3232 4900 omnia
3258 4861 3374 4918 qua:
3404 4845 3579 4899 audiui
3606 4861 3638 4899 η

2002 4946 2161 5002 Patre
2190 4961 2326 5011 meo,
2360 4953 2485 4999 nota
2512 4942 2609 5016 feci
2625 4941 2767 4996 vobis
2799 4938 2983 5013 (Joan.
3015 4939 3107 4996 15.
3134 4939 3247 5012 15).
3271 4939 3640 5009 Quemadmo-

1997 5040 2131 5096 dum
2161 5039 2326 5111 igitur
2349 5077 2364 5104 ,
2406 5035 2454 5092 si
2484 5049 2648 5106 quem
2673 5049 2705 5090 e
2733 5047 2951 5088 summo
2980 5032 3116 5088 catlo
3147 5047 3380 5103 pronum
3412 5045 3642 5104 repente

2001 5132 2336 5194 videremus,
2365 5128 2454 5198 qui
2482 5126 2827 5197 promitteret
2848 5139 2909 5181 se
2939 5123 3099 5180 nobis
3125 5123 3364 5180 etclestia
3389 5134 3644 5182 accurate

2005 5225 2298 5288 dicturum,
2327 5235 2522 5277 omnes
2552 5233 2968 5275 accurreremus
2997 5234 3010 5270 :
3046 5218 3116 5273 ita
3146 5234 3291 5274 nunc
3311 5234 3531 5289 quoque
3559 5219 3644 5273 af-

2007 5314 2137 5373 fecti
2166 5316 2361 5372 simus.
2392 5313 2469 5372 Ex
2502 5312 2639 5368 caelo
2670 5326 2908 5382 namque
2938 5313 3022 5366 vir
3048 5311 3139 5367 ille
3167 5326 3270 5366 nos
3300 5310 3597 5383 alloquitur
3630 5329 3644 5366 :

2010 5425 2120 5466 non
2145 5409 2291 5465 enim
2319 5414 2405 5464 est
2425 5423 2491 5463 ex
2525 5405 2630 5462 hoc
2657 5404 2885 5472 mundo,
2911 5413 2970 5459 ut
2994 5404 3160 5460 etiam
3190 5403 3324 5460 dicit
3351 5405 3466 5476 ipse
3487 5404 3648 5459 Chri-

1994 5495 2129 5562 'stus
2160 5521 2174 5559 :
2217 5504 2320 5559 Vos
2348 5501 2412 5557 de
2438 5501 2535 5557 hoc
2563 5500 2759 5556 mando
2802 5516 2906 5555 non
2930 5501 3050 5555 estis
3082 5497 3268 5574 (Joan.
3301 5499 3392 5558 15.
3422 5498 3513 5568 19)
3543 5515 3560 5565 ε
3591 5508 3649 5554 et

2014 5598 2358 5656 Paracletum
2387 5601 2442 5652 in
2491 5610 2554 5653 se
2597 5595 2911 5667 loquentem
2945 5592 3149 5664 habet,
3181 5593 3384 5668 ubique
3409 5605 3651 5665 praeseno

2085 5757 2271 5828 intime,
2294 5751 2764 5828 _atque__aud_itores_,
2792 5750 2963 5828 quales
2985 5755 3172 5828 oportet
3193 5761 3368 5828 κείω..
3393 5747 3576 5828 desunt
3604 5747 3652 5818 in

2016 5819 2183 5880 Savil.,
2207 5809 2269 5870 et'
2293 5821 2342 5869 in
2368 5809 2667 5881 quihusdam
2714 5809 2821 5867 uss}
2866 5822 2986 5881 Qua;
3016 5809 3171 5881 paulo
3194 5809 3425 5863 inferius
3462 5809 3653 5862 uncinis

2017 5877 2332 5945 clauduntur,
2358 5877 2710 5933 dbsiderautur
2735 5881 2786 5930 in
2808 5886 2914 5928 Mss.
2941 5877 3188 5943 plurimis.
