4064 6444
547 388 618 446 ετ
1268 371 1323 426 S.
1364 366 1643 425 JOANNIS
1681 360 2160 422 CIIRYSOSTOMI
2200 358 2519 420 ARCHIEP.
2560 358 3103 417 CONSTANTINOP.

548 510 677 562 tem,
707 493 794 564 qui
828 492 897 547 ita
927 488 1074 545 novit
1101 502 1161 542 ca
1186 499 1307 556 qua:
1331 484 1426 540 Dei
1448 491 1594 547 sunt,
1618 491 1677 537 ut
1699 480 1877 536 anima
1907 477 2146 534 hominis

548 601 636 640 vis
665 600 791 639 suas
814 583 980 645 novit;
1010 564 1266 649 Spiritum
1298 590 1493 646 nempe
1520 575 1819 631 sanctitatis
1842 614 1856 638 ,
1886 566 2146 642 Spiritum

546 686 751 733 rectum
770 715 785 737 ,
816 673 906 744 qui
934 671 1114 741 dirigit
1140 678 1195 726 ct
1218 668 1366 725 ducit
1396 668 1447 723 in
1489 667 1681 723 cadum
1704 708 1717 731 ,
1747 666 1837 737 qni
1869 677 2037 719 novos
2058 662 2151 717 dat

546 766 755 830 oculos,
785 767 875 837 qui
906 764 957 821 id
986 764 1149 821 efficit
1173 772 1231 819 ιιι
1261 762 1434 818 futura
1460 772 1728 833 tamquam
1760 758 2038 829 praesentia
2070 756 2150 811 vi-

544 861 770 916 deamus
795 901 811 926 ,
844 867 898 914 et
926 858 977 912 in
1007 872 1169 913 carne
1199 856 1433 913 cazlcstia
1475 856 1804 911 intueamur.
1841 852 2147 907 Per'totam

542 968 677 1025 ergo
701 953 862 1007 vitam
893 964 993 1006 nos
1018 951 1067 1006 ei
1090 948 1277 1005 sedato
1298 957 1354 1005 et
1377 949 1667 1019 tranquillo
1690 948 1871 1003 animo
1896 945 2145 1001 exhibea-

547 1057 878 1100 musznemo
896 1044 1149 1113 ignavus,
1183 1056 1340 1097 nemo
1362 1040 1778 1105 somniculosos,
1814 1038 1896 1093 vel
1928 1037 2153 1093 maculis

550 1149 830 1207 respersus
857 1132 944 1188 hic
962 1141 1175 1187 maneat
1196 1131 1318 1187 :sed
1338 1132 1389 1186 in
1408 1132 1600 1187 crclum
1620 1146 1717 1186 nos
1736 1130 2145 1197 transferamus,

548 1229 637 1282 ulti
654 1225 982 1297 evangelista
998 1224 1233 1297 loquitur
1256 1226 1320 1281 iis
1341 1225 1431 1296 qui
1450 1225 1571 1281 istic
1588 1233 1998 1280 convcrsantur.
2014 1223 2067 1279 Si
2097 1223 2149 1278 in

550 1328 693 1373 terra
726 1331 1059 1383 maneamus,
1099 1316 1226 1371 hinc
1253 1315 1385 1371 nihil
1414 1316 1545 1371 lucri
1569 1315 1850 1371 referimus
1883 1335 1896 1369 :
1930 1313 2153 1370 Joannis

547 1409 748 1479 quippe
775 1406 1056 1477 disciplina
1077 1406 1208 1462 nihil
1229 1407 1421 1461 attinet
1439 1405 1504 1461 ad
1522 1421 1638 1474 eos,
1664 1405 1755 1476 qui
1782 1421 1811 1459 a
1837 1406 1943 1460 vita
1975 1406 2153 1477 porcis

548 1500 707 1570 digna
727 1514 833 1556 non
857 1499 1154 1564 absistunt,
1188 1498 1641 1568 quemadmodum
1670 1497 1802 1554 nihil
1827 1498 2054 1552 attinent
2084 1495 2152 1552 ad

551 1606 673 1643 eum
706 1604 792 1644 res
815 1589 1087 1644 humanae.
1116 1589 1337 1645 Tonitru
1360 1590 1600 1659 quidem,
1635 1589 1969 1646 inconditum
1992 1587 2151 1643 emit-

551 1690 671 1733 tcns
703 1694 895 1734 sonum
918 1722 934 1747 ,
980 1680 1193 1736 animos
1237 1690 1451 1736 nostros
1491 1680 1898 1751 pcrterrcfacit;
1930 1680 2153 1736 Joannis

549 1781 741 1847 autem
761 1787 864 1827 vox
895 1774 1165 1828 neminem
1189 1771 1424 1828 fidelium
1458 1773 1659 1841 turbat,
1695 1773 1803 1829 imo
1832 1788 1897 1829 ex
1923 1771 2155 1827 tumultu

549 1874 604 1919 et
636 1865 1038 1935 perturbatione
1066 1866 1287 1935 eximit,
1317 1866 1554 1937 solisque
1583 1866 1918 1922 dmmonibus
1963 1866 2154 1921 terrori

552 1964 658 2020 est,
687 1964 742 2011 et
767 1956 1071 2014 daemonum
1093 1958 1285 2015 servis.
1305 1957 1376 2014 Ut
1404 1957 1679 2015 videamus
1708 1973 1835 2030 ergo
1867 1973 1976 2030 quo
2002 1967 2157 2029 pacto

558 2047 680 2103 illos
709 2056 927 2114 terreat,
955 2060 1013 2106 et
1036 2050 1217 2105 animo
1247 2050 1503 2106 sileamus
1532 2060 1588 2107 et
1616 2066 1729 2113 ore,
1761 2051 1943 2107 animo
1976 2061 2156 2108 tamen

553 2139 807 2195 maxime.
840 2140 1098 2207 Qinenam
1128 2141 1329 2196 utilitas
1349 2182 1363 2206 ,
1393 2157 1516 2196 eum
1550 2150 1762 2197 tacente
1791 2157 1916 2208 ore,
1944 2142 2158 2198 animus

559 2231 949 2286 tumultuatur?
980 2232 1189 2286 Anima:
1234 2232 1469 2303 quietem
1500 2246 1687 2302 qurere
1710 2272 1726 2297 ,
1755 2232 1880 2303 quia
1922 2234 2156 2289 animant

555 2321 860 2378 audiemem
892 2333 1106 2393 exopto.
1138 2321 1290 2377 Nulla
1333 2337 1465 2393 ergo
1504 2338 1603 2378 nos
1632 2332 1970 2379 commoveat
1996 2339 2159 2395 pecu-

557 2414 661 2469 niae
683 2414 971 2483 cupiditas,
1006 2414 1185 2470 nullus
1204 2414 1391 2485 gloria:
1421 2429 1593 2479 amor,
1624 2429 1730 2470 non
1753 2414 1847 2470 irae
1878 2417 2119 2487 tyrannis
2139 2457 2156 2484 ,

553 2521 660 2559 non
686 2504 914 2561 aliorum
937 2505 1227 2562 affectuum
1250 2506 1528 2562 tumultus.
1552 2505 1666 2561 Non
1689 2515 1867 2577 potest
1890 2508 2031 2563 enim
2049 2522 2158 2564 non

555 2609 812 2670 purgatus
837 2599 1049 2655 auditus
1078 2599 1348 2654 dictorum
1388 2598 1797 2666 sublimitatem,
1831 2610 1888 2656 ut
1913 2616 2011 2672 par
2034 2611 2115 2656 est
2139 2640 2155 2667 ,

560 2694 643 2747 vel
693 2708 922 2764 capere,
974 2693 1061 2749 vel
1110 2707 1362 2748 arcanam
1416 2701 1473 2749 et
1518 2692 1853 2750 tremendam
1899 2693 2158 2751 horumce

556 2787 936 2858 mysteriorum
960 2787 1244 2853 rationem,
1277 2795 1610 2858 exterasque
1638 2788 1867 2843 virtutes
1893 2801 2080 2843 omnes
2103 2788 2155 2842 in

558 2878 641 2932 his
671 2879 905 2933 oraculis
948 2886 1230 2933 contentas
1270 2888 1521 2933 accurate
1549 2892 1896 2949 cognoscere.
1926 2876 1981 2935 Si
2012 2880 2157 2934 enim

556 2970 684 3025 tibia
716 2979 766 3025 et
798 2969 1002 3025 cithara
1044 2968 1229 3025 ludere
1260 2984 1420 3026 nemo
1460 2969 1745 3033 didicerit,
1790 2970 1893 3025 nisi
1932 2971 1996 3025 iis
2040 2972 2154 3025 ani-

558 3077 701 3116 mum
730 3060 1057 3126 adhibuerit,
1079 3062 1349 3131 quomodo
1375 3064 1629 3133 mysticas
1650 3076 1810 3118 voces
1828 3061 1947 3133 quis
1966 3061 2159 3118 sedens

555 3151 756 3215 audiat,
787 3153 830 3206 si
861 3152 1071 3207 animus
1100 3153 1151 3207 in
1179 3154 1405 3223 segnitie
1429 3152 1630 3223 degat?

625 3245 677 3298 ‘5.
729 3242 854 3298 ideo
892 3243 1136 3300 Christus
1183 3245 1265 3299 his
1301 3258 1399 3300 nos
1442 3244 1619 3300 verbis
1659 3244 1946 3300 admonet:
1986 3243 2160 3300 Nolite

551 3338 675 3389 dare
703 3345 880 3390 sancta
907 3336 1147 3401 canibus,
1180 3352 1341 3402 neque
1380 3337 1665 3406 projiciatis
1701 3338 2012 3407 margaritas
2043 3346 2161 3393 ante

551 3444 734 3496 porcos
770 3429 785 3495 (
813 3426 1001 3482 Matth.
1036 3429 1092 3483 7.
1126 3427 1218 3499 6).
1253 3428 1563 3499 Margaritas
1589 3429 1704 3485 lucc
1730 3431 1892 3486 verba
1926 3432 2154 3501 vocavit,

553 3519 677 3573 licet
708 3519 823 3575 lucc
850 3520 1153 3591 margaritis
1181 3519 1336 3591 longe
1376 3522 1693 3591 pretiosiora
1722 3523 1830 3577 sint
1851 3565 1866 3589 ,
1907 3524 2028 3595 quia
2058 3526 2159 3579 hac

553 3612 776 3667 materia
824 3612 969 3667 nulla
1016 3613 1375 3683 pmstautior.
1430 3613 1553 3670 Ideo
1602 3614 1793 3670 horum
1844 3630 2153 3672 sermonum

549 3702 865 3759 suavitatem
882 3703 1026 3759 melli
1051 3718 1365 3774 comparare
1381 3707 1539 3771 solet,
1565 3722 1669 3761 non
1689 3708 1830 3778 quod
1858 3710 1963 3763 mel
1986 3709 2156 3778 ipsam

552 3810 765 3865 :equare
818 3796 1009 3865 possit,
1031 3797 1127 3851 sed
1180 3797 1321 3868 quod
1374 3799 1503 3852 nihil
1552 3800 1711 3855 melle
1760 3800 1967 3855 dulcius
2014 3803 2157 3872 apud

549 3901 650 3939 nos
688 3888 778 3941 sit.
818 3887 950 3942 Nam
992 3887 1135 3958 quod
1166 3898 1575 3960 ergemmarum
1605 3892 1856 3961 pretium,
1894 3902 1951 3947 et
1980 3894 2156 3949 mellis

549 3980 862 4034 suavitatem
895 3980 1054 4049 longo
1084 3980 1366 4035 intervallo
1393 3994 1667 4052 superent,
1689 3984 1810 4038 audi
1836 3985 2151 4057 prophetam

550 4070 667 4125 iure
688 4082 1019 4126 asscrentem
1043 4071 1125 4128 his
1152 4074 1329 4127 verbis
1354 4091 1367 4129 :
1401 4074 1770 4131 Desiderabilia
1793 4095 1946 4148 super
1972 4098 2152 4135 aurum

541 4172 593 4215 et
634 4162 856 4232 lapidem
896 4166 1170 4239 pretiosum
1201 4165 1446 4231 multum,
1495 4177 1541 4221 et
1581 4169 1813 4223 dulciora
1856 4187 2010 4239 super
2055 4176 2155 4227 me!

543 4264 592 4307 et
637 4258 805 4325 {rivum
835 4256 854 4326 (
890 4254 1036 4309 Psal.
1084 4255 1171 4311 18.
1213 4257 1299 4312 Η.
1348 4258 1490 4325 l2);
1539 4259 1634 4313 sed
1673 4260 1809 4315 bene
1848 4263 2153 4321 valentibus

546 4355 785 4411 tantum;
819 4346 940 4403 ideo
960 4346 1229 4413 subdidit,
1260 4348 1465 4405 Etenim
1488 4367 1661 4405 servus
1687 4362 1803 4405 tuus
1826 4357 2044 4409 custodit
2068 4373 2149 4411 ea.

544 4437 615 4492 Et
646 4440 769 4494 alibi
797 4455 1009 4510 quoque
1030 4482 1044 4507 ,
1074 4454 1198 4495 cum
1230 4440 1404 4496 dulcia
1444 4442 1705 4510 dixisset,
1738 4444 1976 4512 addidit,
2009 4447 2153 4501 Fau-

540 4530 683 4585 cibus
710 4533 853 4588 meis.
890 4533 1055 4597 Quam
1077 4534 1270 4599 dulcia,
1306 4534 1497 4605 inquit,
1528 4535 1762 4606 faucibus
1792 4539 1914 4592 meis
1948 4540 2150 4611 eloquia

539 4631 628 4675 sua
649 4638 667 4686 ;
692 4633 742 4678 et
790 4624 1168 4680 excellentiam
1199 4624 1426 4681 eii‘erens
1456 4626 1638 4693 addit,
1670 4627 1841 4699 Super
1868 4631 1967 4685 mel
1993 4643 2037 4685 et
2063 4628 2147 4701 {a-

539 4732 659 4768 eum
682 4719 758 4770 ori
790 4736 897 4772 meo
926 4717 1100 4785 (Psat.
1123 4721 1145 4773 Ι
1166 4719 1245 4775 18.
1269 4720 1415 4789 105),
1440 4722 1563 4792 quia
1593 4738 1721 4777 sana
1754 4734 1931 4781 mente
1955 4728 2145 4796 ραι·άί-

541 4818 628 4862 tus
663 4818 795 4863 erat.
826 4810 903 4865 Nc
933 4811 1108 4881 itaque
1142 4813 1329 4867 morbo
1368 4814 1541 4870 ali‘ecti
1570 4815 1686 4872 haec
1728 4818 2004 4889 adeamus,
2050 4821 2144 4877 scd

540 4909 659 4968 post
714 4912 1063 4972 expurgatutn
1104 4906 1372 4971 animum,
1429 4906 1571 4963 hunc
1615 4909 1791 4964 cibum
1846 4926 2141 4970 sumamus.

540 4991 665 5045 ideo
709 5007 941 5063 namque
984 5003 1060 5049 tot
1105 4997 1284 5053 verbis
1315 5000 1606 5068 praemissis
1646 5002 1883 5057 nomium
1932 5005 1996 5059 ad
2029 5005 2143 5063 bace

533 5084 861 5140 devenerant
882 5129 898 5153 ,
925 5097 982 5142 ut
1021 5088 1213 5160 singuli
1247 5095 1391 5146 omni
1420 5094 1644 5162 depulso
1676 5097 1897 5165 morbo,
1926 5114 1987 5153 ac
2017 5100 2059 5154 si
2090 5101 2142 5156 in

535 5177 724 5231 ciuium
755 5179 1053 5245 intrarent,
1089 5183 1167 5237 sic
1193 5183 1291 5248 ira,
1313 5186 1478 5255 curis,
1503 5189 1954 5246 sollicitudinibus
1976 5204 2139 5249 caele-

536 5269 717 5339 visque
771 5272 934 5325 animi
986 5274 1265 5332 affectibus
1333 5280 1482 5333 vacui
1538 5282 1966 5351 ingrederentur.
2021 5286 2138 5342 Non

538 5374 824 5428 possumus
844 5364 987 5419 enim
1016 5364 1138 5420 hinc
1164 5368 1287 5437 quid
1320 5366 1565 5441 magnum
1607 5375 1835 5439 lucrari,
1869 5378 1968 5433 nisi
1994 5381 2139 5449 prius

536 5456 767 5510 animam
799 5460 866 5511 ita
901 5460 1322 5531 purgaverimus.
1354 5464 1461 5521 Nec
1490 5468 1620 5522 mihi
1644 5470 1763 5540 quis
1785 5470 1945 5535 dicat,
1974 5472 2134 5531 breve

536 5557 748 5618 tempus
795 5552 935 5607 inter
980 5553 1117 5610 lianc
1172 5566 1228 5611 et
1268 5570 1579 5628 sequentem
1627 5565 1942 5620 concionem
1990 5583 2129 5625 esse.

539 5638 684 5694 Licet
708 5642 859 5699 enim.
894 5659 1001 5699 non
1051 5646 1225 5701 solum
1267 5648 1474 5705 dierum
1521 5653 1757 5723 quinque
1801 5658 1995 5724 spatio,
2038 5660 2130 5715 sed

534 5735 691 5788 etiam
742 5752 847 5791 uno
896 5736 1155 5809 temporis
1202 5754 1475 5797 momento
1516 5748 1680 5801 vitam
1718 5757 1878 5803 totam
1924 5762 2129 5808 mutare

534 5828 927 5899 Quid/quaso,
967 5834 1171 5888 latrone
1202 5846 1249 5888 et
1286 5836 1547 5891 homicida
1580 5841 1901 5897 scelestius?
1944 5861 2120 5901 annon

3810 358 3892 414 ‘38

2258 486 2559 533 extremum
2587 474 2689 529 hoc
2716 472 3077 544 improbitatis
3094 486 3266 545 genus
3296 472 3419 528 est?
3448 475 3711 529 Attamen
3748 473 3896 527 latro

2258 570 2346 623 ille
2372 568 2439 624 ad
2468 583 2737 623 summum
2764 568 2975 622 virtutis
3001 566 3209 636 apicem
3232 568 3415 621 statim
3441 569 3721 637 pervenit.
3756 579 3810 621 et
3842 569 3893 621 in

2258 659 2561 730 paradisum
2602 658 2770 723 abiit,
2817 672 2917 714 nec
2960 657 3207 728 plurimis
3234 658 3445 723 diebus,
3495 673 3596 714 nee
3648 657 3896 713 dimidio

2258 752 2344 807 die
2373 766 2506 823 opus
2534 750 2749 817 habuit,
2778 750 2873 806 sed
2906 750 3056 806 brevi
3105 759 3313 806 tantum
3341 760 3642 805 momento.
3695 751 3897 820 Itaque

2258 845 2384 900 licet
2409 852 2624 913 repente
2658 844 2876 909 mutari,
2906 852 2959 899 ct
2989 858 3214 898 aureum
3245 858 3310 898 ex
3359 843 3505 899 luteo
3540 842 3713 899 effici.
3748 843 3894 898 Cum

2258 937 2403 991 cnim
2432 950 2602 1007 neque
2632 944 2824 1001 Virtus,
2874 950 3048 1005 neque
3097 935 3285 991 vitium
3324 950 3389 990 ex
3438 944 3629 991 natura
3685 936 3891 1001 insint,

2261 1029 2434 1085 facilis
2467 1036 2553 1085 est
2582 1031 2837 1096 mutatio,
2869 1030 3015 1083 omni
3047 1029 3371 1085 necessitate
3399 1029 3587 1085 libera.
3615 1029 3684 1085 Si
3709 1030 3898 1084 reluc-

2259 1124 2372 1176 ritis
2415 1132 2464 1177 et
2509 1124 2769 1178 audieritis
2818 1140 2931 1188 uie,
2968 1123 3175 1194 inquit,
3224 1124 3356 1179 bona
3398 1132 3546 1179 terra:
3596 1123 3897 1179 comedetis

2263 1212 2442 1286 (Isai.
2476 1215 2523 1269 l.
2564 1214 2687 1287 l9).
2726 1214 2910 1270 Videu‘
2938 1215 3054 1271 sola
3101 1230 3237 1285 opus
3283 1231 3408 1272 esse
3437 1217 3757 1272 voluntate:
3799 1231 3901 1270 vo-

2264 1306 2467 1363 luntate
2488 1350 2502 1370 .
2545 1310 2761 1379 inquam
2787 1350 2801 1371 ,
2849 1324 2955 1365 non
2995 1308 3203 1381 vulgari
3236 1308 3325 1364 illa
3358 1324 3478 1379 qua:
3509 1309 3895 1379 plurimorum

2261 1410 2375 1463 est.
2405 1402 2501 1458 sed
2532 1402 2793 1473 diligenti.
2825 1401 2949 1460 Scio
2970 1402 3168 1474 quippe
3206 1416 3396 1458 omnes
3424 1402 3474 1457 in
3515 1402 3711 1458 cmlum
3748 1418 3897 1456 avo-

2263 1493 2376 1551 lare
2428 1494 2609 1559 velle;
2668 1493 2762 1549 sed
2813 1494 3063 1549 voluntas
3117 1494 3375 1564 operibus
3417 1494 3727 1551 exhibenda
3781 1504 3894 1550 est.

2263 1584 2537 1656 Siquidem
2561 1594 2831 1642 mercator
2853 1585 2965 1641 vult
3008 1586 3305 1651 ditescere,
3334 1602 3509 1659 neque
3535 1587 3804 1644 voluntas
3840 1589 3894 1643 in

2262 1676 2587 1747 cogitatione
2615 1686 2819 1733 tantum
2845 1677 3125 1743 consistit;
3152 1678 3246 1734 sed
3275 1679 3452 1733 navim
3480 1688 3649 1749 parat,
3683 1690 3896 1733 nautas

2262 1772 2427 1842 cogit,
2474 1772 2890 1843 gubernatorem
2939 1776 3205 1841 accersit,
3254 1776 3571 1845 caeterisque
3619 1778 3893 1833 omnibus

2267 1864 2442 1919 navim
2475 1864 2725 1928 instruit,
2752 1881 2943 1922 aurum
2984 1875 3277 1933 mutuatur,
3321 1868 3542 1940 pelagus
3571 1869 3798 1940 trajicit,
3837 1871 3891 1924 in

2265 1954 2600 2027 peregrinam
2623 1964 2819 2012 terram
2848 1957 3229 2028 proficiscitur,
3256 1960 3494 2031 pericula
3516 1960 3682 2017 multa
3707 1960 3888 2027 subit,

2263 2048 2477 2119 aliaque
2520 2048 2744 2118 plurima
2775 2050 2996 2121 patitur,
3028 2066 3151 2122 quae
3191 2060 3390 2108 norunt
3436 2053 3468 2107 ii
3496 2052 3587 2124 qui
3621 2054 3891 2123 navigare

2263 2141 2459 2198 solent.
2500 2141 2573 2197 ita
2602 2158 2704 2198 nos
2740 2153 2954 2216 oportet
2980 2144 3309 2201 voluntatem
3336 2145 3611 2202 exhibere.
3643 2145 3891 2218 Naviga-

2265 2250 2386 2291 mus
2415 2244 2469 2291 et
2496 2250 2595 2291 nos
2619 2252 2851 2309 quoque,
2882 2253 2993 2293 non
3018 2238 3086 2294 ab
3109 2238 3217 2293 alia
3246 2238 3298 2293 in
3326 2239 3486 2293 aliam
3517 2247 3741 2306 terram,
3776 2239 3883 2296 sed

2265 2346 2296 2386 a
2343 2340 2485 2388 terra
2537 2333 2590 2388 in
2638 2332 2848 2387 uelum.
2895 2332 3004 2389 Nos
3050 2347 3181 2404 ergo
3225 2341 3409 2389 mente
3453 2347 3781 2404 apparemus
3814 2334 3889 2389 ad

2265 2425 2729 2497 gubernationem,
2758 2442 2879 2497 qua:
2921 2442 3019 2482 nos
3057 2440 3293 2496 superne
3336 2426 3527 2491 ducat,
3571 2441 3636 2486 ac
3684 2435 3890 2483 nautas

2266 2518 2646 2589 obsequentes,
2668 2518 2984 2589 firmamque
3007 2519 3183 2574 navim
3207 2519 3365 2575 nobis
3382 2534 3785 2590 comparemus,
3811 2536 3886 2576 ne

2265 2610 2571 2665 calamitate
2600 2610 2831 2682 quadam
2879 2611 3127 2667 srecuiari
3176 2614 3260 2668 vel
3307 2612 3563 2669 maestitia
3593 2611 3888 2684 demerga-

2266 2718 2408 2770 mnr,
2433 2718 2570 2759 neve
2595 2704 2915 2776 arrogantiae
2944 2706 3135 2776 Spiritu
3173 2704 3484 2773 eiferamur,
3515 2706 3611 2762 sed
3646 2707 3794 2763 levt-s
3824 2716 3886 2763 et

2265 2794 2499 2864 expediti
2531 2794 2721 2849 simus.
2746 2794 2802 2851 Si
2831 2796 2901 2850 ita
2921 2796 3098 2851 navim
3118 2838 3135 2864 ,
3160 2796 3577 2867 gubernatorem
3601 2806 3658 2854 ct
3682 2809 3885 2854 nautas

2265 2901 2537 2958 paremus,
2567 2887 2805 2944 secundo
2831 2896 2992 2943 vento
3016 2889 3403 2960 navigabimus,
3425 2889 3729 2961 Filiumque
3758 2891 3883 2955 Dei,

2264 2996 2450 3037 verum
2483 2981 2931 3053 gubernatorem,
2973 2981 3038 3037 ad
3088 2997 3186 3038 nos
3234 2982 3588 3050 attrahemus,
3622 2982 3715 3054 qui
3766 2999 3881 3039 non

2268 3075 2409 3129 sinet
2439 3075 2693 3146 scapham
2726 3084 2963 3129 nostram
2996 3075 3237 3147 demergi
3267 3094 3279 3130 :
3311 3076 3405 3132 sed
3452 3076 3575 3132 licet
3604 3077 3879 3133 immmeri

2266 3166 2472 3236 spirent
2500 3167 2679 3233 venti,
2709 3174 2900 3221 ventos
2935 3167 3023 3221 ille
3052 3168 3351 3237 increpabit
3380 3176 3433 3223 et
3472 3183 3642 3235 mare,
3675 3178 3732 3225 et
3760 3172 3882 3226 vice

2268 3261 2518 3331 procella:
2548 3260 2987 3331 tranquillitatem
3018 3263 3215 3318 eflicict
3240 3277 3510 3333 magnam.

2338 3354 2391 3409 4.
2435 3353 2721 3423 Descriptio
2757 3356 3146 3423 dispositionum
3180 3371 3294 3428 qua:
3328 3356 3395 3409 ad
3425 3356 3739 3427 ettangelium
3778 3375 3877 3414 att-

2266 3446 2507 3502 diendum
2528 3450 2870 3516 requiruntur.
2902 3448 3239 3503 Tlteatrorum
3266 3450 3557 3518 spectacula
3603 3449 3878 3521 fugienda.

2268 3536 2442 3594 Paetis
2459 3556 2573 3593 cum
2592 3538 2701 3594 Deo
2717 3550 2763 3595 et
2796 3539 3027 3596 Ecclesia
3039 3541 3175 3595 initis
3196 3540 3455 3595 standum.
3476 3541 3705 3596 Attentas
3722 3560 3879 3599 aures

2266 3634 2611 3702 prirbendum.
2638 3662 2711 3674 ——
2729 3631 2820 3688 Sic
2848 3632 3143 3703 comparati
3170 3632 3236 3687 ad
3278 3643 3590 3704 sequentem
3632 3633 3881 3690 accedite

2265 3723 2582 3778 concionem
2605 3763 2621 3787 ,
2651 3724 2695 3778 si
2722 3735 2897 3777 tamen
2927 3724 3154 3794 cupiatis
3182 3725 3313 3781 utile
3340 3724 3612 3795 quidpiam
3646 3726 3835 3781 audire
3861 3769 3878 3793 ,

2266 3823 2321 3870 et
2362 3816 2414 3870 ln
2462 3824 2643 3871 mente
2688 3830 2970 3884 reponere.
3020 3816 3190 3870 Nemo
3238 3817 3307 3871 sit
3352 3818 3457 3880 via,
3510 3833 3668 3872 nemo
3697 3829 3875 3888 petra,

2264 3922 2423 3963 nemo
2452 3907 2618 3976 spinis
2666 3908 2925 3979 repletus.
2975 3907 3256 3964 Faciamus
3290 3924 3387 3965 nos
3418 3911 3562 3980 ipSOS
3602 3913 3872 3989 novales:

2263 4000 2445 4065 sicque
2482 4000 2648 4057 lilicut
2690 4001 2869 4053 animo
2894 4002 3101 4057 semina
3138 4002 3429 4070 jaciemus,
3461 4004 3505 4058 si
3540 4019 3729 4073 nempe
3762 4014 3875 4060 lcr-

2264 4110 2376 4148 ram
2406 4110 2593 4163 puram
2624 4094 2935 4159 videamus;
2980 4095 3061 4149 sin
3087 4106 3275 4151 contra
3308 4106 3578 4167 petrosam
3608 4108 3661 4154 ct
3704 4114 3873 4170 aspe-

2264 4200 2378 4240 ram
2400 4227 2415 4252 ,
2447 4185 2709 4257 ignoscite
2752 4186 2796 4240 si
2827 4187 3060 4243 nolimus
3104 4187 3300 4244 frustra
3342 4190 3629 4248 laborare:
3663 4209 3790 4249 nam
3821 4197 3871 4250 si

2270 4292 2301 4332 a
2324 4278 2556 4335 serendo
2579 4278 2923 4347 desistentes,
2971 4283 3299 4352 coeperimus
3355 4283 3537 4354 spinas
3594 4285 3829 4342 evellere
3851 4329 3867 4353 ,

2263 4380 2390 4427 tunc
2452 4379 2706 4428 extremae
2736 4370 3025 4429 dementire.
3068 4386 3212 4432 esset
3259 4376 3309 4430 in
3364 4388 3560 4433 terram
3610 4379 3866 4435 incultam

2261 4464 2467 4518 semina
2494 4464 2694 4534 jacere.
2729 4464 2898 4536 Hujus
2925 4469 3204 4523 concionis
3230 4469 3555 4537 auditorem,
3602 4487 3709 4527 non
3738 4473 3869 4530 licet

2259 4570 2461 4612 mensae
2513 4554 2904 4614 daemoniorum
2950 4574 3071 4615 esse
3121 4564 3455 4634 participem.
3513 4563 3667 4632 Quod
3718 4567 3866 4623 enim

2257 4649 2587 4702 Consortium
2609 4648 2871 4718 justitiam
2904 4651 3044 4706 inter
3069 4662 3119 4707 ct
3145 4654 3523 4723 iniquitatem?
3548 4656 3669 4711 Stas
3697 4657 3830 4711 Joau
3848 4688 3867 4701 ς

2258 4738 2341 4793 nis
2362 4739 2592 4805 auditor,
2623 4754 2686 4795 ac
2711 4757 2805 4810 per
2828 4743 2973 4797 illum
2995 4760 3056 4800 ea
3081 4761 3200 4815 quae
3221 4746 3452 4815 Spiritus
3474 4758 3601 4803 sunt
3626 4749 3861 4806 cdiscis:

2256 4841 2311 4885 et
2358 4838 2540 4901 postea
2581 4831 2825 4888 abscedis
2877 4838 3189 4892 meretrices
3241 4839 3552 4904 auditurus,
3606 4841 3860 4899 obscaena

2257 4924 2573 4993 loquentes,
2606 4924 2943 4982 obscaeniora
2971 4940 3423 4999 reprazsentantcs
3454 4933 3581 5005 (α),
3629 4946 3685 4991 et
3733 4937 3863 4993 effe-

2256 5017 2486 5072 minatos
2514 5017 2600 5087 qui
2646 5032 2705 5073 se
2738 5029 2924 5073 mutuo
2957 5021 3127 5090 alapis
3157 5022 3415 5079 cmdunt?
3446 5026 3729 5093 Quomodo
3760 5045 3855 5098 po-

2256 5111 2381 5165 teris
2410 5110 2575 5181 probe
2600 5112 2740 5166 ablui
2766 5123 2818 5167 et
2842 5117 3076 5183 purgari,
3109 5118 3159 5171 in
3193 5126 3339 5171 tanto
3363 5134 3521 5175 emno
3550 5114 3860 5179 volutatus!

2251 5203 2389 5271 Quid
2418 5219 2551 5273 opus
2592 5215 2675 5258 est
2701 5206 3109 5263 obscaenitatem
3144 5210 3288 5265 illam
3338 5221 3503 5267 totam
3551 5216 3855 5272 minutatim

2252 5298 2571 5351 recensere?
2599 5295 2788 5351 Omnia
2813 5301 2915 5355 illic
2946 5301 3105 5365 risus,
3130 5307 3309 5359 omnia
3337 5308 3706 5376 approbrium,
3728 5326 3858 5367 con-

2251 5389 2507 5450 tumelim,
2536 5389 2756 5444 dicteria
2785 5413 2795 5447 :
2819 5394 2997 5447 omnia
3021 5394 3323 5464 dissolutio,
3355 5401 3533 5455 omnia
3563 5404 3849 5471 pernicies.

2250 5481 2387 5534 licce
2442 5481 2675 5549 praedico
2733 5494 2785 5538 et
2838 5487 3098 5541 annuntio
3144 5490 3395 5546 omnibus
3444 5494 3633 5548 vobis:
3693 5510 3851 5549 nemo

2245 5589 2457 5641 eorum,
2505 5576 2593 5645 qui
2630 5576 2726 5631 hac
2754 5594 2935 5634 mensa
2972 5578 3243 5651 fruuntur,
3278 5586 3509 5639 animam
3552 5602 3703 5641 suam
3733 5591 3849 5644 exi—

2295 5730 2368 5801 (a)_
2407 5730 2865 5808 tt‘iptrinni'i'mmore
2902 5740 2948 5808 tu
2969 5736 3170 5806 theatro
3193 5752 3611 5808 reprmsentantes
3631 5784 3641 5806 ,
3665 5746 3710 5793 in
3738 5761 3843 5808 qua.

2241 5794 2397 5903 :u'rpia
2439 5791 2745 5903 tilicatrallmn
2778 5799 3091 5848 meretricum
3119 5791 3397 5862 spectacula
3441 5791 3833 5869 smpenivciii'ttu

2268 5892 2277 5903 .
2300 5868 2449 5903 irvsos
2473 5868 2625 5903 omns.

2268 5868 2625 5917 .ttrysttstomus.
