4064 6446
182 379 261 438 fil
1361 363 1426 420 IN
1465 359 1780 419 JOANNE.“
1829 354 2060 412 llUMlL.
2109 353 2167 409 ll.
2214 355 2287 409 al.
2323 357 2364 424 ξ.

191 499 349 557 tlosis
380 496 484 552 illis
528 489 856 565 spectaculis
885 493 1218 555 corrumpat.
1265 481 1359 537 Illa
1403 481 1602 550 quippe
1633 477 1817 535 omnia

189 594 332 648 dicta
364 598 417 644 et
465 587 640 650 facta,
690 597 886 655 pompa
933 580 1172 635 satanica
1227 584 1372 630 sunt.
1419 574 1582 629 Scitis
1634 583 1815 626 autem

188 691 453 756 quatqnot
482 678 674 734 initiati
699 677 833 732 estis
853 719 868 742 ,
902 689 1023 745 qua:
1047 681 1202 742 pacta
1234 668 1516 723 nobiscum
1547 662 1812 725 inieritis;

185 755 301 835 imo
339 790 460 845 qua:
501 769 624 828 cum
666 770 915 828 Christo.
955 763 1175 835 quando
1199 762 1290 817 ille
1323 761 1441 832 ipse
1484 765 1569 813 est
1596 755 1684 826 qui
1719 768 1817 808 vos

188 872 400 928 initiat:
445 867 577 940 quid
623 866 699 921 illi
743 861 1024 925 dixeritis;
1054 873 1176 930 qure
1221 858 1291 913 de
1338 853 1578 910 satanica
1620 863 1814 921 pompa

183 982 310 1021 cum
358 962 450 1017 illo
498 961 662 1016 verba
693 954 1027 1016 habueritis;
1059 948 1336 1021 quomodo
1389 956 1445 1002 et
1497 953 1706 998 satana:
1760 949 1814 993 et

181 1055 392 1126 angelis
421 1053 542 1123 ejus
570 1050 730 1106 simul
758 1042 1272 1103 abrenuntiaveritis
1294 1083 1307 1106 ,
1337 1035 1813 1110 promiseritisque

183 1166 282 1204 vos
329 1147 394 1202 ad
448 1146 539 1200 illa
585 1160 691 1199 non
732 1141 1041 1202 deﬂexuros
1088 1137 1257 1193 esse?
1305 1131 1631 1188 'l‘imendum
1680 1141 1813 1196 ergo

180 1242 476 1299 admodum
533 1253 600 1295 ne
631 1239 752 1308 quis
799 1235 885 1291 his
915 1233 1129 1289 violatis
1180 1225 1655 1301 promissinnibus,
1688 1236 1813 1276 sese

179 1333 270 1388 his
302 1331 584 1401 indignum
619 1327 890 1400 mysteriis
930 1323 1195 1380 olfecerit.
1232 1322 1427 1375 Annon
1481 1315 1632 1369 vides
1677 1328 1812 1383 quo-

180 1425 349 1480 modo
397 1424 450 1478 in
484 1419 920 1493 regiisardibus,
954 1432 1058 1470 non
1093 1413 1126 1470 ii
1159 1413 1251 1484 qui
1287 1412 1338 1466 in
1371 1410 1553 1477 aliquo
1578 1404 1813 1461 oll‘cnde-

175 1526 349 1582 runt,
376 1514 472 1571 sed
499 1514 590 1586 qui
626 1513 679 1568 in
711 1510 919 1566 honore
948 1507 1241 1571 habentur,
1266 1500 1487 1559 consilii
1519 1497 1812 1567 participes

177 1611 555 1672 adv-occatur,
609 1615 664 1662 et
723 1605 863 1660 inter
911 1601 1117 1655 amicos
1166 1599 1312 1668 regis
1367 1588 1810 1650 constituantur?

177 1703 417 1774 Legatus
465 1700 623 1756 nobis
652 1698 721 1754 de
759 1696 894 1753 cado
945 1694 1126 1757 venit,
1153 1690 1225 1746 ab
1268 1691 1387 1760 ipso
1429 1688 1542 1742 Deo
1588 1683 1804 1746 missus,

170 1797 250 1852 de
291 1793 619 1850 necessariis
647 1806 748 1847 nos
785 1790 948 1846 rebus
973 1783 1376 1856 alioquuturus.
1426 1781 1497 1834 At
1546 1791 1642 1832 vos
1670 1774 1806 1830 nihil

172 1897 440 1944 curantes
465 1884 658 1941 audire
698 1883 824 1956 quid
850 1881 999 1945 velit,
1035 1877 1233 1950 quidve
1281 1874 1553 1945 loquatur,
1600 1868 1732 1924 sede
1759 1867 1805 1922 is

1153 2014 1422 2026 ’.ρ’-

893 2017 1148 2030 _.._————

623 2023 892 2036 .__._—.-

1807 2006 2014 2015 -υ--υ--οο

3500 357 3570 413 '50

1922 472 2123 530 mimos
2150 471 2458 527 audientes.
2489 469 2558 524 Et
2584 477 2719 540 quot
2746 479 3076 541 quantisque
3105 468 3422 526 fulminibus
3451 472 3568 528 haec

1924 565 2085 639 digna
2130 581 2236 620 non
2286 563 2525 620 iuerint?
2575 560 2647 618 Ut
2693 562 2842 617 enim
2896 578 3004 617 non
3054 562 3184 618 licet
3238 564 3567 633 participare

1891 691 1898 699 α
1926 674 2128 713 mensae
2156 657 2550 713 daemoniorum
2573 697 2587 722 ,
2621 655 2701 710 sic
2731 670 2832 709 nec
2864 654 2956 708 illa
3001 653 3339 711 daemoniaca
3369 656 3563 713 audire

1923 752 2006 808 fas
2029 760 2133 818 est,
2169 765 2345 822 neque
2367 749 2587 805 sordida
2619 759 2771 804 veste
2793 747 2861 803 ad
2890 747 3095 804 lautam
3136 749 3282 804 illam
3314 764 3564 806 mensam

1924 855 2003 900 tot
2054 845 2213 901 bonis
2259 843 2516 900 refertam
2565 843 2869 907 accedere,
2917 857 3082 913 quam
3133 844 3414 912 apparavit
3448 845 3566 915 ipse

1925 941 2088 997 Dens.
2137 939 2312 996 Tanta
2344 940 2491 995 enim
2533 938 2651 1008 ejus
2695 939 2779 994 vis
2822 947 2941 1002 est,
2993 945 3052 992 ut
3092 947 3318 1007 repente
3365 952 3464 991 nos
3496 938 3564 992 ad

1918 1035 2120 1090 cadum
2164 1035 2340 1105 ipsum
2371 1033 2584 1103 rapiat:
2616 1032 2665 1088 si
2698 1041 2878 1086 tamen
2909 1031 3057 1102 vigili
3086 1039 3272 1084 mente
3307 1031 3560 1085 attenda-

1922 1145 2064 1186 mus.
2109 1129 2297 1201 Neque
2323 1129 2470 1185 enim
2503 1127 2595 1200 qui
2621 1126 2824 1182 divinis
2854 1125 3205 1182 sermonibus
3242 1123 3560 1194 frequenter

1921 1227 2198 1282 institutus
2225 1225 2414 1292 est,iu
2443 1222 2547 1277 hoc
2571 1221 2662 1276 vili
2687 1211 2838 1276 stato
2856 1229 3039 1274 manet
3070 1237 3082 1273 :
3110 1216 3208 1273 sed
3240 1218 3553 1273 necessario

1919 1320 2099 1374 statim
2119 1319 2326 1384 evolat,
2355 1325 2411 1372 et
2441 1315 2731 1371 sublimem
2756 1315 2908 1370 illum
2935 1314 3069 1384 petit
3090 1314 3293 1379 locum,
3325 1311 3557 1367 innuen-

1918 1412 2103 1482 sisqne
2151 1410 2356 1481 potitur
2404 1408 2715 1464 thesauris:
2765 1421 2904 1477 quos
2959 1405 3164 1460 utinam
3219 1419 3318 1460 nos
3364 1419 3561 1461 omnes

1916 1519 2338 1574 consequamur,
2394 1503 2567 1574 gratia
2625 1511 2682 1558 et
2730 1499 3069 1572 benignitate
3126 1499 3337 1556 Domini
3386 1499 3556 1554 nostri

1916 1597 2043 1653 Jesu
2087 1595 2328 1664 Christi,
2365 1612 2462 1667 per
2501 1611 2664 1666 quem
2712 1603 2766 1650 ct
2809 1608 2936 1649 cum
2986 1608 3095 1664 quo
3145 1591 3293 1648 Pani
3347 1591 3555 1664 gloria,

1917 1704 2131 1760 unaque
2160 1697 2350 1744 sancto
2378 1687 2626 1758 Spiritui,
2657 1701 2804 1742 iiuuc
2831 1695 2885 1741 et
2911 1699 3152 1755 semper,
3178 1695 3232 1740 et
3264 1684 3317 1739 in
3351 1683 3552 1739 szecula

1914 1783 2260 1839 saeculorum.
2287 1782 2486 1837 Amen.

2380 2000 2518 2008 ..-α-...ν
2537 2001 2549 2006 ς
2566 2000 2645 2006 τοι»
2663 2000 2892 2009 -..κ--ρ-ο

2021 2004 2376 2013 Wo

1629 2081 1986 2144 HOMILIA
2035 2081 2116 2141 II.

395 2277 530 2332 (lar.
554 2276 604 2329 Ι.
641 2289 692 2326 v.
727 2273 776 2326 Ι.
810 2268 872 2322 In
911 2264 1166 2339 principio
1195 2269 1304 2317 erat
1331 2255 1577 2312 Verbum.

250 2373 300 2427 Ι.
327 2370 392 2427 Si
435 2369 673 2425 Jonnnes
705 2379 803 2419 nos
829 2362 1206 2431 alloquuturus
1235 2360 1380 2409 esset
1400 2392 1415 2416 ,
1460 2357 1515 2404 et
1545 2362 1642 2402 sua
1671 2361 1799 2400 nar-

169 2475 420 2529 raturus,
445 2475 477 2516 e
505 2474 567 2515 re
597 2457 757 2521 foret,
782 2454 900 2526 ejus
921 2465 1094 2525 genus
1115 2491 1129 2514 ,
1167 2446 1394 2520 patriam
1427 2450 1482 2497 et
1513 2439 1799 2496 educatio-

169 2572 301 2613 nem
335 2566 642 2611 recensere.
676 2549 811 2618 Quia
851 2562 981 2602 vero
1028 2557 1136 2599 non
1183 2542 1330 2612 ipse,
1383 2534 1480 2591 sed
1512 2548 1609 2604 per
1649 2530 1801 2587 illum

171 2651 320 2704 Deus
351 2647 644 2700 humanam
675 2640 966 2711 alloquitur
996 2645 1269 2698 naturam,
1302 2627 1636 2702 superﬂuum
1666 2623 1801 2679 mihi

172 2743 391 2798 videtur
424 2738 540 2792 hare
576 2736 913 2806 disquirere;
953 2731 1061 2786 imo
1101 2743 1231 2784 vero
1260 2726 1310 2782 id
1337 2741 1444 2780 non
1473 2733 1802 2792 supervaca-

170 2851 340 2892 neum
371 2833 550 2897 fuerit,
587 2829 681 2886 sed
713 2827 868 2884 valde
893 2822 1282 2881 necessarium.
1314 2815 1449 2874 Cum
1491 2816 1635 2871 enim
1664 2811 1804 2868 didi-

171 2929 318 2985 ceris
349 2927 509 2998 quis,
559 2921 702 2979 unde
721 2963 737 2989 ,
767 2936 798 2975 a
839 2918 1034 2990 quibus
1064 2927 1218 2970 ortus
1240 2955 1253 2980 ,
1288 2911 1464 2983 qualis
1492 2907 1576 2963 vir
1605 2907 1762 2961 fuerit
1785 2945 1799 2969 ,

172 3019 483 3090 deindeque
530 3015 766 3071 audieris
807 3012 924 3083 ejus
951 3025 1137 3065 vocem
1167 3003 1673 3079 philosophiamque
1715 3008 1801 3053 to-

173 3127 285 3170 tam
311 3154 324 3177 ,
356 3122 483 3166 tunc
515 3109 682 3180 probe
713 3108 851 3163 scies
880 3105 997 3161 huic
1039 3101 1199 3157 verba
1229 3115 1335 3154 non
1374 3096 1492 3167 ejus
1531 3107 1675 3158 esse,
1704 3090 1802 3146 sed

173 3209 376 3264 divina:
430 3202 678 3268 virtutis,
725 3201 842 3270 ejus
883 3197 1121 3253 animam
1169 3194 1454 3248 moventis.
1512 3187 1628 3255 Qua
1672 3199 1804 3257 ergo

174 3301 274 3355 fuit
296 3297 511 3370 patria?
532 3294 682 3350 Nulla
702 3291 916 3362 quidem
935 3290 1105 3360 patria
1131 3286 1210 3355 (a)
1227 3303 1244 3351 ;
1263 3281 1360 3340 sed
1373 3297 1438 3338 ex
1451 3281 1578 3338 vico
1599 3277 1806 3354 prodiit

172 3403 233 3448 et
262 3391 486 3463 regione
529 3388 737 3456 abjeeta
761 3425 774 3449 ,
809 3400 931 3452 qua:
975 3380 1110 3437 nihil
1137 3378 1368 3449 alicujus
1397 3374 1556 3447 pretii
1610 3370 1796 3427 ferret.

173 3489 460 3546 Galilaeam
494 3484 638 3538 enim
667 3487 1022 3538 contemnunt
1047 3475 1240 3530 scribae
1269 3488 1392 3529 cum
1423 3471 1574 3525 aiunt
1598 3488 1609 3521 :
1632 3466 1806 3522 lim-r-

173 3597 304 3652 roga
361 3588 410 3633 et
459 3576 592 3643 vide,
644 3573 782 3645 quod
828 3588 893 3625 ea:
939 3570 1159 3626 Gulitwa
1202 3583 1303 3622 non
1345 3566 1510 3635 surgit
1554 3561 1805 3632 prop/tem

176 3671 390 3742 (Joan.
425 3671 479 3726 7.
508 3666 649 3740 5‘2).
702 3665 867 3722 Nihili
920 3663 1048 3719 facit
1098 3677 1216 3720 eam
1263 3661 1353 3715 ille
1385 3671 1623 3729 .quoque
1678 3669 1806 3709 vere

179 3765 426 3824 Israelita
473 3763 663 3818 dicens
692 3780 703 3815 :
739 3759 824 3816 Ea:
857 3757 1084 3814 Nazaret
1113 3763 1275 3828 potest
1305 3750 1503 3823 aliquid
1532 3749 1651 3804 boni
1696 3764 1806 3802 esse

177 3863 381 3932 (Joan.
417 3862 468 3916 l.
501 3859 571 3914 46
594 3857 648 3927 )?
677 3855 866 3927 Neque
895 3855 1056 3926 igitur
1080 3868 1146 3908 ex
1183 3849 1377 3920 insigni
1407 3846 1658 3918 quopiam
1685 3844 1805 3913 ejus

178 3954 422 4026 regionis
450 3952 568 4007 loco
595 3959 731 4006 erat.
761 3947 868 4006 Sed
903 3961 1078 4016 neque
1119 3957 1315 3998 nomen
1343 3941 1460 4012 ejus
1492 3939 1563 3994 ibi
1593 3947 1799 4002 notum,

176 4062 336 4122 patre
379 4049 650 4119 piscatore
695 4057 979 4113 paupere:
1013 4037 1143 4108 quin
1184 4037 1256 4092 ita
1287 4049 1524 4107 paupere
1571 4042 1623 4088 ut
1665 4031 1806 4088 ﬁlios

174 4147 372 4201 eadem
399 4144 456 4198 in
484 4149 932 4198 arte-exerceret.
961 4135 1121 4193 Scitis
1159 4149 1324 4206 porro
1352 4146 1565 4199 omnes,
1599 4130 1804 4188 nullum

177 4235 447 4293 artiﬁcem
466 4249 663 4304 cupere
691 4233 860 4286 lilium
890 4245 1004 4284 sua:
1027 4229 1159 4284 artis
1185 4226 1440 4283 heredem
1471 4225 1804 4299 relinquere,

179 4331 286 4386 nisi
317 4342 530 4384 summa
561 4334 877 4396 paupertate
904 4333 1187 4387 coactum;
1219 4321 1456 4376 maxime
1484 4335 1613 4374 vero
1644 4319 1688 4373 si
1715 4333 1807 4373 ars

176 4424 248 4480 sit
292 4421 439 4476 vilis.
493 4416 856 4474 Piscatorihus
919 4431 1049 4473 vero
1107 4414 1238 4470 nihil
1291 4414 1617 4487 pauperius,
1672 4413 1805 4469 nihil

178 4514 481 4585 abjectins;
513 4512 622 4567 imo
645 4511 776 4567 nihil
806 4509 1118 4565 indoctius:
1143 4517 1381 4564 attamen
1413 4508 1555 4564 inter
1575 4523 1693 4575 eos,
1715 4508 1805 4564 alii

181 4607 443 4679 majores,
475 4605 567 4660 alii
598 4605 837 4660 minores
867 4611 1014 4659 sunt.
1047 4603 1342 4671 Apostolus
1367 4617 1497 4657 vero
1529 4602 1672 4658 inter
1701 4605 1806 4657 ιιιὶ-

180 4715 348 4757 nores
372 4695 826 4768 computabatur:
849 4709 1020 4765 neque
1048 4694 1190 4750 enim
1223 4695 1277 4750 in
1310 4696 1442 4750 mari
1475 4695 1803 4765 piscabatur,

183 4796 279 4851 sed
315 4797 369 4849 in
401 4793 615 4850 modico
658 4803 851 4864 stagno
886 4809 900 4844 :
929 4791 1110 4862 ibique
1142 4800 1448 4847 versantem
1481 4806 1604 4845 cum
1656 4800 1807 4863 patre

181 4898 239 4943 et
266 4885 474 4944 iaccho
520 4883 718 4952 lratre,
758 4884 1076 4955 quibuscum
1122 4885 1256 4939 retia
1304 4881 1583 4940 reﬁciebat
1612 4883 1633 4957 (
1663 4885 1806 4954 quod

181 4992 300 5038 erat
332 4989 593 5034 extremae
639 4977 971 5049 paupertatis
1018 4975 1336 5048 indicium),
1368 4976 1618 5033 Christus
1647 4993 1807 5034 voca-

182 5074 281 5130 vit.
337 5072 476 5128 llinc
518 5071 836 5142 intelligitur
881 5086 1044 5141 quant
1090 5085 1290 5141 expers
1343 5070 1505 5126 fuerit
1562 5081 1808 5129 externa:

183 5165 507 5236 disciplinat.
567 5163 815 5236 Alioquin
865 5179 995 5220 vero
1037 5162 1209 5218 Lucas
1265 5163 1587 5220 testiﬁcatur
1631 5166 1805 5236 ipsum

185 5273 292 5312 non
351 5257 514 5311 modo
570 5255 789 5311 idiotam
826 5299 843 5322 ,
897 5257 992 5312 sed
1057 5259 1220 5312 etiam
1275 5259 1588 5314 illiteratum
1641 5261 1809 5318 fuisse

187 5353 206 5422 (
235 5351 344 5405 Act.
378 5351 436 5405 4.
469 5349 538 5405 15
563 5350 621 5420 );
671 5361 726 5405 et
760 5350 884 5420 jure
922 5349 1162 5422 quidem.
1196 5350 1327 5406 Nam
1364 5353 1452 5424 qui
1499 5355 1569 5408 ita
1603 5369 1809 5426 pauper

184 5454 338 5509 erat,
385 5451 446 5498 ut
487 5459 664 5514 neque
714 5441 888 5499 fotum
937 5444 1144 5510 adiret,
1192 5461 1368 5516 neque
1406 5462 1530 5501 cum
1565 5446 1809 5506 honestis

186 5525 395 5593 civibus
417 5545 751 5603 versaretur,
782 5536 878 5592 sed
910 5552 1035 5592 cum
1063 5538 1194 5593 solis
1221 5540 1447 5609 piscium
1471 5543 1809 5610 cauponibus

250 5673 328 5746 (α)
353 5679 500 5746 Juxta
519 5673 728 5745 Boisium
743 5681 808 5746 ἐπι
828 5675 992 5735 saviL,
1012 5685 1118 5739 post
1134 5691 1304 5729 vocem
1325 5681 1501 5743 patria,
1529 5681 1810 5733 subintelli-

187 5745 546 5810 gerulum-cst,
570 5745 752 5810 utszgut
782 5750 800 5786 .'
837 5753 984 5810 nemo
1023 5754 1155 5810 enim
1199 5748 1308 5810 sine
1336 5746 1490 5808 patria
1516 5755 1610 5795 est.
1639 5747 1810 5797 Melius

186 5799 501 5867 tintetextus
526 5801 963 5867 instauraretur,si
992 5805 1095 5853 voci
1120 5805 1280 5867 prmia
1303 5799 1693 5858 substitueretur
1715 5826 1806 5859 vox

424 5869 544 5914 tunc
573 5868 701 5915 enim
723 5857 1003 5931 legeretur,
1028 5881 1092 5917 mf
1116 5857 1248 5920 indm
1273 5857 1477 5934 quidem
1494 5857 1702 5937 riritutc,
1720 5857 1808 5926 ad

326 5945 343 5974 ι
390 5961 402 5974 1

326 5945 402 5974 ιν.

515 6019 786 6084 Parnm.
837 6024 956 6085 (in.
1013 6025 1148 6086 LIX

1913 2257 1967 2303 et
1993 2250 2219 2321 ecquis,
2253 2265 2359 2321 qua
2394 2251 2446 2304 in
2479 2265 2537 2304 re
2567 2248 2696 2305 feris
2721 2257 2778 2304 et
2809 2247 2980 2303 brutis
3003 2248 3252 2320 prteferri
3279 2250 3556 2319 potuerit?

1911 2344 2184 2415 quomodo
2214 2359 2324 2399 non
2356 2344 2583 2415 piscium
2618 2342 2785 2397 instar
2811 2349 2995 2396 mutus
3022 2341 3221 2398 fuerit?
3250 2340 3350 2398 ilic
3367 2352 3551 2398 tamen

1915 2438 2170 2506 piscator,
2195 2438 2285 2508 qui
2319 2437 2464 2493 circa
2494 2447 2707 2508 stagna,
2735 2435 2870 2490 retia
2903 2443 2958 2490 et
2987 2435 3164 2506 pisces
3191 2437 3514 2493 versabatur
3538 2483 3552 2504 ,

1912 2545 1977 2585 ex
2003 2529 2295 2586 Bethsaida
2339 2527 2601 2595 Galilma‘,
2641 2538 2795 2600 patre
2837 2528 3109 2599 piscatore
3146 2545 3420 2601 paupere,
3449 2548 3553 2589 ex-

1915 2630 2085 2677 trema
2129 2619 2311 2693 inopia
2361 2623 2679 2688 laborante,
2734 2623 2824 2692 qui
2871 2620 3020 2678 rudis
3063 2631 3186 2678 erat
3237 2632 3296 2679 et
3338 2640 3555 2682 summe

1916 2715 2215 2785 imperitus,
2250 2717 2341 2788 qui
2368 2717 2554 2773 literas
2582 2732 2684 2773 nec
2708 2727 2858 2782 ante,
2893 2732 2993 2773 nec
3017 2730 3305 2790 postquam
3330 2721 3553 2781 Christo

1914 2805 2090 2873 hmsit,
2141 2807 2385 2875 edidicit,
2424 2808 2708 2864 videamus
2751 2808 2881 2879 quid
2925 2810 3203 2880 loquatur,
3252 2824 3308 2866 et
3356 2815 3553 2884 quibus

1911 2901 1982 2957 de
2011 2902 2175 2957 rebus
2203 2902 2491 2958 edisset-at.
2519 2899 2656 2956 Num
2688 2901 2760 2956 de
2789 2902 2956 2973 agris,
2994 2901 3065 2958 de
3105 2904 3452 2972 ﬂuminibus,
3484 2906 3555 2962 de

1914 2993 2143 3064 piscium
2167 2994 2542 3048 connnercio?
2573 2993 2698 3048 talia
2729 2993 2874 3049 enim
2903 2994 3148 3050 fortassis
3178 3011 3244 3050 ex
3280 2998 3554 3067 piscatore

1911 3085 2101 3140 audire
2157 3085 2282 3155 quis
2335 3095 2637 3155 exspectet.
2693 3085 2896 3141 Verum
2959 3103 3027 3143 ne
3079 3088 3366 3156 timeatis;
3411 3091 3546 3147 nihil

1911 3177 2113 3248 quippe
2143 3177 2457 3248 hnjusmodi
2480 3177 2804 3245 audiemus;
2835 3179 2934 3235 sed
2952 3180 3198 3238 caelestia
3232 3191 3464 3252 tantum,
3500 3195 3558 3242 et

1911 3286 2035 3342 qua:
2087 3286 2246 3326 nemo
2305 3271 2567 3328 hactenus
2617 3273 2863 3329 edidicit.
2915 3275 3049 3329 Tam
3102 3277 3356 3333 sublimia
3405 3280 3552 3336 enim

1913 3362 2186 3433 dogmata,
2219 3373 2326 3419 tam
2359 3365 2682 3434 praeclarum
2716 3365 2840 3420 vita:
2866 3367 3192 3434 institutum,
3240 3379 3556 3443 tantamque

1914 3454 2312 3527 philosophiam
2365 3458 2523 3514 nobis
2568 3457 2780 3523 afferet,
2834 3470 3094 3530 quantam
3144 3475 3242 3531 par
3286 3472 3372 3518 est
3400 3479 3549 3531 eum,

1912 3548 2002 3618 qui
2030 3565 2094 3604 ex
2126 3548 2397 3604 thesauris
2421 3548 2659 3620 Spiritus
2688 3550 2900 3616 hausit;
2933 3551 3010 3624 (α)
3035 3551 3354 3626 [tamquam
3389 3558 3555 3613 modo

1913 3655 1977 3694 ex
2012 3642 2150 3695 cmlo
2177 3640 2559 3708 descenderit;
2594 3643 2706 3698 imo
2746 3659 2925 3716 neque
2972 3659 3168 3702 omnes
3195 3649 3287 3720 qui
3330 3649 3384 3704 in
3420 3653 3556 3706 czelo

1912 3742 2068 3787 erant
2095 3732 2215 3790 hanc
2241 3735 2466 3790 scivisse
2494 3735 2795 3794 verisimile
2825 3747 2945 3803 est,
2979 3749 3035 3794 ut
3051 3739 3164 3809 jam
3197 3741 3368 3816 dixi.]
3400 3743 3556 3799 [laic-

1913 3826 2066 3891 cine,
2096 3842 2286 3897 quaiso
2307 3869 2321 3892 ,
2355 3827 2644 3897 piscatoris
2690 3832 2894 3886 erant?
2923 3846 2990 3887 an
3025 3822 3310 3890 rhetoris?
3353 3854 3422 3892 an
3455 3849 3551 3893 so-

1915 3918 2111 3989 phista!
2159 3919 2243 3976 vel
2294 3919 2648 3994 philosophi?
2704 3941 2774 3978 an
2824 3927 3128 3997 cujuspiam
3183 3939 3416 3986 externa
3464 3933 3554 3988 illa

1917 4013 2106 4068 imbuti
2150 4014 2459 4083 sapientia?
2502 4015 2876 4088 Nequaquam.
2905 4018 3093 4091 Neque
3116 4022 3266 4080 enim
3301 4024 3557 4080 humana:

1914 4109 2112 4161 mentis
2142 4121 2367 4177 prorsus
2387 4117 2469 4163 est
2501 4107 2572 4164 de
2603 4110 2898 4165 immortali
2944 4112 3031 4166 illa
3069 4122 3124 4167 et
3173 4113 3328 4170 beata
3362 4126 3554 4173 natura

1916 4200 1987 4254 ita
2040 4200 2448 4272 philosophari.
2504 4219 2682 4274 neque
2727 4203 2798 4259 de
2848 4207 3214 4276 potestatibus
3263 4224 3387 4280 quae
3434 4221 3558 4280 post

1916 4294 2060 4349 illam
2097 4303 2258 4361 sunt,
2291 4296 2375 4351 vel
2409 4295 2477 4351 de
2513 4297 2927 4354 immortalitate
2967 4310 3021 4354 et
3063 4301 3169 4354 vita
3203 4313 3432 4368 mterna,
3468 4307 3555 4360 vel

1916 4389 1984 4444 de
2031 4390 2350 4461 corporibus
2406 4391 2726 4449 mortalibus
2753 4435 2766 4459 ,
2822 4409 2946 4465 qua:
2991 4394 3317 4450 immortalia
3361 4409 3552 4467 postea

1917 4481 2098 4539 futura
2148 4493 2304 4547 sunt,
2358 4484 2428 4542 de
2472 4486 2769 4558 supplicio,
2812 4487 2880 4544 de
2935 4487 3118 4543 futuro
3173 4489 3450 4557 tribunali,
3486 4493 3558 4548 de

1917 4575 2217 4631 rationibus
2269 4578 2551 4648 exigendis
2599 4594 2850 4650 operum,
2909 4581 3230 4652 verborum,
3268 4585 3560 4655 cogitatio-

1916 4687 2080 4735 num;
2115 4674 2254 4727 scirc
2286 4672 2413 4742 qud
2459 4673 2529 4727 sit
2576 4672 2761 4738 homo,
2797 4675 2924 4745 quid
2960 4676 3230 4743 mundus;
3265 4679 3394 4748 quid
3429 4695 3556 4732 vero

1918 4761 2081 4817 homo
2112 4765 2182 4818 sit
2204 4807 2216 4828 ,
2251 4765 2380 4835 quid
2432 4765 2560 4819 illud
2591 4766 2739 4834 quod
2769 4768 2983 4822 videtur
3011 4785 3168 4836 esse,
3215 4786 3340 4826 cum
3371 4781 3553 4828 tamen

1917 4871 2024 4910 non
2053 4857 2157 4921 sit;
2183 4857 2312 4928 quid
2345 4860 2605 4930 nequitia,
2635 4861 2766 4930 quid
2804 4863 2995 4918 virtus.

1986 4952 2040 5005 2.
2082 4950 2392 5022 Philosophi
2417 4955 2615 5008 externi
2638 4971 2757 5008 cum
2780 4955 2987 5011 Joanne
3021 4961 3314 5028 comparati
3332 5004 3345 5022 ,
3377 4979 3548 5034 quan-

1917 5046 2013 5099 tuli
2043 5047 2142 5100 sint
2175 5045 2634 5116 pretii.——llorutn
2663 5049 2914 5118 quzedam
2950 5051 3104 5107 Plato
3131 5065 3182 5106 et
3214 5053 3550 5128 Pythagoras

1917 5139 2093 5194 rimati
2141 5151 2269 5195 sunt
2298 5159 2312 5194 :
2339 5142 2523 5197 αριρνί
2553 5159 2789 5215 namque
2832 5146 3141 5218 philosophi
3188 5167 3294 5204 non
3339 5169 3550 5207 inemo-

1917 5235 2105 5297 randi;
2142 5235 2212 5290 ita
2263 5252 2462 5308 nempe
2506 5237 2716 5293 ridiculi
2773 5257 2964 5296 omnes
3005 5240 3248 5299 fuerunt.
3279 5247 3378 5311 Qui
3424 5262 3551 5300 vero

1915 5329 2054 5398 apud
2089 5330 2211 5386 illos
2238 5330 2543 5388 admirandi
2587 5342 2641 5390 et
2687 5334 2989 5405 disciplina:
3034 5338 3312 5409 principes
3347 5340 3551 5398 haben-

1918 5435 2024 5487 tur,
2058 5424 2113 5480 hi
2143 5427 2379 5482 maxime
2408 5437 2537 5484 sunt
2567 5448 2580 5484 :
2610 5431 2701 5499 qui
2736 5431 2807 5487 de
2834 5432 3114 5501 republica
3148 5447 3204 5490 et
3235 5435 3305 5490 de
3343 5437 3550 5506 legibus

1915 5518 2162 5586 quaedam
2195 5521 2499 5590 scripsere,
2529 5533 2584 5578 ct
2619 5533 2799 5580 tamen
2847 5526 2899 5579 in
2945 5515 3206 5584 oninibus
3239 5531 3357 5599 plus
3385 5547 3546 5594 quam

1925 5763 1937 5770 Α,
1982 5696 2057 5770 (μ)
2091 5705 2204 5754 Qum
2228 5700 2424 5770 inicinis
2449 5701 2767 5770 clauduntur,
2794 5703 3007 5770 deerant
3033 5709 3081 5755 in
3120 5706 3267 5770 savii.
3298 5715 3350 5758 ct
3375 5715 3543 5758 Mures.

1916 5758 2007 5830 Sed
2032 5773 2098 5833 ev.
2122 5773 2220 5833 uno
2243 5760 2424 5812 Codice
2442 5758 2864 5833 desnitqimsuiit,
2888 5776 2940 5817 ot
2969 5768 3098 5818 lecta
3124 5768 3322 5820 fuerant
3339 5786 3365 5820 a
3395 5777 3546 5821 r‘rau.

1917 5823 2047 5895 risco
2073 5823 2296 5872 Arctino.
2322 5823 2649 5895 Ql’lOtlhatllclll
2675 5831 2794 5879 dicit
2813 5823 3210 5893 Chrysostonius,
3234 5847 3292 5882 ea
3312 5846 3426 5895 quae
3442 5847 3550 5884 w-

1918 5890 1991 5958 rat
2016 5891 2230 5956 Joannes
2253 5889 2563 5958 evangelista
2587 5929 2599 5948 ,
2623 5905 2735 5958 non
2772 5889 3004 5942 omnibus
3047 5895 3244 5958 angelis
3279 5889 3395 5946 uota
3430 5909 3544 5947 ante

1918 5947 2089 6006 tuisse,
2111 5948 2216 6007 jam
2234 5949 2432 6000 dixerat
2451 5965 2599 6016 supra
2621 5955 2668 6002 in
2697 5958 2952 6006 Prommio.

3153 6045 3196 6103 ξι
