4064 6458
563 393 622 466 5t
1253 399 1308 453 s.
1352 395 1626 454 missis
1663 390 2135 451 CllRYSUSTOMl
2179 387 2496 446 AllClllEP.
2539 385 3079 440 CONSTANTINUP.
3807 385 3884 443 δε

566 518 715 589 pueri
756 515 960 571 ridiculi
1012 514 1172 566 habiti
1219 524 1345 565 sunt
1375 533 1386 565 :
1418 509 1560 579 quod
1614 508 1867 562 mulieres
1913 502 2162 557 omnibus

566 621 881 664 communes
911 605 1168 666 fecerint,
1202 602 1362 656 vitam
1393 603 1564 670 ipsam
1620 612 1833 667 pessum
1876 595 2160 658 dederint,

567 712 620 756 et
651 701 908 755 honorem
935 695 1186 751 connubii
1216 693 1555 761 detur-pariat
1584 735 1598 758 ,
1629 692 1837 760 aliaque
1865 686 2164 757 hujusmodi

565 791 788 845 ridicule
819 789 1137 852 statuerint;
1171 797 1221 842 et
1265 787 1316 840 in
1365 785 1447 840 his
1489 793 1656 840 totum
1685 785 1803 836 vita:
1837 791 2046 849 tempus
2077 780 2159 832 in-

562 878 913 948 sumpserim.
944 877 1018 932 De
1049 877 1224 930 anima
1268 891 1395 930 vero
1436 876 1735 929 doctrinam
1781 872 2022 925 omnium
2051 880 2164 922 tur-

562 972 836 1040 pissimam
866 979 1192 1032 statuerunt,
1219 967 1348 1022 dum
1372 969 1579 1021 animas
1608 966 1905 1028 hominum,
1927 977 2160 1027 muscas,

563 1062 767 1116 culices
791 1103 804 1121 .
839 1061 1054 1114 frutices
1086 1060 1221 1124 fieri,
1252 1059 1522 1128 Deumque
1564 1059 1734 1127 ipsum
1775 1057 2006 1108 animam
2046 1069 2165 1108 esse

563 1152 804 1206 dicereut
831 1169 844 1216 ;
875 1160 926 1204 et
955 1152 1054 1204 alia
1084 1150 1328 1220 quendam
1360 1150 1664 1219 turpissima
1697 1155 2021 1201 assererent.
2054 1145 2165 1199 Nec

564 1258 626 1296 ea
657 1243 828 1296 solum
857 1241 924 1295 de
943 1255 1102 1294 causa
1133 1239 1381 1309 culpandi
1409 1259 1422 1295 :
1449 1239 1542 1293 sed
1564 1248 1617 1292 et
1643 1254 1866 1308 magnus
1910 1247 1992 1292 est
2037 1237 2165 1306 ipsis

564 1335 847 1389 verborum
896 1331 1643 1402 Euripus.Quemadmodum
1674 1332 1817 1385 enim
1862 1331 1914 1383 in
1967 1329 2166 1397 Euripo

567 1425 678 1479 huc.
701 1425 824 1478 illuc
847 1423 1052 1492 jactati,
1079 1424 1157 1476 sic
1184 1439 1473 1492 numquam
1497 1423 1548 1476 in
1582 1422 1770 1475 iisdem
1795 1421 2160 1490 perstiterunt,

565 1525 748 1585 utpote
776 1514 865 1584 qui
890 1530 950 1568 ex
983 1516 1184 1568 incerta
1206 1523 1259 1568 et
1282 1513 1422 1568 fluxa
1448 1521 1629 1568 mente
1659 1516 2023 1581 loquerentur.
2062 1511 2164 1566 Ve-

564 1621 680 1657 rum
715 1619 819 1657 non
850 1606 918 1658 ita
945 1605 1178 1673 piscator
1209 1605 1312 1668 hic,
1338 1605 1426 1673 qui
1457 1605 1633 1658 omnia
1661 1613 1808 1658 certa
1835 1604 2159 1673 pronuntiat,

562 1706 614 1749 et
646 1697 795 1764 quasi
829 1697 879 1749 in
924 1705 1067 1763 petra
1098 1707 1264 1756 stans,
1299 1712 1590 1765 numquam
1619 1697 1824 1751 titubat.
1855 1696 1985 1750 Cum
2019 1697 2161 1750 enim

567 1790 618 1841 in
649 1790 758 1857 ipsa
789 1788 943 1857 adyta
973 1789 1151 1841 induci
1175 1788 1423 1858 dignatus
1448 1791 1538 1852 sit,
1563 1799 1616 1843 et
1649 1790 1819 1858 ipsum
1847 1789 2038 1843 habeat
2063 1791 2164 1842 Do-

565 1879 766 1932 minum
798 1882 848 1932 in
892 1896 947 1932 se.
977 1881 1303 1948 loquentem,
1337 1881 1465 1934 nihil
1498 1879 1784 1935 humanum
1817 1896 2004 1950 passus
2045 1890 2159 1945 est;

561 1982 610 2022 at
660 1972 734 2024 illi
784 1972 921 2024 haud
950 1987 1105 2026 secus
1145 1987 1303 2038 quam
1337 1973 1368 2025 ii
1402 1974 1488 2041 qui
1523 1990 1588 2026 ne
1623 1989 1716 2042 per
1743 1974 2010 2026 somnium
2041 1975 2162 2042 qui-

562 2061 683 2113 dem
733 2063 782 2114 in
828 2063 1026 2130 regiam
1059 2063 1277 2115 admissi
1321 2074 1438 2115 sunt
1466 2107 1478 2125 ,
1508 2064 1598 2116 sed
1631 2065 1680 2116 iu
1731 2062 1846 2117 foro
1876 2079 1997 2117 cum
2045 2064 2169 2120 aliis

563 2155 869 2222 permixtim
931 2154 1237 2207 hominibus
1294 2153 1774 2218 versantur,dttm
1822 2171 1888 2208 ex
1950 2156 2162 2223 propria

559 2254 738 2300 mente
782 2245 851 2300 de
892 2247 1247 2301 inuisibilibus
1278 2250 1676 2315 conjectarent,
1714 2250 1764 2302 in
1796 2264 2038 2303 summos
2069 2264 2158 2304 er-

561 2352 712 2391 rores
740 2337 1062 2403 inciderunt,
1090 2339 1157 2394 de
1188 2339 1544 2395 iiiell‘abilibus
1567 2341 1836 2396 disserere
1861 2344 2095 2412 aggressi
2121 2345 2158 2407 ί,

562 2440 619 2482 et
648 2430 798 2498 quasi
822 2431 948 2484 crcci
974 2430 1056 2485 vel
1082 2431 1219 2485 ebrii
1247 2433 1299 2484 in
1323 2433 1436 2500 ipso
1466 2447 1650 2486 errore
1677 2444 1868 2487 contra
1895 2448 1954 2488 se
1980 2443 2164 2487 mutuo

560 2520 899 2587 impegerunt
924 2537 935 2572 :
971 2535 1070 2575 nec
1097 2531 1283 2575 mutuo
1311 2532 1514 2576 tantum
1542 2523 1630 2576 alii
1659 2534 1844 2578 contra
1869 2524 2003 2578 alios
2028 2565 2042 2589 ,
2067 2523 2160 2578 sed

557 2611 720 2665 etiam
750 2624 931 2667 secum
964 2610 1030 2667 de
1060 2611 1247 2671 iisdem
1279 2614 1440 2672 rebus
1467 2628 1681 2684 semper
1709 2626 1964 2685 pugnant.
1998 2617 2158 2686 Atqui

563 2705 648 2758 hic
681 2705 962 2761 illiteratus
987 2748 1001 2773 ,
1035 2707 1183 2762 rudis
1209 2749 1222 2772 ,
1253 2724 1319 2763 ex
1357 2709 1670 2770 Bethsaida,
1698 2704 1943 2760 Zebediei
1979 2706 2118 2760 lilius
2144 2726 2158 2774 ;

560 2795 661 2848 etsi
691 2794 864 2851 Grarei
895 2797 1176 2850 nominum
1206 2799 1552 2866 asperitatem
1588 2799 1874 2854 admodum
1908 2800 2155 2865 rideant,

560 2887 728 2941 nihilo
756 2895 931 2942 tamen
960 2891 1191 2956 minore,
1223 2890 1332 2946 imo
1357 2891 1558 2960 majore
1586 2891 1774 2947 fiducia
1793 2893 1902 2962 jam
1927 2892 2114 2962 loquar
2143 2910 2155 2945 :

558 2987 762 3047 quanto
783 2981 927 3034 enim
959 2981 1128 3050 magis
1152 2981 1378 3035 barbara
1405 2983 1532 3050 ipsis
1557 2983 1767 3038 videtur
1795 2985 1938 3037 natio
1970 2984 2080 3048 illa,
2107 2994 2161 3039 et

557 3084 587 3121 a
619 3067 807 3124 Grieco
838 3071 1082 3125 instituto
1127 3073 1339 3156 aliena,
1372 3083 1518 3128 tanto
1568 3075 1929 3145 splendidiora
1977 3089 2160 3132 nostra

561 3162 906 3216 videbuntur.
937 3162 1069 3216 Cum
1118 3165 1260 3218 enim
1305 3166 1563 3220 barbarus
1611 3177 1666 3222 et
1710 3168 1955 3223 indoctus
1985 3185 2047 3224 ea
2078 3171 2160 3223 lo-

558 3263 772 3321 quatur,
815 3269 932 3322 qu:e
961 3255 1140 3308 nullus
1167 3256 1441 3312 hominum
1486 3274 1741 3327 umquam
1774 3271 2031 3326 noverat;
2064 3276 2161 3315 nec

561 3347 808 3415 loquatur
839 3348 1018 3411 modo,
1051 3349 1142 3402 sed
1176 3351 1336 3403 etiam
1379 3351 1602 3406 suadeat
1654 3354 1816 3422 (quod
1845 3356 1888 3408 si
1920 3354 2046 3409 illud
2075 3370 2160 3409 so-

560 3438 664 3489 lum
690 3447 852 3504 esset,
889 3453 1137 3507 magnum
1169 3441 1308 3494 foret
1338 3442 1689 3509 miraculum;
1715 3460 1856 3499 nunc
1879 3461 2005 3500 vero
2035 3463 2162 3515 pra:-

561 3539 642 3582 ter
673 3529 792 3593 hoc,
827 3531 986 3584 etiam
1015 3532 1155 3586 aliud
1187 3535 1359 3603 majus
1389 3537 1765 3603 suppeditetur
1787 3551 2158 3610 argumentum

561 3620 700 3688 quod
749 3638 807 3676 ea
851 3639 969 3692 quin
999 3623 1249 3679 dieiintur
1280 3627 1538 3682 divinitus
1568 3631 1823 3699 inSpirata
1866 3635 2002 3700 sint,
2037 3636 2159 3704 quia

562 3731 754 3785 nempe
782 3716 1116 3772 auditoribus
1151 3720 1402 3774 omnibus
1441 3736 1658 3792 semper
1678 3726 1976 3781 doctrinam
2007 3745 2160 3785 suam

563 3811 928 3877 persuaserint
948 3811 1001 3878 );
1031 3814 1152 3880 quis
1181 3813 1564 3872 immanentem
1599 3819 1649 3871 in
1681 3833 1745 3873 eo
1774 3821 2024 3876 virtutem
2055 3840 2161 3878 non

563 3900 884 3954 mirabitur?
929 3901 1061 3954 llliiil
1106 3905 1284 3967 enim,
1318 3916 1374 3958 ttt
1401 3905 1511 3974 jam
1558 3907 1701 3974 dixi,
1734 3913 1970 3967 maximo
2011 3916 2163 3984 signo

562 4000 663 4054 ρει,
692 3991 863 4058 ipsum
894 4007 997 4046 non
1022 4009 1084 4046 ex
1113 3995 1292 4063 seipso
1321 3995 1620 4052 doctrinam
1648 4009 1699 4054 et
1726 4001 1870 4071 leges
1899 4003 2160 4072 proferre.

563 4081 659 4135 llic
689 4083 867 4152 itaque
910 4083 1169 4140 barbarus
1200 4087 1479 4154 evangelio
1517 4104 1615 4143 suo
1663 4093 1971 4151 universum
2010 4111 2159 4150 com-

550 4169 843 4239 prehendit
891 4184 1117 4240 ornem,
1167 4191 1396 4244 corpore
1451 4187 1631 4233 autem
1705 4182 1936 4237 mediam
1993 4187 2162 4241 tenuit

562 4266 742 4317 Asiam
764 4307 780 4328 ,
809 4264 897 4319 ubi
926 4268 1051 4319 olim
1083 4268 1598 4338 pliilosophabantur
1630 4289 1818 4330 omnes
1847 4276 2050 4332 Graeca:
2079 4280 2163 4333 di-

564 4356 803 4423 sciplina:
833 4355 1114 4422 homines;
1147 4357 1377 4428 hincque
1411 4361 1746 4420 daemonibus
1785 4377 1867 4422 est
1912 4369 2166 4425 formida-

567 4442 689 4497 bilis
716 4447 760 4509 ⁸,
785 4446 926 4514 quod
963 4448 1011 4499 in
1045 4448 1275 4504 hostium
1309 4452 1487 4506 medio
1515 4452 1732 4524 fulgeat,
1765 4459 1976 4514 illorum
2027 4464 2162 4517 cali-

563 4536 738 4599 ginem
766 4539 1084 4608 exstinguat,
1107 4540 1520 4614 daeinonumque
1542 4563 1720 4604 arcem
1743 4550 1918 4607 diruat
1950 4573 1961 4608 :
1987 4557 2162 4612 anima

561 4638 742 4681 autem
774 4628 823 4681 in
853 4645 973 4684 eum
1006 4635 1228 4687 secessit
1256 4635 1451 4702 locum,
1483 4639 1570 4707 qui
1602 4643 1724 4695 talia
1752 4649 1992 4714 operanti
2016 4665 2164 4703 com-

563 4721 892 4782 peteret.Ac
937 4720 1244 4776 Grarcorum
1290 4727 1504 4794 quidem
1553 4733 1834 4800 opiniones
1887 4740 2163 4794 exstinctae

563 4809 860 4877 deletoque
903 4823 1024 4864 sunt
1054 4829 1066 4876 ;
1102 4814 1261 4882 hujus
1291 4834 1416 4870 vero
1448 4836 1533 4875 res
1559 4825 1800 4892 quotidie
1831 4830 2161 4897 splendidio-

568 4915 651 4951 res
679 4902 928 4954 evadunt.
963 4904 1038 4956 Ex
1085 4921 1191 4974 quo
1223 4908 1364 4963 enim
1405 4912 1489 4967 hic
1535 4923 1589 4968 et
1640 4917 1828 4986 reliqui
1869 4921 2165 4989 piscatores

567 4991 821 5054 fuerunt,
882 4993 1194 5064 Pythagora:
1247 4999 1591 5075 PlatOnisque
1659 5008 1993 5079 disciplinie,
2047 5031 2163 5083 qute

565 5081 714 5150 prius
737 5083 980 5139 obtinere
1006 5087 1342 5156 videbantur,
1387 5095 1600 5150 silentio
1631 5101 1808 5154 missa:
1834 5115 1979 5168 sunt,
2009 5121 2072 5159 ac
2098 5123 2164 5164 ne

565 5174 780 5229 nomine
811 5177 1028 5245 quidem
1059 5180 1180 5235 illos
1203 5195 1397 5238 norunt
1430 5189 1688 5258 plerique.
1716 5195 1873 5263 Atqui
1907 5195 2054 5250 Plato
2086 5208 2163 5269 ty-

569 5282 767 5320 rannos
795 5267 927 5322 adiit
955 5272 1179 5338 accitus,
1213 5285 1269 5328 ut
1297 5279 1464 5344 aiunt,
1492 5283 1695 5339 amicos
1730 5287 1914 5345 habuit
1945 5267 2158 5358 multos,

565 5367 719 5426 atque
747 5361 797 5413 in
821 5361 1053 5418 Siciliam
1080 5368 1346 5439 navigavit
1375 5387 1387 5425 :
1411 5372 1743 5447 Pythagoras
1766 5397 1892 5436 vero
1916 5400 2159 5456 magnam

599 5555 1228 5637 ἶ’ξηιξειςςριςίςίἱιςςηῖξιήιὶινᾳές
1252 5567 1750 5637 disserereaggressi,
1781 5580 1943 5637 posuit
1970 5582 2014 5628 in
2041 5587 2158 5632 Mar-

701 5617 1340 5702 iieptinaliquot
1495 5617 1792 5698 iiiii’éiiiiui,‘
1802 5617 2014 5702 quain}?
2035 5617 2160 5695 dii-us

583 5681 682 5738 egit
709 5681 1040 5744 iut't'sibilibus,
1071 5699 1176 5748 pro,
1201 5681 1540 5754 hie/fabilt'bus.

569 5763 1027 5877 Ἰηέςιὲἰξέξῖηζιέιταυε
1052 5770 1346 5825 (Ιαηηοηίὸηδ
1370 5784 1440 5827 est
1463 5780 1802 5847 fornaidabilis,
1841 5787 1890 5836 in
1911 5788 2073 5852 Savil.,
2108 5801 2158 5840 et

2275 500 2756 567 adiensGrieeiam,
2774 502 3069 570 praestigias
3090 499 3293 554 induxit
3313 499 3621 556 innumeras
3636 505 3740 571 (a);
3763 516 3888 557 nam

2275 592 2415 661 quod
2463 606 2584 643 cum
2633 589 2804 644 bobus
2857 591 3288 659 loqueretur(id
3339 591 3484 643 enim
3515 592 3581 647 de
3626 594 3725 647 illo
3759 607 3890 647 nar-

2275 686 2499 753 ratur),
2552 699 2657 737 non
2716 685 2816 737 nisi
2879 684 3082 754 magica
3149 692 3267 738 arte
3329 686 3571 753 priestari
3643 698 3886 756 poterat.

2277 776 2518 844 llincque
2541 776 2774 829 maxime
2805 776 2979 844 palam
3008 785 3110 840 est,
3145 775 3285 846 quod
3317 776 3364 830 is
3393 778 3482 847 qui
3514 778 3672 833 bruta
3703 780 3787 834 sic
3809 781 3888 833 al‘

2276 867 2614 937 loquebatur,
2646 867 2777 920 nihil
2806 867 3050 921 utilitatis
3077 866 3383 921 hominibus
3414 878 3699 936 praistaret
3728 911 3743 936 ,
3782 871 3894 924 imo

2275 960 2404 1028 ipsis
2450 960 2673 1013 multant
2719 969 2956 1015 noceret.
2998 960 3158 1014 Certe
3187 961 3360 1030 aptior
3384 961 3450 1014 ad
3481 961 3891 1033 phil050phiam

2273 1061 2387 1104 erat
2419 1051 2692 1105 hominum
2741 1063 2928 1106 natura
2966 1071 2977 1106 :
3009 1063 3243 1107 attamen
3293 1054 3380 1108 ille
3422 1067 3545 1107 cum
3583 1055 3789 1124 aquilis
3837 1066 3893 1108 et

2274 1143 2464 1206 bobus,
2497 1153 2552 1195 ut
2582 1143 2764 1208 aiunt,
2801 1160 2898 1213 per
2931 1146 3228 1216 priestigias
3262 1147 3601 1216 loquebatur.
3625 1147 3750 1202 Non
3798 1148 3891 1204 ille

2275 1238 2495 1290 rationis
2542 1247 2818 1303 expertem
2867 1249 3112 1292 naturam
3164 1241 3484 1295 rationalem
3539 1242 3722 1297 effecit
3763 1259 3780 1308 ;
3839 1243 3889 1297 id

2273 1327 2414 1396 quod
2459 1327 2623 1382 homo
2660 1343 2764 1382 non
2801 1339 2974 1399 potest
3006 1349 3019 1383 :
3058 1331 3150 1385 sed
3196 1333 3481 1403 praestigiis
3508 1334 3704 1389 stultos
3737 1337 3888 1390 deei-

2273 1419 2470 1484 piebat.
2504 1417 2619 1473 Non
2670 1421 2784 1474 utili
2830 1422 3075 1476 doctrina
3113 1422 3359 1478 homines
3395 1425 3752 1491 instituebat;
3791 1428 3889 1482 sed

2271 1511 2497 1565 docebat
2545 1513 2684 1566 idem
2738 1529 2857 1569 esse
2908 1514 3054 1569 fabas
3095 1515 3257 1570 edere
3287 1525 3344 1571 et
3370 1530 3649 1585 parentum
3705 1521 3888 1590 capita

2270 1600 2571 1667 devorare;
2601 1604 3043 1676 auditoribusque
3086 1608 3445 1675 persuadebat
3468 1653 3481 1674 ,
3511 1611 3760 1667 doctoris
3805 1616 3886 1668 sui

2271 1693 2502 1746 animam
2533 1735 2548 1758 ,
2579 1695 2738 1748 modo
2784 1697 3028 1751 fruticem
3057 1740 3072 1762 ,
3103 1699 3264 1753 modo
3309 1701 3538 1769 puellam
3561 1743 3574 1768 ,
3611 1704 3777 1758 modo
3810 1706 3890 1774 pi-

2265 1798 2415 1838 scem
2449 1786 2610 1840 efliei.
2645 1790 2836 1842 Annon
2864 1789 2984 1858 jure
3030 1790 3111 1843 illa
3141 1793 3402 1847 exstinCta
3433 1797 3646 1862 penitus
3673 1798 3889 1852 deleta-

2270 1892 2374 1947 que
2403 1882 2569 1932 sunt?
2595 1882 2752 1935 Certe
2777 1883 2898 1951 jure
2928 1898 2989 1936 ac
3021 1885 3212 1938 merito
3232 1927 3245 1949 ,
3281 1895 3337 1940 ut
3378 1889 3517 1943 ratio
3547 1892 3883 1958 postulabat.

2240 1971 2341 2023 .At
2365 1987 2467 2024 non
2499 1971 2573 2025 sie
2597 1972 2681 2025 illa
2710 1989 2828 2041 qua:
2851 1973 2915 2026 ad
2945 1974 3131 2029 rudem
3164 1977 3310 2030 illiilli
3336 1986 3390 2032 et
3417 1979 3728 2036 illiteratum
3763 1998 3888 2052 per-

2274 2062 2478 2117 tinent:
2513 2080 2696 2118 verum
2743 2065 2864 2136 Syri
2893 2109 2906 2128 ,
2933 2065 3169 2138 JEgyptii
3192 2110 3206 2133 ,
3240 2069 3384 2135 Indi,
3420 2072 3628 2140 Persm,
3665 2075 3888 2131 AZthio-

2274 2169 2386 2222 pes,
2420 2155 2824 2226 iuuun'ierieque
2849 2160 2967 2213 alia:
2990 2169 3199 2230 gentes,
3227 2161 3476 2232 dogmata
3507 2165 3689 2221 abillo
3723 2169 3887 2224 indu-

2272 2257 2356 2299 eta
2409 2249 2458 2300 in
2515 2249 2746 2317 linguam
2802 2267 2953 2306 suam
3006 2253 3392 2312 transferentes
3423 2298 3437 2323 ,
3482 2257 3705 2315 barbari
3756 2262 3884 2319 licet

2269 2351 2472 2405 essent,
2506 2343 2873 2413 philosiiphari
2903 2345 3226 2401 didicerunt.

2342 2431 2393 2483 5.
2438 2431 2552 2485 Non
2585 2449 2713 2504 ergo
2743 2435 2940 2490 frustra
2971 2437 3216 2492 dicebam
3237 2482 3252 2506 ,
3288 2450 3455 2496 totum
3498 2444 3685 2500 orbem
3719 2448 3880 2503 thea-

2273 2533 2408 2577 trum
2458 2525 2556 2592 ipsi
2602 2526 2782 2582 fuisse.
2812 2528 2998 2599 Neque
3036 2532 3180 2586 enim
3221 2534 3403 2588 missis
3443 2541 3876 2607 congeneribus,

2269 2632 2459 2670 vanam
2489 2618 2660 2674 brutis
2701 2621 3039 2676 instituendis
3067 2639 3287 2692 operam
3321 2629 3584 2696 ponebat;
3616 2633 3756 2702 quod
3787 2649 3883 2687 su-

2275 2723 2668 2777 pervacaneum
2722 2712 2955 2780 studium
2997 2723 3054 2769 et
3091 2717 3279 2786 ingens
3308 2719 3614 2789 insipientia
3644 2723 3876 2791 fuisset;

2270 2799 2362 2856 Sed
2415 2811 2468 2855 et
2515 2802 2674 2871 hujus
2708 2814 2772 2858 et
2812 2805 3042 2860 aliorum
3093 2823 3288 2878 expers
3317 2811 3587 2879 vitiorum,
3624 2815 3675 2869 id
3708 2834 3878 2874 unum

2268 2895 2510 2959 curabat,
2531 2904 2588 2948 ut
2617 2904 2760 2950 tonis
2789 2897 2938 2953 orbis
2968 2899 3094 2954 utile
3121 2901 3390 2972 quidpiam
3413 2905 3699 2975 edisceret,
3730 2913 3878 2980 quod

2269 2996 2451 3054 posset
2478 2986 2622 3040 illum
2651 3003 2679 3040 a
2705 2997 2844 3042 terra
2872 2990 2922 3044 in
2947 2991 3141 3046 cadum
3171 2995 3486 3050 transferre.
3511 2997 3742 3071 Ideoque
3766 3021 3876 3061 non

2270 3079 2499 3148 caligine
2527 3089 2580 3133 et
2607 3081 2843 3135 tenebris
2871 3083 3172 3140 doctrinam
3213 3103 3362 3142 suam
3397 3090 3654 3161 involvit,
3684 3107 3739 3151 ut
3773 3100 3874 3164 illi,

2269 3169 2359 3238 qui
2417 3185 2592 3238 pravre
2637 3171 2896 3227 doctrina:
2951 3191 3062 3230 su:e
3115 3178 3498 3236 obscuritatem
3554 3200 3652 3240 ceu
3696 3191 3876 3245 velum

2268 3261 2555 3331 quodpiam
2583 3264 2982 3332 obtendebant;
3013 3269 3108 3324 sed
3143 3272 3302 3342 hujus
3333 3275 3582 3345 dogmata
3619 3292 3743 3336 sunt
3785 3300 3878 3339 ra-

2267 3353 2370 3408 diis
2410 3356 2676 3411 Solaribus
2733 3359 2960 3415 clariora
3003 3381 3014 3416 ε
3065 3363 3184 3419 ideo
3234 3370 3483 3424 omnibus
3536 3389 3630 3442 per
3685 3377 3876 3434 orbem

2268 3445 2576 3503 hominibus
2609 3453 2866 3521 patefacta
2898 3467 3041 3513 sunt.
3079 3457 3196 3514 Non
3239 3462 3382 3516 enim
3421 3466 3659 3537 quinque
3704 3485 3880 3529 annos

2268 3553 2386 3592 rum
2413 3540 2686 3596 silentium
2706 3545 3086 3603 accedentibus
3109 3551 3423 3621 imperabat,
3450 3569 3504 3610 ut
3525 3559 3646 3627 ille;
3678 3579 3777 3618 ni-c
3800 3568 3880 3624 sic

2268 3630 2491 3688 docebat
2518 3679 2530 3700 ,
2557 3647 2612 3689 ut
2645 3639 3043 3695 insensibilibus
3075 3644 3335 3713 lapidibus
3370 3651 3664 3720 assideret;
3701 3674 3879 3729 neque

2269 3730 2508 3781 numeris
2537 3732 2714 3784 (urinia
2738 3733 2948 3788 definiri
2977 3735 3349 3794 fabulabatur:
3374 3745 3466 3798 sed
3497 3747 3704 3810 abiecta
3727 3757 3876 3810 omni

2269 3817 2578 3886 hujusmndi
2613 3823 2816 3892 ingrata
2845 3825 3090 3884 doctrina
3117 3840 3169 3884 et
3200 3836 3435 3898 pernicie
3466 3844 3725 3911 sataniea,
3759 3857 3880 3903 tan-

2271 3918 2377 3962 tam
2405 3911 2578 3965 verbis
2605 3913 2888 3970 admiscuit
2915 3917 3238 3985 facilitatem,
3267 3935 3319 3979 ut
3345 3943 3448 3982 non
3479 3933 3640 3987 ntodo
3666 3939 3795 3993 viris
3821 3952 3881 3997 et

2270 4001 2597 4068 sapientibus
2621 4045 2635 4068 ,
2667 4005 2760 4060 sed
2789 4008 2948 4062 etiam
2981 4011 3309 4070 mulierculis
3345 4028 3394 4071 et
3445 4021 3880 4086 adolesi-entibus

2268 4091 2406 4146 dicta
2437 4095 2612 4147 omnia
2642 4101 2923 4168 perspicua
2953 4115 3154 4159 essent.
3188 4106 3274 4159 Illa
3308 4111 3452 4164 enim
3485 4128 3607 4168 vera
3646 4129 3698 4172 et
3728 4124 3879 4176 utilia

2269 4183 2555 4252 audituris,
2577 4202 2698 4242 eSse
2712 4193 3048 4247 confirmavit
3077 4206 3266 4264 totum,
3297 4202 3439 4270 quod
3465 4217 3645 4274 postea
3676 4226 3882 4282 sequu-

2272 4284 2383 4330 tum
2415 4291 2517 4345 est,
2543 4289 2752 4351 tempus
2782 4301 2792 4336 :
2825 4301 2945 4338 nam
2978 4297 3146 4343 totum
3180 4291 3244 4345 ad
3279 4309 3336 4347 se
3370 4303 3630 4364 pertraxit
3661 4306 3876 4376 orbem,

2271 4368 2420 4421 etab
2448 4372 2592 4425 omni
2633 4374 2802 4428 aliena
2839 4381 3094 4448 tragcedia
3125 4384 3288 4438 vitam
3319 4399 3560 4446 nostram
3589 4394 3835 4454 liberavit

2272 4473 2553 4532 postquam
2580 4466 2693 4521 haec
2715 4470 2891 4524 audita
2925 4472 3092 4529 fuere.
3112 4479 3452 4550 Quapropter
3477 4497 3735 4558 quotquot
3760 4466 3882 4551 hinc

2269 4553 2518 4609 audimus
2557 4558 2789 4613 animam
2816 4562 3093 4621 effundere
3123 4580 3372 4638 Optamus
3409 4553 3584 4644 potius
3605 4553 3810 4651 ,iquain
3846 4601 3878 4642 a

2270 4646 2608 4715 dogmatibus
2639 4654 2706 4706 ab
2750 4656 2840 4710 illo
2890 4660 3098 4716 traditis
3125 4664 3466 4723 absistamus.
3500 4672 3636 4729 llinc
3664 4646 3796 4748 ergo
3823 4692 3882 4738 et

2271 4744 2416 4794 omni
2445 4760 2509 4797 ex
2535 4758 2687 4814 parte
2713 4748 2900 4817 liquet,
2933 4755 3067 4809 nihil
3098 4754 3386 4816 humanum
3418 4766 3485 4818 ab
3508 4768 3646 4835 ipso,
3679 4744 3774 4827 sed
3804 4774 3882 4829 di-

2273 4837 2391 4889 vina
2423 4848 2472 4892 et
2507 4841 2737 4896 c.i-lestia
2767 4859 2887 4901 esse
2914 4849 3159 4916 dogmata
3187 4897 3199 4918 ,
3228 4871 3345 4926 qua:
3371 4874 3399 4911 a
3426 4860 3606 4918 divina
3645 4863 3733 4921 illa
3761 4869 3880 4922 ani-

2272 4942 2356 4979 ma
2387 4929 2451 4981 ad
2481 4945 2575 4984 nos
2606 4948 2982 5000 pervenerunt.
3029 4943 3208 5014 Neque
3238 4951 3382 5004 enim
3411 4955 3696 5013 verborum
3732 4971 3874 5016 stre-

2273 5022 2460 5088 pitum,
2495 5040 2599 5077 non
2628 5026 2880 5084 dictionis
2925 5031 3126 5101 fucum,
3163 5055 3335 5111 neque
3381 5049 3657 5103 nominum
3682 5053 3878 5109 verbo-

2272 5131 2498 5184 rumque
2542 5132 2790 5175 ornatum
2837 5136 2890 5178 et
2934 5132 3382 5196 compositionem
3425 5142 3751 5210 superfluam
3790 5151 3872 5201 vel

2274 5207 2514 5262 inutilem
2549 5211 2847 5270 videbimus
2876 5217 3015 5286 (hare
3043 5224 3242 5293 quippe
3267 5231 3448 5296 procul
3478 5207 3600 5287 sunt
3628 5236 3694 5288 ab
3726 5241 3876 5296 omni

2272 5299 2665 5374 philosophia);
2699 5307 2792 5361 sed
2826 5311 2930 5363 vim
2963 5313 3212 5370 invictam
3247 5328 3298 5373 et
3325 5321 3581 5388 divinam,
3617 5337 3672 5381 et
3699 5341 3876 5386 recto-

2271 5405 2388 5443 rum
2436 5392 2741 5462 dogmatum
2792 5400 3107 5460 immensam
3161 5410 3454 5482 virtutem,
3505 5418 3872 5479 innumerabi-

2333 5506 2817 5588 jaLp‘e‘tflatonisin
2844 5518 3046 5588 Siciliam
3091 5524 3295 5588 appulsu
3338 5530 3477 5578 multi
3520 5545 3861 5588 narraret-unt.

2377 5564 2677 5660 {Pythagorae
2710 5591 2830 5648 .eum
2868 5564 3036 5660 parum
3061 5564 3310 5660 et'a'iiiiili-s

2269 5642 2351 5677 me
2377 5627 2771 5720 legerevmemini
2791 5655 2806 5700 ;
2834 5627 2922 5712 nisi
2948 5627 3871 5720 sirit;iéié'ééi'i'iiﬂiiiii‘aii'oiﬂii'

2449 5703 2684 5786 ‘I‘aeﬁt‘iits
2726 5703 2774 5786 lin
2801 5704 3038 5786 principio
3061 5712 3174 5780 vita:
3201 5703 3736 5777 Pythagoraefammain
3755 5703 3870 5786 Ejus

2270 5757 2319 5800 in
2343 5767 2466 5840 quas
2490 5757 2644 5840 v'ellet
2667 5757 2870 5813 arbores
2892 5757 2971 5815 vel
2994 5757 3867 5840 animantescommigrasse?-

2411 5818 2474 5869 de
2518 5821 2779 5886 Pythagora
2804 5818 3264 5895 sequunturfvid‘e‘
