4064 6448
294 405 372 464 55
1453 379 1522 438 IN
1559 377 1885 438 JOANNEM‘
1924 375 1929 432 1

2040 374 2159 432 IIL.
2202 372 2269 429 ll.
2309 373 2384 431 al.
2425 372 2464 427 Ι.
3577 365 3648 425 τι

298 521 538 588 limatus
567 513 834 569 bonorum
878 504 1242 578 largitionem.
1273 497 1409 555 Nam
1439 498 1493 552 in
1523 491 1910 568 praedicatione

298 613 463 670 nitnia
495 608 782 665 verborum
806 601 1095 660 curiositas
1131 593 1411 665 superﬁua
1439 598 1607 655 esset,
1640 596 1696 644 et
1721 586 1914 658 sophi-

297 705 395 762 stis
411 704 568 775 digna
589 717 605 767 ;
626 700 732 755 imo
755 712 862 752 non
879 691 1158 765 sophistis,
1177 688 1273 744 sed
1295 684 1474 756 pueris
1495 681 1911 754 insipientibus;

297 801 371 855 ita
402 805 460 854 ut
482 793 622 867 apud
643 806 744 849 eos
768 791 883 860 ipse
909 783 1263 858 philosOphus
1289 780 1570 836 induceret
1597 781 1914 846 magistrum

297 907 455 948 suum
482 864 642 959 quem
673 899 786 939 suae
819 880 954 937 artis
975 877 1236 950 pudebat,
1266 873 1466 944 quique
1491 869 1705 925 dicebat
1730 864 1914 937 judici-

297 985 402 1040 bus
431 983 576 1052 ipsos
598 976 882 1032 audituros
907 972 976 1025 ab
999 985 1060 1026 se
1084 983 1208 1024 esse
1238 965 1399 1021 verba
1433 963 1552 1018 sine
1581 958 1828 1019 artiﬁcio,
1863 963 1918 1011 et

299 1085 354 1130 ut
398 1047 557 1130 casus
589 1067 833 1131 ferebat,
868 1061 1111 1135 prolata;
1147 1074 1254 1114 non
1285 1054 1568 1128 exquisitis
1603 1058 1797 1106 ornata
1828 1047 1917 1104 di-

296 1169 421 1233 ctis,
447 1180 553 1221 non
598 1160 778 1217 verbis
804 1167 859 1214 et
888 1152 1200 1212 nominibus
1234 1148 1453 1207 selectis
1501 1144 1698 1202 fucata.
1730 1141 1919 1211 Neque

298 1262 443 1317 cnim
475 1272 570 1328 par
595 1263 678 1311 est
701 1294 715 1317 ,
747 1249 1045 1321 inquiebat,
1076 1261 1110 1301 o
1142 1245 1266 1311 viri,
1298 1242 1458 1311 hujus
1498 1238 1675 1296 aetatis
1701 1235 1876 1290 virutn
1896 1274 1913 1300 ,

298 1349 660 1410 adolescentis
685 1344 932 1418 proferre
954 1339 1119 1398 verba
1145 1353 1328 1394 coram
1357 1335 1510 1390 vobis
1526 1331 1818 1403 judicibus.
1840 1327 1920 1383 Ae

300 1446 423 1502 vide
449 1456 609 1514 quam
646 1439 718 1494 sit
761 1435 889 1491 illud
922 1432 1238 1489 ridiculum.
1255 1432 1428 1497 Quam
1460 1427 1606 1483 enim
1635 1437 1753 1479 rem
1781 1431 1922 1477 tam-

300 1558 461 1613 quam
495 1552 738 1612 turpem,
756 1534 1093 1608 philosophia
1127 1530 1426 1600 indignam,
1459 1523 1921 1581 adolescentium-

300 1651 406 1707 que
432 1648 590 1704 Opus,
620 1631 936 1702 magistrum
963 1641 1122 1682 suum
1147 1623 1332 1693 fugere
1353 1619 1508 1685 dixit,
1537 1617 1662 1672 huic
1686 1613 1921 1669 maxime

302 1704 418 1800 ipse
440 1741 658 1797 operam
679 1721 849 1780 dedit.
879 1721 950 1775 Ita
977 1718 1174 1786 ubique
1196 1711 1476 1768 ambitioni
1498 1708 1788 1766 studebant
1809 1704 1918 1769 illi;

301 1794 380 1892 (a)
416 1794 680 1893 [nihilque
727 1822 924 1886 praeter
963 1810 1066 1864 hoc
1098 1808 1151 1862 in
1186 1806 1414 1862 Platone
1443 1801 1803 1858 admiratione
1846 1794 1923 1851 di-

299 1892 463 1986 gnum
484 1906 746 1982 videtur.]
768 1909 842 1962 Ac
865 1901 1321 1978 quemadmodum
1340 1900 1385 1954 si
1403 1897 1650 1968 sepulcra
1677 1892 1921 1951 exterius

304 2006 557 2063 dealbata
589 2001 888 2074 aperueris,
922 1997 1094 2063 sanie,
1123 1995 1338 2060 foetore,
1367 1988 1751 2061 corruptisque
1777 1985 1919 2041 ossi-

300 2099 402 2156 bus
432 2099 587 2168 plena
613 2093 820 2150 videbis
847 2108 860 2144 :
894 2091 967 2145 ita
1012 2088 1056 2143 si
1105 2083 1419 2157 philosOphi
1449 2083 1701 2153 dogmata
1728 2077 1919 2133 dictio-

302 2195 388 2250 uis
439 2202 632 2246 ornatu
680 2185 999 2250 nudaveris,
1046 2181 1214 2237 multa
1259 2178 1467 2234 videbis
1517 2173 1924 2230 abominatione

303 2286 498 2358 plena;
533 2281 767 2337 maxime
793 2279 836 2334 si
864 2277 932 2333 de
961 2276 1140 2332 anima
1175 2269 1611 2345 philosophetur,
1641 2280 1803 2337 quam
1828 2265 1922 2318 ni-

301 2381 413 2437 mio
438 2379 643 2433 honore
682 2374 748 2430 ad
779 2371 1172 2443 blasphemiam
1223 2381 1394 2437 usque
1432 2361 1621 2418 afﬁcit.
1654 2362 1751 2415 llic
1776 2361 1922 2415 enim

300 2472 603 2529 diabolicus
628 2471 852 2540 laqueus
881 2472 985 2531 est,
1018 2475 1333 2518 mensuram
1364 2469 1628 2526 nusquam
1660 2464 1881 2509 scrvare
1903 2491 1918 2516 ,

302 2567 398 2624 sed
426 2568 477 2621 in
511 2574 799 2632 utrumque
833 2568 1202 2614 extremorum
1234 2552 1326 2607 illo
1355 2560 1543 2619 captos
1577 2563 1673 2618 per
1704 2559 1923 2616 pravam

302 2662 605 2717 doctrinam
636 2654 927 2710 deducere.
963 2649 1118 2705 Nunc
1158 2647 1305 2702 enim
1358 2643 1502 2699 illam
1549 2652 1638 2697 ex‘
1662 2638 1756 2694 Dei
1797 2637 1927 2692 sub-

303 2755 502 2816 stantia
531 2767 654 2809 esse
680 2748 845 2814 dicit;
879 2760 1023 2800 nunc
1055 2742 1200 2796 illam
1232 2747 1428 2811 praeter
1454 2735 1677 2791 modum
1727 2742 1783 2789 et
1825 2733 1926 2785 im-

307 2854 395 2926 pic
438 2851 634 2906 elatam
662 2888 677 2912 ,
709 2859 805 2915 per
850 2841 1077 2896 alteram
1118 2833 1454 2909 hyperbolen
1487 2831 1763 2897 deturpat,
1795 2825 1926 2882 dum

306 2947 453 3003 illam
487 2942 540 2996 in
574 2951 789 3011 porcos,
813 2934 1016 2998 asinos,
1051 2930 1213 3000 inque
1242 2925 1428 2981 viliora
1458 2920 1751 2977 animantia
1781 2915 1932 2972 indu-

305 3042 401 3096 cit.
434 3034 542 3094 Sed
573 3009 692 3088 btcc
729 3029 864 3084 satis
905 3036 1103 3090 sunto;
1130 3024 1240 3077 imo
1270 3018 1409 3075 ultra
1459 3014 1679 3072 modum
1727 3011 1798 3067 de
1845 3009 1928 3064 his

306 3134 695 3193 disseruimus.
719 3130 774 3187 Si
799 3127 927 3200 quid
958 3125 1101 3181 enim
1133 3121 1265 3178 utile
1287 3119 1354 3174 ab
1385 3117 1491 3173 illis
1524 3113 1690 3171 edisci
1722 3116 1927 3181 posset,

307 3229 556 3302 pluribus
599 3226 666 3280 iis
713 3223 966 3278 insistere
1013 3215 1384 3286 oportuisset;
1431 3209 1514 3265 sin
1560 3220 1691 3263 vero
1719 3212 1928 3258 tantum

307 3331 571 3397 quantum
609 3318 676 3374 ad
704 3330 896 3373 eorum
944 3307 1326 3367 declarandam
1375 3299 1772 3373 turpitudinem
1799 3295 1938 3349 satis

309 3425 485 3484 esset,
513 3411 806 3469 dicendum
837 3405 1098 3479 oportuit,
1133 3401 1250 3455 base
1281 3398 1400 3469 plus
1422 3409 1584 3466 quant
1621 3390 1754 3446 satis
1783 3395 1946 3443 sunt-

309 3513 492 3581 Quare
523 3506 704 3564 missis
734 3504 946 3558 illorum
978 3495 1174 3554 fabulis
1203 3536 1218 3559 ,
1249 3492 1360 3561 jam
1392 3495 1576 3544 nostra
1604 3484 1934 3554 attingamus

311 3575 562 3676 dogmata
584 3642 599 3666 ,
628 3614 750 3669 qua:
791 3593 946 3650 nobis
990 3605 1084 3661 per
1125 3586 1350 3655 hujusce
1383 3577 1668 3651 piscatoris
1693 3575 1935 3645 linguam

312 3668 542 3757 devcmlo
570 3668 807 3751 demissa
835 3695 997 3751 sunt,
1030 3695 1263 3754 qumque
1315 3675 1452 3732 nihil
1500 3670 1701 3727 habent
1741 3668 1934 3720 huma-

315 3810 465 3851 num.
503 3792 615 3861 Age
646 3801 777 3857 ergo
800 3825 815 3849 ,
845 3781 961 3836 haec
994 3778 1135 3834 dicta
1164 3775 1216 3829 iu
1251 3769 1489 3827 medium
1520 3763 1814 3819 all'eramus
1833 3799 1848 3823 ,
1881 3764 1937 3812 et

316 3899 377 3945 ιιι
400 3887 554 3942 initio
584 3879 788 3937 hortati
815 3889 1023 3940 sumus,
1052 3869 1213 3926 dictis
1242 3878 1366 3920 esse
1391 3854 1803 3918 attendendum,
1832 3850 1938 3904 hoc

317 3993 466 4037 nunc
497 3979 690 4032 iterum
716 3981 1022 4025 monemus.
1047 3958 1187 4030 Quid
1217 3972 1346 4028 ergo
1367 3954 1519 4010 initio
1546 3948 1678 4004 dicit
1706 3956 1940 4014 evange-

318 4076 487 4131 lista?
531 4072 583 4126 l.
632 4066 702 4122 In
751 4061 1005 4135 principio
1035 4065 1143 4114 erat
1183 4051 1425 4119 Verbum,
1474 4055 1522 4102 et
1563 4042 1783 4098 Verbum
1830 4045 1939 4093 erat

317 4169 460 4242 apud
487 4165 674 4221 Deum.
703 4159 958 4217 Vidistin‘
985 4153 1237 4210 ﬁduciam
1264 4156 1320 4203 ct
1364 4145 1472 4201 vim
1501 4139 1791 4197 verborum
1823 4151 1940 4191 ma-

320 4230 567 4323 ximam?
608 4253 883 4331 quomodo
925 4237 1059 4306 nihil
1102 4243 1356 4301 dubitans
1382 4281 1396 4306 ,
1430 4235 1564 4292 nihil
1609 4230 1935 4301 conjiciens,

319 4360 414 4418 sed
447 4356 628 4412 omnia
656 4345 978 4405 affirmantis
1021 4354 1174 4397 more
1205 4330 1498 4407 loquatur?
1527 4329 1642 4384 lloc
1674 4333 1759 4378 est
1792 4323 1937 4378 enim

319 4450 594 4513 doctoris,
630 4461 742 4502 non
767 4440 1026 4497 vacillare
1056 4436 1110 4490 in
1141 4433 1207 4488 iis
1237 4447 1356 4500 qua:
1398 4426 1619 4497 profert.
1655 4420 1788 4475 Nam
1816 4417 1858 4472 si
1895 4414 1940 4471 is

318 4550 412 4622 qui
444 4545 579 4600 alios
610 4539 881 4603 instituit,
910 4534 1081 4589 altero
1107 4541 1244 4598 opus
1275 4524 1508 4588 habeat,
1542 4517 1631 4590 qui
1663 4515 1804 4571 dicta
1842 4523 1940 4567 sua

319 4639 648 4699 conﬁrmare
678 4631 847 4704 possit
873 4670 887 4693 ,
919 4641 1026 4681 non
1073 4621 1393 4679 doctorum,
1423 4611 1520 4667 sed
1550 4606 1938 4675 discipulorum

319 4735 566 4792 ordinem
587 4731 709 4801 jure
731 4724 992 4781 obtineat.
1013 4718 1070 4775 Si
1097 4716 1220 4788 quis
1242 4727 1372 4768 vero
1402 4706 1619 4768 dixerit,
1638 4703 1747 4759 Cur
1769 4699 1941 4770 prima

319 4829 520 4885 omissa
550 4837 734 4885 causa,
767 4815 947 4873 statim
991 4810 1146 4866 nobis
1173 4807 1243 4862 de
1276 4801 1511 4861 secunda
1541 4792 1802 4853 disserit?
1833 4791 1945 4862 pri-

323 4937 468 4980 munt
498 4927 555 4974 et
581 4913 881 4972 secundum
913 4909 999 4963 hic
1023 4906 1208 4960 dicere
1235 4896 1610 4956 recusabimus
1645 4910 1657 4946 :
1687 4888 1942 4946 divinitas

320 5021 464 5074 enim
496 5024 551 5070 et
579 5023 808 5067 numero
837 5015 889 5064 et
916 5014 1220 5071 temporum
1263 4988 1650 5064 consequentia
1694 4983 1946 5055 superior

319 5122 423 5166 est.
458 5109 694 5177 Ideoque
738 5101 821 5156 his
861 5094 1187 5168 repttdialis,
1237 5089 1449 5145 Patrem
1497 5081 1823 5140 conﬁtemur
1868 5088 1943 5130 ex

322 5205 471 5261 nullo
504 5215 648 5262 esse,
683 5197 986 5262 Filiumque
1013 5205 1079 5244 ex
1112 5188 1273 5242 Patre
1301 5191 1510 5238 natum.

392 5300 448 5352 4.
492 5293 597 5349 Cur
626 5291 877 5352 Joannes,
917 5285 1094 5338 relicto
1153 5278 1349 5340 Patre,
1401 5274 1465 5328 de
1510 5269 1651 5326 Filio
1701 5267 1942 5321 disserat.

326 5387 699 5445 Describuntur
745 5378 1001 5452 sapientia
1067 5383 1115 5428 et
1166 5368 1456 5426 sublimitas
1501 5360 1843 5433 evangelista.
1874 5383 1946 5397 —-

325 5485 516 5547 Recte,
552 5479 763 5550 inquies
796 5494 808 5527 :
841 5487 1028 5528 verum
1060 5484 1158 5525 cur
1203 5466 1397 5521 relicto
1448 5461 1630 5524 Patre,
1683 5456 1752 5511 de
1810 5453 1946 5509 Filio

323 5574 583 5632 disserit?
620 5549 755 5640 Quia
786 5568 879 5623 ille
911 5563 1163 5636 cognitus
1188 5557 1442 5613 omnibus
1470 5561 1609 5614 erat,
1654 5549 1700 5605 si
1738 5563 1844 5602 non
1888 5552 1949 5600 ut

327 5671 507 5731 l’ater,
538 5639 729 5720 saltem
761 5670 820 5716 ut
845 5660 986 5714 Deus
1020 5673 1033 5707 :
1068 5651 1390 5722 Unigcnitus
1409 5662 1541 5702 vero
1573 5639 1941 5714 ignorabatur.

331 5761 565 5827 Ideoque
595 5757 714 5828 iure
744 5769 774 5808 a
808 5749 1073 5824 principio
1104 5745 1286 5802 Statim
1317 5741 1435 5812 ejus
1467 5736 1712 5794 notitiam
1761 5731 1948 5787 indere

390 5917 473 5984 (a)
505 5928 621 5975 ρυλε
645 5913 838 5966 uncinis
856 5909 1165 5967 clauduntur,
1193 5902 1333 5953 Saxil.
1363 5902 1412 5952 in
1448 5897 1673 5959 margine
1693 5896 1881 5952 posuit.

2026 488 2247 546 festinat
2288 488 2354 543 iis
2395 485 2487 558 qui
2529 484 2705 555 ipsum
2755 496 2873 538 non
2915 486 3202 536 noverant.
3231 477 3487 552 Alioquin
3518 488 3652 536 vero

2024 583 2242 640 Patrem
2273 581 2326 636 in
2351 578 2456 635 hoc
2482 589 2740 634 sermone
2765 589 2875 630 non
2907 572 3096 629 tacuit.
3127 573 3205 628 Ac
3232 571 3356 627 vide
3377 570 3510 628 mihi
3536 571 3650 642 spi-

2021 674 2273 732 ritualem
2303 669 2668 744 prudentiam.
2703 666 2863 724 Novit
2893 665 3142 721 homines
3159 664 3274 735 jam
3299 663 3430 720 olim
3450 668 3653 720 etanta

2023 768 2205 824 omnia
2243 767 2412 843 Deum
2451 779 2562 836 prae
2591 761 2849 818 omnibus
2875 759 3064 816 colere
3102 767 3159 814 et
3204 772 3471 814 asserere.
3520 755 3660 812 Ideo

2026 858 2152 916 inde
2183 855 2511 928 principium
2552 854 2701 920 fecit,
2740 861 2798 909 et
2827 865 3152 925 progressus
3195 847 3368 906 Deum
3395 864 3519 906 esse
3554 846 3652 904 dl—

2022 953 2118 1008 cit.
2151 949 2269 1007 Non
2301 950 2442 1005 sicut
2486 948 2642 1004 Plato
2686 946 2920 1002 alterum
2964 953 3229 1009 mentem,
3276 941 3506 997 alterum
3533 932 3714 1006 ani-ty”

2023 1059 2168 1102 mam
2193 1057 2314 1099 esse
2339 1041 2474 1098 dicit
2503 1059 2516 1096 :
2560 1039 2677 1096 haee
2715 1039 2862 1095 enim
2896 1035 3091 1108 procul
3131 1041 3265 1090 sunt
3293 1047 3324 1088 a
3357 1031 3536 1088 divina
3560 1031 3654 1092 illa

2023 1147 2079 1196 et
2100 1134 2393 1191 immortali
2427 1142 2638 1189 natura.
2666 1131 2854 1202 Neque
2883 1129 3030 1186 enim
3055 1140 3350 1183 commune
3374 1123 3651 1196 quidpiam

2025 1228 2310 1286 nobiscum
2357 1225 2543 1292 habet,
2592 1215 2907 1294 sed‘longe
2950 1229 3035 1276 est
3080 1235 3111 1274 a
3160 1215 3653 1273 communicatione

2026 1336 2149 1377 cum
2201 1320 2514 1384 creaturis;
2564 1314 2865 1372 secundum
2912 1311 3274 1368 substantiam
3320 1308 3485 1374 dico,
3543 1321 3658 1371 non

2026 1411 2330 1471 secundum
2379 1411 2647 1468 habitum.
2693 1408 2820 1464 Ideo
2849 1406 3092 1466 Verbum
3137 1403 3292 1459 illum
3336 1399 3657 1472 appellavit.

2024 1507 2161 1562 Cum
2193 1507 2341 1563 enim
2371 1503 2634 1559 docturus
2661 1508 2813 1558 esset
2851 1499 2954 1555 hoc
2983 1497 3223 1554 Verbum
3250 1508 3374 1550 esse
3405 1492 3663 1564 unigeni-

2030 1613 2143 1660 tum
2192 1601 2389 1658 Filium
2441 1596 2565 1664 Dei,
2621 1612 2692 1653 ne
2730 1594 2856 1666 quis
2894 1587 3308 1664 generationem
3340 1585 3660 1658 passibilem

2026 1697 2420 1768 suspicaretur,
2469 1691 2754 1762 prtemissa
2805 1685 2970 1743 Verbi
3013 1681 3386 1756 appellatione
3433 1693 3666 1736 omnem»

2033 1788 2172 1844 tollit
2219 1785 2421 1842 malam
2464 1781 2856 1853 suspicionem,
2904 1777 3056 1849 dum,
3082 1785 3140 1832 et
3188 1772 3388 1831 Filium
3428 1787 3498 1828 ex
3539 1771 3674 1842 ipso.

2027 1894 2171 1948 esse,
2203 1885 2263 1935 et
2300 1874 2714 1947 impassibiliter
2750 1870 2951 1928 Filium
2978 1884 3103 1926 esse
3147 1866 3416 1923 declarat.
3465 1863 3663 1921 Viden‘

2028 1973 2324 2047 quomodo,
2349 1979 2409 2027 ut
2431 1970 2544 2041 jam
2575 1967 2708 2034 dixi,
2740 1981 2866 2024 cum
2893 1963 2964 2022 de
2997 1963 3137 2021 Filio
3165 1960 3503 2032 loqueretur,
3551 1957 3661 2014 Pa-

2030 2079 2168 2124 trem
2199 2082 2305 2122 non
2335 2063 2546 2120 tacuit?
2567 2059 2724 2131 Quod
2750 2061 2795 2116 si
2825 2051 2942 2114 lucc
2962 2071 3072 2112 non
3095 2055 3228 2110 satis
3257 2053 3368 2109 sint
3396 2050 3463 2107 ad
3493 2059 3661 2105 totam

2028 2175 2145 2217 rem
2171 2154 2582 2221 declarandam,
2615 2169 2687 2210 ne
2717 2151 2955 2208 mireris.
2989 2149 3069 2205 De
3099 2147 3216 2204 Deo
3245 2158 3478 2216 namque
3504 2141 3664 2199 nobis

2030 2265 2116 2310 est
2146 2266 2350 2318 sermo,
2386 2265 2548 2322 quem
2579 2263 2679 2320 pro
2707 2247 2972 2318 dignitate
3011 2258 3192 2314 neque
3235 2240 3442 2306 dicere,
3483 2249 3679 2307 neque

2030 2348 2273 2418 cogitare
2311 2358 2620 2416 possumus.
2652 2341 2782 2397 Ideo
2809 2339 2898 2394 hic
2935 2335 3257 2393 substantia;
3284 2347 3485 2390 nomen
3527 2345 3674 2387 nus-

2031 2455 2192 2514 quam
2223 2439 2374 2510 ponit
2401 2453 2419 2493 :
2445 2436 2572 2508 quia
2617 2449 2786 2491 nemo
2827 2441 3006 2505 potest
3032 2429 3220 2485 dicere
3246 2425 3376 2499 quid
3409 2425 3553 2481 Deus
3592 2422 3669 2480 sit

2031 2533 2331 2590 secundum
2379 2529 2739 2586 substantiam
2792 2541 2808 2580 :
2864 2523 3067 2595 ubique
3110 2531 3292 2577 autem
3322 2518 3475 2575 illum
3503 2515 3665 2572 nobis

2032 2640 2101 2682 ex
2145 2623 2403 2693 Operibus
2451 2619 2813 2676 demonstrat.
2860 2614 3141 2686 Siquidem
3170 2611 3276 2668 hoc
3305 2609 3546 2666 Verbum
3577 2607 3664 2664 vl-

2033 2717 2164 2775 dcre
2193 2724 2276 2772 est
2315 2721 2500 2784 postea
2532 2712 2708 2767 lucem
2739 2709 2968 2772 dictum,
3020 2712 3079 2761 et
3106 2705 3285 2760 lucem
3328 2713 3535 2762 rursus
3564 2709 3670 2770 ap-

2034 2812 2224 2886 pellari
2263 2810 2429 2865 vitam
2464 2809 2503 2861 ¹.
2539 2805 2727 2876 Neque
2765 2801 2866 2858 hac
2905 2801 3082 2857 solum
3111 2797 3182 2853 de
3217 2809 3381 2852 causa
3409 2794 3490 2851 sic
3517 2793 3670 2848 illum

2035 2884 2253 2960 vocavit
2284 2921 2295 2956 :
2332 2900 2427 2957 sed
2454 2899 2570 2954 ba-c
2598 2897 2772 2968 prima
2803 2907 2966 2950 causa
2995 2900 3080 2948 est
3110 2886 3372 2953 secunda,
3399 2884 3526 2958 quia
3547 2898 3672 2955 quae

2037 2996 2212 3054 Patris
2253 2999 2413 3050 erant
2457 2990 2613 3046 nobis
2634 2996 2755 3044 erat
2785 2985 3171 3047 nuntiaturus;
3221 2993 3348 3036 nam
3389 2976 3464 3032 ait
3498 2994 3512 3030 :
3545 2974 3674 3030 01h-

2038 3093 2127 3148 nia
2172 3105 2289 3160 qua:
2335 3086 2512 3142 audivi
2550 3101 2582 3138 a
2611 3081 2798 3148 Patre,
2846 3076 3152 3134 annuntiavi
3189 3074 3329 3130 vobis
3368 3070 3549 3146 (Joan.
3714 3109 3735 3118 ..

2039 3185 2155 3254 15).
2203 3181 2377 3237 Vocat
2426 3189 2607 3233 autem
2653 3174 2809 3231 illum.
2843 3181 2900 3228 et
2952 3169 3119 3225 vitam
3162 3175 3218 3224 et
3263 3167 3441 3221 lucem
3487 3163 3673 3218 :‘nam

2037 3250 2368 3348 cognitionis
2396 3271 2573 3326 lucem
2616 3266 2773 3322 nobis
2811 3262 2984 3328 dedit,
3017 3269 3073 3318 et
3097 3274 3165 3316 ex
3195 3258 3318 3313 luce
3357 3255 3551 3310 vitam.
3614 3250 3681 3307 ιιι

2039 3384 2252 3426 summa
2285 3381 2395 3421 non
2430 3378 2596 3418 unum
2628 3374 2851 3422 nomen,
2902 3371 3012 3411 non
3057 3353 3190 3419 duo,
3246 3366 3355 3406 non
3399 3348 3528 3415 tria,‘
3566 3357 3679 3401 non

2041 3466 2194 3538 plura
2217 3460 2351 3516 satis
2379 3468 2505 3514 sunt
2531 3455 2601 3512 ad
2631 3469 2695 3512 ea
2723 3467 2845 3525 quae
2871 3451 3042 3506 Deum
3070 3454 3324 3518 spectant
3349 3439 3632 3498 edocenda
3662 3456 3679 3494 :

2041 3531 2139 3615 sed
2169 3551 2470 3627 optandum
2495 3556 2603 3617 est,
2648 3557 2709 3603 ut
2736 3547 2903 3601 etiam
2952 3556 3052 3613 per
3096 3537 3279 3595 multa
3317 3534 3404 3590 vel
3444 3531 3682 3588 obscuro

2043 3623 2317 3724 possimus
2343 3662 2406 3703 ea
2436 3659 2560 3715 quae
2587 3641 2657 3698 ad
2682 3640 2858 3696 Deum
2899 3642 3152 3707 spectant
3193 3626 3511 3700 complecti.
3561 3623 3682 3681 Nan

2045 3717 2226 3802 autem
2258 3737 2583 3812 simpliciter
2614 3732 2854 3789 Verbum
2886 3725 3197 3800 appellavit,
3257 3720 3355 3778 s’ed
3389 3734 3514 3774 cum
3545 3717 3682 3772 arti.-

2050 3837 2150 3895 euli
2180 3809 2487 3906 adjectione
2513 3843 2543 3883 a
2570 3823 2804 3897 reliquis
2835 3822 3014 3893 ipsum
3041 3815 3320 3874 distinxit.
3349 3809 3544 3869 Viden‘
3593 3823 3684 3865 me

2046 3949 2154 3989 non
2185 3929 2382 3985 lrustra
2410 3923 2620 3981 dixisse
2645 3919 2794 3976 hunc
2821 3913 3215 3987 evangelistam
3248 3907 3407 3963 nobis
3437 3903 3508 3960 de
3542 3901 3683 3958 cado

2047 4021 2234 4094 loqui?
2265 4017 2657 4077 Animadverte
2688 4012 2860 4076 enim,
2909 4021 3020 4080 quo
3058 3991 3412 4060 sublimitatis
3438 3996 3623 4053 statim
3652 4009 3683 4052 a

2047 4113 2314 4189 principio
2367 4108 2680 4168 auditorum
2730 4111 2973 4160 mentem
3019 4107 3074 4155 et
3124 4097 3364 4152 animam
3410 4091 3680 4149 evexerit.

2047 4183 2344 4279 Postquam
2372 4203 2518 4259 enim
2551 4200 2699 4256 illam
2728 4210 2894 4265 supra
2927 4190 3110 4247 omnia
3139 4202 3264 4258 qua:
3308 4183 3413 4241 sub
3456 4198 3684 4239 sensum

2047 4303 2271 4366 cadunt,
2321 4312 2488 4367 supra
2542 4304 2770 4355 terram,
2823 4300 2998 4352 mare,
3028 4284 3223 4340 cmlum
3253 4279 3465 4343 evexit,
3517 4277 3682 4332 etiam

2048 4408 2210 4464 supra
2239 4387 2563 4450 Cherubim,
2617 4379 2933 4450 Scraphim,
2990 4373 3271 4438 Thronns,
3315 4369 3684 4440 Principattts,

2049 4488 2379 4549 l‘otestates,
2426 4491 2592 4549 supra
2648 4487 2869 4530 omnem
2921 4467 3158 4538 denique
3199 4472 3506 4520 creaturam
3539 4461 3686 4516 inec.

2047 4582 2181 4638 dere
2248 4577 2441 4633 suasit.
2496 4569 2636 4640 Quid
2667 4566 2874 4639 igitur?
2914 4580 2982 4620 an
3015 4572 3303 4633 postquam
3335 4572 3441 4613 nos
3465 4556 3532 4611 ad
3564 4565 3687 4612 tan-

2050 4686 2161 4732 tam
2211 4671 2605 4730 sublimitatem
2656 4661 2914 4727 deduxit,
2961 4656 3034 4714 ibi
3081 4668 3182 4710 nos
3222 4652 3420 4708 sistere
3462 4650 3687 4722 potuit?

2049 4769 2402 4840 Nequaquam
2429 4779 2444 4829 ;
2488 4759 2584 4816 sed
2612 4754 2843 4831 perinde
2867 4768 2933 4809 ac
2953 4750 3002 4807 si
3022 4751 3144 4821 quis
3170 4754 3407 4802 stantem
3438 4743 3508 4799 ad
3537 4742 3689 4798 littus

2053 4863 2238 4924 maris,
2289 4875 2355 4916 ac.
2390 4854 2777 4927 respicientem
2821 4847 3012 4916 urbes,
3062 4858 3210 4910 oras,
3263 4847 3490 4911 portus;
3537 4843 3690 4909 posto

2052 4973 2215 5029 quam
2243 4957 2296 5012 in
2326 4952 2565 5009 medium
2593 4946 2821 5020 pelagus
2844 4937 3155 5002 adduxerit,
3189 4950 3219 4990 a
3253 4931 3528 5005 prioribus
3559 4929 3687 5002 qui-

2053 5027 2177 5109 dem
2227 5046 2451 5112 amovit,
2505 5052 2563 5098 at
2605 5037 2848 5110 aspectui
2881 5033 3003 5104 ejus
3036 5028 3301 5086 terminos
3331 5040 3440 5080 non
3470 5027 3687 5095 posuit,

2053 5144 2147 5201 sed
2173 5143 2499 5196 immensum
2529 5133 2632 5203 ipsi
2664 5126 3037 5202 spectaculum
3063 5120 3216 5178 dedit
3266 5137 3279 5172 :
3327 5117 3408 5172 sic
3437 5125 3495 5171 et
3522 5129 3690 5170 evan~

2054 5236 2246 5308 gelista
2295 5239 2582 5301 postquam
2633 5238 2735 5278 nos
2785 5233 2948 5290 supra
2978 5228 3199 5270 omnem
3252 5217 3564 5266 creaturam
3596 5204 3684 5258 itt-

2055 5331 2228 5391 duxil,
2263 5334 2318 5382 et
2358 5322 2426 5378 ad
2470 5318 2752 5390 superiora
2779 5309 3047 5370 creaturis
3080 5304 3282 5363 saecula
3309 5301 3478 5365 misit,
3514 5298 3687 5355 subli-

2058 5439 2201 5480 mem
2232 5420 2450 5477 oculum
2485 5412 2684 5470 mentis
2709 5406 2989 5479 relinquit,
3043 5402 3135 5472 qui
3179 5398 3394 5455 nullum
3428 5394 3590 5450 ﬁnem
3629 5391 3682 5446 in

2058 5513 2309 5586 supernis
2351 5509 2620 5577 attingere
2661 5502 2862 5575 possit,
2897 5511 2963 5554 co
2993 5493 3140 5569 quod
3177 5489 3362 5547 nullus
3409 5485 3498 5541 sit.
3545 5481 3684 5538 Nam

2059 5573 2148 5667 ubi
2199 5608 2266 5665 ad
2309 5573 2635 5678 principium
2666 5573 2935 5653 ascendit.
2988 5591 3149 5654 ratio,
3202 5582 3398 5656 quzcr'tt
3441 5576 3570 5650 qttid
3620 5573 3692 5629 sit

2061 5703 2190 5762 illud
2241 5669 2563 5774 principium
2614 5714 2626 5748 :
2677 5688 2880 5747 deinde
2926 5684 3016 5741 ubi
3048 5679 3203 5746 illud,
3256 5677 3404 5742 Erat,
3459 5669 3685 5742 reperit,

2127 5823 2143 5852 ι
2181 5816 2350 5869 Morel.
2393 5815 2526 5864 hunc
2567 5811 2731 5860 locum
2765 5807 2837 5856 sic
2871 5801 3167 5872 habet....._..,
3213 5800 3258 5844 rt
3302 5792 3460 5845 lucent
3507 5796 3683 5838 rursus

2061 5866 2305 5949 appellari
2329 5880 2503 5939 ritum,
2541 5882 2585 5927 et
2610 5873 2757 5924 vitam
2788 5866 2951 5920 vocari
2989 5866 3262 5914 reritutem.
