4064 6444
461 362 532 424 ιδ
1205 355 1260 410 5.
1301 349 1580 407 JOANNIS
1620 343 2096 404 ειιιιιευείυιιι
2138 342 2450 400 AnClllEl‘.
2502 341 3040 401 CONSTAN'l'INOP.
3709 335 3784 394 36

462 487 680 544 semper
707 472 928 526 ulterius
960 477 1136 526 mente
1164 464 1480 538 procedens,
1529 463 1617 518 ubi
1661 460 2045 533 cogitationem

465 568 624 622 sistat
657 579 761 618 non
805 562 964 617 habet
1008 579 1022 613 :
1073 552 1166 614 Sed
1220 557 1422 611 intente
1459 554 1772 625 respiciens,
1798 566 1918 606 cum
1948 560 2055 605 ter-

465 657 671 712 minum
713 669 817 709 non
869 652 1124 722 reperiat,
1170 648 1417 705 defessus
1463 662 1674 703 rursum
1704 645 1769 701 ad
1800 643 2052 699 inferiora

465 744 763 803 descendit.
815 742 945 800 lllud
973 743 1140 809 enim,
1192 740 1258 795 In
1300 741 1552 810 principio
1580 749 1705 804 erat,
1754 737 1884 792 nihil
1913 734 2054 790 aliud

464 839 753 910 significat,
781 852 941 906 quam
983 835 1125 906 quod
1162 848 1378 904 sen'iper
1407 833 1586 904 fuerit,
1626 841 1682 886 et
1707 839 1940 886 :eternus
1965 830 2052 883 sit.

467 929 657 987 Viden‘
713 944 896 984 veram
956 928 1382 998 philosophiam.
1440 936 1494 981 et
1547 925 1726 979 divina
1766 924 2052 992 dogmata,

466 1037 574 1078 non
606 1020 784 1092 qualia
814 1018 1148 1086 Graecorum,
1201 1018 1290 1089 qui
1336 1027 1576 1086 tempora
1621 1016 1973 1078 constituunt,
2005 1024 2057 1070 et

465 1110 600 1168 deos
629 1112 764 1166 alios
791 1112 1060 1177 seniores,
1102 1111 1236 1165 alios
1274 1108 1516 1179 juniores
1560 1107 1786 1164 dicunt?
1819 1110 1889 1162 At
1929 1106 2056 1162 nihil

465 1203 607 1273 apud
651 1217 752 1258 nos
794 1201 987 1257 simile.
1039 1201 1096 1258 Si
1145 1201 1285 1256 enim
1332 1199 1469 1255 Deus
1499 1210 1605 1266 est,
1649 1211 1707 1254 ut
1737 1215 1923 1256 revera
1951 1209 2052 1265 est,

466 1294 599 1350 nihil
625 1302 709 1350 est
734 1304 861 1349 ante
892 1293 1080 1359 illum;
1130 1293 1174 1348 si
1205 1292 1426 1346 Creator
1470 1292 1730 1355 omnium,
1787 1293 1900 1361 ipse
1945 1292 2055 1360 pri-

466 1401 586 1442 mus
614 1394 700 1442 est
726 1403 742 1451 ;
795 1386 840 1440 si
875 1386 1128 1441 Dominus
1151 1393 1204 1440 et
1231 1383 1538 1438 dominator
1566 1384 1828 1444 omnium,
1878 1383 2056 1437 omnia

465 1485 587 1546 post
626 1476 800 1546 ipsum
843 1485 987 1541 sunt,
1011 1483 1086 1530 -ει
1133 1473 1345 1544 Opificia
1378 1482 1432 1528 et
1472 1473 1688 1528 sarcula.
1715 1471 1971 1528 Volebam
2006 1473 2056 1527 in

467 1568 569 1622 alia
599 1567 894 1624 certamina
923 1566 1274 1632 descendere,
1306 1565 1400 1621 sed
1423 1565 1652 1620 fortasse
1679 1564 1878 1619 fatiscit
1907 1565 2058 1618 vobis

473 1661 711 1716 animus.
742 1658 922 1726 Quare
952 1668 1070 1729 post
1112 1658 1356 1729 quaidam
1403 1657 1630 1720 monita,
1663 1673 1783 1727 quae
1815 1656 1965 1710 vobis
1990 1654 2056 1710 ad

466 1751 736 1807 dictorum
769 1759 823 1805 et
849 1749 1197 1806 dicendorum
1226 1758 1442 1820 captum
1466 1757 1640 1809 ierunt
1669 1748 1842 1814 utilia,
1899 1747 2056 1801 linem

463 1839 678 1897 dicendi
707 1839 916 1894 faciam.
949 1841 1204 1907 Qumnam
1235 1839 1393 1910 igitur
1423 1855 1483 1894 ea
1512 1838 1682 1894 sunt?
1709 1838 1835 1894 Scio
1862 1840 2058 1893 multos

463 1931 730 1987 dictorum
758 1930 1146 2002 longitudinem
1181 1930 1440 1985 fastidire.
1491 1931 1603 1985 lloc
1643 1945 1770 1984 vero
1807 1939 1934 1984 tunc
1980 1930 2054 1992 fit,

463 2037 586 2078 cum
631 2025 807 2079 anima
860 2025 1046 2079 multis
1101 2025 1448 2080 smeularibus
1514 2026 1656 2079 curis
1726 2023 2058 2093 sarcinisque

464 2112 727 2169 obruitur.
758 2113 907 2169 Sicut
955 2116 1098 2170 enim
1147 2115 1311 2176 visus,
1364 2114 1488 2168 dum
1533 2130 1695 2183 purus
1740 2114 2056 2183 lucidusquc

465 2213 572 2271 est,
628 2214 782 2259 acute
823 2205 988 2269 videt,
1040 2220 1213 2276 neque
1260 2205 1610 2259 laboratcum
1639 2205 1722 2259 vel
1747 2205 2057 2260 tenuissima

466 2309 690 2362 corpora
737 2295 990 2363 perspicit
1040 2315 1053 2350 :
1101 2296 1316 2367 quando
1357 2306 1536 2350 autem
1581 2296 1646 2349 de
1676 2296 1852 2365 capite
1888 2298 2060 2352 malus

468 2385 660 2438 humor
690 2384 886 2452 aliquis
913 2386 1116 2450 defluit,
1151 2386 1232 2441 vel
1269 2387 1431 2441 densa
1473 2388 1716 2456 qumdam
1749 2390 1962 2456 nebula,
1994 2407 2056 2445 cx

467 2471 664 2527 infhnis
688 2475 925 2542 partibus
949 2478 1269 2539 ascendens.
1295 2487 1419 2533 ante
1448 2479 1702 2549 pupillam
1731 2481 1958 2548 sistitur,
1992 2499 2058 2540 nc

463 2565 729 2620 crassiora
775 2567 992 2637 quidem
1035 2572 1180 2624 clare
1225 2571 1531 2639 [)(‘l'SlllCCl‘C
1561 2583 1735 2641 potest
1769 2591 1780 2626 :
1811 2575 1888 2629 sic
1925 2585 1978 2630 et
2005 2576 2056 2630 in

464 2657 642 2711 anima
674 2650 954 2730 contingit.
1001 2661 1134 2716 Cum
1181 2663 1324 2716 enim
1356 2675 1672 2735 expurgatu,
1717 2669 1863 2720 nullo
1890 2669 2055 2722 animi

466 2745 659 2804 morbo
705 2749 967 2818 turbatur,
1015 2761 1170 2808 acute
1203 2753 1442 2809 intuetur
1464 2771 1526 2810 ea
1556 2772 1673 2826 qua:
1701 2757 1882 2814 videre
1923 2775 2058 2829 opus

464 2847 586 2904 est;
627 2852 749 2894 cum
784 2855 944 2910 porro
987 2845 1168 2899 multis
1213 2843 1408 2900 foedata
1457 2847 1755 2914 affectibus,
1804 2851 2053 2908 virtutem

467 2928 743 3000 pristinam
787 2932 1047 2997 amiserit,
1099 2951 1203 2990 non
1237 2936 1391 2992 facile
1421 2948 1593 3008 potest
1623 2942 1869 2999 sublimia
1897 2948 2058 3001 attin-

463 3035 592 3089 gere
638 3039 653 3076 :
700 3021 797 3077 sed
843 3026 1021 3080 statim
1061 3026 1256 3082 fatiscit
1294 3037 1348 3083 et
1382 3029 1604 3096 decidit,
1635 3045 1688 3087 et
1714 3035 1783 3087 ad
1808 3050 2054 3091 somnum

465 3112 846 3183 ignaviamque
887 3113 1143 3183 declinat,
1188 3127 1345 3189 atque
1372 3136 1457 3185 ea,
1489 3138 1607 3192 qua:
1638 3123 1703 3178 ad
1729 3127 1977 3182 virtutem
2006 3139 2058 3184 et

466 3204 632 3258 vitam
678 3205 901 3275 probam
952 3209 1255 3279 pertinent,
1309 3216 1701 3284 prcetermittit,
1751 3234 1924 3290 neque
1969 3222 2055 3277 illa

464 3295 748 3369 diligenter
775 3296 906 3353 adit.

533 3388 589 3445 5.
620 3387 886 3454 Quomodo
915 3399 962 3444 et
981 3407 1136 3460 quare
1156 3395 1357 3450 animus
1389 3399 1526 3450 omni
1551 3400 1828 3467 cupiditate
1857 3413 2055 3459 terrena

461 3495 652 3537 saeuus
681 3481 793 3545 ﬁeri
822 3481 996 3537 debeat
1025 3484 1094 3538 ad
1121 3488 1459 3558 evangelicum
1487 3491 1771 3546 doctrinam
1803 3505 1937 3550 recte
1974 3500 2053 3552 in-

462 3572 807 3643 telligendam.
858 3574 1007 3631 Liber
1046 3577 1264 3634 Joannis
1307 3591 1498 3651 quanta
1537 3602 1651 3638 cum
1680 3589 1958 3644 attentione
1983 3591 2056 3645 le-

459 3665 672 3733 gendus.
718 3664 936 3722 Moralis
963 3670 1251 3726 exhortatio
1281 3675 1350 3727 ad
1381 3686 1512 3730 recte
1545 3678 1880 3737 audiendum.
1941 3683 2053 3738 Ne-

461 3756 623 3824 quilla
649 3773 713 3810 ea:
741 3758 951 3813 arbitrio
978 3769 1022 3814 et
1049 3762 1324 3818 voluntate.
1354 3796 1422 3804 —
1451 3768 1608 3832 Quod
1637 3786 1704 3825 ne
1733 3772 1887 3826 vobis
1914 3774 2057 3829 acci-

459 3847 552 3901 dat
580 3846 778 3918 (ueque
805 3852 947 3904 enim
973 3852 1323 3910 hcec.dicendi
1355 3856 1514 3914 finem
1545 3860 1784 3933 faciam),
1814 3875 2050 3920 vestrum

460 3938 709 3995 roborate
734 3943 994 4008 animum,
1045 3954 1100 3998 ut
1139 3962 1204 4001 ne
1235 3949 1420 4004 eadem
1452 3954 1700 4020 audiatis,
1727 3973 1846 4026 qttte
1877 3957 2050 4013 fideli-

457 4031 557 4085 bus
585 4029 831 4086 ilebrwis
857 4048 886 4086 a
917 4034 1080 4090 Paulo
1102 4035 1244 4092 dicta
1275 4051 1416 4096 ειιιιι.
1465 4042 1597 4098 Nam
1647 4048 1750 4101 illis
1789 4051 2046 4118 grandem

460 4121 589 4176 dicit
614 4139 737 4178 esse
764 4139 1066 4182 sermonem
1117 4140 1174 4184 et
1219 4133 1568 4202 interpretatur
1596 4139 1864 4195 difficilem
1894 4160 1906 4197 :
1943 4159 2048 4199 non

456 4213 598 4281 quod
628 4225 818 4270 natura
846 4231 941 4270 sua
973 4221 1092 4273 talis
1119 4232 1284 4287 esset,
1313 4226 1410 4278 sed
1437 4229 1580 4296 quia,
1627 4231 1823 4300 inquit,
1880 4234 2049 4290 Imbe-

455 4305 596 4360 cilles
619 4307 743 4373 [acti
770 4308 889 4362 estis
916 4310 984 4362 ad
1013 4311 1320 4367 audiendum
1351 4316 1535 4385 (Ichr.
1567 4323 1620 4376 5.
1656 4322 1766 4394 ll).
1800 4325 1932 4381 Nam
1959 4331 2046 4397 qui

457 4396 760 4494 imbecillus
785 4409 870 4494 est
897 4411 951 4455 et
981 4401 1244 4473 infirmus,
1282 4409 1506 4476 perinde
1533 4412 1678 4469 brevi
1708 4425 1866 4488 atque
1892 4422 2044 4494 longa

456 4487 698 4543 oratione
739 4490 1002 4557 turbatur,
1046 4504 1098 4549 et
1146 4512 1265 4564 qua:
1306 4499 1450 4556 clara
1499 4487 1853 4578 expeditaque
1895 4487 2040 4579 sunt,

453 4591 612 4649 captu
638 4579 871 4637 difficilia
901 4584 1205 4643 arbitratur.
1225 4590 1422 4648 Verum
1454 4599 1632 4653 nullus
1656 4600 1740 4656 hic
1769 4605 1888 4659 talis
1903 4619 2040 4675 eSto,

450 4673 544 4726 sed
569 4675 711 4727 omni
753 4675 974 4746 depulsa
1017 4683 1197 4736 saeculi
1227 4698 1377 4750 cura,
1407 4690 1633 4761 quisque
1672 4695 1806 4750 hanc.
1835 4673 2042 4756 doctri;

451 4777 575 4816 nam
619 4764 818 4818 audiat.
868 4767 1002 4821 Cum
1035 4771 1174 4825 enim
1208 4776 1423 4832 auditor
1462 4787 1806 4849 pecuniarum
1840 4794 2043 4862 cupidi-

450 4863 559 4906 tate
588 4861 818 4921 tcnetur,
865 4873 969 4912 non
999 4870 1173 4929 potest
1201 4877 1348 4922 certe
1380 4872 1570 4939 cupide
1599 4876 1784 4932 audire
1810 4895 1824 4942 ;
1869 4861 2042 4951 neque

447 4945 588 5042 enim
615 4955 788 5042 potest
808 4951 983 5003 anima
1013 4970 1112 5005 una
1143 4958 1323 5013 multis
1353 4963 1598 5021 sufficere
1625 4945 2036 5042 cupiditatibus;

450 5035 542 5089 sed
574 5037 672 5090 alia
719 5040 873 5093 aliam
904 5045 1252 5113 cupiditatem
1288 5053 1455 5120 pellit,
1505 5067 1560 5111 et
1599 5035 1821 5117 discissa
1860 5035 2036 5124 anima

447 5127 710 5182 infirmior
758 5134 953 5199 evadit,
1001 5137 1127 5191 dmn
1176 5143 1341 5197 altera
1389 5151 1685 5214 prmvalens
1733 5159 2031 5227 ettpiditas,

447 5227 614 5269 totum
647 5221 712 5273 ad
741 5238 796 5276 se
839 5226 1019 5280 trahit.
1053 5231 1204 5295 Quod
1234 5237 1395 5290 etiam
1425 5240 1476 5294 ιιι
1511 5243 1694 5300 liberis
1720 5221 2032 5324 contingi-rc

443 5310 598 5362 solet.
626 5310 755 5365 Nam
783 5330 904 5370 cum
939 5335 1098 5374 unum
1134 5332 1334 5380 tantum
1364 5331 1481 5399 quis
1509 5333 1688 5404 habet,
1720 5358 1840 5396 eum
1870 5310 2029 5417 supra

444 5403 658 5457 modum
705 5418 886 5470 amat;
935 5425 1052 5465 cum
1097 5417 1312 5481 multos.
1347 5422 1547 5479 divisus
1576 5445 1727 5486 amor
1759 5403 2025 5497 minorlad

438 5495 674 5563 singulos
701 5500 948 5554 efficitur.
979 5505 1128 5571 Quod
1156 5510 1196 5563 si
1232 5512 1316 5566 tibi
1353 5515 1436 5568 illa
1471 5519 1548 5571 vis
1577 5529 1629 5575 el
1662 5540 1757 5577 ceu
1787 5495 2026 5592 tyrannis

437 5599 538 5650 est,
573 5602 731 5659 atque
760 5595 998 5661 ejus-lem
1032 5605 1241 5669 generis
1274 5619 1396 5661 sunt
1429 5611 1458 5664 ii
1488 5615 1576 5681 qui
1606 5615 1916 5687 diliguntur.
1956 5627 2022 5680 ita

439 5681 696 5776 Cillllingll
723 5703 733 5734 :
758 5689 879 5754 quid
914 5689 1207 5750 dixerimus
1233 5697 1296 5753 dc
1325 5716 1508 5757 amore
1541 5709 1628 5776 qui
1654 5681 1725 5763 ev
1754 5681 2024 5773 voluntate

436 5776 487 5818 et
521 5771 707 5827 affectu
743 5780 930 5844 prodit.
986 5789 1211 5844 maxime
1248 5807 1370 5848 vero
1399 5813 1516 5852 eum
1547 5771 1760 5860 amores
1793 5808 1865 5862 illi
1901 5825 2020 5869 sese

2169 470 2352 513 mutuo
2383 460 2692 530 impugnant
2717 462 2742 514 ?
2783 461 3096 515 (Ianuarius
3127 459 3269 513 enim
3302 467 3384 514 est
3418 457 3781 529 pecuniarum

2163 567 2315 607 amor
2343 551 2600 606 doctrime
2634 551 2790 619 hujus
2818 552 3010 606 amori.
3039 548 3097 605 lu
3127 551 3318 605 czelum
3348 552 3621 605 intramus
3645 563 3778 605 cum

2164 643 2266 699 huc
2298 645 2647 715 ingredimur.
2673 644 2789 699 Non
2823 645 2888 698 de
2924 644 3061 708 loco,
3093 645 3186 699 sed
3214 644 3281 698 de
3310 643 3502 699 affectu
3530 644 3737 715 loquor
3768 661 3780 698 :

2165 747 2340 808 potest
2359 741 2500 795 enim
2530 739 2619 809 qui
2653 739 2874 794 interra
2908 738 3074 808 degit,
3109 739 3160 791 in
3194 738 3327 793 caelo
3355 748 3526 804 stare,
3573 746 3634 793 et
3665 749 3785 791 cte-

2163 831 2319 886 lestia
2356 833 2613 901 cogitare.
2667 833 2773 885 imo
2814 831 3020 885 audire.
3055 830 3224 885 Nemo
3269 832 3431 900 igitur
3473 831 3524 885 in
3573 829 3784 886 caelum

2165 933 2374 978 terrena
2421 924 2636 978 inducat
2671 942 2682 975 :
2715 915 2875 978 nemo
2905 923 3032 979 dum
3067 923 3152 978 hic
3182 935 3448 990 versatur,
3478 924 3547 980 de
3579 940 3645 980 rc
3675 923 3785 978 tloo

2163 1017 2382 1070 mestica
2407 1015 2670 1070 sollicitus
2696 1015 2783 1069 sit.
2815 1013 3101 1086 Opurteret
3131 1018 3276 1071 enim
3304 1019 3450 1070 lucra
3483 1016 3608 1071 hinc
3641 1017 3787 1071 bau-

2165 1122 2244 1163 sta
2269 1109 2489 1164 domum
2513 1119 2566 1166 et
2594 1110 2646 1164 in
2673 1109 2846 1165 forum
2877 1110 3100 1177 deferri,
3133 1126 3237 1166 non
3263 1122 3444 1167 autem
3483 1110 3785 1166 ecclesiam

2163 1199 2476 1256 domesticis
2505 1211 2559 1256 et
2589 1200 2892 1257 forensibus
2921 1202 3151 1256 sarcinis
3180 1204 3415 1272 gravari.
3463 1201 3585 1256 Ideo
3615 1218 3787 1256 nam-

2163 1309 2267 1362 que
2310 1292 2376 1347 ad
2416 1294 2677 1349 doctrina:
2708 1294 2961 1348 thronum
2994 1297 3007 1324 ι
3040 1294 3391 1365 ingredimur,
3427 1304 3488 1348 ut
3513 1294 3640 1348 hinc
3678 1308 3784 1348 ex-

2166 1395 2345 1439 ternas
2391 1386 2508 1439 illas
2555 1387 2744 1441 sordes
2787 1387 3146 1456 deponamus.
3188 1386 3342 1456 Quod
3384 1389 3427 1443 si
3476 1389 3787 1444 debeamus

2165 1477 2267 1534 hoc
2300 1479 2570 1533 tantillum
2608 1480 2701 1533 otii
2731 1482 2970 1535 externis
3007 1482 3110 1534 illis
3138 1481 3294 1536 dictis
3317 1490 3371 1535 et
3405 1482 3572 1552 geStis
3619 1483 3785 1538 labe-

2164 1569 2384 1634 factare,
2412 1572 2601 1624 melius
2633 1581 2778 1626 esset
2806 1571 2874 1625 ab
2904 1571 3148 1642 ingressu
3175 1588 3399 1642 prorsus
3419 1574 3781 1631 abstinuisse.

2162 1659 2330 1714 Nemo
2357 1661 2516 1731 igitur
2545 1663 2596 1716 in
2626 1662 2854 1717 ecclesia
2885 1677 2972 1717 res
2999 1663 3328 1719 domesticas
3348 1665 3530 1720 animo
3559 1676 3781 1732 verset;

2167 1751 2260 1806 sed
2299 1751 2446 1806 domi
2475 1768 2561 1808 res
2592 1755 2836 1809 ecclesia:
2856 1754 3075 1822 cogitet.
3127 1755 3250 1811 llarc
3281 1758 3494 1811 ca-teris
3518 1758 3784 1813 omnibus

2166 1844 2321 1898 nobis
2361 1845 2466 1898 sint
2498 1846 2833 1912 pretiosiora.
2868 1845 2993 1901 llaec
3020 1847 3163 1900 enim
3194 1847 3259 1901 ad
3291 1849 3550 1918 animam,
3583 1851 3672 1908 illa
3706 1852 3782 1906 ad

2165 1951 2361 2006 corpus
2399 1938 2706 2006 pertinent;
2757 1938 2866 1992 imo
2910 1955 3028 2008 qum
3061 1939 3145 1994 hic
3178 1940 3432 1996 dicuntur
3461 1952 3515 1998 et
3554 1945 3782 2015 corpori

2164 2039 2219 2084 et
2263 2031 2457 2086 anima:
2504 2042 2836 2100 competunt.
2882 2031 3006 2087 ideo
3035 2033 3148 2089 lia-c
3177 2036 3327 2104 quasi
3355 2037 3623 2108 przreipua
3661 2049 3782 2094 tra-

2163 2129 2398 2181 ctentur.
2427 2122 2529 2176 alia
2556 2125 2734 2176 omnia
2767 2121 3154 2192 perfunctorie.
3211 2127 3334 2183 [lace
3378 2130 3577 2200 quippe
3605 2142 3660 2187 et
3690 2131 3783 2186 fu-

2166 2223 2298 2267 tura:
2330 2225 2381 2267 et
2406 2216 2687 2282 prmsentis
2729 2217 2851 2270 vita:
2896 2228 3021 2272 sunt
3048 2237 3059 2272 :
3109 2219 3196 2272 illa
3224 2219 3291 2274 ad
3322 2233 3567 2277 neutram
3599 2226 3778 2294 perti-

2167 2317 2317 2372 nent,
2366 2307 2468 2360 uisi
2514 2309 2810 2363 secundum
2855 2311 3024 2381 legem
3053 2312 3122 2366 de
3149 2312 3228 2368 his
3265 2316 3492 2385 positam
3530 2327 3774 2374 tracten-

2168 2408 2272 2452 tur.
2325 2399 2440 2452 Nou
2479 2401 2622 2454 enim
2653 2403 2824 2455 solum
2850 2404 2939 2472 qui
2974 2414 3094 2473 post
3124 2404 3236 2459 lucc
3271 2405 3430 2461 futuri
3463 2410 3659 2474 simus,
3721 2421 3779 2466 et

2167 2490 2437 2557 quomodo
2488 2492 2595 2546 illic
2640 2495 2902 2560 vivemus,
2957 2494 3043 2550 hic
3085 2497 3416 2561 ediscimus;
3465 2503 3560 2556 sed
3608 2503 3776 2560 etiam

2165 2597 2268 2646 qua
2316 2584 2526 2639 ratione
2571 2583 2660 2640 hic
2700 2586 2855 2640 nobis
2895 2588 2965 2640 sit
3010 2589 3316 2643 vivendum.
3353 2591 3484 2646 Nam
3530 2597 3776 2652 mediea-

2165 2683 2471 2728 nn-ntorum
2523 2677 2734 2732 ollieina
2787 2679 3082 2746 spiritualis
3127 2679 3322 2736 domus
3366 2681 3485 2740 haec
3530 2697 3648 2754 est;
3710 2697 3774 2745 ιιι

2163 2783 2281 2837 qua:
2311 2769 2528 2823 vulnera
2560 2769 2688 2824 foris
2716 2772 3034 2841 accipimus,
3070 2773 3154 2830 hic
3181 2791 3470 2843 curemus;
3523 2795 3629 2836 non
3678 2798 3776 2837 au-

2165 2869 2270 2913 tem
2303 2871 2354 2914 ιιι
2388 2859 2476 2915 hic
2502 2862 2620 2915 aliis
2646 2865 2885 2933 acceptis
2911 2866 3224 2922 vulneribus
3254 2870 3590 2928 recedamus.
3639 2873 3774 2931 Nam

2162 2951 2208 3004 si
2231 2952 2452 3021 Spiritui
2485 2965 2670 3008 sancto
2703 2970 2799 3010 nos
2829 2956 3120 3028 alloqueuti
3176 2977 3280 3016 non
3325 2965 3566 3020 animum
3610 2969 3772 3024 adhi-

2161 3041 2410 3111 beamus,
2436 3061 2539 3102 non
2570 3048 2729 3102 modo
2759 3052 2933 3120 priora
2960 3063 3176 3120 peccata
3201 3072 3306 3110 non
3337 3057 3636 3126 ablttcmus,
3666 3065 3762 3120 sed

2163 3137 2323 3191 etiam
2367 3139 2466 3192 alia
2513 3140 2880 3198 admittemus.
2936 3144 3067 3200 lluic
3122 3149 3282 3218 igitur
3310 3150 3445 3205 libro
3475 3155 3632 3210 nobis
3675 3171 3773 3227 per

2164 3231 2549 3286 revelatiouem
2585 3234 2782 3289 tradito
2825 3252 3013 3307 magna
3051 3253 3170 3294 cum
3213 3241 3491 3314 diligentia
3519 3251 3767 3306 attenda-

2165 3335 2302 3375 mus.
2355 3321 2470 3376 Non
2520 3325 2664 3379 enim
2710 3328 2880 3382 multo
2931 3342 3113 3398 postea
3163 3336 3341 3389 studio
3387 3339 3686 3408 egebimus,
3724 3347 3771 3401 si

2162 3413 2419 3483 principia
2449 3427 2500 3470 et
2531 3429 2845 3487 argumenta
2874 3422 3224 3482 didicerimus
3260 3446 3271 3480 :
3311 3431 3405 3485 si-d
3435 3432 3478 3488 si
3503 3435 3768 3491 tantillum

2161 3503 2315 3560 initio
2345 3507 2544 3562 laboris
2573 3516 2992 3581 susCepcrimus,
3041 3517 3176 3572 alios
3223 3520 3420 3578 deinde
3465 3527 3768 3583 secundum

2162 3597 2382 3653 Paulum
2435 3617 2657 3658 monere
2703 3609 3022 3674 poterimus.
3074 3610 3170 3666 llic
3217 3630 3450 3684 namque
3493 3619 3769 3689 apostolus

2159 3688 2447 3745 admodum
2471 3693 2716 3748 sublimis
2747 3707 2850 3763 est,
2872 3700 3160 3772 multisque
3185 3705 3376 3773 plenus
3404 3688 3765 3780 dogmatibus,

2162 3781 2214 3834 in
2246 3783 2440 3852 quibus
2480 3787 2651 3855 magis
2679 3799 2942 3857 versatur,
2978 3809 3136 3863 quam
3176 3797 3230 3851 in
3257 3799 3398 3856 aliis.
3431 3801 3524 3868 Ne,
3557 3821 3762 3876 qumso,

2161 3872 2523 3940 perfunctorie
2550 3879 2852 3936 audiamus.
2895 3883 3022 3939 Ideo
3049 3888 3194 3943 enim
3229 3906 3328 3948 nos
3361 3872 3617 3963 paulatim
3650 3872 3766 3958 haec

2157 3964 2506 4033 explicamus,
2560 3981 2610 4023 ut
2663 3972 2817 4028 vobis
2865 3986 3023 4047 captu
3071 3977 3247 4037 facilia
3276 3987 3453 4042 omnia
3484 3990 3610 4056 sint,
3661 4008 3765 4051 nec

2156 4070 2218 4110 ex
2252 4061 2512 4116 memoria
2543 4063 2787 4120 efﬂuant.
2822 4067 3135 4129 Timeamus
3164 4091 3312 4146 ergo,
3344 4095 3412 4136 ne
3437 4097 3504 4137 ex
3538 4095 3761 4143 senten-

2159 4149 2227 4200 tia
2263 4150 2351 4203 illa
2373 4153 2624 4221 culpandi
2658 4158 2846 4223 simus,
2879 4176 2982 4231 qua
3017 4164 3146 4220 dicit
3181 4189 3194 4222 ;
3231 4169 3290 4224 Si
3322 4188 3422 4228 non
3451 4179 3692 4234 venissem
3715 4191 3765 4236 et

2156 4239 2394 4304 loquutus
2418 4245 2623 4313 fuissem
2654 4250 2748 4312 eis,
2768 4263 3024 4319 peccatum
3051 4273 3153 4311 non
3186 4260 3429 4318 haberent
3451 4266 3632 4334 (Joan.
3670 4273 3756 4326 15.

2155 4329 2268 4402 ΕΞ).
2301 4335 2437 4400 Quid
2471 4338 2590 4405 plus
2620 4339 2735 4395 hab.
2762 4343 2956 4412 bimus,
3007 4365 3166 4418 quam
3212 4355 3242 4407 ii
3289 4359 3378 4426 qui
3415 4329 3544 4416 nihil
3575 4366 3762 4423 audie-

2157 4434 2298 4489 runt,
2327 4429 2542 4497 quando
2585 4444 2706 4501 po~t
2755 4439 3073 4496 concionem
3127 4446 3256 4501 nihil
3300 4451 3518 4509 domum
3549 4459 3757 4517 refere—

2154 4532 2303 4584 mus,
2335 4521 2427 4576 sed
2461 4525 2619 4579 verba
2650 4539 2849 4584 tantum
2886 4533 3060 4588 mirati
3105 4538 3363 4598 fuerimus
3384 4548 3409 4599 ἶ)
3440 4549 3568 4606 Date
3598 4555 3756 4611 nobis

2153 4609 2331 4678 igitur,
2384 4625 2439 4667 ut
2492 4617 2541 4670 in
2591 4618 2786 4674 bonam
2821 4636 3017 4680 terram
3050 4645 3231 4687 semen
3259 4635 3526 4704 jaciamtts
3562 4663 3573 4697 :
3606 4650 3754 4714 date,

2151 4896 2352 4955 tumax,
2400 4896 2592 4951 eodem
2648 4900 2767 4970 igne
2797 4905 2959 4961 molle
2986 4908 3113 4964 illud
3147 4921 3200 4967 et
3231 4899 3511 4976 tractabile
3539 4927 3751 4984 reddat.

2148 4981 2201 5082 βξ
2244 4986 2364 5053 quis
2413 5003 2505 5057 per
2536 4991 2672 5046 viam
2713 5011 2740 5048 a
2790 4999 2944 5052 turba
2995 5005 3379 5074 cogitationum
3431 5017 3747 5087 invadalur,

2147 5079 2400 5178 interiora
2435 5091 2598 5149 petat,
2653 5103 2752 5141 nec
2792 5093 3035 5147 attendat
3081 5097 3145 5150 iis
3179 5115 3297 5167 quae
3337 5106 3399 5158 ad
3435 5079 3747 5178 rapicndum

2146 5176 2347 5226 intrare
2396 5176 2628 5241 vellent;
2680 5193 2734 5234 ut
2782 5199 3065 5242 comantes
3085 5204 3297 5261 segetes
3324 5176 3532 5258 vestras
3562 5208 3746 5265 videa-

2144 5279 2282 5317 mus.
2315 5265 2444 5320 Nam
2473 5269 2516 5323 si
2545 5287 2664 5326 eam
2695 5274 2763 5329 de
2805 5281 2961 5335 nobis
2992 5300 3176 5340 curam
3209 5289 3583 5362 exhibeamus,
3618 5313 3671 5357 et
3697 5309 3741 5362 si

2141 5372 2336 5454 magno
2365 5362 2544 5418 studio
2572 5367 2832 5434 spirituali
2860 5375 3108 5432 concinui
3142 5384 3482 5444 attendamus
3517 5411 3528 5446 :
3563 5395 3604 5448 si
3638 5413 3742 5454 non

2139 5448 2448 5545 confestim.
2497 5456 2689 5512 Saltem
2734 5465 2990 5530 paulatim
3034 5485 3061 5522 a
3110 5474 3454 5534 smcularibus
3494 5488 3746 5545 onmilms

2139 5541 2300 5595 rebus
2345 5559 2439 5598 nos
2483 5549 2855 5617 expediemus.
2908 5557 3032 5613 Ideo
3081 5565 3318 5620 animum
3365 5573 3738 5646 adhibeamus,

2140 5648 2205 5687 ne
2255 5633 2320 5687 de
2365 5638 2520 5693 nullis
2569 5640 2782 5698 dicatur
2837 5665 2849 5699 :
2897 5652 3103 5720 .-l.vpidis
3150 5662 3321 5716 surth
3363 5681 3512 5722 aures
3566 5633 3739 5729 cor-uni

2135 5767 2453 5877 ώιξῳῗῑχξιὶιικ
2502 5774 2662 5825 mallet
2705 5777 2914 5843 lr'gf‘l‘t‘,
2958 5792 3159 5851 (ινιιιριμ,
3201 5799 3303 5844 διςη,
3347 5816 3517 5854 mnum
3549 5805 3732 5857 habent
