  <div class='ocr_page' id='page_1' title='image "/cluster/home/n/w/nwhite01/storage/ocr_20150623/59/ien.35556001660869/044.png"; bbox 0 0 4064 6446; ppageno 0'>
   <div class='ocr_carea' id='block_1_1' title="bbox 178 378 3545 454">
    <p class='ocr_par' dir='ltr' id='par_1_1' title="bbox 178 378 3545 454">
     <span class='ocr_line' id='line_1_1' title="bbox 178 378 3545 454; baseline -0.005 -1"><span class='ocrx_word' id='word_1_1' title='bbox 178 399 244 454; x_wconf 72' lang='lat'><strong>&#39;57</strong></span> <span class='ocrx_word' id='word_1_2' title='bbox 1374 392 1435 448; x_wconf 68' lang='lat' dir='ltr'><strong>IN</strong></span> <span class='ocrx_word' id='word_1_3' title='bbox 1475 385 1792 448; x_wconf 69' lang='lat' dir='ltr'><strong>JUANNEM</strong></span> <span class='ocrx_word' id='word_1_4' title='bbox 1836 381 2070 441; x_wconf 75' lang='lat' dir='ltr'><strong>HOMIL.</strong></span> <span class='ocrx_word' id='word_1_5' title='bbox 2115 381 2206 440; x_wconf 77' lang='lat' dir='ltr'><strong>lli.</strong></span> <span class='ocrx_word' id='word_1_6' title='bbox 2248 383 2320 438; x_wconf 87' lang='lat' dir='ltr'><strong>al.</strong></span> <span class='ocrx_word' id='word_1_7' title='bbox 2363 380 2427 438; x_wconf 75' lang='lat' dir='ltr'><strong>fl.</strong></span> <span class='ocrx_word' id='word_1_8' title='bbox 3470 378 3545 437; x_wconf 74' lang='lat'><strong>33</strong></span> 
     </span>
    </p>
   </div>
   <div class='ocr_carea' id='block_1_2' title="bbox 177 504 1794 597">
    <p class='ocr_par' dir='ltr' id='par_1_2' title="bbox 177 504 1794 597">
     <span class='ocr_line' id='line_1_2' title="bbox 177 504 1794 597; baseline -0.022 -9"><span class='ocrx_word' id='word_1_9' title='bbox 177 531 351 597; x_wconf 70' lang='lat' dir='ltr'><strong>(Pani.</strong></span> <span class='ocrx_word' id='word_1_10' title='bbox 382 529 471 583; x_wconf 79' lang='lat'><strong>57.</strong></span> <span class='ocrx_word' id='word_1_11' title='bbox 507 525 586 596; x_wconf 88' lang='grc'><strong>5).</strong></span> <span class='ocrx_word' id='word_1_12' title='bbox 619 523 736 592; x_wconf 80' lang='lat' dir='ltr'><strong>Qua</strong></span> <span class='ocrx_word' id='word_1_13' title='bbox 763 521 815 573; x_wconf 91' lang='lat' dir='ltr'><strong>in</strong></span> <span class='ocrx_word' id='word_1_14' title='bbox 852 533 930 579; x_wconf 81' lang='lat' dir='ltr'><strong>rc,</strong></span> <span class='ocrx_word' id='word_1_15' title='bbox 955 529 1162 585; x_wconf 76' lang='lat' dir='ltr'><strong>qmeso,</strong></span> <span class='ocrx_word' id='word_1_16' title='bbox 1197 526 1226 564; x_wconf 89' lang='lat' dir='ltr'><strong>a</strong></span> <span class='ocrx_word' id='word_1_17' title='bbox 1261 509 1374 565; x_wconf 87' lang='lat' dir='ltr'><strong>fera</strong></span> <span class='ocrx_word' id='word_1_18' title='bbox 1400 506 1580 562; x_wconf 76' lang='lat' dir='ltr'><strong>differt</strong></span> <span class='ocrx_word' id='word_1_19' title='bbox 1607 504 1794 597; x_wconf 71' lang='lat' dir='ltr'><strong>hujus-</strong></span> 
     </span>
    </p>
   </div>
   <div class='ocr_carea' id='block_1_3' title="bbox 177 595 1801 682">
    <p class='ocr_par' dir='ltr' id='par_1_3' title="bbox 177 595 1801 682">
     <span class='ocr_line' id='line_1_3' title="bbox 177 595 1801 682; baseline -0.019 -2"><span class='ocrx_word' id='word_1_20' title='bbox 177 595 323 681; x_wconf 77' lang='lat' dir='ltr'><strong>modi</strong></span> <span class='ocrx_word' id='word_1_21' title='bbox 351 616 608 674; x_wconf 86' lang='lat' dir='ltr'><strong>auditor?</strong></span> <span class='ocrx_word' id='word_1_22' title='bbox 656 609 943 682; x_wconf 83' lang='lat' dir='ltr'><strong>Quomodo</strong></span> <span class='ocrx_word' id='word_1_23' title='bbox 977 622 1082 661; x_wconf 80' lang='lat' dir='ltr'><strong>non</strong></span> <span class='ocrx_word' id='word_1_24' title='bbox 1113 605 1182 659; x_wconf 87' lang='lat' dir='ltr'><strong>sit</strong></span> <span class='ocrx_word' id='word_1_25' title='bbox 1213 597 1576 658; x_wconf 86' lang='lat' dir='ltr'><strong>irrationabili</strong></span> <span class='ocrx_word' id='word_1_26' title='bbox 1607 595 1801 666; x_wconf 86' lang='lat' dir='ltr'><strong>quovis</strong></span> 
     </span>
    </p>
   </div>
   <div class='ocr_carea' id='block_1_4' title="bbox 177 685 1800 776">
    <p class='ocr_par' dir='ltr' id='par_1_4' title="bbox 177 685 1800 776">
     <span class='ocr_line' id='line_1_4' title="bbox 177 685 1800 776; baseline -0.021 -4"><span class='ocrx_word' id='word_1_27' title='bbox 177 710 630 774; x_wconf 77' lang='lat' dir='ltr'><strong>irmtionabilior,</strong></span> <span class='ocrx_word' id='word_1_28' title='bbox 673 705 764 776; x_wconf 89' lang='lat' dir='ltr'><strong>qui</strong></span> <span class='ocrx_word' id='word_1_29' title='bbox 801 704 912 757; x_wconf 90' lang='lat' dir='ltr'><strong>Dco</strong></span> <span class='ocrx_word' id='word_1_30' title='bbox 938 701 1191 767; x_wconf 80' lang='lat' dir='ltr'><strong>loquente</strong></span> <span class='ocrx_word' id='word_1_31' title='bbox 1215 709 1324 748; x_wconf 92' lang='lat' dir='ltr'><strong>non</strong></span> <span class='ocrx_word' id='word_1_32' title='bbox 1362 687 1636 745; x_wconf 89' lang='lat' dir='ltr'><strong>attendit?</strong></span> <span class='ocrx_word' id='word_1_33' title='bbox 1667 685 1800 742; x_wconf 85' lang='lat' dir='ltr'><strong>Nam</strong></span> 
     </span>
    </p>
   </div>
   <div class='ocr_carea' id='block_1_5' title="bbox 174 777 1796 878">
    <p class='ocr_par' dir='ltr' id='par_1_5' title="bbox 174 777 1796 878">
     <span class='ocr_line' id='line_1_5' title="bbox 174 777 1796 878; baseline -0.022 -14"><span class='ocrx_word' id='word_1_34' title='bbox 174 809 220 864; x_wconf 87' lang='lat' dir='ltr'><strong>si</strong></span> <span class='ocrx_word' id='word_1_35' title='bbox 251 808 470 878; x_wconf 86' lang='lat' dir='ltr'><strong>placere</strong></span> <span class='ocrx_word' id='word_1_36' title='bbox 503 803 636 860; x_wconf 84' lang='lat' dir='ltr'><strong>Deo.</strong></span> <span class='ocrx_word' id='word_1_37' title='bbox 674 795 802 853; x_wconf 86' lang='lat' dir='ltr'><strong>illud</strong></span> <span class='ocrx_word' id='word_1_38' title='bbox 839 801 924 848; x_wconf 92' lang='lat' dir='ltr'><strong>est</strong></span> <span class='ocrx_word' id='word_1_39' title='bbox 955 791 1121 844; x_wconf 89' lang='lat' dir='ltr'><strong>homo</strong></span> <span class='ocrx_word' id='word_1_40' title='bbox 1145 801 1270 843; x_wconf 81' lang='lat' dir='ltr'><strong>esse</strong></span> <span class='ocrx_word' id='word_1_41' title='bbox 1300 802 1315 840; x_wconf 90' lang='lat'><strong>:</strong></span> <span class='ocrx_word' id='word_1_42' title='bbox 1344 783 1435 853; x_wconf 91' lang='lat' dir='ltr'><strong>qui</strong></span> <span class='ocrx_word' id='word_1_43' title='bbox 1465 789 1522 834; x_wconf 93' lang='lat' dir='ltr'><strong>ut</strong></span> <span class='ocrx_word' id='word_1_44' title='bbox 1545 778 1653 878; x_wconf 78' lang='lat' dir='ltr'><strong>hoc</strong></span> <span class='ocrx_word' id='word_1_45' title='bbox 1681 777 1796 830; x_wconf 64' lang='lat' dir='ltr'><strong>adio</strong></span> 
     </span>
    </p>
   </div>
   <div class='ocr_carea' id='block_1_6' title="bbox 174 872 1804 972">
    <p class='ocr_par' dir='ltr' id='par_1_6' title="bbox 174 872 1804 972">
     <span class='ocr_line' id='line_1_6' title="bbox 174 872 1804 972; baseline -0.022 -15"><span class='ocrx_word' id='word_1_46' title='bbox 174 872 442 972; x_wconf 72' lang='lat' dir='ltr'><strong>piscatur,</strong></span> <span class='ocrx_word' id='word_1_47' title='bbox 473 894 664 951; x_wconf 88' lang='lat' dir='ltr'><strong>audire</strong></span> <span class='ocrx_word' id='word_1_48' title='bbox 703 903 812 944; x_wconf 88' lang='lat' dir='ltr'><strong>non</strong></span> <span class='ocrx_word' id='word_1_49' title='bbox 841 885 976 952; x_wconf 88' lang='lat' dir='ltr'><strong>vult,</strong></span> <span class='ocrx_word' id='word_1_50' title='bbox 1022 880 1154 936; x_wconf 83' lang='lat' dir='ltr'><strong>nihil</strong></span> <span class='ocrx_word' id='word_1_51' title='bbox 1179 875 1512 972; x_wconf 35' lang='lat' dir='ltr'><strong>aliud-qnam</strong></span> <span class='ocrx_word' id='word_1_52' title='bbox 1541 872 1804 972; x_wconf 42' lang='lat' dir='ltr'><strong>ferant-esse</strong></span> 
     </span>
    </p>
   </div>
   <div class='ocr_carea' id='block_1_7' title="bbox 172 957 1860 1056">
    <p class='ocr_par' dir='ltr' id='par_1_7' title="bbox 172 957 1860 1056">
     <span class='ocr_line' id='line_1_7' title="bbox 172 957 1860 1056; baseline -0.024 -6"><span class='ocrx_word' id='word_1_53' title='bbox 172 957 629 1056; x_wconf 41' lang='lat' dir='ltr'><strong>dicatur.&#39;Cogita</strong></span> <span class='ocrx_word' id='word_1_54' title='bbox 678 995 810 1050; x_wconf 90' lang='lat' dir='ltr'><strong>ergo</strong></span> <span class='ocrx_word' id='word_1_55' title='bbox 846 985 1109 1047; x_wconf 90' lang='lat' dir='ltr'><strong>quantum</strong></span> <span class='ocrx_word' id='word_1_56' title='bbox 1143 971 1213 1025; x_wconf 90' lang='lat' dir='ltr'><strong>sit</strong></span> <span class='ocrx_word' id='word_1_57' title='bbox 1241 966 1466 1028; x_wconf 90' lang='lat' dir='ltr'><strong>malum,</strong></span> <span class='ocrx_word' id='word_1_58' title='bbox 1495 976 1620 1056; x_wconf 79' lang='lat' dir='ltr'><strong>cum</strong></span> <span class='ocrx_word' id='word_1_59' title='bbox 1646 957 1802 1044; x_wconf 60' lang='grc' dir='ltr'><strong>ΟΙινίέ</strong></span> <span class='ocrx_word' id='word_1_60' title='bbox 1857 1041 1860 1044; x_wconf 6' lang='grc' dir='ltr'><em>ὶ</em></span> 
     </span>
    </p>
   </div>
   <div class='ocr_carea' id='block_1_8' title="bbox 175 1052 1800 1139">
    <p class='ocr_par' dir='ltr' id='par_1_8' title="bbox 175 1052 1800 1139">
     <span class='ocr_line' id='line_1_8' title="bbox 175 1052 1800 1139; baseline -0.022 1"><span class='ocrx_word' id='word_1_61' title='bbox 175 1095 298 1139; x_wconf 87' lang='lat' dir='ltr'><strong>stus</strong></span> <span class='ocrx_word' id='word_1_62' title='bbox 345 1095 444 1136; x_wconf 88' lang='lat' dir='ltr'><strong>nus</strong></span> <span class='ocrx_word' id='word_1_63' title='bbox 483 1052 616 1133; x_wconf 73' lang='lat' dir='ltr'><strong>velit</strong></span> <span class='ocrx_word' id='word_1_64' title='bbox 645 1090 712 1130; x_wconf 81' lang='lat' dir='ltr'><strong>ex</strong></span> <span class='ocrx_word' id='word_1_65' title='bbox 741 1068 1054 1126; x_wconf 88' lang='lat' dir='ltr'><strong>hominibus</strong></span> <span class='ocrx_word' id='word_1_66' title='bbox 1083 1061 1294 1134; x_wconf 85' lang='lat' dir='ltr'><strong>angelis</strong></span> <span class='ocrx_word' id='word_1_67' title='bbox 1323 1059 1566 1127; x_wconf 83' lang='lat' dir='ltr'><strong>aequales</strong></span> <span class='ocrx_word' id='word_1_68' title='bbox 1598 1052 1800 1112; x_wconf 88' lang='lat' dir='ltr'><strong>facere.</strong></span> 
     </span>
    </p>
   </div>
   <div class='ocr_carea' id='block_1_9' title="bbox 173 1142 1803 1229">
    <p class='ocr_par' dir='ltr' id='par_1_9' title="bbox 173 1142 1803 1229">
     <span class='ocr_line' id='line_1_9' title="bbox 173 1142 1803 1229; baseline -0.021 1"><span class='ocrx_word' id='word_1_69' title='bbox 173 1175 220 1229; x_wconf 89' lang='lat' dir='ltr'><strong>si</strong></span> <span class='ocrx_word' id='word_1_70' title='bbox 250 1187 352 1228; x_wconf 90' lang='lat' dir='ltr'><strong>nos</strong></span> <span class='ocrx_word' id='word_1_71' title='bbox 391 1185 458 1225; x_wconf 92' lang='lat' dir='ltr'><strong>ex</strong></span> <span class='ocrx_word' id='word_1_72' title='bbox 503 1165 815 1222; x_wconf 90' lang='lat' dir='ltr'><strong>hominibus</strong></span> <span class='ocrx_word' id='word_1_73' title='bbox 857 1163 912 1215; x_wconf 86' lang='lat' dir='ltr'><strong>in</strong></span> <span class='ocrx_word' id='word_1_74' title='bbox 962 1157 1108 1212; x_wconf 84' lang='lat' dir='ltr'><strong>feras</strong></span> <span class='ocrx_word' id='word_1_75' title='bbox 1160 1157 1606 1208; x_wconf 84' lang='lat' dir='ltr'><strong>transmutemus.</strong></span> <span class='ocrx_word' id='word_1_76' title='bbox 1668 1142 1803 1198; x_wconf 82' lang='lat' dir='ltr'><strong>Nam</strong></span> 
     </span>
    </p>
   </div>
   <div class='ocr_carea' id='block_1_10' title="bbox 173 1232 1803 1327">
    <p class='ocr_par' dir='ltr' id='par_1_10' title="bbox 173 1232 1803 1327">
     <span class='ocr_line' id='line_1_10' title="bbox 173 1232 1803 1327; baseline -0.021 -8"><span class='ocrx_word' id='word_1_77' title='bbox 173 1264 357 1321; x_wconf 83' lang='lat' dir='ltr'><strong>ventri</strong></span> <span class='ocrx_word' id='word_1_78' title='bbox 389 1259 618 1323; x_wconf 75' lang='lat' dir='ltr'><strong>servire,</strong></span> <span class='ocrx_word' id='word_1_79' title='bbox 651 1254 999 1327; x_wconf 76' lang='lat' dir='ltr'><strong>pecuniarum</strong></span> <span class='ocrx_word' id='word_1_80' title='bbox 1035 1244 1330 1318; x_wconf 83' lang='lat' dir='ltr'><strong>cupiditate</strong></span> <span class='ocrx_word' id='word_1_81' title='bbox 1379 1239 1574 1303; x_wconf 89' lang='lat' dir='ltr'><strong>teneri,</strong></span> <span class='ocrx_word' id='word_1_82' title='bbox 1619 1232 1803 1298; x_wconf 80' lang='lat' dir='ltr'><strong>irasci,</strong></span> 
     </span>
    </p>
   </div>
   <div class='ocr_carea' id='block_1_11' title="bbox 173 1331 1802 1417">
    <p class='ocr_par' dir='ltr' id='par_1_11' title="bbox 173 1331 1802 1417">
     <span class='ocr_line' id='line_1_11' title="bbox 173 1331 1802 1417; baseline -0.022 -2"><span class='ocrx_word' id='word_1_83' title='bbox 173 1355 448 1417; x_wconf 69' lang='lat' dir='ltr'><strong>mrdere,</strong></span> <span class='ocrx_word' id='word_1_84' title='bbox 479 1352 786 1413; x_wconf 88' lang='lat' dir='ltr'><strong>ealcitrare,</strong></span> <span class='ocrx_word' id='word_1_85' title='bbox 817 1361 921 1400; x_wconf 92' lang='lat' dir='ltr'><strong>nou</strong></span> <span class='ocrx_word' id='word_1_86' title='bbox 953 1341 1257 1403; x_wconf 85' lang='lat' dir='ltr'><strong>hominum,</strong></span> <span class='ocrx_word' id='word_1_87' title='bbox 1285 1333 1379 1390; x_wconf 86' lang='lat' dir='ltr'><strong>sed</strong></span> <span class='ocrx_word' id='word_1_88' title='bbox 1420 1331 1660 1386; x_wconf 80' lang='lat' dir='ltr'><strong>ferarum</strong></span> <span class='ocrx_word' id='word_1_89' title='bbox 1696 1334 1802 1383; x_wconf 91' lang='lat' dir='ltr'><strong>est.</strong></span> 
     </span>
    </p>
   </div>
   <div class='ocr_carea' id='block_1_12' title="bbox 174 1423 1807 1523">
    <p class='ocr_par' dir='ltr' id='par_1_12' title="bbox 174 1423 1807 1523">
     <span class='ocr_line' id='line_1_12' title="bbox 174 1423 1807 1523; baseline -0.023 -15"><span class='ocrx_word' id='word_1_90' title='bbox 174 1451 340 1523; x_wconf 82' lang='lat' dir='ltr'><strong>Atqui</strong></span> <span class='ocrx_word' id='word_1_91' title='bbox 377 1449 505 1504; x_wconf 73' lang='lat' dir='ltr'><strong>ferte</strong></span> <span class='ocrx_word' id='word_1_92' title='bbox 537 1443 771 1516; x_wconf 68' lang='lat' dir='ltr'><strong>singula</strong></span> <span class='ocrx_word' id='word_1_93' title='bbox 799 1454 956 1495; x_wconf 91' lang='lat' dir='ltr'><strong>suum</strong></span> <span class='ocrx_word' id='word_1_94' title='bbox 985 1435 1188 1491; x_wconf 88' lang='lat' dir='ltr'><strong>habent</strong></span> <span class='ocrx_word' id='word_1_95' title='bbox 1211 1429 1484 1523; x_wconf 77' lang='lat' dir='ltr'><strong>affectum,</strong></span> <span class='ocrx_word' id='word_1_96' title='bbox 1533 1423 1807 1523; x_wconf 66' lang='lat' dir='ltr'><strong>idquese.</strong></span> 
     </span>
    </p>
   </div>
   <div class='ocr_carea' id='block_1_13' title="bbox 172 1513 1810 1599">
    <p class='ocr_par' dir='ltr' id='par_1_13' title="bbox 172 1513 1810 1599">
     <span class='ocr_line' id='line_1_13' title="bbox 172 1513 1810 1599; baseline -0.022 0"><span class='ocrx_word' id='word_1_97' title='bbox 172 1513 416 1599; x_wconf 64' lang='lat' dir='ltr'><strong>cundum</strong></span> <span class='ocrx_word' id='word_1_98' title='bbox 441 1513 686 1595; x_wconf 74' lang='lat' dir='ltr'><strong>naturain</strong></span> <span class='ocrx_word' id='word_1_99' title='bbox 723 1555 737 1590; x_wconf 89' lang='lat'><strong>:</strong></span> <span class='ocrx_word' id='word_1_100' title='bbox 771 1543 827 1590; x_wconf 92' lang='lat' dir='ltr'><strong>at</strong></span> <span class='ocrx_word' id='word_1_101' title='bbox 859 1532 1023 1587; x_wconf 83' lang='lat' dir='ltr'><strong>homo</strong></span> <span class='ocrx_word' id='word_1_102' title='bbox 1044 1528 1136 1598; x_wconf 90' lang='lat' dir='ltr'><strong>qui</strong></span> <span class='ocrx_word' id='word_1_103' title='bbox 1168 1521 1493 1596; x_wconf 83' lang='lat' dir='ltr'><strong>principium</strong></span> <span class='ocrx_word' id='word_1_104' title='bbox 1520 1513 1810 1585; x_wconf 84' lang='lat' dir='ltr'><strong>cogitatio-</strong></span> 
     </span>
    </p>
   </div>
   <div class='ocr_carea' id='block_1_14' title="bbox 175 1603 1806 1699">
    <p class='ocr_par' dir='ltr' id='par_1_14' title="bbox 175 1603 1806 1699">
     <span class='ocr_line' id='line_1_14' title="bbox 175 1603 1806 1699; baseline -0.021 -9"><span class='ocrx_word' id='word_1_105' title='bbox 175 1650 336 1699; x_wconf 86' lang='lat' dir='ltr'><strong>num,</strong></span> <span class='ocrx_word' id='word_1_106' title='bbox 364 1642 418 1688; x_wconf 91' lang='lat' dir='ltr'><strong>et</strong></span> <span class='ocrx_word' id='word_1_107' title='bbox 448 1633 616 1686; x_wconf 87' lang='lat' dir='ltr'><strong>vitam</strong></span> <span class='ocrx_word' id='word_1_108' title='bbox 646 1624 942 1684; x_wconf 88' lang='lat' dir='ltr'><strong>secundum</strong></span> <span class='ocrx_word' id='word_1_109' title='bbox 989 1621 1163 1676; x_wconf 89' lang='lat' dir='ltr'><strong>Deum</strong></span> <span class='ocrx_word' id='word_1_110' title='bbox 1212 1607 1601 1670; x_wconf 84' lang='lat' dir='ltr'><strong>instituendam</strong></span> <span class='ocrx_word' id='word_1_111' title='bbox 1652 1603 1806 1699; x_wconf 80' lang='lat' dir='ltr'><strong>abje-</strong></span> 
     </span>
    </p>
   </div>
   <div class='ocr_carea' id='block_1_15' title="bbox 173 1693 1808 1790">
    <p class='ocr_par' dir='ltr' id='par_1_15' title="bbox 173 1693 1808 1790">
     <span class='ocr_line' id='line_1_15' title="bbox 173 1693 1808 1790; baseline -0.023 -6"><span class='ocrx_word' id='word_1_112' title='bbox 173 1731 272 1790; x_wconf 88' lang='lat' dir='ltr'><strong>cit,</strong></span> <span class='ocrx_word' id='word_1_113' title='bbox 322 1693 578 1782; x_wconf 75' lang='lat' dir='ltr'><strong>omnibus</strong></span> <span class='ocrx_word' id='word_1_114' title='bbox 617 1734 742 1776; x_wconf 87' lang='lat' dir='ltr'><strong>sese</strong></span> <span class='ocrx_word' id='word_1_115' title='bbox 781 1715 949 1772; x_wconf 83' lang='lat' dir='ltr'><strong>animi</strong></span> <span class='ocrx_word' id='word_1_116' title='bbox 989 1709 1196 1768; x_wconf 83' lang='lat' dir='ltr'><strong>morbis</strong></span> <span class='ocrx_word' id='word_1_117' title='bbox 1240 1703 1476 1769; x_wconf 83' lang='lat' dir='ltr'><strong>addicit;</strong></span> <span class='ocrx_word' id='word_1_118' title='bbox 1516 1713 1616 1754; x_wconf 87' lang='lat' dir='ltr'><strong>nec</strong></span> <span class='ocrx_word' id='word_1_119' title='bbox 1643 1693 1808 1751; x_wconf 91' lang='lat' dir='ltr'><strong>modo</strong></span> 
     </span>
    </p>
   </div>
   <div class='ocr_carea' id='block_1_16' title="bbox 1904 491 3648 564">
    <p class='ocr_par' dir='ltr' id='par_1_16' title="bbox 1904 491 3648 564">
     <span class='ocr_line' id='line_1_16' title="bbox 1904 491 3648 564; baseline -0.002 -11"><span class='ocrx_word' id='word_1_120' title='bbox 1904 497 2016 553; x_wconf 77' lang='lat' dir='ltr'><strong>fera</strong></span> <span class='ocrx_word' id='word_1_121' title='bbox 2069 495 2325 560; x_wconf 76' lang='lat' dir='ltr'><strong>efficitur,</strong></span> <span class='ocrx_word' id='word_1_122' title='bbox 2374 493 2468 550; x_wconf 87' lang='lat' dir='ltr'><strong>sed</strong></span> <span class='ocrx_word' id='word_1_123' title='bbox 2518 502 2576 550; x_wconf 90' lang='lat' dir='ltr'><strong>et</strong></span> <span class='ocrx_word' id='word_1_124' title='bbox 2602 491 2940 549; x_wconf 89' lang='lat' dir='ltr'><strong>multiforme</strong></span> <span class='ocrx_word' id='word_1_125' title='bbox 2981 501 3311 555; x_wconf 86' lang='lat' dir='ltr'><strong>monstrum.</strong></span> <span class='ocrx_word' id='word_1_126' title='bbox 3364 508 3543 564; x_wconf 91' lang='lat' dir='ltr'><strong>neque</strong></span> <span class='ocrx_word' id='word_1_127' title='bbox 3628 497 3648 516; x_wconf 86' lang='grc'><strong><em>⁸</em></strong></span> 
     </span>
    </p>
   </div>
   <div class='ocr_carea' id='block_1_17' title="bbox 1910 584 3544 656">
    <p class='ocr_par' dir='ltr' id='par_1_17' title="bbox 1910 584 3544 656">
     <span class='ocr_line' id='line_1_17' title="bbox 1910 584 3544 656; baseline -0.001 -12"><span class='ocrx_word' id='word_1_128' title='bbox 1910 587 2206 644; x_wconf 89' lang='lat' dir='ltr'><strong>secundum</strong></span> <span class='ocrx_word' id='word_1_129' title='bbox 2237 596 2484 640; x_wconf 88' lang='lat' dir='ltr'><strong>naturam</strong></span> <span class='ocrx_word' id='word_1_130' title='bbox 2516 587 2731 641; x_wconf 87' lang='lat' dir='ltr'><strong>veniam</strong></span> <span class='ocrx_word' id='word_1_131' title='bbox 2760 594 3021 640; x_wconf 87' lang='lat' dir='ltr'><strong>meretur.</strong></span> <span class='ocrx_word' id='word_1_132' title='bbox 3072 584 3322 655; x_wconf 72' lang='lat' dir='ltr'><strong>Nequitia</strong></span> <span class='ocrx_word' id='word_1_133' title='bbox 3345 585 3544 656; x_wconf 84' lang='lat' dir='ltr'><strong>quippe</strong></span> 
     </span>
    </p>
   </div>
   <div class='ocr_carea' id='block_1_18' title="bbox 1907 679 3544 738">
    <p class='ocr_par' dir='ltr' id='par_1_18' title="bbox 1907 679 3544 738">
     <span class='ocr_line' id='line_1_18' title="bbox 1907 679 3544 738; baseline -0.001 0"><span class='ocrx_word' id='word_1_134' title='bbox 1907 683 2088 738; x_wconf 89' lang='lat' dir='ltr'><strong>omnis</strong></span> <span class='ocrx_word' id='word_1_135' title='bbox 2116 695 2183 736; x_wconf 87' lang='lat' dir='ltr'><strong>ex</strong></span> <span class='ocrx_word' id='word_1_136' title='bbox 2215 681 2442 734; x_wconf 85' lang='lat' dir='ltr'><strong>arbitrio</strong></span> <span class='ocrx_word' id='word_1_137' title='bbox 2470 689 2526 736; x_wconf 92' lang='lat' dir='ltr'><strong>et</strong></span> <span class='ocrx_word' id='word_1_138' title='bbox 2556 680 2840 736; x_wconf 83' lang='lat' dir='ltr'><strong>volunta&#39;e</strong></span> <span class='ocrx_word' id='word_1_139' title='bbox 2865 688 2969 735; x_wconf 84' lang='lat' dir='ltr'><strong>est.</strong></span> <span class='ocrx_word' id='word_1_140' title='bbox 3017 679 3125 735; x_wconf 90' lang='lat' dir='ltr'><strong>Sed</strong></span> <span class='ocrx_word' id='word_1_141' title='bbox 3165 679 3310 734; x_wconf 75' lang='lat' dir='ltr'><strong>absn</strong></span> <span class='ocrx_word' id='word_1_142' title='bbox 3350 689 3407 733; x_wconf 82' lang='lat' dir='ltr'><strong>ut</strong></span> <span class='ocrx_word' id='word_1_143' title='bbox 3436 679 3544 736; x_wconf 83' lang='lat' dir='ltr'><strong>hoc</strong></span> 
     </span>
    </p>
   </div>
   <div class='ocr_carea' id='block_1_19' title="bbox 1914 771 3545 844">
    <p class='ocr_par' dir='ltr' id='par_1_19' title="bbox 1914 771 3545 844">
     <span class='ocr_line' id='line_1_19' title="bbox 1914 771 3545 844; baseline 0.001 -17"><span class='ocrx_word' id='word_1_144' title='bbox 1914 787 2152 843; x_wconf 81' lang='lat' dir='ltr'><strong>unquam</strong></span> <span class='ocrx_word' id='word_1_145' title='bbox 2198 773 2267 829; x_wconf 87' lang='lat' dir='ltr'><strong>de</strong></span> <span class='ocrx_word' id='word_1_146' title='bbox 2335 772 2581 828; x_wconf 81' lang='lat' dir='ltr'><strong>Ecclesia</strong></span> <span class='ocrx_word' id='word_1_147' title='bbox 2624 773 2830 828; x_wconf 83' lang='lat' dir='ltr'><strong>Christi</strong></span> <span class='ocrx_word' id='word_1_148' title='bbox 2873 773 3216 844; x_wconf 88' lang='lat' dir='ltr'><strong>suspicemur</strong></span> <span class='ocrx_word' id='word_1_149' title='bbox 3251 771 3363 828; x_wconf 88' lang='lat' dir='ltr'><strong>:de</strong></span> <span class='ocrx_word' id='word_1_150' title='bbox 3391 771 3545 829; x_wconf 86' lang='lat' dir='ltr'><strong>vobis</strong></span> 
     </span>
    </p>
   </div>
   <div class='ocr_carea' id='block_1_20' title="bbox 1909 862 3544 934">
    <p class='ocr_par' dir='ltr' id='par_1_20' title="bbox 1909 862 3544 934">
     <span class='ocr_line' id='line_1_20' title="bbox 1909 862 3544 934; baseline -0.002 -15"><span class='ocrx_word' id='word_1_151' title='bbox 1909 865 2053 920; x_wconf 88' lang='lat' dir='ltr'><strong>enim</strong></span> <span class='ocrx_word' id='word_1_152' title='bbox 2089 862 2338 928; x_wconf 89' lang='lat' dir='ltr'><strong>meliora,</strong></span> <span class='ocrx_word' id='word_1_153' title='bbox 2387 879 2618 934; x_wconf 73' lang='lat' dir='ltr'><strong>qumque</strong></span> <span class='ocrx_word' id='word_1_154' title='bbox 2643 863 2712 917; x_wconf 91' lang='lat' dir='ltr'><strong>ad</strong></span> <span class='ocrx_word' id='word_1_155' title='bbox 2741 864 2973 918; x_wconf 90' lang='lat' dir='ltr'><strong>salutem</strong></span> <span class='ocrx_word' id='word_1_156' title='bbox 3003 862 3225 928; x_wconf 90' lang='lat' dir='ltr'><strong>ducant,</strong></span> <span class='ocrx_word' id='word_1_157' title='bbox 3253 864 3544 918; x_wconf 74' lang='lat' dir='ltr'><strong>sentimus.</strong></span> 
     </span>
    </p>
   </div>
   <div class='ocr_carea' id='block_1_21' title="bbox 1913 954 3548 1028">
    <p class='ocr_par' dir='ltr' id='par_1_21' title="bbox 1913 954 3548 1028">
     <span class='ocr_line' id='line_1_21' title="bbox 1913 954 3548 1028; baseline -0.002 -17"><span class='ocrx_word' id='word_1_158' title='bbox 1913 955 2118 1011; x_wconf 80' lang='lat' dir='ltr'><strong>Verum</strong></span> <span class='ocrx_word' id='word_1_159' title='bbox 2148 965 2354 1026; x_wconf 88' lang='lat' dir='ltr'><strong>quanto</strong></span> <span class='ocrx_word' id='word_1_160' title='bbox 2383 956 2557 1028; x_wconf 89' lang='lat' dir='ltr'><strong>magis</strong></span> <span class='ocrx_word' id='word_1_161' title='bbox 2587 957 2692 1011; x_wconf 87' lang='lat' dir='ltr'><strong>huc</strong></span> <span class='ocrx_word' id='word_1_162' title='bbox 2731 957 2800 1011; x_wconf 88' lang='lat' dir='ltr'><strong>ita</strong></span> <span class='ocrx_word' id='word_1_163' title='bbox 2829 970 2953 1012; x_wconf 88' lang='lat' dir='ltr'><strong>esse</strong></span> <span class='ocrx_word' id='word_1_164' title='bbox 2983 954 3344 1020; x_wconf 88' lang='lat' dir='ltr'><strong>confidemus,</strong></span> <span class='ocrx_word' id='word_1_165' title='bbox 3396 963 3548 1008; x_wconf 87' lang='lat' dir='ltr'><strong>tanto</strong></span> 
     </span>
    </p>
   </div>
   <div class='ocr_carea' id='block_1_22' title="bbox 1913 1049 3546 1120">
    <p class='ocr_par' dir='ltr' id='par_1_22' title="bbox 1913 1049 3546 1120">
     <span class='ocr_line' id='line_1_22' title="bbox 1913 1049 3546 1120; baseline -0.002 -14"><span class='ocrx_word' id='word_1_166' title='bbox 1913 1051 2176 1120; x_wconf 81' lang='lat' dir='ltr'><strong>majorem</strong></span> <span class='ocrx_word' id='word_1_167' title='bbox 2202 1049 2472 1106; x_wconf 83' lang='lat' dir='ltr'><strong>cautelam</strong></span> <span class='ocrx_word' id='word_1_168' title='bbox 2508 1051 2560 1105; x_wconf 92' lang='lat' dir='ltr'><strong>in</strong></span> <span class='ocrx_word' id='word_1_169' title='bbox 2593 1049 2951 1105; x_wconf 90' lang='lat' dir='ltr'><strong>concionibus</strong></span> <span class='ocrx_word' id='word_1_170' title='bbox 2982 1049 3247 1105; x_wconf 89' lang='lat' dir='ltr'><strong>adhibere</strong></span> <span class='ocrx_word' id='word_1_171' title='bbox 3279 1065 3388 1104; x_wconf 79' lang='lat' dir='ltr'><strong>non</strong></span> <span class='ocrx_word' id='word_1_172' title='bbox 3420 1062 3546 1104; x_wconf 88' lang='lat' dir='ltr'><strong>ces-</strong></span> 
     </span>
    </p>
   </div>
   <div class='ocr_carea' id='block_1_23' title="bbox 1912 1140 3546 1214">
    <p class='ocr_par' dir='ltr' id='par_1_23' title="bbox 1912 1140 3546 1214">
     <span class='ocr_line' id='line_1_23' title="bbox 1912 1140 3546 1214; baseline -0.001 -17"><span class='ocrx_word' id='word_1_173' title='bbox 1912 1143 2200 1209; x_wconf 74' lang='lat' dir='ltr'><strong>Sabimus;</strong></span> <span class='ocrx_word' id='word_1_174' title='bbox 2245 1153 2307 1198; x_wconf 87' lang='lat' dir='ltr'><strong>ut</strong></span> <span class='ocrx_word' id='word_1_175' title='bbox 2350 1152 2635 1214; x_wconf 81' lang='lat' dir='ltr'><strong>postquam</strong></span> <span class='ocrx_word' id='word_1_176' title='bbox 2685 1143 2754 1197; x_wconf 89' lang='lat' dir='ltr'><strong>ad</strong></span> <span class='ocrx_word' id='word_1_177' title='bbox 2807 1143 2984 1213; x_wconf 91' lang='lat' dir='ltr'><strong>ipsum</strong></span> <span class='ocrx_word' id='word_1_178' title='bbox 3023 1142 3283 1198; x_wconf 88' lang='lat' dir='ltr'><strong>virtutum</strong></span> <span class='ocrx_word' id='word_1_179' title='bbox 3327 1140 3546 1197; x_wconf 89' lang='lat' dir='ltr'><strong>culmen</strong></span> 
     </span>
    </p>
   </div>
   <div class='ocr_carea' id='block_1_24' title="bbox 1911 1234 3540 1306">
    <p class='ocr_par' dir='ltr' id='par_1_24' title="bbox 1911 1234 3540 1306">
     <span class='ocr_line' id='line_1_24' title="bbox 1911 1234 3540 1306; baseline -0.002 -18"><span class='ocrx_word' id='word_1_180' title='bbox 1911 1236 2361 1306; x_wconf 84' lang='lat' dir='ltr'><strong>pervenerimus,</strong></span> <span class='ocrx_word' id='word_1_181' title='bbox 2411 1235 2570 1292; x_wconf 85' lang='lat' dir='ltr'><strong>nobis</strong></span> <span class='ocrx_word' id='word_1_182' title='bbox 2614 1235 2883 1306; x_wconf 87' lang='lat' dir='ltr'><strong>promissa</strong></span> <span class='ocrx_word' id='word_1_183' title='bbox 2918 1234 3060 1290; x_wconf 87' lang='lat' dir='ltr'><strong>bona</strong></span> <span class='ocrx_word' id='word_1_184' title='bbox 3088 1248 3493 1305; x_wconf 84' lang='lat' dir='ltr'><strong>c0uscquamur</strong></span> <span class='ocrx_word' id='word_1_185' title='bbox 3525 1248 3540 1285; x_wconf 75' lang='grc' dir='ltr'><strong>ε</strong></span> 
     </span>
    </p>
   </div>
   <div class='ocr_carea' id='block_1_25' title="bbox 1910 1327 3548 1400">
    <p class='ocr_par' dir='ltr' id='par_1_25' title="bbox 1910 1327 3548 1400">
     <span class='ocr_line' id='line_1_25' title="bbox 1910 1327 3548 1400; baseline 0 -18"><span class='ocrx_word' id='word_1_186' title='bbox 1910 1345 2034 1400; x_wconf 77' lang='lat' dir='ltr'><strong>qua:</strong></span> <span class='ocrx_word' id='word_1_187' title='bbox 2073 1331 2280 1384; x_wconf 90' lang='lat' dir='ltr'><strong>utinam</strong></span> <span class='ocrx_word' id='word_1_188' title='bbox 2332 1328 2722 1400; x_wconf 81' lang='lat' dir='ltr'><strong>adipiscamur,</strong></span> <span class='ocrx_word' id='word_1_189' title='bbox 2767 1329 2942 1400; x_wconf 83' lang='lat' dir='ltr'><strong>gratia</strong></span> <span class='ocrx_word' id='word_1_190' title='bbox 2980 1339 3035 1385; x_wconf 91' lang='lat' dir='ltr'><strong>et</strong></span> <span class='ocrx_word' id='word_1_191' title='bbox 3074 1328 3408 1399; x_wconf 78' lang='lat' dir='ltr'><strong>benignitate</strong></span> <span class='ocrx_word' id='word_1_192' title='bbox 3439 1327 3548 1382; x_wconf 90' lang='lat' dir='ltr'><strong>Do-</strong></span> 
     </span>
    </p>
   </div>
   <div class='ocr_carea' id='block_1_26' title="bbox 1912 1419 3552 1494">
    <p class='ocr_par' dir='ltr' id='par_1_26' title="bbox 1912 1419 3552 1494">
     <span class='ocr_line' id='line_1_26' title="bbox 1912 1419 3552 1494; baseline -0.003 -16"><span class='ocrx_word' id='word_1_193' title='bbox 1912 1423 2047 1478; x_wconf 90' lang='lat' dir='ltr'><strong>mini</strong></span> <span class='ocrx_word' id='word_1_194' title='bbox 2081 1422 2252 1478; x_wconf 83' lang='lat' dir='ltr'><strong>nostri</strong></span> <span class='ocrx_word' id='word_1_195' title='bbox 2282 1421 2412 1479; x_wconf 84' lang='lat' dir='ltr'><strong>Jcsu</strong></span> <span class='ocrx_word' id='word_1_196' title='bbox 2452 1421 2680 1488; x_wconf 86' lang='lat' dir='ltr'><strong>Christi,</strong></span> <span class='ocrx_word' id='word_1_197' title='bbox 2737 1438 2838 1493; x_wconf 91' lang='lat' dir='ltr'><strong>per</strong></span> <span class='ocrx_word' id='word_1_198' title='bbox 2867 1437 3032 1494; x_wconf 89' lang='lat' dir='ltr'><strong>quem</strong></span> <span class='ocrx_word' id='word_1_199' title='bbox 3065 1431 3122 1477; x_wconf 89' lang='lat' dir='ltr'><strong>et</strong></span> <span class='ocrx_word' id='word_1_200' title='bbox 3148 1437 3274 1479; x_wconf 90' lang='lat' dir='ltr'><strong>cum</strong></span> <span class='ocrx_word' id='word_1_201' title='bbox 3306 1435 3419 1492; x_wconf 91' lang='lat' dir='ltr'><strong>quo</strong></span> <span class='ocrx_word' id='word_1_202' title='bbox 3449 1419 3552 1474; x_wconf 78' lang='lat' dir='ltr'><strong>l’a-</strong></span> 
     </span>
    </p>
   </div>
   <div class='ocr_carea' id='block_1_27' title="bbox 1915 1513 3552 1588">
    <p class='ocr_par' dir='ltr' id='par_1_27' title="bbox 1915 1513 3552 1588">
     <span class='ocr_line' id='line_1_27' title="bbox 1915 1513 3552 1588; baseline -0.001 -18"><span class='ocrx_word' id='word_1_203' title='bbox 1915 1520 1981 1570; x_wconf 86' lang='lat' dir='ltr'><strong>tri</strong></span> <span class='ocrx_word' id='word_1_204' title='bbox 2028 1515 2223 1585; x_wconf 89' lang='lat' dir='ltr'><strong>gloria,</strong></span> <span class='ocrx_word' id='word_1_205' title='bbox 2273 1515 2549 1586; x_wconf 87' lang='lat' dir='ltr'><strong>simulque</strong></span> <span class='ocrx_word' id='word_1_206' title='bbox 2574 1514 2800 1588; x_wconf 86' lang='lat' dir='ltr'><strong>Spiritui</strong></span> <span class='ocrx_word' id='word_1_207' title='bbox 2829 1523 3020 1570; x_wconf 90' lang='lat' dir='ltr'><strong>sancto</strong></span> <span class='ocrx_word' id='word_1_208' title='bbox 3052 1514 3104 1569; x_wconf 96' lang='lat' dir='ltr'><strong>in</strong></span> <span class='ocrx_word' id='word_1_209' title='bbox 3132 1513 3330 1570; x_wconf 60' lang='lat' dir='ltr'><strong>sarcula</strong></span> <span class='ocrx_word' id='word_1_210' title='bbox 3375 1527 3552 1570; x_wconf 66' lang='lat' dir='ltr'><strong>saccu-</strong></span> 
     </span>
    </p>
   </div>
   <div class='ocr_carea' id='block_1_28' title="bbox 1913 1609 2351 1665">
    <p class='ocr_par' dir='ltr' id='par_1_28' title="bbox 1913 1609 2351 1665">
     <span class='ocr_line' id='line_1_28' title="bbox 1913 1609 2351 1665; baseline -0.005 -1"><span class='ocrx_word' id='word_1_211' title='bbox 1913 1609 2113 1665; x_wconf 78' lang='lat' dir='ltr'><strong>lorum.</strong></span> <span class='ocrx_word' id='word_1_212' title='bbox 2154 1609 2351 1664; x_wconf 86' lang='lat' dir='ltr'><strong>Amen.</strong></span> 
     </span>
    </p>
   </div>
   <div class='ocr_carea' id='block_1_29' title="bbox 1575 1901 2088 1972">
    <p class='ocr_par' dir='ltr' id='par_1_29' title="bbox 1575 1901 2088 1972">
     <span class='ocr_line' id='line_1_29' title="bbox 1575 1901 2088 1972; baseline -0.018 0"><span class='ocrx_word' id='word_1_213' title='bbox 1575 1901 1929 1972; x_wconf 82' lang='lat' dir='ltr'><strong>HOMILIA</strong></span> <span class='ocrx_word' id='word_1_214' title='bbox 1973 1901 2088 1964; x_wconf 84' lang='lat' dir='ltr'><strong>Ill.</strong></span> 
     </span>
    </p>
   </div>
   <div class='ocr_carea' id='block_1_30' title="bbox 614 2049 1379 2130">
    <p class='ocr_par' dir='ltr' id='par_1_30' title="bbox 614 2049 1379 2130">
     <span class='ocr_line' id='line_1_30' title="bbox 614 2049 1379 2130; baseline -0.02 -15"><span class='ocrx_word' id='word_1_215' title='bbox 614 2061 682 2116; x_wconf 78' lang='lat' dir='ltr'><strong>In</strong></span> <span class='ocrx_word' id='word_1_216' title='bbox 712 2057 965 2130; x_wconf 82' lang='lat' dir='ltr'><strong>principio</strong></span> <span class='ocrx_word' id='word_1_217' title='bbox 995 2063 1104 2108; x_wconf 87' lang='lat' dir='ltr'><strong>erat</strong></span> <span class='ocrx_word' id='word_1_218' title='bbox 1135 2049 1379 2105; x_wconf 68' lang='lat' dir='ltr'><strong>Verbum.</strong></span> 
     </span>
    </p>
   </div>
   <div class='ocr_carea' id='block_1_31' title="bbox 256 2133 1814 2228">
    <p class='ocr_par' dir='ltr' id='par_1_31' title="bbox 256 2133 1814 2228">
     <span class='ocr_line' id='line_1_31' title="bbox 256 2133 1814 2228; baseline -0.021 -12"><span class='ocrx_word' id='word_1_219' title='bbox 256 2162 311 2216; x_wconf 78' lang='grc' dir='ltr'><strong>Ι.</strong></span> <span class='ocrx_word' id='word_1_220' title='bbox 365 2157 844 2228; x_wconf 86' lang='lat' dir='ltr'><strong>Supervacaneum</strong></span> <span class='ocrx_word' id='word_1_221' title='bbox 888 2150 1001 2219; x_wconf 87' lang='lat' dir='ltr'><strong>jam</strong></span> <span class='ocrx_word' id='word_1_222' title='bbox 1051 2154 1199 2203; x_wconf 87' lang='lat' dir='ltr'><strong>esset</strong></span> <span class='ocrx_word' id='word_1_223' title='bbox 1247 2156 1347 2197; x_wconf 88' lang='lat' dir='ltr'><strong>vos</strong></span> <span class='ocrx_word' id='word_1_224' title='bbox 1394 2138 1464 2194; x_wconf 91' lang='lat' dir='ltr'><strong>de</strong></span> <span class='ocrx_word' id='word_1_225' title='bbox 1513 2133 1814 2228; x_wconf 77' lang='lat' dir='ltr'><strong>attentione</strong></span> 
     </span>
    </p>
   </div>
   <div class='ocr_carea' id='block_1_32' title="bbox 180 2223 1815 2306">
    <p class='ocr_par' dir='ltr' id='par_1_32' title="bbox 180 2223 1815 2306">
     <span class='ocr_line' id='line_1_32' title="bbox 180 2223 1815 2306; baseline -0.017 0"><span class='ocrx_word' id='word_1_226' title='bbox 180 2223 462 2306; x_wconf 32' lang='lat' dir='ltr'><strong>cuncioniv</strong></span> <span class='ocrx_word' id='word_1_227' title='bbox 489 2243 796 2302; x_wconf 84' lang='lat' dir='ltr'><strong>adhibenda</strong></span> <span class='ocrx_word' id='word_1_228' title='bbox 843 2252 1106 2300; x_wconf 86' lang='lat' dir='ltr'><strong>monere;</strong></span> <span class='ocrx_word' id='word_1_229' title='bbox 1159 2246 1267 2289; x_wconf 92' lang='lat' dir='ltr'><strong>tam</strong></span> <span class='ocrx_word' id='word_1_230' title='bbox 1319 2233 1428 2286; x_wconf 91' lang='lat' dir='ltr'><strong>cito</strong></span> <span class='ocrx_word' id='word_1_231' title='bbox 1477 2240 1673 2295; x_wconf 89' lang='lat' dir='ltr'><strong>nempe</strong></span> <span class='ocrx_word' id='word_1_232' title='bbox 1717 2223 1815 2278; x_wconf 39' lang='lat' dir='ltr'><strong>ad?</strong></span> 
     </span>
    </p>
   </div>
   <div class='ocr_carea' id='block_1_33' title="bbox 182 2320 1810 2403">
    <p class='ocr_par' dir='ltr' id='par_1_33' title="bbox 182 2320 1810 2403">
     <span class='ocr_line' id='line_1_33' title="bbox 182 2320 1810 2403; baseline -0.019 -2"><span class='ocrx_word' id='word_1_233' title='bbox 182 2341 502 2400; x_wconf 89' lang='lat' dir='ltr'><strong>monitionis</strong></span> <span class='ocrx_word' id='word_1_234' title='bbox 534 2339 765 2394; x_wconf 88' lang='lat' dir='ltr'><strong>fructum</strong></span> <span class='ocrx_word' id='word_1_235' title='bbox 791 2350 854 2391; x_wconf 88' lang='lat' dir='ltr'><strong>re</strong></span> <span class='ocrx_word' id='word_1_236' title='bbox 881 2343 936 2390; x_wconf 90' lang='lat' dir='ltr'><strong>et</strong></span> <span class='ocrx_word' id='word_1_237' title='bbox 973 2345 1140 2403; x_wconf 88' lang='lat' dir='ltr'><strong>opere</strong></span> <span class='ocrx_word' id='word_1_238' title='bbox 1167 2324 1514 2384; x_wconf 80' lang='lat' dir='ltr'><strong>exhibuistis.</strong></span> <span class='ocrx_word' id='word_1_239' title='bbox 1561 2320 1810 2375; x_wconf 88' lang='lat' dir='ltr'><strong>Concur-</strong></span> 
     </span>
    </p>
   </div>
   <div class='ocr_carea' id='block_1_34' title="bbox 183 2411 1812 2503">
    <p class='ocr_par' dir='ltr' id='par_1_34' title="bbox 183 2411 1812 2503">
     <span class='ocr_line' id='line_1_34' title="bbox 183 2411 1812 2503; baseline -0.017 -11"><span class='ocrx_word' id='word_1_240' title='bbox 183 2452 281 2493; x_wconf 89' lang='lat' dir='ltr'><strong>sus</strong></span> <span class='ocrx_word' id='word_1_241' title='bbox 307 2436 478 2497; x_wconf 88' lang='lat' dir='ltr'><strong>enim,</strong></span> <span class='ocrx_word' id='word_1_242' title='bbox 502 2432 734 2503; x_wconf 78' lang='lat' dir='ltr'><strong>diligens</strong></span> <span class='ocrx_word' id='word_1_243' title='bbox 766 2426 1014 2490; x_wconf 81' lang='lat' dir='ltr'><strong>attentio,</strong></span> <span class='ocrx_word' id='word_1_244' title='bbox 1044 2433 1395 2495; x_wconf 65' lang='lat' dir='ltr'><strong>praepropera</strong></span> <span class='ocrx_word' id='word_1_245' title='bbox 1421 2430 1544 2471; x_wconf 91' lang='lat' dir='ltr'><strong>cum</strong></span> <span class='ocrx_word' id='word_1_246' title='bbox 1576 2411 1812 2482; x_wconf 91' lang='lat' dir='ltr'><strong>impulsu</strong></span> 
     </span>
    </p>
   </div>
   <div class='ocr_carea' id='block_1_35' title="bbox 186 2503 1815 2589">
    <p class='ocr_par' dir='ltr' id='par_1_35' title="bbox 186 2503 1815 2589">
     <span class='ocr_line' id='line_1_35' title="bbox 186 2503 1815 2589; baseline -0.017 -2"><span class='ocrx_word' id='word_1_247' title='bbox 186 2530 462 2587; x_wconf 74' lang='lat' dir='ltr'><strong>festinatio</strong></span> <span class='ocrx_word' id='word_1_248' title='bbox 511 2527 578 2583; x_wconf 85' lang='lat' dir='ltr'><strong>ad</strong></span> <span class='ocrx_word' id='word_1_249' title='bbox 624 2524 941 2581; x_wconf 88' lang='lat' dir='ltr'><strong>interiorem</strong></span> <span class='ocrx_word' id='word_1_250' title='bbox 987 2515 1363 2589; x_wconf 88' lang='lat' dir='ltr'><strong>occupandum</strong></span> <span class='ocrx_word' id='word_1_251' title='bbox 1416 2512 1621 2574; x_wconf 91' lang='lat' dir='ltr'><strong>locum,</strong></span> <span class='ocrx_word' id='word_1_252' title='bbox 1668 2503 1815 2560; x_wconf 88' lang='lat' dir='ltr'><strong>unde</strong></span> 
     </span>
    </p>
   </div>
   <div class='ocr_carea' id='block_1_36' title="bbox 189 2608 1819 2680">
    <p class='ocr_par' dir='ltr' id='par_1_36' title="bbox 189 2608 1819 2680">
     <span class='ocr_line' id='line_1_36' title="bbox 189 2608 1819 2680; baseline -0.015 -3"><span class='ocrx_word' id='word_1_253' title='bbox 189 2623 408 2679; x_wconf 81' lang='lat' dir='ltr'><strong>facilius</strong></span> <span class='ocrx_word' id='word_1_254' title='bbox 435 2635 624 2676; x_wconf 82' lang='lat' dir='ltr'><strong>vocem</strong></span> <span class='ocrx_word' id='word_1_255' title='bbox 656 2626 897 2674; x_wconf 88' lang='lat' dir='ltr'><strong>nostram</strong></span> <span class='ocrx_word' id='word_1_256' title='bbox 927 2612 1118 2668; x_wconf 91' lang='lat' dir='ltr'><strong>audire</strong></span> <span class='ocrx_word' id='word_1_257' title='bbox 1147 2608 1369 2680; x_wconf 83' lang='lat' dir='ltr'><strong>possitis</strong></span> <span class='ocrx_word' id='word_1_258' title='bbox 1395 2622 1410 2669; x_wconf 88' lang='lat'><strong>;</strong></span> <span class='ocrx_word' id='word_1_259' title='bbox 1458 2612 1819 2675; x_wconf 76' lang='lat' dir='ltr'><strong>perseveran-</strong></span> 
     </span>
    </p>
   </div>
   <div class='ocr_carea' id='block_1_37' title="bbox 189 2694 1814 2784">
    <p class='ocr_par' dir='ltr' id='par_1_37' title="bbox 189 2694 1814 2784">
     <span class='ocr_line' id='line_1_37' title="bbox 189 2694 1814 2784; baseline -0.012 -17"><span class='ocrx_word' id='word_1_260' title='bbox 189 2714 286 2778; x_wconf 86' lang='lat' dir='ltr'><strong>tia,</strong></span> <span class='ocrx_word' id='word_1_261' title='bbox 346 2727 453 2784; x_wconf 87' lang='lat' dir='ltr'><strong>qua</strong></span> <span class='ocrx_word' id='word_1_262' title='bbox 501 2711 584 2766; x_wconf 89' lang='lat' dir='ltr'><strong>vel</strong></span> <span class='ocrx_word' id='word_1_263' title='bbox 628 2712 682 2765; x_wconf 91' lang='lat' dir='ltr'><strong>in</strong></span> <span class='ocrx_word' id='word_1_264' title='bbox 707 2708 952 2780; x_wconf 87' lang='lat' dir='ltr'><strong>angustia</strong></span> <span class='ocrx_word' id='word_1_265' title='bbox 984 2703 1144 2776; x_wconf 86' lang='lat' dir='ltr'><strong>positi</strong></span> <span class='ocrx_word' id='word_1_266' title='bbox 1177 2699 1436 2757; x_wconf 87' lang='lat' dir='ltr'><strong>recedere</strong></span> <span class='ocrx_word' id='word_1_267' title='bbox 1480 2711 1590 2752; x_wconf 93' lang='lat' dir='ltr'><strong>non</strong></span> <span class='ocrx_word' id='word_1_268' title='bbox 1622 2694 1814 2759; x_wconf 77' lang='lat' dir='ltr'><strong>vultis,</strong></span> 
     </span>
    </p>
   </div>
   <div class='ocr_carea' id='block_1_38' title="bbox 1923 2031 3557 2108">
    <p class='ocr_par' dir='ltr' id='par_1_38' title="bbox 1923 2031 3557 2108">
     <span class='ocr_line' id='line_1_38' title="bbox 1923 2031 3557 2108; baseline 0.003 -22"><span class='ocrx_word' id='word_1_269' title='bbox 1923 2041 2029 2086; x_wconf 92' lang='lat' dir='ltr'><strong>tur.</strong></span> <span class='ocrx_word' id='word_1_270' title='bbox 2063 2031 2120 2088; x_wconf 88' lang='lat' dir='ltr'><strong>Si</strong></span> <span class='ocrx_word' id='word_1_271' title='bbox 2171 2033 2294 2104; x_wconf 90' lang='lat' dir='ltr'><strong>quis</strong></span> <span class='ocrx_word' id='word_1_272' title='bbox 2343 2033 2506 2105; x_wconf 84' lang='lat' dir='ltr'><strong>igitur</strong></span> <span class='ocrx_word' id='word_1_273' title='bbox 2549 2049 2578 2089; x_wconf 90' lang='lat' dir='ltr'><strong>a</strong></span> <span class='ocrx_word' id='word_1_274' title='bbox 2627 2036 2897 2107; x_wconf 90' lang='lat' dir='ltr'><strong>principio</strong></span> <span class='ocrx_word' id='word_1_275' title='bbox 2935 2046 2990 2091; x_wconf 91' lang='lat' dir='ltr'><strong>et</strong></span> <span class='ocrx_word' id='word_1_276' title='bbox 3021 2036 3174 2108; x_wconf 89' lang='lat' dir='ltr'><strong>quasi</strong></span> <span class='ocrx_word' id='word_1_277' title='bbox 3205 2051 3236 2091; x_wconf 92' lang='lat' dir='ltr'><strong>a</strong></span> <span class='ocrx_word' id='word_1_278' title='bbox 3283 2035 3557 2092; x_wconf 88' lang='lat' dir='ltr'><strong>vestibulo</strong></span> 
     </span>
    </p>
   </div>
   <div class='ocr_carea' id='block_1_39' title="bbox 1922 2124 3552 2200">
    <p class='ocr_par' dir='ltr' id='par_1_39' title="bbox 1922 2124 3552 2200">
     <span class='ocr_line' id='line_1_39' title="bbox 1922 2124 3552 2200; baseline 0.002 -21"><span class='ocrx_word' id='word_1_279' title='bbox 1922 2124 2043 2179; x_wconf 88' lang='lat' dir='ltr'><strong>illos</strong></span> <span class='ocrx_word' id='word_1_280' title='bbox 2069 2139 2098 2179; x_wconf 91' lang='lat' dir='ltr'><strong>a</strong></span> <span class='ocrx_word' id='word_1_281' title='bbox 2128 2125 2273 2181; x_wconf 81' lang='lat' dir='ltr'><strong>vitiis</strong></span> <span class='ocrx_word' id='word_1_282' title='bbox 2303 2125 2614 2191; x_wconf 85' lang='lat' dir='ltr'><strong>abduxerit,</strong></span> <span class='ocrx_word' id='word_1_283' title='bbox 2640 2137 2698 2184; x_wconf 91' lang='lat' dir='ltr'><strong>et</strong></span> <span class='ocrx_word' id='word_1_284' title='bbox 2721 2128 2789 2184; x_wconf 85' lang='lat' dir='ltr'><strong>ad</strong></span> <span class='ocrx_word' id='word_1_285' title='bbox 2813 2129 3077 2200; x_wconf 84' lang='lat' dir='ltr'><strong>optimam</strong></span> <span class='ocrx_word' id='word_1_286' title='bbox 3107 2128 3248 2184; x_wconf 85' lang='lat' dir='ltr'><strong>viam</strong></span> <span class='ocrx_word' id='word_1_287' title='bbox 3269 2128 3552 2195; x_wconf 85' lang='lat' dir='ltr'><strong>direxerit,</strong></span> 
     </span>
    </p>
   </div>
   <div class='ocr_carea' id='block_1_40' title="bbox 1919 2217 3556 2294">
    <p class='ocr_par' dir='ltr' id='par_1_40' title="bbox 1919 2217 3556 2294">
     <span class='ocr_line' id='line_1_40' title="bbox 1919 2217 3556 2294; baseline 0.003 -19"><span class='ocrx_word' id='word_1_288' title='bbox 1919 2233 2020 2275; x_wconf 86' lang='lat' dir='ltr'><strong>ceu</strong></span> <span class='ocrx_word' id='word_1_289' title='bbox 2070 2220 2124 2276; x_wconf 91' lang='lat' dir='ltr'><strong>in</strong></span> <span class='ocrx_word' id='word_1_290' title='bbox 2165 2223 2458 2294; x_wconf 83' lang='lat' dir='ltr'><strong>quemdam</strong></span> <span class='ocrx_word' id='word_1_291' title='bbox 2509 2221 2754 2278; x_wconf 90' lang='lat' dir='ltr'><strong>habitum</strong></span> <span class='ocrx_word' id='word_1_292' title='bbox 2786 2232 2842 2278; x_wconf 91' lang='lat' dir='ltr'><strong>et</strong></span> <span class='ocrx_word' id='word_1_293' title='bbox 2871 2234 3077 2279; x_wconf 87' lang='lat' dir='ltr'><strong>rectam</strong></span> <span class='ocrx_word' id='word_1_294' title='bbox 3129 2217 3256 2279; x_wconf 75' lang='lat' dir='ltr'><strong>vitae</strong></span> <span class='ocrx_word' id='word_1_295' title='bbox 3286 2225 3556 2280; x_wconf 88' lang='lat' dir='ltr'><strong>rationem</strong></span> 
     </span>
    </p>
   </div>
   <div class='ocr_carea' id='block_1_41' title="bbox 1919 2316 3556 2389">
    <p class='ocr_par' dir='ltr' id='par_1_41' title="bbox 1919 2316 3556 2389">
     <span class='ocr_line' id='line_1_41' title="bbox 1919 2316 3556 2389; baseline 0.001 -18"><span class='ocrx_word' id='word_1_296' title='bbox 1919 2329 2015 2371; x_wconf 85' lang='lat' dir='ltr'><strong>eos</strong></span> <span class='ocrx_word' id='word_1_297' title='bbox 2056 2317 2389 2373; x_wconf 83' lang='lat' dir='ltr'><strong>constituet:</strong></span> <span class='ocrx_word' id='word_1_298' title='bbox 2443 2333 2619 2388; x_wconf 86' lang='lat' dir='ltr'><strong>neque</strong></span> <span class='ocrx_word' id='word_1_299' title='bbox 2659 2327 2856 2389; x_wconf 84' lang='lat' dir='ltr'><strong>sponte</strong></span> <span class='ocrx_word' id='word_1_300' title='bbox 2901 2333 2998 2372; x_wconf 88' lang='lat' dir='ltr'><strong>sua</strong></span> <span class='ocrx_word' id='word_1_301' title='bbox 3031 2316 3192 2374; x_wconf 78' lang='lat' dir='ltr'><strong>facile</strong></span> <span class='ocrx_word' id='word_1_302' title='bbox 3237 2316 3307 2373; x_wconf 85' lang='lat' dir='ltr'><strong>ad</strong></span> <span class='ocrx_word' id='word_1_303' title='bbox 3351 2317 3556 2373; x_wconf 85' lang='lat' dir='ltr'><strong>malum</strong></span> 
     </span>
    </p>
   </div>
   <div class='ocr_carea' id='block_1_42' title="bbox 1920 2407 3556 2481">
    <p class='ocr_par' dir='ltr' id='par_1_42' title="bbox 1920 2407 3556 2481">
     <span class='ocr_line' id='line_1_42' title="bbox 1920 2407 3556 2481; baseline 0.001 -19"><span class='ocrx_word' id='word_1_304' title='bbox 1920 2407 2722 2475; x_wconf 88' lang='lat' dir='ltr'><strong>declinabunt,consuetudine</strong></span> <span class='ocrx_word' id='word_1_305' title='bbox 2772 2409 2894 2465; x_wconf 90' lang='lat' dir='ltr'><strong>illos</strong></span> <span class='ocrx_word' id='word_1_306' title='bbox 2920 2409 2988 2465; x_wconf 88' lang='lat' dir='ltr'><strong>ad</strong></span> <span class='ocrx_word' id='word_1_307' title='bbox 3039 2409 3180 2466; x_wconf 88' lang='lat' dir='ltr'><strong>bona</strong></span> <span class='ocrx_word' id='word_1_308' title='bbox 3228 2424 3394 2481; x_wconf 90' lang='lat' dir='ltr'><strong>opera</strong></span> <span class='ocrx_word' id='word_1_309' title='bbox 3441 2418 3556 2465; x_wconf 84' lang='lat' dir='ltr'><strong>tra—</strong></span> 
     </span>
    </p>
   </div>
   <div class='ocr_carea' id='block_1_43' title="bbox 1921 2501 3558 2578">
    <p class='ocr_par' dir='ltr' id='par_1_43' title="bbox 1921 2501 3558 2578">
     <span class='ocr_line' id='line_1_43' title="bbox 1921 2501 3558 2578; baseline 0.002 -20"><span class='ocrx_word' id='word_1_310' title='bbox 1921 2501 2107 2560; x_wconf 89' lang='lat' dir='ltr'><strong>hente.</strong></span> <span class='ocrx_word' id='word_1_311' title='bbox 2165 2503 2242 2560; x_wconf 87' lang='lat' dir='ltr'><strong>ita</strong></span> <span class='ocrx_word' id='word_1_312' title='bbox 2296 2505 2454 2560; x_wconf 88' lang='lat' dir='ltr'><strong>nobis</strong></span> <span class='ocrx_word' id='word_1_313' title='bbox 2515 2504 2601 2561; x_wconf 90' lang='lat' dir='ltr'><strong>vel</strong></span> <span class='ocrx_word' id='word_1_314' title='bbox 2657 2505 2790 2578; x_wconf 90' lang='lat' dir='ltr'><strong>ipsis</strong></span> <span class='ocrx_word' id='word_1_315' title='bbox 2854 2505 3077 2562; x_wconf 86' lang='lat' dir='ltr'><strong>senibus</strong></span> <span class='ocrx_word' id='word_1_316' title='bbox 3130 2503 3558 2562; x_wconf 86' lang='lat' dir='ltr'><strong>venerabiliores</strong></span> 
     </span>
    </p>
   </div>
   <div class='ocr_carea' id='block_1_44' title="bbox 1920 2597 3556 2671">
    <p class='ocr_par' dir='ltr' id='par_1_44' title="bbox 1920 2597 3556 2671">
     <span class='ocr_line' id='line_1_44' title="bbox 1920 2597 3556 2671; baseline -0.001 -17"><span class='ocrx_word' id='word_1_317' title='bbox 1920 2606 2117 2664; x_wconf 88' lang='lat' dir='ltr'><strong>erunt,</strong></span> <span class='ocrx_word' id='word_1_318' title='bbox 2146 2607 2202 2654; x_wconf 92' lang='lat' dir='ltr'><strong>et</strong></span> <span class='ocrx_word' id='word_1_319' title='bbox 2231 2598 2458 2655; x_wconf 88' lang='lat' dir='ltr'><strong>urbanis</strong></span> <span class='ocrx_word' id='word_1_320' title='bbox 2477 2599 2709 2671; x_wconf 89' lang='lat' dir='ltr'><strong>negotiis</strong></span> <span class='ocrx_word' id='word_1_321' title='bbox 2740 2598 2996 2671; x_wconf 85' lang='lat' dir='ltr'><strong>gerendis</strong></span> <span class='ocrx_word' id='word_1_322' title='bbox 3028 2599 3303 2671; x_wconf 86' lang='lat' dir='ltr'><strong>aptiores.</strong></span> <span class='ocrx_word' id='word_1_323' title='bbox 3338 2597 3469 2654; x_wconf 88' lang='lat' dir='ltr'><strong>dum</strong></span> <span class='ocrx_word' id='word_1_324' title='bbox 3501 2598 3556 2653; x_wconf 92' lang='lat' dir='ltr'><strong>in</strong></span> 
     </span>
    </p>
   </div>
   <div class='ocr_carea' id='block_1_45' title="bbox 1915 2692 3558 2765">
    <p class='ocr_par' dir='ltr' id='par_1_45' title="bbox 1915 2692 3558 2765">
     <span class='ocr_line' id='line_1_45' title="bbox 1915 2692 3558 2765; baseline 0.001 -18"><span class='ocrx_word' id='word_1_325' title='bbox 1915 2692 2206 2762; x_wconf 88' lang='lat' dir='ltr'><strong>juventute</strong></span> <span class='ocrx_word' id='word_1_326' title='bbox 2249 2692 2478 2750; x_wconf 90' lang='lat' dir='ltr'><strong>senilem</strong></span> <span class='ocrx_word' id='word_1_327' title='bbox 2529 2702 2745 2749; x_wconf 80' lang='lat' dir='ltr'><strong>:etatem</strong></span> <span class='ocrx_word' id='word_1_328' title='bbox 2793 2694 3124 2763; x_wconf 80' lang='lat' dir='ltr'><strong>expriment.</strong></span> <span class='ocrx_word' id='word_1_329' title='bbox 3175 2692 3364 2765; x_wconf 84' lang='lat' dir='ltr'><strong>Neque</strong></span> <span class='ocrx_word' id='word_1_330' title='bbox 3410 2693 3558 2749; x_wconf 90' lang='lat' dir='ltr'><strong>enim</strong></span> 
     </span>
    </p>
   </div>
   <div class='ocr_carea' id='block_1_46' title="bbox 186 2785 3560 2876">
    <p class='ocr_par' dir='ltr' id='par_1_46' title="bbox 186 2785 3560 2876">
     <span class='ocr_line' id='line_1_46' title="bbox 186 2785 3560 2876; baseline -0.005 -15"><span class='ocrx_word' id='word_1_331' title='bbox 186 2805 368 2862; x_wconf 89' lang='lat' dir='ltr'><strong>donec</strong></span> <span class='ocrx_word' id='word_1_332' title='bbox 413 2803 693 2876; x_wconf 84' lang='lat' dir='ltr'><strong>spirituale</strong></span> <span class='ocrx_word' id='word_1_333' title='bbox 739 2801 1014 2858; x_wconf 86' lang='lat' dir='ltr'><strong>theatrum</strong></span> <span class='ocrx_word' id='word_1_334' title='bbox 1059 2795 1292 2853; x_wconf 91' lang='lat' dir='ltr'><strong>solutum</strong></span> <span class='ocrx_word' id='word_1_335' title='bbox 1337 2792 1540 2856; x_wconf 87' lang='lat' dir='ltr'><strong>fuerit;</strong></span> <span class='ocrx_word' id='word_1_336' title='bbox 1589 2788 1838 2860; x_wconf 81' lang='lat' dir='ltr'><strong>plausus,</strong></span> <span class='ocrx_word' id='word_1_337' title='bbox 1923 2785 2042 2842; x_wconf 80' lang='lat' dir='ltr'><strong>ﬁeri</strong></span> <span class='ocrx_word' id='word_1_338' title='bbox 2070 2796 2282 2858; x_wconf 87' lang='lat' dir='ltr'><strong>potest.</strong></span> <span class='ocrx_word' id='word_1_339' title='bbox 2320 2800 2378 2843; x_wconf 94' lang='lat' dir='ltr'><strong>ut</strong></span> <span class='ocrx_word' id='word_1_340' title='bbox 2399 2787 2514 2858; x_wconf 85' lang='lat' dir='ltr'><strong>jam</strong></span> <span class='ocrx_word' id='word_1_341' title='bbox 2557 2787 2708 2857; x_wconf 90' lang='lat' dir='ltr'><strong>dixi,</strong></span> <span class='ocrx_word' id='word_1_342' title='bbox 2739 2798 2801 2843; x_wconf 81' lang='grc' dir='ltr'><strong>ιιι</strong></span> <span class='ocrx_word' id='word_1_343' title='bbox 2825 2789 2917 2859; x_wconf 92' lang='lat' dir='ltr'><strong>qui</strong></span> <span class='ocrx_word' id='word_1_344' title='bbox 2950 2786 3263 2860; x_wconf 88' lang='lat' dir='ltr'><strong>bnjusmodi</strong></span> <span class='ocrx_word' id='word_1_345' title='bbox 3291 2788 3560 2845; x_wconf 80' lang='lat' dir='ltr'><strong>concione</strong></span> 
     </span>
    </p>
   </div>
   <div class='ocr_carea' id='block_1_47' title="bbox 187 2883 1816 2968">
    <p class='ocr_par' dir='ltr' id='par_1_47' title="bbox 187 2883 1816 2968">
     <span class='ocr_line' id='line_1_47' title="bbox 187 2883 1816 2968; baseline -0.01 -16"><span class='ocrx_word' id='word_1_346' title='bbox 187 2897 475 2968; x_wconf 83' lang='lat' dir='ltr'><strong>strepitus,</strong></span> <span class='ocrx_word' id='word_1_347' title='bbox 532 2905 841 2965; x_wconf 72' lang='lat' dir='ltr'><strong>carteraque</strong></span> <span class='ocrx_word' id='word_1_348' title='bbox 882 2892 1104 2958; x_wconf 88' lang='lat' dir='ltr'><strong>similia,</strong></span> <span class='ocrx_word' id='word_1_349' title='bbox 1138 2900 1193 2946; x_wconf 93' lang='lat' dir='ltr'><strong>et</strong></span> <span class='ocrx_word' id='word_1_350' title='bbox 1230 2887 1498 2944; x_wconf 77' lang='lat' dir='ltr'><strong>fervorem</strong></span> <span class='ocrx_word' id='word_1_351' title='bbox 1543 2883 1710 2940; x_wconf 85' lang='lat' dir='ltr'><strong>animi</strong></span> <span class='ocrx_word' id='word_1_352' title='bbox 1759 2889 1816 2937; x_wconf 88' lang='lat' dir='ltr'><strong>et</strong></span> 
     </span>
    </p>
   </div>
   <div class='ocr_carea' id='block_1_48' title="bbox 189 2979 1814 3048">
    <p class='ocr_par' dir='ltr' id='par_1_48' title="bbox 189 2979 1814 3048">
     <span class='ocr_line' id='line_1_48' title="bbox 189 2979 1814 3048; baseline -0.009 -6"><span class='ocrx_word' id='word_1_353' title='bbox 189 2989 456 3045; x_wconf 89' lang='lat' dir='ltr'><strong>intentam</strong></span> <span class='ocrx_word' id='word_1_354' title='bbox 487 2987 740 3042; x_wconf 92' lang='lat' dir='ltr'><strong>coucioni</strong></span> <span class='ocrx_word' id='word_1_355' title='bbox 768 2996 1006 3042; x_wconf 90' lang='lat' dir='ltr'><strong>mentem</strong></span> <span class='ocrx_word' id='word_1_356' title='bbox 1037 2984 1297 3038; x_wconf 89' lang='lat' dir='ltr'><strong>iudicant.</strong></span> <span class='ocrx_word' id='word_1_357' title='bbox 1349 2979 1696 3048; x_wconf 86' lang='lat' dir='ltr'><strong>Quapropter</strong></span> <span class='ocrx_word' id='word_1_358' title='bbox 1721 2989 1814 3029; x_wconf 81' lang='lat' dir='ltr'><strong>su-</strong></span> 
     </span>
    </p>
   </div>
   <div class='ocr_carea' id='block_1_49' title="bbox 191 3067 1814 3152">
    <p class='ocr_par' dir='ltr' id='par_1_49' title="bbox 191 3067 1814 3152">
     <span class='ocr_line' id='line_1_49' title="bbox 191 3067 1814 3152; baseline -0.01 -15"><span class='ocrx_word' id='word_1_359' title='bbox 191 3081 465 3152; x_wconf 82' lang='lat' dir='ltr'><strong>perfluum</strong></span> <span class='ocrx_word' id='word_1_360' title='bbox 495 3088 640 3136; x_wconf 87' lang='lat' dir='ltr'><strong>esset</strong></span> <span class='ocrx_word' id='word_1_361' title='bbox 672 3082 772 3134; x_wconf 89' lang='lat' dir='ltr'><strong>hac</strong></span> <span class='ocrx_word' id='word_1_362' title='bbox 801 3077 870 3133; x_wconf 92' lang='lat' dir='ltr'><strong>de</strong></span> <span class='ocrx_word' id='word_1_363' title='bbox 897 3093 956 3131; x_wconf 88' lang='lat' dir='ltr'><strong>re</strong></span> <span class='ocrx_word' id='word_1_364' title='bbox 983 3090 1210 3131; x_wconf 90' lang='lat' dir='ltr'><strong>monere</strong></span> <span class='ocrx_word' id='word_1_365' title='bbox 1237 3091 1253 3139; x_wconf 86' lang='lat'><strong>;</strong></span> <span class='ocrx_word' id='word_1_366' title='bbox 1307 3071 1403 3127; x_wconf 80' lang='lat' dir='ltr'><strong>Sed</strong></span> <span class='ocrx_word' id='word_1_367' title='bbox 1448 3067 1577 3124; x_wconf 91' lang='lat' dir='ltr'><strong>illud</strong></span> <span class='ocrx_word' id='word_1_368' title='bbox 1630 3068 1814 3123; x_wconf 89' lang='lat' dir='ltr'><strong>dicere</strong></span> 
     </span>
    </p>
   </div>
   <div class='ocr_carea' id='block_1_50' title="bbox 188 3161 1814 3244">
    <p class='ocr_par' dir='ltr' id='par_1_50' title="bbox 188 3161 1814 3244">
     <span class='ocr_line' id='line_1_50' title="bbox 188 3161 1814 3244; baseline -0.01 -14"><span class='ocrx_word' id='word_1_369' title='bbox 188 3182 244 3230; x_wconf 89' lang='lat' dir='ltr'><strong>ct</strong></span> <span class='ocrx_word' id='word_1_370' title='bbox 288 3188 513 3230; x_wconf 89' lang='lat' dir='ltr'><strong>monere</strong></span> <span class='ocrx_word' id='word_1_371' title='bbox 553 3187 735 3244; x_wconf 67' lang='lat' dir='ltr'><strong>operte</strong></span> <span class='ocrx_word' id='word_1_372' title='bbox 782 3169 1016 3241; x_wconf 87' lang='lat' dir='ltr'><strong>pretium</strong></span> <span class='ocrx_word' id='word_1_373' title='bbox 1047 3167 1230 3234; x_wconf 89' lang='lat' dir='ltr'><strong>fuerit,</strong></span> <span class='ocrx_word' id='word_1_374' title='bbox 1261 3173 1322 3220; x_wconf 88' lang='lat' dir='ltr'><strong>ut</strong></span> <span class='ocrx_word' id='word_1_375' title='bbox 1345 3165 1446 3218; x_wconf 92' lang='lat' dir='ltr'><strong>hoc</strong></span> <span class='ocrx_word' id='word_1_376' title='bbox 1481 3161 1663 3217; x_wconf 88' lang='lat' dir='ltr'><strong>animo</strong></span> <span class='ocrx_word' id='word_1_377' title='bbox 1690 3173 1814 3215; x_wconf 88' lang='lat' dir='ltr'><strong>esse</strong></span> 
     </span>
    </p>
   </div>
   <div class='ocr_carea' id='block_1_51' title="bbox 190 3254 1812 3337">
    <p class='ocr_par' dir='ltr' id='par_1_51' title="bbox 190 3254 1812 3337">
     <span class='ocr_line' id='line_1_51' title="bbox 190 3254 1812 3337; baseline -0.009 -14"><span class='ocrx_word' id='word_1_378' title='bbox 190 3267 560 3337; x_wconf 84' lang='lat' dir='ltr'><strong>perseveretis</strong></span> <span class='ocrx_word' id='word_1_379' title='bbox 593 3283 606 3320; x_wconf 89' lang='lat'><strong>:</strong></span> <span class='ocrx_word' id='word_1_380' title='bbox 637 3279 739 3320; x_wconf 80' lang='lat' dir='ltr'><strong>nec</strong></span> <span class='ocrx_word' id='word_1_381' title='bbox 770 3263 932 3318; x_wconf 88' lang='lat' dir='ltr'><strong>modo</strong></span> <span class='ocrx_word' id='word_1_382' title='bbox 958 3261 1047 3317; x_wconf 85' lang='lat' dir='ltr'><strong>hic</strong></span> <span class='ocrx_word' id='word_1_383' title='bbox 1077 3260 1219 3316; x_wconf 90' lang='lat' dir='ltr'><strong>idem</strong></span> <span class='ocrx_word' id='word_1_384' title='bbox 1267 3258 1507 3316; x_wconf 89' lang='lat' dir='ltr'><strong>studium</strong></span> <span class='ocrx_word' id='word_1_385' title='bbox 1550 3254 1812 3311; x_wconf 65' lang='lat' dir='ltr'><strong>exhibea-</strong></span> 
     </span>
    </p>
   </div>
   <div class='ocr_carea' id='block_1_52' title="bbox 192 3346 1816 3424">
    <p class='ocr_par' dir='ltr' id='par_1_52' title="bbox 192 3346 1816 3424">
     <span class='ocr_line' id='line_1_52' title="bbox 192 3346 1816 3424; baseline -0.007 -11"><span class='ocrx_word' id='word_1_386' title='bbox 192 3363 284 3424; x_wconf 84' lang='lat' dir='ltr'><strong>tis,</strong></span> <span class='ocrx_word' id='word_1_387' title='bbox 315 3360 412 3416; x_wconf 88' lang='lat' dir='ltr'><strong>sed</strong></span> <span class='ocrx_word' id='word_1_388' title='bbox 442 3359 606 3415; x_wconf 86' lang='lat' dir='ltr'><strong>etiam</strong></span> <span class='ocrx_word' id='word_1_389' title='bbox 633 3357 782 3412; x_wconf 92' lang='lat' dir='ltr'><strong>domi</strong></span> <span class='ocrx_word' id='word_1_390' title='bbox 816 3358 898 3412; x_wconf 86' lang='lat' dir='ltr'><strong>vir</strong></span> <span class='ocrx_word' id='word_1_391' title='bbox 929 3370 1198 3418; x_wconf 87' lang='lat' dir='ltr'><strong>uxorem,</strong></span> <span class='ocrx_word' id='word_1_392' title='bbox 1251 3364 1406 3423; x_wconf 90' lang='lat' dir='ltr'><strong>pater</strong></span> <span class='ocrx_word' id='word_1_393' title='bbox 1430 3349 1599 3406; x_wconf 82' lang='lat' dir='ltr'><strong>filium</strong></span> <span class='ocrx_word' id='word_1_394' title='bbox 1631 3346 1700 3403; x_wconf 92' lang='lat' dir='ltr'><strong>de</strong></span> <span class='ocrx_word' id='word_1_395' title='bbox 1729 3346 1816 3402; x_wconf 85' lang='lat' dir='ltr'><strong>bis</strong></span> 
     </span>
    </p>
   </div>
   <div class='ocr_carea' id='block_1_53' title="bbox 189 3440 1811 3525">
    <p class='ocr_par' dir='ltr' id='par_1_53' title="bbox 189 3440 1811 3525">
     <span class='ocr_line' id='line_1_53' title="bbox 189 3440 1811 3525; baseline -0.01 -16"><span class='ocrx_word' id='word_1_396' title='bbox 189 3454 577 3525; x_wconf 84' lang='lat' dir='ltr'><strong>alloquamur;</strong></span> <span class='ocrx_word' id='word_1_397' title='bbox 610 3467 708 3508; x_wconf 86' lang='lat' dir='ltr'><strong>sua</strong></span> <span class='ocrx_word' id='word_1_398' title='bbox 740 3451 794 3506; x_wconf 84' lang='lat' dir='ltr'><strong>hi</strong></span> <span class='ocrx_word' id='word_1_399' title='bbox 823 3451 1029 3515; x_wconf 88' lang='lat' dir='ltr'><strong>dicant,</strong></span> <span class='ocrx_word' id='word_1_400' title='bbox 1070 3458 1126 3503; x_wconf 90' lang='lat' dir='ltr'><strong>et</strong></span> <span class='ocrx_word' id='word_1_401' title='bbox 1159 3446 1310 3518; x_wconf 86' lang='lat' dir='ltr'><strong>paria</strong></span> <span class='ocrx_word' id='word_1_402' title='bbox 1337 3444 1405 3498; x_wconf 90' lang='lat' dir='ltr'><strong>ab</strong></span> <span class='ocrx_word' id='word_1_403' title='bbox 1437 3442 1542 3498; x_wconf 89' lang='lat' dir='ltr'><strong>illis</strong></span> <span class='ocrx_word' id='word_1_404' title='bbox 1571 3440 1811 3512; x_wconf 84' lang='lat' dir='ltr'><strong>exigant,</strong></span> 
     </span>
    </p>
   </div>
   <div class='ocr_carea' id='block_1_54' title="bbox 191 3533 1809 3616">
    <p class='ocr_par' dir='ltr' id='par_1_54' title="bbox 191 3533 1809 3616">
     <span class='ocr_line' id='line_1_54' title="bbox 191 3533 1809 3616; baseline -0.008 -16"><span class='ocrx_word' id='word_1_405' title='bbox 191 3561 494 3616; x_wconf 89' lang='lat' dir='ltr'><strong>omnesque</strong></span> <span class='ocrx_word' id='word_1_406' title='bbox 543 3545 648 3600; x_wconf 91' lang='lat' dir='ltr'><strong>hoc</strong></span> <span class='ocrx_word' id='word_1_407' title='bbox 697 3551 942 3598; x_wconf 91' lang='lat' dir='ltr'><strong>mutuum</strong></span> <span class='ocrx_word' id='word_1_408' title='bbox 972 3541 1165 3612; x_wconf 77' lang='lat' dir='ltr'><strong>pignus</strong></span> <span class='ocrx_word' id='word_1_409' title='bbox 1194 3539 1246 3593; x_wconf 92' lang='lat' dir='ltr'><strong>in</strong></span> <span class='ocrx_word' id='word_1_410' title='bbox 1286 3535 1526 3592; x_wconf 89' lang='lat' dir='ltr'><strong>medium</strong></span> <span class='ocrx_word' id='word_1_411' title='bbox 1558 3533 1809 3590; x_wconf 85' lang='lat' dir='ltr'><strong>afferant.</strong></span> 
     </span>
    </p>
   </div>
   <div class='ocr_carea' id='block_1_55' title="bbox 189 3626 1813 3710">
    <p class='ocr_par' dir='ltr' id='par_1_55' title="bbox 189 3626 1813 3710">
     <span class='ocr_line' id='line_1_55' title="bbox 189 3626 1813 3710; baseline -0.01 -16"><span class='ocrx_word' id='word_1_412' title='bbox 189 3638 270 3696; x_wconf 86' lang='lat' dir='ltr'><strong>Ne</strong></span> <span class='ocrx_word' id='word_1_413' title='bbox 312 3639 433 3710; x_wconf 87' lang='lat' dir='ltr'><strong>quis</strong></span> <span class='ocrx_word' id='word_1_414' title='bbox 482 3637 616 3694; x_wconf 89' lang='lat' dir='ltr'><strong>mihi</strong></span> <span class='ocrx_word' id='word_1_415' title='bbox 668 3635 893 3700; x_wconf 80' lang='lat' dir='ltr'><strong>dixerit,</strong></span> <span class='ocrx_word' id='word_1_416' title='bbox 943 3647 1146 3706; x_wconf 89' lang='lat' dir='ltr'><strong>pueros</strong></span> <span class='ocrx_word' id='word_1_417' title='bbox 1191 3632 1243 3686; x_wconf 92' lang='lat' dir='ltr'><strong>in</strong></span> <span class='ocrx_word' id='word_1_418' title='bbox 1287 3630 1391 3684; x_wconf 92' lang='lat' dir='ltr'><strong>hoc</strong></span> <span class='ocrx_word' id='word_1_419' title='bbox 1419 3626 1673 3697; x_wconf 90' lang='lat' dir='ltr'><strong>occupari</strong></span> <span class='ocrx_word' id='word_1_420' title='bbox 1705 3639 1813 3680; x_wconf 92' lang='lat' dir='ltr'><strong>non</strong></span> 
     </span>
    </p>
   </div>
   <div class='ocr_carea' id='block_1_56' title="bbox 189 3719 1818 3803">
    <p class='ocr_par' dir='ltr' id='par_1_56' title="bbox 189 3719 1818 3803">
     <span class='ocr_line' id='line_1_56' title="bbox 189 3719 1818 3803; baseline -0.007 -19"><span class='ocrx_word' id='word_1_421' title='bbox 189 3741 494 3803; x_wconf 89' lang='lat' dir='ltr'><strong>oportere:</strong></span> <span class='ocrx_word' id='word_1_422' title='bbox 527 3745 664 3798; x_wconf 87' lang='lat' dir='ltr'><strong>opus</strong></span> <span class='ocrx_word' id='word_1_423' title='bbox 709 3736 857 3784; x_wconf 86' lang='lat' dir='ltr'><strong>esset</strong></span> <span class='ocrx_word' id='word_1_424' title='bbox 905 3727 1050 3782; x_wconf 89' lang='lat' dir='ltr'><strong>enim</strong></span> <span class='ocrx_word' id='word_1_425' title='bbox 1100 3741 1208 3780; x_wconf 90' lang='lat' dir='ltr'><strong>non</strong></span> <span class='ocrx_word' id='word_1_426' title='bbox 1259 3720 1424 3777; x_wconf 86' lang='lat' dir='ltr'><strong>modo</strong></span> <span class='ocrx_word' id='word_1_427' title='bbox 1471 3720 1554 3774; x_wconf 89' lang='lat' dir='ltr'><strong>his</strong></span> <span class='ocrx_word' id='word_1_428' title='bbox 1607 3719 1818 3772; x_wconf 86' lang='lat' dir='ltr'><strong>incum-</strong></span> 
     </span>
    </p>
   </div>
   <div class='ocr_carea' id='block_1_57' title="bbox 190 3813 1814 3889">
    <p class='ocr_par' dir='ltr' id='par_1_57' title="bbox 190 3813 1814 3889">
     <span class='ocr_line' id='line_1_57' title="bbox 190 3813 1814 3889; baseline -0.009 -9"><span class='ocrx_word' id='word_1_429' title='bbox 190 3825 347 3889; x_wconf 86' lang='lat' dir='ltr'><strong>bere,</strong></span> <span class='ocrx_word' id='word_1_430' title='bbox 370 3823 468 3879; x_wconf 88' lang='lat' dir='ltr'><strong>sed</strong></span> <span class='ocrx_word' id='word_1_431' title='bbox 501 3824 640 3878; x_wconf 88' lang='lat' dir='ltr'><strong>hanc</strong></span> <span class='ocrx_word' id='word_1_432' title='bbox 673 3822 843 3876; x_wconf 90' lang='lat' dir='ltr'><strong>solam</strong></span> <span class='ocrx_word' id='word_1_433' title='bbox 877 3819 1082 3876; x_wconf 87' lang='lat' dir='ltr'><strong>habere</strong></span> <span class='ocrx_word' id='word_1_434' title='bbox 1111 3832 1322 3874; x_wconf 91' lang='lat' dir='ltr'><strong>curam.</strong></span> <span class='ocrx_word' id='word_1_435' title='bbox 1378 3818 1630 3870; x_wconf 77' lang='lat' dir='ltr'><strong>Attamen</strong></span> <span class='ocrx_word' id='word_1_436' title='bbox 1663 3813 1814 3867; x_wconf 80' lang='lat' dir='ltr'><strong>iulir-</strong></span> 
     </span>
    </p>
   </div>
   <div class='ocr_carea' id='block_1_58' title="bbox 190 3907 1815 3978">
    <p class='ocr_par' dir='ltr' id='par_1_58' title="bbox 190 3907 1815 3978">
     <span class='ocr_line' id='line_1_58' title="bbox 190 3907 1815 3978; baseline -0.006 -6"><span class='ocrx_word' id='word_1_437' title='bbox 190 3915 398 3972; x_wconf 88' lang='lat' dir='ltr'><strong>mitatis</strong></span> <span class='ocrx_word' id='word_1_438' title='bbox 431 3925 628 3970; x_wconf 74' lang='lat' dir='ltr'><strong>vestra:</strong></span> <span class='ocrx_word' id='word_1_439' title='bbox 659 3929 819 3970; x_wconf 84' lang='lat' dir='ltr'><strong>causa</strong></span> <span class='ocrx_word' id='word_1_440' title='bbox 852 3913 904 3968; x_wconf 76' lang='lat' dir='ltr'><strong>itl</strong></span> <span class='ocrx_word' id='word_1_441' title='bbox 940 3929 1046 3967; x_wconf 91' lang='lat' dir='ltr'><strong>non</strong></span> <span class='ocrx_word' id='word_1_442' title='bbox 1083 3911 1228 3978; x_wconf 90' lang='lat' dir='ltr'><strong>dico,</strong></span> <span class='ocrx_word' id='word_1_443' title='bbox 1275 3924 1451 3977; x_wconf 87' lang='lat' dir='ltr'><strong>neque</strong></span> <span class='ocrx_word' id='word_1_444' title='bbox 1498 3921 1698 3978; x_wconf 89' lang='lat' dir='ltr'><strong>pueros</strong></span> <span class='ocrx_word' id='word_1_445' title='bbox 1746 3907 1815 3963; x_wconf 90' lang='lat' dir='ltr'><strong>ab</strong></span> 
     </span>
    </p>
   </div>
   <div class='ocr_carea' id='block_1_59' title="bbox 188 3999 1814 4073">
    <p class='ocr_par' dir='ltr' id='par_1_59' title="bbox 188 3999 1814 4073">
     <span class='ocr_line' id='line_1_59' title="bbox 188 3999 1814 4073; baseline -0.006 -9"><span class='ocrx_word' id='word_1_446' title='bbox 188 4017 422 4064; x_wconf 84' lang='lat' dir='ltr'><strong>externo</strong></span> <span class='ocrx_word' id='word_1_447' title='bbox 469 4007 563 4061; x_wconf 89' lang='lat' dir='ltr'><strong>illo</strong></span> <span class='ocrx_word' id='word_1_448' title='bbox 600 4005 780 4060; x_wconf 89' lang='lat' dir='ltr'><strong>studio</strong></span> <span class='ocrx_word' id='word_1_449' title='bbox 828 4019 1038 4070; x_wconf 83' lang='lat' dir='ltr'><strong>avoca;</strong></span> <span class='ocrx_word' id='word_1_450' title='bbox 1089 4012 1144 4058; x_wconf 88' lang='lat' dir='ltr'><strong>ut</strong></span> <span class='ocrx_word' id='word_1_451' title='bbox 1185 4018 1360 4073; x_wconf 90' lang='lat' dir='ltr'><strong>neque</strong></span> <span class='ocrx_word' id='word_1_452' title='bbox 1387 4017 1486 4056; x_wconf 86' lang='lat' dir='ltr'><strong>vos</strong></span> <span class='ocrx_word' id='word_1_453' title='bbox 1513 4016 1541 4054; x_wconf 93' lang='lat' dir='ltr'><strong>a</strong></span> <span class='ocrx_word' id='word_1_454' title='bbox 1565 3999 1814 4055; x_wconf 80' lang='lat' dir='ltr'><strong>civilibus</strong></span> 
     </span>
    </p>
   </div>
   <div class='ocr_carea' id='block_1_60' title="bbox 189 4094 1808 4170">
    <p class='ocr_par' dir='ltr' id='par_1_60' title="bbox 189 4094 1808 4170">
     <span class='ocr_line' id='line_1_60' title="bbox 189 4094 1808 4170; baseline -0.006 -15"><span class='ocrx_word' id='word_1_455' title='bbox 189 4099 451 4170; x_wconf 79' lang='lat' dir='ltr'><strong>negotiis.</strong></span> <span class='ocrx_word' id='word_1_456' title='bbox 496 4098 692 4154; x_wconf 80' lang='lat' dir='ltr'><strong>Verum</strong></span> <span class='ocrx_word' id='word_1_457' title='bbox 736 4113 800 4153; x_wconf 91' lang='lat' dir='ltr'><strong>ex</strong></span> <span class='ocrx_word' id='word_1_458' title='bbox 845 4106 1052 4169; x_wconf 85' lang='lat' dir='ltr'><strong>septem</strong></span> <span class='ocrx_word' id='word_1_459' title='bbox 1099 4096 1183 4150; x_wconf 90' lang='lat' dir='ltr'><strong>his</strong></span> <span class='ocrx_word' id='word_1_460' title='bbox 1220 4094 1410 4149; x_wconf 90' lang='lat' dir='ltr'><strong>diebus</strong></span> <span class='ocrx_word' id='word_1_461' title='bbox 1439 4108 1629 4157; x_wconf 92' lang='lat' dir='ltr'><strong>unum,</strong></span> <span class='ocrx_word' id='word_1_462' title='bbox 1656 4105 1808 4162; x_wconf 84' lang='lat' dir='ltr'><strong>rogo,</strong></span> 
     </span>
    </p>
   </div>
   <div class='ocr_carea' id='block_1_61' title="bbox 189 4185 1803 4248">
    <p class='ocr_par' dir='ltr' id='par_1_61' title="bbox 189 4185 1803 4248">
     <span class='ocr_line' id='line_1_61' title="bbox 189 4185 1803 4248; baseline -0.006 0"><span class='ocrx_word' id='word_1_463' title='bbox 189 4193 467 4248; x_wconf 91' lang='lat' dir='ltr'><strong>communi</strong></span> <span class='ocrx_word' id='word_1_464' title='bbox 498 4193 728 4248; x_wconf 87' lang='lat' dir='ltr'><strong>Domino</strong></span> <span class='ocrx_word' id='word_1_465' title='bbox 756 4200 944 4246; x_wconf 92' lang='lat' dir='ltr'><strong>nostro</strong></span> <span class='ocrx_word' id='word_1_466' title='bbox 979 4188 1338 4246; x_wconf 90' lang='lat' dir='ltr'><strong>consecretis.</strong></span> <span class='ocrx_word' id='word_1_467' title='bbox 1388 4190 1582 4242; x_wconf 84' lang='lat' dir='ltr'><strong>Annon</strong></span> <span class='ocrx_word' id='word_1_468' title='bbox 1615 4185 1803 4240; x_wconf 83' lang='lat' dir='ltr'><strong>absur-</strong></span> 
     </span>
    </p>
   </div>
   <div class='ocr_carea' id='block_1_62' title="bbox 189 4277 1815 4353">
    <p class='ocr_par' dir='ltr' id='par_1_62' title="bbox 189 4277 1815 4353">
     <span class='ocr_line' id='line_1_62' title="bbox 189 4277 1815 4353; baseline -0.006 -11"><span class='ocrx_word' id='word_1_469' title='bbox 189 4290 320 4342; x_wconf 90' lang='lat' dir='ltr'><strong>dum</strong></span> <span class='ocrx_word' id='word_1_470' title='bbox 354 4287 534 4353; x_wconf 90' lang='lat' dir='ltr'><strong>fuerit,</strong></span> <span class='ocrx_word' id='word_1_471' title='bbox 562 4285 606 4342; x_wconf 87' lang='lat' dir='ltr'><strong>si</strong></span> <span class='ocrx_word' id='word_1_472' title='bbox 633 4301 758 4341; x_wconf 90' lang='lat' dir='ltr'><strong>eum</strong></span> <span class='ocrx_word' id='word_1_473' title='bbox 786 4299 974 4340; x_wconf 86' lang='lat' dir='ltr'><strong>servos</strong></span> <span class='ocrx_word' id='word_1_474' title='bbox 1000 4293 1215 4339; x_wconf 90' lang='lat' dir='ltr'><strong>nostros</strong></span> <span class='ocrx_word' id='word_1_475' title='bbox 1241 4280 1500 4352; x_wconf 89' lang='lat' dir='ltr'><strong>obsequia</strong></span> <span class='ocrx_word' id='word_1_476' title='bbox 1531 4295 1626 4335; x_wconf 89' lang='lat' dir='ltr'><strong>sua</strong></span> <span class='ocrx_word' id='word_1_477' title='bbox 1657 4277 1815 4333; x_wconf 90' lang='lat' dir='ltr'><strong>nobis</strong></span> 
     </span>
    </p>
   </div>
   <div class='ocr_carea' id='block_1_63' title="bbox 190 4372 1812 4452">
    <p class='ocr_par' dir='ltr' id='par_1_63' title="bbox 190 4372 1812 4452">
     <span class='ocr_line' id='line_1_63' title="bbox 190 4372 1812 4452; baseline -0.006 -16"><span class='ocrx_word' id='word_1_478' title='bbox 190 4397 411 4452; x_wconf 87' lang='lat' dir='ltr'><strong>semper</strong></span> <span class='ocrx_word' id='word_1_479' title='bbox 435 4389 692 4450; x_wconf 79' lang='lat' dir='ltr'><strong>pnestare</strong></span> <span class='ocrx_word' id='word_1_480' title='bbox 717 4379 1024 4450; x_wconf 76' lang='lat' dir='ltr'><strong>iubeamus,</strong></span> <span class='ocrx_word' id='word_1_481' title='bbox 1053 4393 1153 4432; x_wconf 87' lang='lat' dir='ltr'><strong>nos</strong></span> <span class='ocrx_word' id='word_1_482' title='bbox 1184 4393 1253 4432; x_wconf 90' lang='lat' dir='ltr'><strong>ne</strong></span> <span class='ocrx_word' id='word_1_483' title='bbox 1279 4376 1561 4431; x_wconf 90' lang='lat' dir='ltr'><strong>minimum</strong></span> <span class='ocrx_word' id='word_1_484' title='bbox 1590 4372 1812 4444; x_wconf 87' lang='lat' dir='ltr'><strong>quidem</strong></span> 
     </span>
    </p>
   </div>
   <div class='ocr_carea' id='block_1_64' title="bbox 189 4466 1813 4542">
    <p class='ocr_par' dir='ltr' id='par_1_64' title="bbox 189 4466 1813 4542">
     <span class='ocr_line' id='line_1_64' title="bbox 189 4466 1813 4542; baseline -0.006 -14"><span class='ocrx_word' id='word_1_485' title='bbox 189 4477 284 4528; x_wconf 91' lang='lat' dir='ltr'><strong>otii</strong></span> <span class='ocrx_word' id='word_1_486' title='bbox 317 4473 488 4528; x_wconf 89' lang='lat' dir='ltr'><strong>nostri</strong></span> <span class='ocrx_word' id='word_1_487' title='bbox 531 4474 640 4528; x_wconf 90' lang='lat' dir='ltr'><strong>Deo</strong></span> <span class='ocrx_word' id='word_1_488' title='bbox 667 4473 988 4533; x_wconf 84' lang='lat' dir='ltr'><strong>addicamus</strong></span> <span class='ocrx_word' id='word_1_489' title='bbox 1017 4489 1030 4534; x_wconf 86' lang='lat'><strong>;</strong></span> <span class='ocrx_word' id='word_1_490' title='bbox 1062 4469 1367 4542; x_wconf 73' lang='lat' dir='ltr'><strong>prtesertim</strong></span> <span class='ocrx_word' id='word_1_491' title='bbox 1394 4483 1518 4523; x_wconf 93' lang='lat' dir='ltr'><strong>cum</strong></span> <span class='ocrx_word' id='word_1_492' title='bbox 1548 4466 1665 4522; x_wconf 71' lang='lat' dir='ltr'><strong>hare</strong></span> <span class='ocrx_word' id='word_1_493' title='bbox 1692 4480 1813 4521; x_wconf 84' lang='lat' dir='ltr'><strong>ser-</strong></span> 
     </span>
    </p>
   </div>
   <div class='ocr_carea' id='block_1_65' title="bbox 190 4558 1810 4636">
    <p class='ocr_par' dir='ltr' id='par_1_65' title="bbox 190 4558 1810 4636">
     <span class='ocr_line' id='line_1_65' title="bbox 190 4558 1810 4636; baseline -0.006 -16"><span class='ocrx_word' id='word_1_494' title='bbox 190 4568 336 4622; x_wconf 86' lang='lat' dir='ltr'><strong>vitus</strong></span> <span class='ocrx_word' id='word_1_495' title='bbox 365 4567 475 4621; x_wconf 90' lang='lat' dir='ltr'><strong>Deo</strong></span> <span class='ocrx_word' id='word_1_496' title='bbox 523 4564 655 4620; x_wconf 88' lang='lat' dir='ltr'><strong>nihil</strong></span> <span class='ocrx_word' id='word_1_497' title='bbox 697 4564 950 4621; x_wconf 89' lang='lat' dir='ltr'><strong>conferat</strong></span> <span class='ocrx_word' id='word_1_498' title='bbox 981 4563 1148 4636; x_wconf 86' lang='lat' dir='ltr'><strong>(Deus</strong></span> <span class='ocrx_word' id='word_1_499' title='bbox 1177 4561 1322 4617; x_wconf 89' lang='lat' dir='ltr'><strong>enim</strong></span> <span class='ocrx_word' id='word_1_500' title='bbox 1365 4560 1510 4615; x_wconf 92' lang='lat' dir='ltr'><strong>nulla</strong></span> <span class='ocrx_word' id='word_1_501' title='bbox 1540 4575 1600 4615; x_wconf 91' lang='lat' dir='ltr'><strong>re</strong></span> <span class='ocrx_word' id='word_1_502' title='bbox 1625 4558 1810 4628; x_wconf 80' lang='lat' dir='ltr'><strong>eget),</strong></span> 
     </span>
    </p>
   </div>
   <div class='ocr_carea' id='block_1_66' title="bbox 191 4648 1810 4713">
    <p class='ocr_par' dir='ltr' id='par_1_66' title="bbox 191 4648 1810 4713">
     <span class='ocr_line' id='line_1_66' title="bbox 191 4648 1810 4713; baseline -0.007 0"><span class='ocrx_word' id='word_1_503' title='bbox 191 4659 286 4713; x_wconf 83' lang='lat' dir='ltr'><strong>sed</strong></span> <span class='ocrx_word' id='word_1_504' title='bbox 318 4657 385 4712; x_wconf 86' lang='lat' dir='ltr'><strong>ad</strong></span> <span class='ocrx_word' id='word_1_505' title='bbox 417 4665 656 4712; x_wconf 85' lang='lat' dir='ltr'><strong>nostram</strong></span> <span class='ocrx_word' id='word_1_506' title='bbox 689 4655 960 4712; x_wconf 86' lang='lat' dir='ltr'><strong>redundet</strong></span> <span class='ocrx_word' id='word_1_507' title='bbox 989 4652 1322 4709; x_wconf 85' lang='lat' dir='ltr'><strong>utilitatem?</strong></span> <span class='ocrx_word' id='word_1_508' title='bbox 1365 4651 1565 4707; x_wconf 81' lang='lat' dir='ltr'><strong>Verum</strong></span> <span class='ocrx_word' id='word_1_509' title='bbox 1593 4665 1714 4706; x_wconf 92' lang='lat' dir='ltr'><strong>cum</strong></span> <span class='ocrx_word' id='word_1_510' title='bbox 1744 4648 1810 4703; x_wconf 85' lang='lat' dir='ltr'><strong>ad</strong></span> 
     </span>
    </p>
   </div>
   <div class='ocr_carea' id='block_1_67' title="bbox 191 4742 1812 4816">
    <p class='ocr_par' dir='ltr' id='par_1_67' title="bbox 191 4742 1812 4816">
     <span class='ocr_line' id='line_1_67' title="bbox 191 4742 1812 4816; baseline -0.004 -12"><span class='ocrx_word' id='word_1_511' title='bbox 191 4748 402 4805; x_wconf 82' lang='lat' dir='ltr'><strong>theatra</strong></span> <span class='ocrx_word' id='word_1_512' title='bbox 435 4748 574 4804; x_wconf 88' lang='lat' dir='ltr'><strong>filios</strong></span> <span class='ocrx_word' id='word_1_513' title='bbox 591 4747 878 4812; x_wconf 87' lang='lat' dir='ltr'><strong>adducitis,</strong></span> <span class='ocrx_word' id='word_1_514' title='bbox 909 4763 1082 4816; x_wconf 89' lang='lat' dir='ltr'><strong>neque</strong></span> <span class='ocrx_word' id='word_1_515' title='bbox 1100 4745 1435 4815; x_wconf 86' lang='lat' dir='ltr'><strong>disciplinas,</strong></span> <span class='ocrx_word' id='word_1_516' title='bbox 1461 4759 1636 4815; x_wconf 90' lang='lat' dir='ltr'><strong>neque</strong></span> <span class='ocrx_word' id='word_1_517' title='bbox 1664 4742 1812 4797; x_wconf 88' lang='lat' dir='ltr'><strong>aliud</strong></span> 
     </span>
    </p>
   </div>
   <div class='ocr_carea' id='block_1_68' title="bbox 189 4836 1815 4913">
    <p class='ocr_par' dir='ltr' id='par_1_68' title="bbox 189 4836 1815 4913">
     <span class='ocr_line' id='line_1_68' title="bbox 189 4836 1815 4913; baseline -0.002 -18"><span class='ocrx_word' id='word_1_518' title='bbox 189 4841 467 4913; x_wconf 82' lang='lat' dir='ltr'><strong>quidpiam</strong></span> <span class='ocrx_word' id='word_1_519' title='bbox 498 4840 825 4905; x_wconf 83' lang='lat' dir='ltr'><strong>olttenditis;</strong></span> <span class='ocrx_word' id='word_1_520' title='bbox 850 4841 894 4894; x_wconf 87' lang='lat' dir='ltr'><strong>si</strong></span> <span class='ocrx_word' id='word_1_521' title='bbox 927 4854 1057 4894; x_wconf 88' lang='lat' dir='ltr'><strong>vero</strong></span> <span class='ocrx_word' id='word_1_522' title='bbox 1099 4838 1374 4909; x_wconf 88' lang='lat' dir='ltr'><strong>quidpiam</strong></span> <span class='ocrx_word' id='word_1_523' title='bbox 1404 4838 1704 4909; x_wconf 74' lang='lat' dir='ltr'><strong>Spiritualis</strong></span> <span class='ocrx_word' id='word_1_524' title='bbox 1732 4836 1815 4891; x_wconf 85' lang='lat' dir='ltr'><strong>ltt-</strong></span> 
     </span>
    </p>
   </div>
   <div class='ocr_carea' id='block_1_69' title="bbox 189 4931 1812 5006">
    <p class='ocr_par' dir='ltr' id='par_1_69' title="bbox 189 4931 1812 5006">
     <span class='ocr_line' id='line_1_69' title="bbox 189 4931 1812 5006; baseline -0.002 -16"><span class='ocrx_word' id='word_1_525' title='bbox 189 4937 266 4990; x_wconf 89' lang='lat' dir='ltr'><strong>cri</strong></span> <span class='ocrx_word' id='word_1_526' title='bbox 297 4935 368 4990; x_wconf 84' lang='lat' dir='ltr'><strong>sit</strong></span> <span class='ocrx_word' id='word_1_527' title='bbox 391 4933 782 5006; x_wconf 82' lang='lat' dir='ltr'><strong>colligendum,</strong></span> <span class='ocrx_word' id='word_1_528' title='bbox 811 4935 1150 4988; x_wconf 86' lang='lat' dir='ltr'><strong>vacationem</strong></span> <span class='ocrx_word' id='word_1_529' title='bbox 1191 4933 1321 4987; x_wconf 91' lang='lat' dir='ltr'><strong>illud</strong></span> <span class='ocrx_word' id='word_1_530' title='bbox 1352 4947 1476 4989; x_wconf 88' lang='lat' dir='ltr'><strong>esse</strong></span> <span class='ocrx_word' id='word_1_531' title='bbox 1515 4931 1715 4988; x_wconf 90' lang='lat' dir='ltr'><strong>dicitis.</strong></span> <span class='ocrx_word' id='word_1_532' title='bbox 1745 4931 1812 4986; x_wconf 84' lang='lat' dir='ltr'><strong>Et</strong></span> 
     </span>
    </p>
   </div>
   <div class='ocr_carea' id='block_1_70' title="bbox 189 5025 1812 5099">
    <p class='ocr_par' dir='ltr' id='par_1_70' title="bbox 189 5025 1812 5099">
     <span class='ocr_line' id='line_1_70' title="bbox 189 5025 1812 5099; baseline -0.002 -17"><span class='ocrx_word' id='word_1_533' title='bbox 189 5028 468 5099; x_wconf 86' lang='lat' dir='ltr'><strong>quomodo</strong></span> <span class='ocrx_word' id='word_1_534' title='bbox 508 5031 641 5082; x_wconf 91' lang='lat' dir='ltr'><strong>iram</strong></span> <span class='ocrx_word' id='word_1_535' title='bbox 683 5028 779 5082; x_wconf 91' lang='lat' dir='ltr'><strong>Dei</strong></span> <span class='ocrx_word' id='word_1_536' title='bbox 829 5044 935 5082; x_wconf 93' lang='lat' dir='ltr'><strong>non</strong></span> <span class='ocrx_word' id='word_1_537' title='bbox 980 5027 1368 5098; x_wconf 87' lang='lat' dir='ltr'><strong>prevocabitis,</strong></span> <span class='ocrx_word' id='word_1_538' title='bbox 1425 5027 1554 5080; x_wconf 89' lang='lat' dir='ltr'><strong>dunt</strong></span> <span class='ocrx_word' id='word_1_539' title='bbox 1596 5025 1812 5081; x_wconf 70' lang='lat' dir='ltr'><strong>czcteris</strong></span> 
     </span>
    </p>
   </div>
   <div class='ocr_carea' id='block_1_71' title="bbox 190 5119 1808 5190">
    <p class='ocr_par' dir='ltr' id='par_1_71' title="bbox 190 5119 1808 5190">
     <span class='ocr_line' id='line_1_71' title="bbox 190 5119 1808 5190; baseline 0.001 -20"><span class='ocrx_word' id='word_1_540' title='bbox 190 5119 450 5175; x_wconf 83' lang='lat' dir='ltr'><strong>omnibus</strong></span> <span class='ocrx_word' id='word_1_541' title='bbox 477 5135 578 5174; x_wconf 85' lang='lat' dir='ltr'><strong>suo</strong></span> <span class='ocrx_word' id='word_1_542' title='bbox 607 5130 850 5190; x_wconf 89' lang='lat' dir='ltr'><strong>tempore</strong></span> <span class='ocrx_word' id='word_1_543' title='bbox 880 5134 1104 5190; x_wconf 82' lang='lat' dir='ltr'><strong>operam</strong></span> <span class='ocrx_word' id='word_1_544' title='bbox 1132 5119 1344 5186; x_wconf 86' lang='lat' dir='ltr'><strong>dantes,</strong></span> <span class='ocrx_word' id='word_1_545' title='bbox 1367 5119 1566 5173; x_wconf 91' lang='lat' dir='ltr'><strong>divinis</strong></span> <span class='ocrx_word' id='word_1_546' title='bbox 1587 5133 1808 5188; x_wconf 86' lang='lat' dir='ltr'><strong>operam</strong></span> 
     </span>
    </p>
   </div>
   <div class='ocr_carea' id='block_1_72' title="bbox 191 5211 1701 5281">
    <p class='ocr_par' dir='ltr' id='par_1_72' title="bbox 191 5211 1701 5281">
     <span class='ocr_line' id='line_1_72' title="bbox 191 5211 1701 5281; baseline -0.002 -14"><span class='ocrx_word' id='word_1_547' title='bbox 191 5212 345 5279; x_wconf 84' lang='lat' dir='ltr'><strong>dare,</strong></span> <span class='ocrx_word' id='word_1_548' title='bbox 379 5211 666 5267; x_wconf 89' lang='lat' dir='ltr'><strong>molestum</strong></span> <span class='ocrx_word' id='word_1_549' title='bbox 695 5220 750 5268; x_wconf 90' lang='lat' dir='ltr'><strong>et</strong></span> <span class='ocrx_word' id='word_1_550' title='bbox 784 5212 1153 5281; x_wconf 89' lang='lat' dir='ltr'><strong>importunum</strong></span> <span class='ocrx_word' id='word_1_551' title='bbox 1183 5211 1306 5267; x_wconf 83' lang='lat' dir='ltr'><strong>filiis</strong></span> <span class='ocrx_word' id='word_1_552' title='bbox 1335 5212 1701 5267; x_wconf 86' lang='lat' dir='ltr'><strong>existimatis?</strong></span> 
     </span>
    </p>
   </div>
   <div class='ocr_carea' id='block_1_73' title="bbox 260 5303 1815 5377">
    <p class='ocr_par' dir='ltr' id='par_1_73' title="bbox 260 5303 1815 5377">
     <span class='ocr_line' id='line_1_73' title="bbox 260 5303 1815 5377; baseline 0.001 -18"><span class='ocrx_word' id='word_1_553' title='bbox 260 5305 292 5359; x_wconf 81' lang='grc'><strong>,1</strong></span> <span class='ocrx_word' id='word_1_554' title='bbox 302 5323 484 5361; x_wconf 72' lang='lat' dir='ltr'><strong>avenas</strong></span> <span class='ocrx_word' id='word_1_555' title='bbox 499 5305 752 5377; x_wconf 80' lang='lat' dir='ltr'><strong>quomodo</strong></span> <span class='ocrx_word' id='word_1_556' title='bbox 769 5305 1084 5361; x_wconf 82' lang='lat' dir='ltr'><strong>instituendi.</strong></span> <span class='ocrx_word' id='word_1_557' title='bbox 1108 5305 1368 5360; x_wconf 73' lang='lat' dir='ltr'><strong>Doctrina:</strong></span> <span class='ocrx_word' id='word_1_558' title='bbox 1384 5303 1607 5360; x_wconf 82' lang='lat' dir='ltr'><strong>Joannis</strong></span> <span class='ocrx_word' id='word_1_559' title='bbox 1623 5316 1815 5374; x_wconf 75' lang='lat' dir='ltr'><strong>quanta</strong></span> 
     </span>
    </p>
   </div>
   <div class='ocr_carea' id='block_1_74' title="bbox 189 5399 1812 5474">
    <p class='ocr_par' dir='ltr' id='par_1_74' title="bbox 189 5399 1812 5474">
     <span class='ocr_line' id='line_1_74' title="bbox 189 5399 1812 5474; baseline 0 -20"><span class='ocrx_word' id='word_1_560' title='bbox 189 5401 283 5454; x_wconf 77' lang='lat' dir='ltr'><strong>tis.</strong></span> <span class='ocrx_word' id='word_1_561' title='bbox 316 5399 464 5455; x_wconf 76' lang='lat' dir='ltr'><strong>Meus</strong></span> <span class='ocrx_word' id='word_1_562' title='bbox 492 5417 608 5472; x_wconf 67' lang='lat' dir='ltr'><strong>quia</strong></span> <span class='ocrx_word' id='word_1_563' title='bbox 633 5401 806 5455; x_wconf 79' lang='lat' dir='ltr'><strong>divina</strong></span> <span class='ocrx_word' id='word_1_564' title='bbox 828 5399 1108 5455; x_wconf 83' lang='lat' dir='ltr'><strong>meditatur</strong></span> <span class='ocrx_word' id='word_1_565' title='bbox 1127 5399 1332 5454; x_wconf 81' lang='lat' dir='ltr'><strong>diabolo</strong></span> <span class='ocrx_word' id='word_1_566' title='bbox 1351 5399 1694 5474; x_wconf 74' lang='lat' dir='ltr'><strong>formidabilis</strong></span> <span class='ocrx_word' id='word_1_567' title='bbox 1715 5412 1812 5454; x_wconf 79' lang='lat' dir='ltr'><strong>est.</strong></span> 
     </span>
    </p>
   </div>
   <div class='ocr_carea' id='block_1_75' title="bbox 186 5492 1815 5565">
    <p class='ocr_par' dir='ltr' id='par_1_75' title="bbox 186 5492 1815 5565">
     <span class='ocr_line' id='line_1_75' title="bbox 186 5492 1815 5565; baseline 0.001 -16"><span class='ocrx_word' id='word_1_568' title='bbox 186 5522 258 5536; x_wconf 81' lang='lat'><strong>—-</strong></span> <span class='ocrx_word' id='word_1_569' title='bbox 286 5492 724 5561; x_wconf 79' lang='lat' dir='ltr'><strong>Noita,ncil:t,</strong></span> <span class='ocrx_word' id='word_1_570' title='bbox 768 5494 958 5549; x_wconf 88' lang='lat' dir='ltr'><strong>fratres</strong></span> <span class='ocrx_word' id='word_1_571' title='bbox 1003 5494 1150 5559; x_wconf 88' lang='lat' dir='ltr'><strong>ntei,</strong></span> <span class='ocrx_word' id='word_1_572' title='bbox 1200 5496 1389 5565; x_wconf 66' lang='lat' dir='ltr'><strong>agatis.</strong></span> <span class='ocrx_word' id='word_1_573' title='bbox 1441 5495 1652 5552; x_wconf 80' lang='lat' dir='ltr'><strong>Etenim</strong></span> <span class='ocrx_word' id='word_1_574' title='bbox 1699 5497 1815 5550; x_wconf 76' lang='lat' dir='ltr'><strong>hanc</strong></span> 
     </span>
    </p>
   </div>
   <div class='ocr_carea' id='block_1_76' title="bbox 191 5589 1812 5661">
    <p class='ocr_par' dir='ltr' id='par_1_76' title="bbox 191 5589 1812 5661">
     <span class='ocr_line' id='line_1_76' title="bbox 191 5589 1812 5661; baseline 0 -17"><span class='ocrx_word' id='word_1_575' title='bbox 191 5589 427 5644; x_wconf 79' lang='lat' dir='ltr'><strong>maxime</strong></span> <span class='ocrx_word' id='word_1_576' title='bbox 451 5599 583 5642; x_wconf 67' lang='lat' dir='ltr'><strong>ictas</strong></span> <span class='ocrx_word' id='word_1_577' title='bbox 615 5590 714 5643; x_wconf 81' lang='lat' dir='ltr'><strong>iSIa</strong></span> <span class='ocrx_word' id='word_1_578' title='bbox 754 5598 878 5661; x_wconf 78' lang='lat' dir='ltr'><strong>eget</strong></span> <span class='ocrx_word' id='word_1_579' title='bbox 921 5589 1246 5659; x_wconf 80' lang='lat' dir='ltr'><strong>disciplina:</strong></span> <span class='ocrx_word' id='word_1_580' title='bbox 1281 5598 1467 5645; x_wconf 84' lang='lat' dir='ltr'><strong>tenera</strong></span> <span class='ocrx_word' id='word_1_581' title='bbox 1515 5590 1660 5644; x_wconf 87' lang='lat' dir='ltr'><strong>enim</strong></span> <span class='ocrx_word' id='word_1_582' title='bbox 1690 5604 1812 5644; x_wconf 89' lang='lat' dir='ltr'><strong>cum</strong></span> 
     </span>
    </p>
   </div>
   <div class='ocr_carea' id='block_1_77' title="bbox 189 5681 1815 5752">
    <p class='ocr_par' dir='ltr' id='par_1_77' title="bbox 189 5681 1815 5752">
     <span class='ocr_line' id='line_1_77' title="bbox 189 5681 1815 5752; baseline 0.001 -15"><span class='ocrx_word' id='word_1_583' title='bbox 189 5685 281 5748; x_wconf 87' lang='lat' dir='ltr'><strong>sit,</strong></span> <span class='ocrx_word' id='word_1_584' title='bbox 316 5683 426 5736; x_wconf 93' lang='lat' dir='ltr'><strong>cito</strong></span> <span class='ocrx_word' id='word_1_585' title='bbox 454 5682 541 5736; x_wconf 73' lang='lat' dir='ltr'><strong>illa</strong></span> <span class='ocrx_word' id='word_1_586' title='bbox 573 5697 692 5752; x_wconf 73' lang='lat' dir='ltr'><strong>qua:</strong></span> <span class='ocrx_word' id='word_1_587' title='bbox 722 5682 974 5736; x_wconf 85' lang='lat' dir='ltr'><strong>dicuntur</strong></span> <span class='ocrx_word' id='word_1_588' title='bbox 995 5723 1009 5746; x_wconf 87' lang='lat'><strong>,</strong></span> <span class='ocrx_word' id='word_1_589' title='bbox 1055 5681 1266 5736; x_wconf 89' lang='lat' dir='ltr'><strong>imbibit</strong></span> <span class='ocrx_word' id='word_1_590' title='bbox 1289 5724 1304 5746; x_wconf 95' lang='lat'><strong>,</strong></span> <span class='ocrx_word' id='word_1_591' title='bbox 1349 5681 1706 5752; x_wconf 88' lang='lat' dir='ltr'><strong>doctrinaque</strong></span> <span class='ocrx_word' id='word_1_592' title='bbox 1741 5682 1815 5739; x_wconf 90' lang='lat' dir='ltr'><strong>ibi</strong></span> 
     </span>
    </p>
   </div>
   <div class='ocr_carea' id='block_1_78' title="bbox 189 5773 1815 5844">
    <p class='ocr_par' dir='ltr' id='par_1_78' title="bbox 189 5773 1815 5844">
     <span class='ocr_line' id='line_1_78' title="bbox 189 5773 1815 5844; baseline -0.001 -14"><span class='ocrx_word' id='word_1_593' title='bbox 189 5791 288 5830; x_wconf 88' lang='lat' dir='ltr'><strong>ceu</strong></span> <span class='ocrx_word' id='word_1_594' title='bbox 323 5774 558 5844; x_wconf 85' lang='lat' dir='ltr'><strong>sigillum</strong></span> <span class='ocrx_word' id='word_1_595' title='bbox 589 5776 640 5829; x_wconf 95' lang='lat' dir='ltr'><strong>in</strong></span> <span class='ocrx_word' id='word_1_596' title='bbox 669 5791 790 5830; x_wconf 86' lang='lat' dir='ltr'><strong>cera</strong></span> <span class='ocrx_word' id='word_1_597' title='bbox 827 5776 1168 5842; x_wconf 80' lang='lat' dir='ltr'><strong>imprimitur.</strong></span> <span class='ocrx_word' id='word_1_598' title='bbox 1210 5773 1461 5844; x_wconf 75' lang='lat' dir='ltr'><strong>Alioquin</strong></span> <span class='ocrx_word' id='word_1_599' title='bbox 1491 5785 1672 5830; x_wconf 85' lang='lat' dir='ltr'><strong>autem</strong></span> <span class='ocrx_word' id='word_1_600' title='bbox 1713 5775 1815 5834; x_wconf 86' lang='lat' dir='ltr'><strong>hac</strong></span> 
     </span>
    </p>
   </div>
   <div class='ocr_carea' id='block_1_79' title="bbox 192 5867 1812 5939">
    <p class='ocr_par' dir='ltr' id='par_1_79' title="bbox 192 5867 1812 5939">
     <span class='ocr_line' id='line_1_79' title="bbox 192 5867 1812 5939; baseline 0.001 -16"><span class='ocrx_word' id='word_1_601' title='bbox 192 5869 452 5939; x_wconf 73' lang='lat' dir='ltr'><strong>primaeva</strong></span> <span class='ocrx_word' id='word_1_602' title='bbox 480 5877 637 5924; x_wconf 70' lang='lat' dir='ltr'><strong>anule</strong></span> <span class='ocrx_word' id='word_1_603' title='bbox 661 5867 742 5924; x_wconf 82' lang='lat' dir='ltr'><strong>vel</strong></span> <span class='ocrx_word' id='word_1_604' title='bbox 765 5868 830 5923; x_wconf 91' lang='lat' dir='ltr'><strong>ad</strong></span> <span class='ocrx_word' id='word_1_605' title='bbox 865 5869 1051 5925; x_wconf 70' lang='lat' dir='ltr'><strong>vitium</strong></span> <span class='ocrx_word' id='word_1_606' title='bbox 1083 5868 1166 5924; x_wconf 89' lang='lat' dir='ltr'><strong>vel</strong></span> <span class='ocrx_word' id='word_1_607' title='bbox 1199 5867 1264 5922; x_wconf 89' lang='lat' dir='ltr'><strong>ad</strong></span> <span class='ocrx_word' id='word_1_608' title='bbox 1294 5867 1546 5923; x_wconf 86' lang='lat' dir='ltr'><strong>virtutem</strong></span> <span class='ocrx_word' id='word_1_609' title='bbox 1569 5868 1812 5924; x_wconf 80' lang='lat' dir='ltr'><strong>declina-</strong></span> 
     </span>
    </p>
   </div>
   <div class='ocr_carea' id='block_1_80' title="bbox 1921 2877 3560 2954">
    <p class='ocr_par' dir='ltr' id='par_1_80' title="bbox 1921 2877 3560 2954">
     <span class='ocr_line' id='line_1_80' title="bbox 1921 2877 3560 2954; baseline 0.003 -22"><span class='ocrx_word' id='word_1_610' title='bbox 1921 2877 2210 2945; x_wconf 89' lang='lat' dir='ltr'><strong>fruuntur,</strong></span> <span class='ocrx_word' id='word_1_611' title='bbox 2240 2888 2297 2934; x_wconf 94' lang='lat' dir='ltr'><strong>ct</strong></span> <span class='ocrx_word' id='word_1_612' title='bbox 2339 2889 2548 2936; x_wconf 88' lang='lat' dir='ltr'><strong>tantum</strong></span> <span class='ocrx_word' id='word_1_613' title='bbox 2579 2882 2888 2953; x_wconf 90' lang='lat' dir='ltr'><strong>apostolum</strong></span> <span class='ocrx_word' id='word_1_614' title='bbox 2919 2880 3300 2954; x_wconf 76' lang='lat' dir='ltr'><strong>frequentant,</strong></span> <span class='ocrx_word' id='word_1_615' title='bbox 3333 2897 3442 2937; x_wconf 88' lang='lat' dir='ltr'><strong>non</strong></span> <span class='ocrx_word' id='word_1_616' title='bbox 3472 2883 3560 2937; x_wconf 88' lang='lat' dir='ltr'><strong>in-</strong></span> 
     </span>
    </p>
   </div>
   <div class='ocr_carea' id='block_1_81' title="bbox 1920 2971 3561 3043">
    <p class='ocr_par' dir='ltr' id='par_1_81' title="bbox 1920 2971 3561 3043">
     <span class='ocr_line' id='line_1_81' title="bbox 1920 2971 3561 3043; baseline 0.001 -16"><span class='ocrx_word' id='word_1_617' title='bbox 1920 2987 2057 3042; x_wconf 82' lang='lat' dir='ltr'><strong>gens</strong></span> <span class='ocrx_word' id='word_1_618' title='bbox 2086 2971 2377 3043; x_wconf 88' lang='lat' dir='ltr'><strong>quodpiam</strong></span> <span class='ocrx_word' id='word_1_619' title='bbox 2403 2973 2604 3028; x_wconf 91' lang='lat' dir='ltr'><strong>bonum</strong></span> <span class='ocrx_word' id='word_1_620' title='bbox 2648 2990 2836 3031; x_wconf 83' lang='lat' dir='ltr'><strong>secum</strong></span> <span class='ocrx_word' id='word_1_621' title='bbox 2881 2974 3150 3038; x_wconf 83' lang='lat' dir='ltr'><strong>referant;</strong></span> <span class='ocrx_word' id='word_1_622' title='bbox 3179 2975 3295 3030; x_wconf 83' lang='lat' dir='ltr'><strong>sive</strong></span> <span class='ocrx_word' id='word_1_623' title='bbox 3339 2973 3561 3030; x_wconf 87' lang='lat' dir='ltr'><strong>tandem</strong></span> 
     </span>
    </p>
   </div>
   <div class='ocr_carea' id='block_1_82' title="bbox 1921 3065 3560 3138">
    <p class='ocr_par' dir='ltr' id='par_1_82' title="bbox 1921 3065 3560 3138">
     <span class='ocr_line' id='line_1_82' title="bbox 1921 3065 3560 3138; baseline 0.002 -18"><span class='ocrx_word' id='word_1_624' title='bbox 1921 3068 2025 3130; x_wconf 87' lang='lat' dir='ltr'><strong>vir,</strong></span> <span class='ocrx_word' id='word_1_625' title='bbox 2059 3067 2174 3122; x_wconf 90' lang='lat' dir='ltr'><strong>sive</strong></span> <span class='ocrx_word' id='word_1_626' title='bbox 2200 3065 2415 3130; x_wconf 86' lang='lat' dir='ltr'><strong>mulier,</strong></span> <span class='ocrx_word' id='word_1_627' title='bbox 2445 3067 2565 3122; x_wconf 89' lang='lat' dir='ltr'><strong>sive</strong></span> <span class='ocrx_word' id='word_1_628' title='bbox 2599 3066 2817 3137; x_wconf 86' lang='lat' dir='ltr'><strong>juvenis</strong></span> <span class='ocrx_word' id='word_1_629' title='bbox 2847 3066 2919 3122; x_wconf 86' lang='lat' dir='ltr'><strong>sit</strong></span> <span class='ocrx_word' id='word_1_630' title='bbox 2947 3067 2992 3122; x_wconf 90' lang='lat' dir='ltr'><strong>is</strong></span> <span class='ocrx_word' id='word_1_631' title='bbox 3032 3066 3124 3138; x_wconf 89' lang='lat' dir='ltr'><strong>qui</strong></span> <span class='ocrx_word' id='word_1_632' title='bbox 3160 3066 3323 3135; x_wconf 81' lang='lat' dir='ltr'><strong>hujus</strong></span> <span class='ocrx_word' id='word_1_633' title='bbox 3351 3081 3560 3123; x_wconf 70' lang='lat' dir='ltr'><strong>mensa:</strong></span> 
     </span>
    </p>
   </div>
   <div class='ocr_carea' id='block_1_83' title="bbox 1922 3157 3562 3230">
    <p class='ocr_par' dir='ltr' id='par_1_83' title="bbox 1922 3157 3562 3230">
     <span class='ocr_line' id='line_1_83' title="bbox 1922 3157 3562 3230; baseline 0.002 -19"><span class='ocrx_word' id='word_1_634' title='bbox 1922 3157 2194 3230; x_wconf 89' lang='lat' dir='ltr'><strong>particeps</strong></span> <span class='ocrx_word' id='word_1_635' title='bbox 2225 3157 2481 3214; x_wconf 72' lang='lat' dir='ltr'><strong>efficitur.</strong></span> <span class='ocrx_word' id='word_1_636' title='bbox 2515 3157 2652 3214; x_wconf 84' lang='lat' dir='ltr'><strong>Nam</strong></span> <span class='ocrx_word' id='word_1_637' title='bbox 2685 3162 2729 3214; x_wconf 90' lang='lat' dir='ltr'><strong>si</strong></span> <span class='ocrx_word' id='word_1_638' title='bbox 2767 3158 2910 3214; x_wconf 89' lang='lat' dir='ltr'><strong>feras</strong></span> <span class='ocrx_word' id='word_1_639' title='bbox 2938 3159 3109 3214; x_wconf 90' lang='lat' dir='ltr'><strong>verbo</strong></span> <span class='ocrx_word' id='word_1_640' title='bbox 3137 3157 3374 3214; x_wconf 88' lang='lat' dir='ltr'><strong>domitas</strong></span> <span class='ocrx_word' id='word_1_641' title='bbox 3410 3159 3562 3214; x_wconf 81' lang='lat' dir='ltr'><strong>cicu-</strong></span> 
     </span>
    </p>
   </div>
   <div class='ocr_carea' id='block_1_84' title="bbox 1923 3252 3559 3324">
    <p class='ocr_par' dir='ltr' id='par_1_84' title="bbox 1923 3252 3559 3324">
     <span class='ocr_line' id='line_1_84' title="bbox 1923 3252 3559 3324; baseline 0.001 -16"><span class='ocrx_word' id='word_1_642' title='bbox 1923 3267 2108 3308; x_wconf 82' lang='lat' dir='ltr'><strong>ramus</strong></span> <span class='ocrx_word' id='word_1_643' title='bbox 2126 3294 2142 3318; x_wconf 94' lang='lat'><strong>,</strong></span> <span class='ocrx_word' id='word_1_644' title='bbox 2172 3261 2375 3323; x_wconf 87' lang='lat' dir='ltr'><strong>quanto</strong></span> <span class='ocrx_word' id='word_1_645' title='bbox 2402 3252 2572 3323; x_wconf 81' lang='lat' dir='ltr'><strong>magis</strong></span> <span class='ocrx_word' id='word_1_646' title='bbox 2597 3252 2846 3308; x_wconf 89' lang='lat' dir='ltr'><strong>homines</strong></span> <span class='ocrx_word' id='word_1_647' title='bbox 2873 3252 2976 3309; x_wconf 90' lang='lat' dir='ltr'><strong>hac</strong></span> <span class='ocrx_word' id='word_1_648' title='bbox 3005 3252 3278 3324; x_wconf 80' lang='lat' dir='ltr'><strong>spirituali</strong></span> <span class='ocrx_word' id='word_1_649' title='bbox 3304 3253 3559 3310; x_wconf 85' lang='lat' dir='ltr'><strong>doctrina</strong></span> 
     </span>
    </p>
   </div>
   <div class='ocr_carea' id='block_1_85' title="bbox 1921 3346 3560 3419">
    <p class='ocr_par' dir='ltr' id='par_1_85' title="bbox 1921 3346 3560 3419">
     <span class='ocr_line' id='line_1_85' title="bbox 1921 3346 3560 3419; baseline 0.003 -17"><span class='ocrx_word' id='word_1_650' title='bbox 1921 3347 1988 3403; x_wconf 89' lang='lat' dir='ltr'><strong>ad</strong></span> <span class='ocrx_word' id='word_1_651' title='bbox 2017 3346 2228 3419; x_wconf 79' lang='lat' dir='ltr'><strong>frugem</strong></span> <span class='ocrx_word' id='word_1_652' title='bbox 2254 3346 2591 3404; x_wconf 88' lang='lat' dir='ltr'><strong>deducemus</strong></span> <span class='ocrx_word' id='word_1_653' title='bbox 2611 3391 2627 3415; x_wconf 90' lang='lat'><strong>,</strong></span> <span class='ocrx_word' id='word_1_654' title='bbox 2655 3361 2780 3404; x_wconf 92' lang='lat' dir='ltr'><strong>cum</strong></span> <span class='ocrx_word' id='word_1_655' title='bbox 2823 3349 2964 3403; x_wconf 88' lang='lat' dir='ltr'><strong>inter</strong></span> <span class='ocrx_word' id='word_1_656' title='bbox 2991 3347 3318 3406; x_wconf 90' lang='lat' dir='ltr'><strong>medicinam</strong></span> <span class='ocrx_word' id='word_1_657' title='bbox 3350 3358 3406 3407; x_wconf 87' lang='lat' dir='ltr'><strong>et</strong></span> <span class='ocrx_word' id='word_1_658' title='bbox 3431 3366 3560 3407; x_wconf 91' lang='lat' dir='ltr'><strong>eum</strong></span> 
     </span>
    </p>
   </div>
   <div class='ocr_carea' id='block_1_86' title="bbox 1922 3440 3560 3514">
    <p class='ocr_par' dir='ltr' id='par_1_86' title="bbox 1922 3440 3560 3514">
     <span class='ocr_line' id='line_1_86' title="bbox 1922 3440 3560 3514; baseline 0.004 -21"><span class='ocrx_word' id='word_1_659' title='bbox 1922 3440 2011 3511; x_wconf 92' lang='lat' dir='ltr'><strong>qui</strong></span> <span class='ocrx_word' id='word_1_660' title='bbox 2043 3449 2264 3496; x_wconf 91' lang='lat' dir='ltr'><strong>curatur</strong></span> <span class='ocrx_word' id='word_1_661' title='bbox 2296 3450 2506 3496; x_wconf 90' lang='lat' dir='ltr'><strong>tantum</strong></span> <span class='ocrx_word' id='word_1_662' title='bbox 2534 3441 2604 3496; x_wconf 91' lang='lat' dir='ltr'><strong>sit</strong></span> <span class='ocrx_word' id='word_1_663' title='bbox 2631 3440 2968 3497; x_wconf 81' lang='lat' dir='ltr'><strong>disetimen?</strong></span> <span class='ocrx_word' id='word_1_664' title='bbox 3005 3441 3194 3514; x_wconf 86' lang='lat' dir='ltr'><strong>Neque</strong></span> <span class='ocrx_word' id='word_1_665' title='bbox 3231 3442 3378 3498; x_wconf 85' lang='lat' dir='ltr'><strong>enim</strong></span> <span class='ocrx_word' id='word_1_666' title='bbox 3411 3452 3560 3499; x_wconf 82' lang='lat' dir='ltr'><strong>tanta</strong></span> 
     </span>
    </p>
   </div>
   <div class='ocr_carea' id='block_1_87' title="bbox 1922 3532 3560 3606">
    <p class='ocr_par' dir='ltr' id='par_1_87' title="bbox 1922 3532 3560 3606">
     <span class='ocr_line' id='line_1_87' title="bbox 1922 3532 3560 3606; baseline 0.003 -19"><span class='ocrx_word' id='word_1_667' title='bbox 1922 3533 2081 3589; x_wconf 88' lang='lat' dir='ltr'><strong>nobis</strong></span> <span class='ocrx_word' id='word_1_668' title='bbox 2128 3532 2272 3590; x_wconf 91' lang='lat' dir='ltr'><strong>inest</strong></span> <span class='ocrx_word' id='word_1_669' title='bbox 2323 3533 2543 3595; x_wconf 89' lang='lat' dir='ltr'><strong>feritas.</strong></span> <span class='ocrx_word' id='word_1_670' title='bbox 2593 3543 2794 3606; x_wconf 85' lang='lat' dir='ltr'><strong>quanta</strong></span> <span class='ocrx_word' id='word_1_671' title='bbox 2844 3534 3039 3590; x_wconf 87' lang='lat' dir='ltr'><strong>helluis</strong></span> <span class='ocrx_word' id='word_1_672' title='bbox 3075 3553 3090 3591; x_wconf 89' lang='lat'><strong>:</strong></span> <span class='ocrx_word' id='word_1_673' title='bbox 3133 3551 3260 3591; x_wconf 84' lang='lat' dir='ltr'><strong>nam</strong></span> <span class='ocrx_word' id='word_1_674' title='bbox 3320 3535 3440 3592; x_wconf 67' lang='lat' dir='ltr'><strong>haec</strong></span> <span class='ocrx_word' id='word_1_675' title='bbox 3490 3552 3560 3592; x_wconf 88' lang='lat' dir='ltr'><strong>ex</strong></span> 
     </span>
    </p>
   </div>
   <div class='ocr_carea' id='block_1_88' title="bbox 1922 3624 3558 3698">
    <p class='ocr_par' dir='ltr' id='par_1_88' title="bbox 1922 3624 3558 3698">
     <span class='ocr_line' id='line_1_88' title="bbox 1922 3624 3558 3698; baseline 0.004 -20"><span class='ocrx_word' id='word_1_676' title='bbox 1922 3634 2134 3689; x_wconf 85' lang='lat' dir='ltr'><strong>natura,</strong></span> <span class='ocrx_word' id='word_1_677' title='bbox 2167 3624 2259 3680; x_wconf 90' lang='lat' dir='ltr'><strong>illa</strong></span> <span class='ocrx_word' id='word_1_678' title='bbox 2281 3639 2348 3679; x_wconf 91' lang='lat' dir='ltr'><strong>ex</strong></span> <span class='ocrx_word' id='word_1_679' title='bbox 2375 3625 2606 3680; x_wconf 89' lang='lat' dir='ltr'><strong>arbitrio</strong></span> <span class='ocrx_word' id='word_1_680' title='bbox 2634 3625 3026 3695; x_wconf 84' lang='lat' dir='ltr'><strong>proficiscitur:</strong></span> <span class='ocrx_word' id='word_1_681' title='bbox 3057 3641 3235 3698; x_wconf 91' lang='lat' dir='ltr'><strong>neque</strong></span> <span class='ocrx_word' id='word_1_682' title='bbox 3262 3627 3558 3684; x_wconf 82' lang='lat' dir='ltr'><strong>verborum</strong></span> 
     </span>
    </p>
   </div>
   <div class='ocr_carea' id='block_1_89' title="bbox 1921 3718 3560 3793">
    <p class='ocr_par' dir='ltr' id='par_1_89' title="bbox 1921 3718 3560 3793">
     <span class='ocr_line' id='line_1_89' title="bbox 1921 3718 3560 3793; baseline 0.003 -19"><span class='ocrx_word' id='word_1_683' title='bbox 1921 3719 2115 3774; x_wconf 86' lang='lat' dir='ltr'><strong>eadem</strong></span> <span class='ocrx_word' id='word_1_684' title='bbox 2162 3719 2245 3772; x_wconf 88' lang='lat' dir='ltr'><strong>vis</strong></span> <span class='ocrx_word' id='word_1_685' title='bbox 2287 3726 2389 3774; x_wconf 88' lang='lat' dir='ltr'><strong>est.</strong></span> <span class='ocrx_word' id='word_1_686' title='bbox 2437 3718 2529 3773; x_wconf 93' lang='lat' dir='ltr'><strong>Illa</strong></span> <span class='ocrx_word' id='word_1_687' title='bbox 2563 3720 2709 3774; x_wconf 90' lang='lat' dir='ltr'><strong>enim</strong></span> <span class='ocrx_word' id='word_1_688' title='bbox 2756 3735 2822 3775; x_wconf 83' lang='lat' dir='ltr'><strong>ex</strong></span> <span class='ocrx_word' id='word_1_689' title='bbox 2858 3719 3093 3776; x_wconf 86' lang='lat' dir='ltr'><strong>humana</strong></span> <span class='ocrx_word' id='word_1_690' title='bbox 3127 3730 3312 3778; x_wconf 84' lang='lat' dir='ltr'><strong>tuente</strong></span> <span class='ocrx_word' id='word_1_691' title='bbox 3343 3723 3560 3793; x_wconf 85' lang='lat' dir='ltr'><strong>prodit,</strong></span> 
     </span>
    </p>
   </div>
   <div class='ocr_carea' id='block_1_90' title="bbox 1925 3809 3563 3886">
    <p class='ocr_par' dir='ltr' id='par_1_90' title="bbox 1925 3809 3563 3886">
     <span class='ocr_line' id='line_1_90' title="bbox 1925 3809 3563 3886; baseline 0.005 -22"><span class='ocrx_word' id='word_1_692' title='bbox 1925 3810 2042 3866; x_wconf 57' lang='lat' dir='ltr'><strong>haec</strong></span> <span class='ocrx_word' id='word_1_693' title='bbox 2073 3825 2139 3866; x_wconf 88' lang='lat' dir='ltr'><strong>ex</strong></span> <span class='ocrx_word' id='word_1_694' title='bbox 2171 3809 2407 3881; x_wconf 87' lang='lat' dir='ltr'><strong>Spiritus</strong></span> <span class='ocrx_word' id='word_1_695' title='bbox 2433 3811 2636 3868; x_wconf 90' lang='lat' dir='ltr'><strong>virtute</strong></span> <span class='ocrx_word' id='word_1_696' title='bbox 2663 3821 2717 3867; x_wconf 93' lang='lat' dir='ltr'><strong>et</strong></span> <span class='ocrx_word' id='word_1_697' title='bbox 2741 3812 2936 3884; x_wconf 87' lang='lat' dir='ltr'><strong>gratia.</strong></span> <span class='ocrx_word' id='word_1_698' title='bbox 2969 3811 3024 3870; x_wconf 90' lang='lat' dir='ltr'><strong>Si</strong></span> <span class='ocrx_word' id='word_1_699' title='bbox 3057 3814 3178 3885; x_wconf 89' lang='lat' dir='ltr'><strong>quis</strong></span> <span class='ocrx_word' id='word_1_700' title='bbox 3211 3815 3374 3886; x_wconf 87' lang='lat' dir='ltr'><strong>igitur</strong></span> <span class='ocrx_word' id='word_1_701' title='bbox 3403 3815 3472 3872; x_wconf 89' lang='lat' dir='ltr'><strong>de</strong></span> <span class='ocrx_word' id='word_1_702' title='bbox 3499 3831 3563 3874; x_wconf 87' lang='lat' dir='ltr'><strong>se</strong></span> 
     </span>
    </p>
   </div>
   <div class='ocr_carea' id='block_1_91' title="bbox 1922 3902 3558 3980">
    <p class='ocr_par' dir='ltr' id='par_1_91' title="bbox 1922 3902 3558 3980">
     <span class='ocr_line' id='line_1_91' title="bbox 1922 3902 3558 3980; baseline 0.004 -21"><span class='ocrx_word' id='word_1_703' title='bbox 1922 3902 2200 3974; x_wconf 86' lang='lat' dir='ltr'><strong>desperet,</strong></span> <span class='ocrx_word' id='word_1_704' title='bbox 2236 3913 2550 3959; x_wconf 87' lang='lat' dir='ltr'><strong>mansuetas</strong></span> <span class='ocrx_word' id='word_1_705' title='bbox 2579 3903 2698 3960; x_wconf 88' lang='lat' dir='ltr'><strong>illas</strong></span> <span class='ocrx_word' id='word_1_706' title='bbox 2728 3905 2873 3961; x_wconf 88' lang='lat' dir='ltr'><strong>feras</strong></span> <span class='ocrx_word' id='word_1_707' title='bbox 2898 3905 3139 3977; x_wconf 90' lang='lat' dir='ltr'><strong>cogitet,</strong></span> <span class='ocrx_word' id='word_1_708' title='bbox 3183 3914 3238 3962; x_wconf 88' lang='lat' dir='ltr'><strong>et</strong></span> <span class='ocrx_word' id='word_1_709' title='bbox 3276 3922 3558 3980; x_wconf 85' lang='lat' dir='ltr'><strong>nunquam</strong></span> 
     </span>
    </p>
   </div>
   <div class='ocr_carea' id='block_1_92' title="bbox 1922 3996 3561 4070">
    <p class='ocr_par' dir='ltr' id='par_1_92' title="bbox 1922 3996 3561 4070">
     <span class='ocr_line' id='line_1_92' title="bbox 1922 3996 3561 4070; baseline 0.004 -18"><span class='ocrx_word' id='word_1_710' title='bbox 1922 3997 1977 4052; x_wconf 91' lang='lat' dir='ltr'><strong>in</strong></span> <span class='ocrx_word' id='word_1_711' title='bbox 2010 3997 2449 4068; x_wconf 87' lang='lat' dir='ltr'><strong>desperationem</strong></span> <span class='ocrx_word' id='word_1_712' title='bbox 2495 3996 2736 4055; x_wconf 85' lang='lat' dir='ltr'><strong>incidet:</strong></span> <span class='ocrx_word' id='word_1_713' title='bbox 2779 4012 2927 4070; x_wconf 68' lang='lat' dir='ltr'><strong>smpe</strong></span> <span class='ocrx_word' id='word_1_714' title='bbox 2953 3997 3096 4056; x_wconf 90' lang='lat' dir='ltr'><strong>hanc</strong></span> <span class='ocrx_word' id='word_1_715' title='bbox 3126 3999 3561 4058; x_wconf 79' lang='lat' dir='ltr'><strong>medicamento-</strong></span> 
     </span>
    </p>
   </div>
   <div class='ocr_carea' id='block_1_93' title="bbox 1922 4089 3562 4164">
    <p class='ocr_par' dir='ltr' id='par_1_93' title="bbox 1922 4089 3562 4164">
     <span class='ocr_line' id='line_1_93' title="bbox 1922 4089 3562 4164; baseline 0.002 -18"><span class='ocrx_word' id='word_1_716' title='bbox 1922 4106 2046 4146; x_wconf 91' lang='lat' dir='ltr'><strong>rum</strong></span> <span class='ocrx_word' id='word_1_717' title='bbox 2087 4090 2362 4146; x_wconf 83' lang='lat' dir='ltr'><strong>ofiicinam</strong></span> <span class='ocrx_word' id='word_1_718' title='bbox 2409 4090 2604 4158; x_wconf 85' lang='lat' dir='ltr'><strong>adeat,</strong></span> <span class='ocrx_word' id='word_1_719' title='bbox 2651 4089 2867 4147; x_wconf 87' lang='lat' dir='ltr'><strong>divinas</strong></span> <span class='ocrx_word' id='word_1_720' title='bbox 2916 4090 3062 4163; x_wconf 86' lang='lat' dir='ltr'><strong>leges</strong></span> <span class='ocrx_word' id='word_1_721' title='bbox 3114 4092 3265 4147; x_wconf 93' lang='lat' dir='ltr'><strong>omni</strong></span> <span class='ocrx_word' id='word_1_722' title='bbox 3313 4101 3562 4164; x_wconf 87' lang='lat' dir='ltr'><strong>tempore</strong></span> 
     </span>
    </p>
   </div>
   <div class='ocr_carea' id='block_1_94' title="bbox 1920 4184 3562 4256">
    <p class='ocr_par' dir='ltr' id='par_1_94' title="bbox 1920 4184 3562 4256">
     <span class='ocr_line' id='line_1_94' title="bbox 1920 4184 3562 4256; baseline 0.004 -17"><span class='ocrx_word' id='word_1_723' title='bbox 1920 4186 2137 4251; x_wconf 86' lang='lat' dir='ltr'><strong>audiat,</strong></span> <span class='ocrx_word' id='word_1_724' title='bbox 2170 4195 2225 4241; x_wconf 91' lang='lat' dir='ltr'><strong>et</strong></span> <span class='ocrx_word' id='word_1_725' title='bbox 2262 4184 2484 4239; x_wconf 88' lang='lat' dir='ltr'><strong>dontum</strong></span> <span class='ocrx_word' id='word_1_726' title='bbox 2534 4200 2823 4251; x_wconf 82' lang='lat' dir='ltr'><strong>reversus,</strong></span> <span class='ocrx_word' id='word_1_727' title='bbox 2866 4201 2990 4256; x_wconf 63' lang='lat' dir='ltr'><strong>qua:</strong></span> <span class='ocrx_word' id='word_1_728' title='bbox 3017 4185 3261 4252; x_wconf 87' lang='lat' dir='ltr'><strong>audivit,</strong></span> <span class='ocrx_word' id='word_1_729' title='bbox 3292 4187 3345 4243; x_wconf 93' lang='lat' dir='ltr'><strong>in</strong></span> <span class='ocrx_word' id='word_1_730' title='bbox 3375 4199 3562 4245; x_wconf 87' lang='lat' dir='ltr'><strong>mente</strong></span> 
     </span>
    </p>
   </div>
   <div class='ocr_carea' id='block_1_95' title="bbox 1922 4277 3562 4351">
    <p class='ocr_par' dir='ltr' id='par_1_95' title="bbox 1922 4277 3562 4351">
     <span class='ocr_line' id='line_1_95' title="bbox 1922 4277 3562 4351; baseline 0.001 -15"><span class='ocrx_word' id='word_1_731' title='bbox 1922 4279 2195 4336; x_wconf 84' lang='lat' dir='ltr'><strong>describat</strong></span> <span class='ocrx_word' id='word_1_732' title='bbox 2221 4298 2234 4332; x_wconf 92' lang='lat'>:</span> <span class='ocrx_word' id='word_1_733' title='bbox 2267 4278 2456 4351; x_wconf 82' lang='lat' dir='ltr'><strong>sicque</strong></span> <span class='ocrx_word' id='word_1_734' title='bbox 2481 4278 2534 4334; x_wconf 92' lang='lat' dir='ltr'><strong>in</strong></span> <span class='ocrx_word' id='word_1_735' title='bbox 2562 4277 2702 4333; x_wconf 88' lang='lat' dir='ltr'><strong>bona</strong></span> <span class='ocrx_word' id='word_1_736' title='bbox 2732 4295 2830 4350; x_wconf 87' lang='lat' dir='ltr'><strong>spe</strong></span> <span class='ocrx_word' id='word_1_737' title='bbox 2850 4289 2906 4335; x_wconf 92' lang='lat' dir='ltr'><strong>et</strong></span> <span class='ocrx_word' id='word_1_738' title='bbox 2931 4281 3228 4336; x_wconf 86' lang='lat' dir='ltr'><strong>securitate</strong></span> <span class='ocrx_word' id='word_1_739' title='bbox 3257 4282 3562 4338; x_wconf 83' lang='lat' dir='ltr'><strong>constitue-</strong></span> 
     </span>
    </p>
   </div>
   <div class='ocr_carea' id='block_1_96' title="bbox 1924 4372 3562 4444">
    <p class='ocr_par' dir='ltr' id='par_1_96' title="bbox 1924 4372 3562 4444">
     <span class='ocr_line' id='line_1_96' title="bbox 1924 4372 3562 4444; baseline 0.002 -14"><span class='ocrx_word' id='word_1_740' title='bbox 1924 4385 2031 4438; x_wconf 88' lang='lat' dir='ltr'><strong>tur,</strong></span> <span class='ocrx_word' id='word_1_741' title='bbox 2063 4384 2118 4430; x_wconf 92' lang='lat' dir='ltr'><strong>et</strong></span> <span class='ocrx_word' id='word_1_742' title='bbox 2143 4375 2483 4444; x_wconf 87' lang='lat' dir='ltr'><strong>experientia</strong></span> <span class='ocrx_word' id='word_1_743' title='bbox 2517 4373 2817 4444; x_wconf 86' lang='lat' dir='ltr'><strong>profectum</strong></span> <span class='ocrx_word' id='word_1_744' title='bbox 2844 4374 3066 4432; x_wconf 89' lang='lat' dir='ltr'><strong>sentiet.</strong></span> <span class='ocrx_word' id='word_1_745' title='bbox 3099 4372 3235 4431; x_wconf 88' lang='lat' dir='ltr'><strong>Cum</strong></span> <span class='ocrx_word' id='word_1_746' title='bbox 3264 4377 3412 4432; x_wconf 89' lang='lat' dir='ltr'><strong>enim</strong></span> <span class='ocrx_word' id='word_1_747' title='bbox 3440 4376 3562 4433; x_wconf 79' lang='lat' dir='ltr'><strong>dia-</strong></span> 
     </span>
    </p>
   </div>
   <div class='ocr_carea' id='block_1_97' title="bbox 1922 4467 3560 4541">
    <p class='ocr_par' dir='ltr' id='par_1_97' title="bbox 1922 4467 3560 4541">
     <span class='ocr_line' id='line_1_97' title="bbox 1922 4467 3560 4541; baseline 0.002 -16"><span class='ocrx_word' id='word_1_748' title='bbox 1922 4471 2080 4526; x_wconf 90' lang='lat' dir='ltr'><strong>bolus</strong></span> <span class='ocrx_word' id='word_1_749' title='bbox 2111 4469 2284 4541; x_wconf 80' lang='lat' dir='ltr'><strong>legem</strong></span> <span class='ocrx_word' id='word_1_750' title='bbox 2331 4468 2425 4525; x_wconf 91' lang='lat' dir='ltr'><strong>Dei</strong></span> <span class='ocrx_word' id='word_1_751' title='bbox 2475 4467 2528 4524; x_wconf 95' lang='lat' dir='ltr'><strong>iu</strong></span> <span class='ocrx_word' id='word_1_752' title='bbox 2557 4469 2737 4523; x_wconf 90' lang='lat' dir='ltr'><strong>anima</strong></span> <span class='ocrx_word' id='word_1_753' title='bbox 2768 4468 3100 4540; x_wconf 90' lang='lat' dir='ltr'><strong>descriptam</strong></span> <span class='ocrx_word' id='word_1_754' title='bbox 3135 4470 3360 4536; x_wconf 86' lang='lat' dir='ltr'><strong>videbit,</strong></span> <span class='ocrx_word' id='word_1_755' title='bbox 3389 4481 3446 4527; x_wconf 90' lang='lat' dir='ltr'><strong>et</strong></span> <span class='ocrx_word' id='word_1_756' title='bbox 3473 4481 3560 4528; x_wconf 78' lang='lat' dir='ltr'><strong>ta-</strong></span> 
     </span>
    </p>
   </div>
   <div class='ocr_carea' id='block_1_98' title="bbox 1923 4561 3556 4627">
    <p class='ocr_par' dir='ltr' id='par_1_98' title="bbox 1923 4561 3556 4627">
     <span class='ocr_line' id='line_1_98' title="bbox 1923 4561 3556 4627; baseline 0.001 -9"><span class='ocrx_word' id='word_1_757' title='bbox 1923 4562 2082 4618; x_wconf 87' lang='lat' dir='ltr'><strong>bulas</strong></span> <span class='ocrx_word' id='word_1_758' title='bbox 2108 4575 2229 4617; x_wconf 73' lang='lat' dir='ltr'><strong>esse</strong></span> <span class='ocrx_word' id='word_1_759' title='bbox 2257 4576 2354 4618; x_wconf 91' lang='lat' dir='ltr'><strong>cor</strong></span> <span class='ocrx_word' id='word_1_760' title='bbox 2381 4561 2556 4627; x_wconf 91' lang='lat' dir='ltr'><strong>illius,</strong></span> <span class='ocrx_word' id='word_1_761' title='bbox 2590 4577 2697 4616; x_wconf 90' lang='lat' dir='ltr'><strong>non</strong></span> <span class='ocrx_word' id='word_1_762' title='bbox 2725 4561 2950 4617; x_wconf 64' lang='lat' dir='ltr'><strong>accedet</strong></span> <span class='ocrx_word' id='word_1_763' title='bbox 2989 4562 3238 4618; x_wconf 87' lang='lat' dir='ltr'><strong>ulterius.</strong></span> <span class='ocrx_word' id='word_1_764' title='bbox 3273 4562 3376 4621; x_wconf 87' lang='lat' dir='ltr'><strong>Ubi</strong></span> <span class='ocrx_word' id='word_1_765' title='bbox 3408 4566 3556 4620; x_wconf 87' lang='lat' dir='ltr'><strong>enim</strong></span> 
     </span>
    </p>
   </div>
   <div class='ocr_carea' id='block_1_99' title="bbox 1923 4653 3562 4726">
    <p class='ocr_par' dir='ltr' id='par_1_99' title="bbox 1923 4653 3562 4726">
     <span class='ocr_line' id='line_1_99' title="bbox 1923 4653 3562 4726; baseline 0.004 -16"><span class='ocrx_word' id='word_1_766' title='bbox 1923 4655 2098 4710; x_wconf 67' lang='lat' dir='ltr'><strong>litera:</strong></span> <span class='ocrx_word' id='word_1_767' title='bbox 2143 4653 2328 4726; x_wconf 75' lang='lat' dir='ltr'><strong>regim,</strong></span> <span class='ocrx_word' id='word_1_768' title='bbox 2378 4670 2486 4708; x_wconf 90' lang='lat' dir='ltr'><strong>non</strong></span> <span class='ocrx_word' id='word_1_769' title='bbox 2537 4654 2590 4708; x_wconf 91' lang='lat' dir='ltr'><strong>in</strong></span> <span class='ocrx_word' id='word_1_770' title='bbox 2643 4669 2788 4709; x_wconf 62' lang='lat' dir='ltr'><strong>aereo</strong></span> <span class='ocrx_word' id='word_1_771' title='bbox 2835 4654 2996 4725; x_wconf 90' lang='lat' dir='ltr'><strong>cippo</strong></span> <span class='ocrx_word' id='word_1_772' title='bbox 3043 4656 3300 4726; x_wconf 75' lang='lat' dir='ltr'><strong>sculpttu,</strong></span> <span class='ocrx_word' id='word_1_773' title='bbox 3349 4657 3445 4713; x_wconf 85' lang='lat' dir='ltr'><strong>sed</strong></span> <span class='ocrx_word' id='word_1_774' title='bbox 3506 4657 3562 4717; x_wconf 86' lang='lat' dir='ltr'><strong>in</strong></span> 
     </span>
    </p>
   </div>
   <div class='ocr_carea' id='block_1_100' title="bbox 1923 4745 3560 4818">
    <p class='ocr_par' dir='ltr' id='par_1_100' title="bbox 1923 4745 3560 4818">
     <span class='ocr_line' id='line_1_100' title="bbox 1923 4745 3560 4818; baseline 0.002 -16"><span class='ocrx_word' id='word_1_775' title='bbox 1923 4748 2182 4818; x_wconf 88' lang='lat' dir='ltr'><strong>religioso</strong></span> <span class='ocrx_word' id='word_1_776' title='bbox 2234 4747 2417 4802; x_wconf 91' lang='lat' dir='ltr'><strong>animo</strong></span> <span class='ocrx_word' id='word_1_777' title='bbox 2460 4761 2490 4802; x_wconf 89' lang='lat' dir='ltr'><strong>a</strong></span> <span class='ocrx_word' id='word_1_778' title='bbox 2537 4745 2743 4818; x_wconf 88' lang='lat' dir='ltr'><strong>Spiritu</strong></span> <span class='ocrx_word' id='word_1_779' title='bbox 2796 4757 2987 4802; x_wconf 86' lang='lat' dir='ltr'><strong>sancto</strong></span> <span class='ocrx_word' id='word_1_780' title='bbox 3031 4747 3335 4804; x_wconf 76' lang='lat' dir='ltr'><strong>efl‘ormata:</strong></span> <span class='ocrx_word' id='word_1_781' title='bbox 3387 4749 3560 4807; x_wconf 79' lang='lat' dir='ltr'><strong>multa</strong></span> 
     </span>
    </p>
   </div>
   <div class='ocr_carea' id='block_1_101' title="bbox 1924 4840 3561 4913">
    <p class='ocr_par' dir='ltr' id='par_1_101' title="bbox 1924 4840 3561 4913">
     <span class='ocr_line' id='line_1_101' title="bbox 1924 4840 3561 4913; baseline 0.003 -18"><span class='ocrx_word' id='word_1_782' title='bbox 1924 4840 2132 4912; x_wconf 77' lang='lat' dir='ltr'><strong>fulgeat</strong></span> <span class='ocrx_word' id='word_1_783' title='bbox 2157 4840 2325 4911; x_wconf 88' lang='lat' dir='ltr'><strong>gratia</strong></span> <span class='ocrx_word' id='word_1_784' title='bbox 2347 4882 2362 4907; x_wconf 94' lang='lat'><strong>,</strong></span> <span class='ocrx_word' id='word_1_785' title='bbox 2397 4855 2497 4894; x_wconf 90' lang='lat' dir='ltr'><strong>nec</strong></span> <span class='ocrx_word' id='word_1_786' title='bbox 2537 4851 2727 4896; x_wconf 83' lang='lat' dir='ltr'><strong>contra</strong></span> <span class='ocrx_word' id='word_1_787' title='bbox 2773 4843 3050 4910; x_wconf 88' lang='lat' dir='ltr'><strong>respicere</strong></span> <span class='ocrx_word' id='word_1_788' title='bbox 3092 4841 3184 4898; x_wconf 91' lang='lat' dir='ltr'><strong>ille</strong></span> <span class='ocrx_word' id='word_1_789' title='bbox 3212 4843 3434 4913; x_wconf 91' lang='lat' dir='ltr'><strong>poterit,</strong></span> <span class='ocrx_word' id='word_1_790' title='bbox 3464 4844 3561 4900; x_wconf 80' lang='lat' dir='ltr'><strong>sed</strong></span> 
     </span>
    </p>
   </div>
   <div class='ocr_carea' id='block_1_102' title="bbox 1921 4933 3562 5006">
    <p class='ocr_par' dir='ltr' id='par_1_102' title="bbox 1921 4933 3562 5006">
     <span class='ocr_line' id='line_1_102' title="bbox 1921 4933 3562 5006; baseline 0.004 -19"><span class='ocrx_word' id='word_1_791' title='bbox 1921 4933 2111 5006; x_wconf 82' lang='lat' dir='ltr'><strong>procul</strong></span> <span class='ocrx_word' id='word_1_792' title='bbox 2143 4933 2298 4988; x_wconf 85' lang='lat' dir='ltr'><strong>nobis</strong></span> <span class='ocrx_word' id='word_1_793' title='bbox 2343 4943 2491 5003; x_wconf 82' lang='lat' dir='ltr'><strong>terga</strong></span> <span class='ocrx_word' id='word_1_794' title='bbox 2520 4942 2716 4989; x_wconf 87' lang='lat' dir='ltr'><strong>vertet.</strong></span> <span class='ocrx_word' id='word_1_795' title='bbox 2761 4933 2901 4988; x_wconf 88' lang='lat' dir='ltr'><strong>Nihil</strong></span> <span class='ocrx_word' id='word_1_796' title='bbox 2930 4936 3075 4990; x_wconf 89' lang='lat' dir='ltr'><strong>enim</strong></span> <span class='ocrx_word' id='word_1_797' title='bbox 3105 4936 3176 4991; x_wconf 93' lang='lat' dir='ltr'><strong>ita</strong></span> <span class='ocrx_word' id='word_1_798' title='bbox 3219 4935 3562 4995; x_wconf 85' lang='lat' dir='ltr'><strong>formidabile</strong></span> 
     </span>
    </p>
   </div>
   <div class='ocr_carea' id='block_1_103' title="bbox 1921 5027 3560 5097">
    <p class='ocr_par' dir='ltr' id='par_1_103' title="bbox 1921 5027 3560 5097">
     <span class='ocr_line' id='line_1_103' title="bbox 1921 5027 3560 5097; baseline 0.004 -14"><span class='ocrx_word' id='word_1_799' title='bbox 1921 5037 2007 5083; x_wconf 90' lang='lat' dir='ltr'><strong>est</strong></span> <span class='ocrx_word' id='word_1_800' title='bbox 2032 5038 2087 5083; x_wconf 93' lang='lat' dir='ltr'><strong>et</strong></span> <span class='ocrx_word' id='word_1_801' title='bbox 2117 5027 2189 5081; x_wconf 91' lang='lat' dir='ltr'><strong>illi</strong></span> <span class='ocrx_word' id='word_1_802' title='bbox 2221 5037 2277 5083; x_wconf 92' lang='lat' dir='ltr'><strong>et</strong></span> <span class='ocrx_word' id='word_1_803' title='bbox 2305 5028 2726 5097; x_wconf 85' lang='lat' dir='ltr'><strong>cogitationibus</strong></span> <span class='ocrx_word' id='word_1_804' title='bbox 2754 5029 2823 5083; x_wconf 90' lang='lat' dir='ltr'><strong>ab</strong></span> <span class='ocrx_word' id='word_1_805' title='bbox 2865 5030 2959 5084; x_wconf 93' lang='lat' dir='ltr'><strong>illo</strong></span> <span class='ocrx_word' id='word_1_806' title='bbox 2990 5029 3248 5086; x_wconf 86' lang='lat' dir='ltr'><strong>immissis</strong></span> <span class='ocrx_word' id='word_1_807' title='bbox 3269 5075 3283 5094; x_wconf 90' lang='lat'><strong>,</strong></span> <span class='ocrx_word' id='word_1_808' title='bbox 3317 5041 3373 5086; x_wconf 93' lang='lat' dir='ltr'><strong>ut</strong></span> <span class='ocrx_word' id='word_1_809' title='bbox 3402 5048 3560 5090; x_wconf 83' lang='lat' dir='ltr'><strong>meus</strong></span> 
     </span>
    </p>
   </div>
   <div class='ocr_carea' id='block_1_104' title="bbox 1920 5119 3558 5192">
    <p class='ocr_par' dir='ltr' id='par_1_104' title="bbox 1920 5119 3558 5192">
     <span class='ocr_line' id='line_1_104' title="bbox 1920 5119 3558 5192; baseline 0.003 -16"><span class='ocrx_word' id='word_1_810' title='bbox 1920 5137 2043 5192; x_wconf 75' lang='lat' dir='ltr'><strong>qum</strong></span> <span class='ocrx_word' id='word_1_811' title='bbox 2086 5119 2269 5176; x_wconf 88' lang='lat' dir='ltr'><strong>divina</strong></span> <span class='ocrx_word' id='word_1_812' title='bbox 2323 5121 2646 5184; x_wconf 90' lang='lat' dir='ltr'><strong>tueditatur,</strong></span> <span class='ocrx_word' id='word_1_813' title='bbox 2693 5132 2751 5177; x_wconf 89' lang='lat' dir='ltr'><strong>et</strong></span> <span class='ocrx_word' id='word_1_814' title='bbox 2780 5121 2907 5177; x_wconf 87' lang='lat' dir='ltr'><strong>huic</strong></span> <span class='ocrx_word' id='word_1_815' title='bbox 2934 5138 3153 5192; x_wconf 89' lang='lat' dir='ltr'><strong>semper</strong></span> <span class='ocrx_word' id='word_1_816' title='bbox 3182 5123 3354 5180; x_wconf 76' lang='lat' dir='ltr'><strong>ltzrret</strong></span> <span class='ocrx_word' id='word_1_817' title='bbox 3403 5125 3558 5182; x_wconf 84' lang='lat' dir='ltr'><strong>fonti.</strong></span> 
     </span>
    </p>
   </div>
   <div class='ocr_carea' id='block_1_105' title="bbox 1921 5213 3561 5290">
    <p class='ocr_par' dir='ltr' id='par_1_105' title="bbox 1921 5213 3561 5290">
     <span class='ocr_line' id='line_1_105' title="bbox 1921 5213 3561 5290; baseline 0.005 -23"><span class='ocrx_word' id='word_1_818' title='bbox 1921 5213 2075 5268; x_wconf 85' lang='lat' dir='ltr'><strong>Hanc</strong></span> <span class='ocrx_word' id='word_1_819' title='bbox 2101 5213 2248 5268; x_wconf 89' lang='lat' dir='ltr'><strong>nulla</strong></span> <span class='ocrx_word' id='word_1_820' title='bbox 2277 5229 2458 5268; x_wconf 87' lang='lat' dir='ltr'><strong>rerum</strong></span> <span class='ocrx_word' id='word_1_821' title='bbox 2507 5214 2860 5284; x_wconf 70' lang='lat' dir='ltr'><strong>prasentium</strong></span> <span class='ocrx_word' id='word_1_822' title='bbox 2911 5216 3180 5284; x_wconf 89' lang='lat' dir='ltr'><strong>turbabit,</strong></span> <span class='ocrx_word' id='word_1_823' title='bbox 3213 5221 3561 5290; x_wconf 82' lang='lat' dir='ltr'><strong>quantumvis</strong></span> 
     </span>
    </p>
   </div>
   <div class='ocr_carea' id='block_1_106' title="bbox 1930 5305 3562 5382">
    <p class='ocr_par' dir='ltr' id='par_1_106' title="bbox 1930 5305 3562 5382">
     <span class='ocr_line' id='line_1_106' title="bbox 1930 5305 3562 5382; baseline 0.006 -22"><span class='ocrx_word' id='word_1_824' title='bbox 1930 5307 2156 5361; x_wconf 87' lang='lat' dir='ltr'><strong>molesta</strong></span> <span class='ocrx_word' id='word_1_825' title='bbox 2206 5307 2308 5372; x_wconf 85' lang='lat' dir='ltr'><strong>sit,</strong></span> <span class='ocrx_word' id='word_1_826' title='bbox 2364 5307 2508 5360; x_wconf 86' lang='lat' dir='ltr'><strong>nulla</strong></span> <span class='ocrx_word' id='word_1_827' title='bbox 2555 5305 2762 5361; x_wconf 81' lang='lat' dir='ltr'><strong>iut’lztbit</strong></span> <span class='ocrx_word' id='word_1_828' title='bbox 2801 5317 2857 5363; x_wconf 92' lang='lat' dir='ltr'><strong>et</strong></span> <span class='ocrx_word' id='word_1_829' title='bbox 2901 5307 3162 5374; x_wconf 64' lang='lat' dir='ltr'><strong>extollet,</strong></span> <span class='ocrx_word' id='word_1_830' title='bbox 3213 5313 3562 5382; x_wconf 76' lang='lat' dir='ltr'><strong>quantumvis</strong></span> 
     </span>
    </p>
   </div>
   <div class='ocr_carea' id='block_1_107' title="bbox 1929 5399 3558 5476">
    <p class='ocr_par' dir='ltr' id='par_1_107' title="bbox 1929 5399 3558 5476">
     <span class='ocr_line' id='line_1_107' title="bbox 1929 5399 3558 5476; baseline 0.006 -25"><span class='ocrx_word' id='word_1_831' title='bbox 1929 5414 2189 5469; x_wconf 86' lang='lat' dir='ltr'><strong>prospera</strong></span> <span class='ocrx_word' id='word_1_832' title='bbox 2222 5399 2422 5454; x_wconf 86' lang='lat' dir='ltr'><strong>fuerit:</strong></span> <span class='ocrx_word' id='word_1_833' title='bbox 2463 5399 2556 5452; x_wconf 80' lang='lat' dir='ltr'><strong>sed</strong></span> <span class='ocrx_word' id='word_1_834' title='bbox 2590 5401 2641 5454; x_wconf 92' lang='lat' dir='ltr'><strong>in</strong></span> <span class='ocrx_word' id='word_1_835' title='bbox 2676 5409 2820 5454; x_wconf 89' lang='lat' dir='ltr'><strong>tanta</strong></span> <span class='ocrx_word' id='word_1_836' title='bbox 2856 5401 3092 5472; x_wconf 82' lang='lat' dir='ltr'><strong>procella</strong></span> <span class='ocrx_word' id='word_1_837' title='bbox 3120 5413 3176 5460; x_wconf 92' lang='lat' dir='ltr'><strong>et</strong></span> <span class='ocrx_word' id='word_1_838' title='bbox 3201 5413 3558 5476; x_wconf 81' lang='lat' dir='ltr'><strong>tempestate,</strong></span> 
     </span>
    </p>
   </div>
   <div class='ocr_carea' id='block_1_108' title="bbox 1932 5491 2822 5563">
    <p class='ocr_par' dir='ltr' id='par_1_108' title="bbox 1932 5491 2822 5563">
     <span class='ocr_line' id='line_1_108' title="bbox 1932 5491 2822 5563; baseline 0 -15"><span class='ocrx_word' id='word_1_839' title='bbox 1932 5493 2325 5563; x_wconf 85' lang='lat' dir='ltr'><strong>tranquillitate</strong></span> <span class='ocrx_word' id='word_1_840' title='bbox 2366 5509 2558 5563; x_wconf 80' lang='lat' dir='ltr'><strong>magna</strong></span> <span class='ocrx_word' id='word_1_841' title='bbox 2595 5491 2822 5549; x_wconf 86' lang='lat' dir='ltr'><strong>fruetur.</strong></span> 
     </span>
    </p>
   </div>
   <div class='ocr_carea' id='block_1_109' title="bbox 1997 5586 3556 5662">
    <p class='ocr_par' dir='ltr' id='par_1_109' title="bbox 1997 5586 3556 5662">
     <span class='ocr_line' id='line_1_109' title="bbox 1997 5586 3556 5662; baseline 0.004 -20"><span class='ocrx_word' id='word_1_842' title='bbox 1997 5587 2056 5643; x_wconf 75' lang='grc'><strong>2.</strong></span> <span class='ocrx_word' id='word_1_843' title='bbox 2095 5586 2215 5641; x_wconf 84' lang='lat' dir='ltr'><strong>Non</strong></span> <span class='ocrx_word' id='word_1_844' title='bbox 2244 5587 2512 5641; x_wconf 86' lang='lat' dir='ltr'><strong>turbantur</strong></span> <span class='ocrx_word' id='word_1_845' title='bbox 2531 5587 2631 5642; x_wconf 79' lang='lat' dir='ltr'><strong>nisi</strong></span> <span class='ocrx_word' id='word_1_846' title='bbox 2650 5605 2714 5643; x_wconf 77' lang='lat' dir='ltr'><strong>ea:</strong></span> <span class='ocrx_word' id='word_1_847' title='bbox 2731 5590 2892 5644; x_wconf 87' lang='lat' dir='ltr'><strong>animi</strong></span> <span class='ocrx_word' id='word_1_848' title='bbox 2910 5593 3073 5646; x_wconf 77' lang='lat' dir='ltr'><strong>nostri</strong></span> <span class='ocrx_word' id='word_1_849' title='bbox 3088 5592 3406 5662; x_wconf 77' lang='lat' dir='ltr'><strong>inﬁrmitate.</strong></span> <span class='ocrx_word' id='word_1_850' title='bbox 3437 5591 3556 5649; x_wconf 59' lang='lat' dir='ltr'><strong>Ila.~</strong></span> 
     </span>
    </p>
   </div>
   <div class='ocr_carea' id='block_1_110' title="bbox 1927 5679 3556 5757">
    <p class='ocr_par' dir='ltr' id='par_1_110' title="bbox 1927 5679 3556 5757">
     <span class='ocr_line' id='line_1_110' title="bbox 1927 5679 3556 5757; baseline 0.004 -19"><span class='ocrx_word' id='word_1_851' title='bbox 1927 5683 2200 5738; x_wconf 80' lang='lat' dir='ltr'><strong>micorum</strong></span> <span class='ocrx_word' id='word_1_852' title='bbox 2225 5682 2289 5736; x_wconf 83' lang='lat' dir='ltr'><strong>de</strong></span> <span class='ocrx_word' id='word_1_853' title='bbox 2327 5679 2490 5736; x_wconf 77' lang='lat' dir='ltr'><strong>Verbo</strong></span> <span class='ocrx_word' id='word_1_854' title='bbox 2518 5683 2785 5740; x_wconf 80' lang='lat' dir='ltr'><strong>sententia.</strong></span> <span class='ocrx_word' id='word_1_855' title='bbox 2803 5715 2876 5726; x_wconf 89' lang='lat'><strong>-—</strong></span> <span class='ocrx_word' id='word_1_856' title='bbox 2895 5684 3080 5757; x_wconf 81' lang='lat' dir='ltr'><strong>Neque</strong></span> <span class='ocrx_word' id='word_1_857' title='bbox 3106 5687 3250 5741; x_wconf 88' lang='lat' dir='ltr'><strong>enim</strong></span> <span class='ocrx_word' id='word_1_858' title='bbox 3277 5703 3342 5742; x_wconf 84' lang='lat' dir='ltr'><strong>ex</strong></span> <span class='ocrx_word' id='word_1_859' title='bbox 3377 5703 3556 5744; x_wconf 70' lang='lat' dir='ltr'><strong>rerum</strong></span> 
     </span>
    </p>
   </div>
   <div class='ocr_carea' id='block_1_111' title="bbox 1929 5775 3554 5840">
    <p class='ocr_par' dir='ltr' id='par_1_111' title="bbox 1929 5775 3554 5840">
     <span class='ocr_line' id='line_1_111' title="bbox 1929 5775 3554 5840; baseline 0.001 -8"><span class='ocrx_word' id='word_1_860' title='bbox 1929 5786 2120 5832; x_wconf 88' lang='lat' dir='ltr'><strong>natura</strong></span> <span class='ocrx_word' id='word_1_861' title='bbox 2171 5775 2476 5840; x_wconf 84' lang='lat' dir='ltr'><strong>turbamur,</strong></span> <span class='ocrx_word' id='word_1_862' title='bbox 2515 5775 2612 5831; x_wconf 84' lang='lat' dir='ltr'><strong>sed</strong></span> <span class='ocrx_word' id='word_1_863' title='bbox 2663 5791 2727 5830; x_wconf 80' lang='lat' dir='ltr'><strong>ex</strong></span> <span class='ocrx_word' id='word_1_864' title='bbox 2779 5777 2944 5832; x_wconf 90' lang='lat' dir='ltr'><strong>animi</strong></span> <span class='ocrx_word' id='word_1_865' title='bbox 2999 5780 3166 5833; x_wconf 88' lang='lat' dir='ltr'><strong>nostri</strong></span> <span class='ocrx_word' id='word_1_866' title='bbox 3220 5779 3554 5836; x_wconf 80' lang='lat' dir='ltr'><strong>infirmitate.</strong></span> 
     </span>
    </p>
   </div>
   <div class='ocr_carea' id='block_1_112' title="bbox 1932 5859 3558 5943">
    <p class='ocr_par' dir='ltr' id='par_1_112' title="bbox 1932 5859 3558 5943">
     <span class='ocr_line' id='line_1_112' title="bbox 1932 5859 3558 5943; baseline 0.002 -16"><span class='ocrx_word' id='word_1_867' title='bbox 1932 5871 2063 5927; x_wconf 65' lang='lat' dir='ltr'><strong>Nam</strong></span> <span class='ocrx_word' id='word_1_868' title='bbox 2113 5872 2154 5927; x_wconf 81' lang='lat' dir='ltr'><strong>si</strong></span> <span class='ocrx_word' id='word_1_869' title='bbox 2188 5888 2252 5926; x_wconf 73' lang='lat' dir='ltr'><strong>ex</strong></span> <span class='ocrx_word' id='word_1_870' title='bbox 2304 5871 2464 5926; x_wconf 84' lang='lat' dir='ltr'><strong>rebus</strong></span> <span class='ocrx_word' id='word_1_871' title='bbox 2493 5887 2616 5941; x_wconf 69' lang='lat' dir='ltr'><strong>quur.</strong></span> <span class='ocrx_word' id='word_1_872' title='bbox 2663 5870 2920 5927; x_wconf 73' lang='lat' dir='ltr'><strong>accidunt</strong></span> <span class='ocrx_word' id='word_1_873' title='bbox 2947 5872 3321 5943; x_wconf 78' lang='lat' dir='ltr'><strong>turbarentur,</strong></span> <span class='ocrx_word' id='word_1_874' title='bbox 3365 5859 3558 5932; x_wconf 73' lang='lat' dir='ltr'><strong>Omnes</strong></span> 
     </span>
    </p>
   </div>
  </div>
