4064 6434
516 314 525 317 ”
583 353 653 413 δυ
1337 345 1393 399 s.
1434 340 1712 398 manuus
1749 337 2227 394 CIIRYSOSTOMI
2269 341 2587 402 ARCHIEP.
2628 345 3166 407 coxsranmor.
3838 365 3907 422 ιο

581 470 826 527 homines
875 464 1074 521 turbari
1120 474 1341 525 necesse
1384 466 1545 514 esset.
1597 455 1796 511 Omnes
1846 452 1989 508 enim
2033 449 2173 505 idem

579 566 891 635 navigamus
928 558 1166 629 pelagus,
1197 568 1371 623 neque
1415 550 1527 606 fieri
1562 555 1777 621 potest,
1813 556 1870 601 ut
1895 554 2040 601 extra
2072 543 2173 598 llu-

581 666 701 711 ctus
729 662 778 709 et
812 658 1158 721 tempestates
1183 660 1479 701 versemur.
1522 642 1675 709 Quod
1705 641 1749 695 si
1778 639 1991 711 quidam
2023 646 2173 693 extra

581 753 953 817 tempestatem
979 750 1033 798 et
1063 739 1405 796 furibundum
1436 753 1582 792 mare
1608 736 1842 806 degant,
1887 730 2059 803 palam
2088 739 2169 786 est

574 845 943 908 tempestatem
977 848 1083 889 nou
1113 848 1142 887 a
1183 831 1410 902 negotiis
1439 829 1589 892 oriri,
1621 826 1715 882 sed
1742 841 1772 879 a
1812 835 1951 879 statu
1978 821 2170 878 mentis

571 940 792 987 nostra.
836 926 893 982 Si
943 924 1079 979 hanc
1128 923 1285 993 igitur
1328 922 1398 974 ita
1443 930 1838 987 comparemus,
1890 925 1945 969 ut
1990 914 2167 969 omnia

569 1022 727 1078 facile
758 1021 913 1084 ferat,
959 1017 1087 1072 nulli
1120 1015 1332 1080 ﬂuctus,
1375 1012 1517 1067 nulla
1549 1017 1859 1079 tempestas,
1891 1006 1985 1063 Sed
2018 1016 2165 1061 tran-

542 1102 805 1185 quillitas
851 1110 1006 1165 nobis
1060 1122 1271 1174 semper
1319 1104 1511 1159 aderit.
1564 1101 1766 1156 Verum
1824 1099 2005 1155 nescio
2056 1113 2165 1167 quo

572 1215 750 1279 pacto,
775 1218 893 1258 eum
918 1200 1048 1256 nihil
1076 1199 1266 1254 horum
1292 1197 1476 1252 dicere
1504 1196 1554 1249 in
1580 1192 1855 1264 proposito
1883 1189 2160 1256 haberem,

567 1300 618 1353 in
639 1307 835 1351 tantam
854 1292 1274 1350 admonitionem
1297 1288 1633 1345 devenerim.
1652 1284 1932 1356 Ignoscite,
1955 1297 2160 1354 quaeso,

563 1388 971 1461 longitudinem.
1018 1380 1227 1441 Etenim
1256 1397 1469 1445 vereor,
1519 1388 1573 1435 et
1601 1376 1888 1433 admodum
1921 1390 2149 1440 vereor,

561 1492 621 1538 ut
665 1483 766 1538 hoc
794 1480 1027 1537 studium
1074 1493 1251 1533 meum
1301 1475 1508 1531 felicem
1553 1474 1751 1527 exitum
1782 1471 2002 1535 haheat;
2034 1483 2154 1522 nam

558 1570 606 1631 si
634 1575 763 1631 llsus
792 1588 990 1639 essem,
1021 1571 1328 1640 neutiquam
1353 1582 1448 1622 vos
1471 1566 1552 1620 his
1574 1563 1641 1619 de
1671 1562 1829 1617 rebus
1851 1561 2155 1630 alloqmnus

558 1682 757 1723 essent.
790 1665 932 1721 Satis
957 1672 1103 1719 certe
1133 1671 1257 1717 sunt
1283 1676 1402 1731 qua:
1430 1658 1682 1721 diximus,
1714 1663 1770 1708 ut
1797 1654 1975 1708 omnia
2003 1652 2154 1705 vobis

558 1760 733 1817 facilia
760 1759 1070 1815 reddantur.
1099 1756 1334 1825 Tempus
1364 1762 1542 1811 autem
1571 1758 1653 1804 est
1681 1757 1735 1801 ut
1767 1747 1832 1799 ad
1874 1761 1986 1799 rem
2031 1760 2151 1813 pro-

558 1854 782 1923 positam
833 1851 1146 1913 veniamus,
1195 1862 1263 1901 ne
1314 1858 1409 1899 vos
1453 1841 1648 1898 defessi
1695 1840 1809 1894 inec
1859 1836 2150 1893 certamina

552 1942 777 1999 adeatis.
808 1939 1110 1997 Certamina
1142 1939 1339 2009 quippe
1386 1935 1541 1989 nobis
1573 1941 1813 2001 prostant
1838 1938 2023 1985 contra
2054 1945 2147 1983 ve-

554 2036 725 2091 ritatis
772 2034 973 2099 hostes,
1025 2040 1210 2086 contra
1260 2044 1354 2083 eos
1404 2028 1494 2097 qui
1546 2024 1676 2078 nihil
1723 2039 1827 2077 non
1859 2030 2055 2092 agunt,
2092 2031 2149 2075 ut

552 2128 673 2189 Filii
718 2128 807 2184 Dei
855 2126 1101 2198 gloriam,
1156 2123 1265 2178 imo
1315 2121 1489 2192 potius
1534 2133 1682 2173 suam
1729 2117 2000 2185 dejiciant.
2055 2115 2143 2169 Illa

548 2225 745 2293 quippe
790 2235 1003 2290 semper
1048 2228 1229 2274 manet
1276 2227 1331 2271 ut
1375 2224 1490 2278 est,
1524 2212 1653 2267 nihil
1689 2227 1782 2281 per
1829 2208 2140 2264 maledicam

548 2314 781 2385 linguam
823 2311 1145 2365 imminuta:
1192 2308 1263 2362 illi
1308 2321 1454 2369 vero,
1504 2302 1631 2357 dum
1671 2316 1828 2365 eum,
1882 2316 2038 2371 quem
2083 2315 2143 2356 se

544 2403 770 2458 adorare
814 2402 1034 2467 dicunt,
1088 2407 1429 2470 prosternere
1458 2393 1708 2459 student,
1754 2392 1956 2446 vultum
1984 2406 2137 2446 suum

542 2495 760 2553 infamia
786 2494 1014 2564 replent,
1039 2501 1093 2547 et
1118 2492 1350 2545 animam
1378 2486 1641 2565 supplicio
1671 2484 1946 2540 addicunt.
1981 2484 2139 2551 Quae-

541 2604 666 2645 nam
695 2602 822 2658 ergo
842 2587 1023 2641 dicunt
1046 2585 1142 2651 illi,
1173 2584 1299 2639 dum
1325 2596 1424 2638 nos
1447 2582 1562 2636 haec
1592 2576 1954 2649 proferimus?
1979 2576 2129 2641 Illud,

541 2678 610 2738 lit
635 2680 879 2751 principio
904 2689 1011 2732 erat
1033 2675 1234 2731 verbum
1254 2716 1270 2742 ,
1305 2689 1410 2728 non
1441 2672 1791 2728 :eteruitatem
1818 2668 2135 2738 simpliciter

540 2770 812 2829 indicare:
846 2784 967 2823 nam
1000 2766 1099 2822 hoc
1128 2768 1195 2821 de
1236 2765 1369 2819 czelo
1398 2763 1558 2817 etiam
1581 2770 1635 2817 et
1665 2760 1732 2815 de
1760 2770 1899 2815 terra
1932 2759 2130 2813 dietum

538 2864 654 2919 fuit.
686 2864 731 2918 0
755 2861 1137 2932 impudentiam
1164 2869 1214 2914 et
1244 2858 1567 2926 impietatem
1592 2852 1890 2923 ingentem!
1925 2850 1997 2905 De
2020 2849 2129 2906 Deo

535 2965 588 3011 te
614 2954 873 3024 alloquor,
904 2964 958 3007 et
987 2960 1039 3006 tu
1070 2949 1200 3005 mihi
1234 2959 1429 3004 terram
1453 2956 1507 3002 et
1537 2946 1780 2999 homines
1809 2954 1949 2999 terra
1981 2952 2129 2998 ortos

532 3046 695 3102 altera
725 3046 776 3100 in
806 3042 1081 3099 medium?
1114 3042 1253 3114 Ergo
1279 3042 1401 3112 quia
1432 3040 1675 3094 Christus
1716 3037 1883 3092 Filius
1924 3036 2013 3090 Dei
2043 3035 2128 3091 di-

535 3138 671 3193 citur
716 3142 772 3190 et
811 3134 972 3199 Deus,
1023 3142 1079 3189 et
1108 3132 1269 3187 homo
1317 3130 1565 3185 similiter
1599 3128 1740 3183 ﬁlius
1771 3127 1862 3183 Dei
1894 3135 1947 3182 et
1993 3126 2126 3180 deus

530 3228 851 3297 pradicatur
879 3226 897 3294 (
930 3240 1051 3279 nam
1092 3221 1202 3295 Ego
1232 3223 1366 3287 dixi,
1413 3221 1617 3291 inquit,
1646 3220 1720 3273 dii
1759 3219 1897 3283 estis,
1943 3228 1991 3272 et
2026 3218 2125 3286 ﬁlii

534 3319 734 3376 Excelsi
755 3334 926 3372 omnes
949 3314 969 3389 [
989 3315 1131 3370 Psal.
1156 3315 1245 3371 8|.
1276 3311 1348 3387 6]
1369 3312 1407 3384 ),
1438 3328 1561 3367 cum
1588 3310 1873 3383 Unigenito
1902 3319 2125 3364 conten-

528 3410 623 3466 des
645 3410 715 3466 de
742 3408 1028 3472 liliatione,
1076 3416 1131 3463 et
1172 3404 1319 3461 dices
1366 3406 1535 3474 ipsum
1568 3403 1693 3458 nihil
1726 3402 1844 3472 plus
1891 3401 2117 3468 habere,

530 3519 686 3577 quam
716 3510 771 3559 tu
810 3501 1047 3557 habeas?
1074 3500 1441 3571 Nequaquam,
1472 3498 1565 3552 ait.
1602 3499 1758 3567 Atqui
1790 3495 1917 3551 illud
1946 3490 2130 3565 ipsum

526 3598 670 3669 agis,
696 3599 796 3653 etsi
841 3610 945 3651 non
975 3593 1141 3650 dicas.
1176 3591 1493 3661 Quomodo?
1534 3592 1669 3659 Quia
1716 3590 1883 3651 dicis,
1932 3598 1983 3645 te
2025 3604 2121 3658 per

525 3692 749 3763 gratiam
775 3688 1115 3759 adoptionem
1146 3686 1452 3757 percepisse
1472 3726 1484 3749 ,
1523 3685 1800 3754 ipsumque
1828 3682 2076 3737 similiter
2102 3698 2115 3735 :

524 3799 645 3839 cum
671 3794 851 3838 autem
886 3782 1019 3837 dicis
1047 3782 1219 3851 ipsum
1249 3795 1355 3834 non
1390 3788 1574 3833 natura
1621 3778 1784 3833 lilium
1810 3792 1963 3843 esse,
1988 3778 2115 3832 nihil

522 3875 664 3930 aliud
690 3875 899 3943 probas,
930 3890 1088 3945 quant
1119 3889 1215 3944 per
1229 3867 1463 3941 “gratiam
1494 3873 1658 3926 lilium
1688 3887 1831 3927 esse.
1852 3872 2114 3927 Casterum

523 3969 796 4022 videmnus
852 3982 949 4031 ea,
1003 3982 1121 4037 qua:
1173 3965 1325 4019 nobis
1378 3965 1608 4019 all'ertmt
1654 3964 1989 4019 testimonia:
2046 3963 2113 4018 In

522 4059 770 4130 principio
805 4058 922 4129 fecit
948 4055 1087 4110 Deus
1113 4056 1289 4110 calum
1318 4066 1365 4109 et
1387 4066 1591 4109 terram.
1627 4054 1784 4109 Terra
1810 4066 1976 4108 autem
2004 4064 2113 4109 erat

519 4150 781 4206 invisibilis
810 4159 856 4205 et
880 4150 1215 4218 incomposita
1238 4146 1389 4219 (Gen.
1423 4146 1656 4215 1.1.2).
1693 4148 1777 4213 Et,
1812 4145 1938 4199 Erat
1963 4148 2112 4201 homo

518 4256 582 4296 ea:
622 4239 938 4294 Armatltaim
968 4237 1136 4307 Siplta
1165 4238 1183 4306 (
1209 4238 1260 4290 l.
1293 4237 1420 4307 Reg.
1453 4237 1505 4291 1.
1533 4236 1554 4289 i
1653 4235 1775 4290 llaec
1808 4237 1933 4303 ipsis
1962 4235 2110 4291 firma

518 4332 785 4387 videntur.
819 4329 883 4384 Et
909 4344 1032 4383 vere
1060 4327 1209 4381 lirma
1240 4336 1395 4391 sunt,
1423 4326 1517 4382 sed
1544 4326 1610 4379 ad
1640 4325 2109 4381 demonstrandam

517 4423 776 4480 doctrinm
796 4431 994 4477 nostrae
1024 4421 1337 4475 veritatem:
1368 4435 1488 4474 nam
1520 4419 1585 4474 ad
1624 4419 1836 4475 illorum
1869 4419 2109 4491 blasphe-

516 4516 675 4572 miam
702 4512 1152 4584 comprobandam
1172 4513 1410 4567 omnium
1436 4511 1761 4567 dcbilissima
1794 4523 1938 4567 sunt.
1970 4513 2106 4579 Quid

512 4609 679 4671 enim,
705 4622 909 4678 qumso,
942 4622 1226 4662 commune
1257 4605 1420 4660 habet
1450 4605 1577 4660 illud
1599 4646 1615 4672 ,
1640 4604 1814 4671 Fecit,
1846 4620 1967 4661 cum
1992 4606 2103 4669 illo,

518 4700 684 4759 Erat?
713 4699 839 4772 quid
872 4699 1015 4755 Deus
1055 4714 1175 4754 cum
1208 4698 1457 4753 homine?
1500 4698 1611 4753 Cnr
1640 4714 1701 4753 ea
1750 4700 1944 4753 misces
1985 4715 2106 4767 qua:

512 4795 725 4851 misceri
767 4807 875 4849 non
925 4791 1188 4862 possunt?
1218 4806 1313 4846 cur
1356 4791 1640 4846 confundis
1683 4806 1745 4845 ea
1787 4807 1907 4860 qme
1935 4791 2103 4845 divisa

510 4896 669 4952 sunt,
719 4896 773 4943 et
820 4902 939 4957 qua:
983 4900 1233 4951 sursum,
1284 4886 1534 4940 deorsum
1574 4885 1771 4954 ponis?
1816 4884 1913 4940 llic
1960 4886 2103 4941 enim

510 4979 637 5037 illud
657 5019 673 5045 ,
698 4976 845 5040 Erat,
875 4995 977 5033 non
1006 4980 1357 5034 teternitatem
1385 4978 1652 5043 ostendit,
1681 4978 1723 5031 si
1768 4978 1941 5032 solum
1982 4994 2106 5049 spe-

508 5080 714 5135 ctetur;
741 5069 835 5125 sed
862 5070 905 5123 si
933 5070 1157 5123 addatur
1182 5085 1303 5124 cum
1337 5070 1460 5135 illis,
1491 5069 1556 5123 In
1585 5070 1835 5140 principio
1866 5079 1991 5136 erat,
2026 5080 2100 5135 et,

522 5160 733 5218 Verbum
772 5171 901 5215 erat.
934 5160 1389 5227 Quemadmodum
1432 5177 1559 5232 ergo
1591 5162 1713 5216 illud
1736 5200 1751 5225 ,
1783 5162 1914 5217 Esse
1934 5202 1949 5226 ,
1980 5178 2103 5217 cum

506 5254 575 5309 de
607 5253 821 5308 homine
850 5252 1066 5316 dicitur,
1098 5267 1332 5322 prmsens
1375 5264 1575 5306 tantum
1622 5254 1820 5307 indicat
1850 5263 2098 5325 tempus;

508 5362 627 5399 eum
657 5357 835 5400 autem
863 5346 931 5400 de
965 5346 1103 5410 Deo,
1147 5346 1495 5401 aeternitatem
1526 5347 1895 5402 dc’tnonstrat:
1942 5350 2018 5404 sic
2048 5360 2103 5405 et

510 5439 671 5504 illud,
713 5437 872 5501 Erat,
918 5438 986 5493 de
1028 5448 1209 5493 nostra
1258 5438 1456 5493 dictum
1504 5450 1718 5503 natura,
1775 5446 2099 5509 prieterttum

515 5542 715 5603 tempus
749 5532 1007 5603 signiticet
1028 5576 1042 5599 ,
1084 5532 1365 5601 ipsumque
1397 5534 1631 5598 linitmn;
1665 5550 1783 5588 cum
1825 5546 2003 5591 autem
2034 5536 2101 5590 de

512 5624 621 5679 Deo
641 5664 653 5686 .
683 5625 1027 5679 aeternitatem
1062 5624 1276 5679 iudicat.
1308 5624 1445 5679 Satis
1476 5641 1605 5694 ergo
1635 5636 1743 5681 erat
1779 5628 1826 5681 ei
1851 5670 1864 5691 ,
1894 5628 1982 5697 qui
2007 5644 2101 5681 an-

508 5715 647 5769 diret
675 5712 924 5777 Terram,
968 5726 1021 5769 et
1070 5714 1387 5781 Hominem,
1444 5716 1571 5769 nihil
1618 5718 1844 5787 amplius
1890 5718 1955 5773 de
1997 5719 2099 5772 illis

508 5804 765 5876 cogitare,
811 5823 964 5875 quam
1008 5816 1211 5862 natura:
1238 5819 1430 5863 creata)
1463 5809 1761 5864 Cuttvcniat.
1796 5809 1923 5865 Nam
1956 5811 2096 5880 quod

2292 454 2488 512 factum
2520 467 2639 527 est,
2669 460 2925 533 quidquid
2958 464 3173 521 tandem
3196 466 3299 530 sit,
3325 466 3377 521 in
3409 474 3655 539 tempore
3680 468 3771 525 vel
3808 486 3911 527 sai-

2284 548 2406 605 culo
2433 550 2627 608 factum
2649 565 2770 609 est:
2801 565 2856 611 at
2895 556 3063 612 Filius
3106 558 3236 626 Dei,
3269 575 3375 614 non
3409 563 3753 632 temporibus
3784 572 3909 619 tan-

2283 649 2396 696 tum
2419 684 2432 707 ,
2461 646 2555 699 sed
2581 646 2793 703 saeculis
2820 648 3067 703 omnibus
3094 650 3339 720 superior
3370 660 3485 707 est:
3515 667 3642 707 nam
3680 652 3905 709 illorum

2280 740 2335 787 et
2358 743 2569 788 creator
2598 744 2651 790 et
2679 737 2855 806 opifex
2892 748 2975 793 est
2999 757 3013 796 :
3036 739 3235 795 dicitur
3254 742 3424 807 enim,
3463 740 3563 797 Per
3589 760 3752 815 quem
3788 744 3905 813 fecit

2278 831 2327 876 et
2351 825 2540 879 serrula
2589 825 2788 897 (Hebr.
2822 830 2872 884 i.
2905 828 3003 899 2).
3033 830 3134 897 Qui
3178 840 3354 886 autem
3383 831 3562 902 opifex
3612 844 3727 900 est,
3775 845 3904 892 ante

2277 913 2489 982 opiﬁcis
2520 916 2659 971 haud
2688 918 2850 974 dubie
2882 921 2996 974 fuit.
3021 920 3286 988 Quoniam
3316 938 3446 977 vero
3468 924 3690 995 quidam
3718 926 3795 980 ita
3821 925 3902 983 in-

2272 1007 2473 1060 sensati
2498 1016 2641 1073 sunt,
2679 1019 2735 1063 ut
2760 1019 2942 1079 postea
2973 1013 3145 1081 majus
3174 1013 3447 1083 quidpiam
3477 1015 3546 1070 de
3576 1031 3676 1070 sua
3709 1016 3897 1086 digni-

2273 1104 2380 1151 tate
2405 1100 2761 1167 suspicentur,
2797 1102 2888 1157 illo
2913 1103 3101 1168 verbo,
3132 1103 3299 1171 Fecit,
3322 1116 3377 1161 et
3405 1106 3525 1171 illo,
3558 1106 3739 1164 Homo
3759 1120 3893 1175 erat,

2269 1190 2531 1247 auditoris
2570 1204 2802 1251 mentem
2838 1207 3207 1267 prteoccupat,
3238 1207 3293 1254 et
3338 1216 3550 1257 omnem
3590 1204 3893 1275 impuden-

2269 1284 2394 1338 tiam
2423 1286 2706 1341 exscindit.
2740 1288 2874 1344 Nam
2905 1306 3024 1361 qua:
3053 1290 3189 1346 facta
3233 1301 3360 1348 sunt
3402 1296 3612 1361 omnia,
3643 1300 3850 1351 caelum
3871 1338 3888 1363 ,

2268 1383 2431 1445 terra,
2467 1389 2703 1450 tempore
2736 1382 2870 1438 facta
2901 1394 3048 1452 sunt,
3081 1390 3375 1456 temporale
3413 1390 3742 1460 principium
3779 1390 3883 1445 ha-

2266 1467 2419 1535 bent,
2454 1486 2746 1543 eorumqne
2784 1474 2920 1529 nihil
2962 1478 3081 1531 sine
3118 1479 3383 1548 principio
3420 1490 3501 1534 est
3524 1522 3540 1547 ,
3577 1482 3704 1551 quia
3738 1480 3891 1537 facta

2263 1572 2407 1616 sunt.
2438 1562 2619 1634 Itaque
2644 1580 2765 1621 cum
2807 1568 2959 1624 audis
2987 1568 3161 1639 ipsum
3188 1571 3380 1626 fecisse
3422 1582 3618 1628 terram
3639 1616 3653 1639 ,
3691 1584 3750 1630 et
3777 1574 3883 1631 ho.

2261 1655 2460 1708 minem
2487 1671 2642 1721 esse,
2679 1659 2949 1727 superﬂue
2991 1663 3209 1733 nugaris
3231 1704 3246 1728 ,
3281 1674 3335 1718 et
3367 1665 3572 1719 inutilia
3606 1666 3803 1723 ell‘utis
3839 1677 3877 1723 ί.

2262 1744 2372 1816 Ego
2402 1747 2544 1801 enim
2574 1749 2731 1803 aliam
2761 1750 3091 1823 hyperbolen
3115 1752 3312 1810 all‘erre
3342 1770 3580 1823 possum.
3602 1757 3885 1825 Qumnant

2258 1837 2345 1892 illa
2372 1839 2497 1894 est?
2527 1840 2580 1895 Si
2605 1839 2673 1895 de
2707 1852 2847 1897 terra
2878 1843 3080 1898 dictum
3111 1855 3289 1912 esset,
3322 1847 3377 1901 In
3412 1847 3680 1918 principio
3726 1860 3875 1905 terra

2256 1940 2406 1995 erat;
2435 1944 2487 1986 et
2516 1933 2583 1987 de
2614 1932 2830 1990 homine
2853 1977 2867 2000 ,
2903 1936 2957 1990 In
3004 1937 3267 2006 principio
3294 1948 3411 1991 erat
3456 1943 3640 2007 homo,
3690 1958 3877 2012 neque

2255 2021 2322 2074 ita
2364 2024 2488 2092 quid
2517 2024 2689 2093 majus
2730 2026 2797 2081 de
2844 2027 2947 2082 illis
2993 2028 3373 2098 suspicandum
3417 2029 3552 2095 fore,
3580 2048 3747 2101 quam
3780 2034 3871 2087 illa

2253 2128 2373 2182 qua:
2398 2129 2538 2169 nunc
2577 2118 2975 2187 cognoscimus.
3007 2118 3138 2172 Nam
3166 2121 3443 2189 pra‘missa
3476 2132 3633 2175 terrm
3672 2133 3728 2178 et
3765 2127 3865 2179 ho—

2250 2206 2409 2260 minis
2452 2208 2844 2277 appellatione,
2895 2210 3150 2281 quidquid
3202 2210 3271 2265 de
3321 2211 3426 2265 illis
3470 2212 3699 2275 dientur,
3755 2230 3865 2268 non

2249 2305 2424 2364 potest
2473 2300 2681 2354 animus
2733 2301 2906 2371 majus
2951 2302 3221 2372 quidpiam
3272 2303 3340 2358 de
3386 2304 3488 2358 illis
3542 2305 3864 2375 imaginari,

2247 2405 2405 2460 quam
2437 2407 2498 2446 ea
2541 2409 2658 2462 qua:
2709 2395 2946 2448 scimus:
2983 2404 3041 2448 ut
3082 2404 3301 2460 contra,
3340 2395 3593 2463 Verbum,
3642 2399 3861 2453 etiamsi

2245 2488 2406 2537 tenue
2435 2484 2707 2553 quidpiam
2739 2485 2805 2540 de
2847 2486 2937 2540 illo
2966 2486 3164 2540 dictum
3198 2484 3386 2548 fuerit.
3439 2505 3543 2543 non
3594 2491 3862 2557 permittit

2244 2582 2421 2627 tamen
2475 2574 2673 2645 aliquid
2726 2575 2995 2644 abjcctutn
3040 2587 3094 2632 et
3145 2578 3247 2633 vile
3296 2578 3364 2633 de
3418 2596 3481 2636 se
3526 2582 3861 2637 existimari.

2245 2665 2533 2721 Enimvero
2576 2669 2645 2724 de
2692 2678 2831 2723 terra
2878 2670 2953 2724 sic
2997 2680 3179 2739 postea
3225 2672 3458 2727 dicitur:
3492 2672 3648 2728 Terra
3676 2688 3859 2730 autem

2240 2766 2345 2811 erat
2372 2758 2637 2813 invisibilis
2676 2770 2721 2813 et
2748 2762 3083 2832 incomposita
3113 2763 3129 2831 (
3154 2762 3282 2816 Gen.
3314 2765 3359 2818 i.
3387 2763 3421 2817 ‘2
3445 2765 3485 2834 ).
3517 2764 3649 2819 Cum
3676 2766 3855 2821 dixis—

2237 2860 2320 2904 set
2350 2851 2491 2904 enim
2524 2853 2694 2919 ipsum
2722 2854 2912 2907 fecisse
2944 2866 3163 2919 terram,
3212 2865 3265 2910 et
3297 2857 3394 2924 ipsi
3431 2858 3703 2928 proprium
3734 2867 3850 2914 ter-

2238 2942 2439 2995 minum
2465 2943 2750 3012 posuisset,
2776 2959 2965 2999 secure
2985 2944 3101 3015 jam
3121 2962 3241 3016 qua:
3265 2958 3563 3017 sequuntur
3583 2959 3803 3004 enarrari
3830 2968 3848 3016 ;

2234 3050 2432 3105 gnarus
2461 3038 2731 3093 neminem
2764 3041 2831 3094 ita
2863 3040 3083 3095 stultum
3109 3056 3249 3106 esse,
3286 3052 3341 3098 ut
3374 3044 3514 3098 illam
3542 3045 3659 3100 sine
3688 3046 3843 3114 prin-

2233 3130 2375 3200 cipio
2418 3140 2472 3188 et
2521 3148 2626 3187 non
2672 3134 2862 3188 lactant
2904 3150 3025 3189 esse
3060 3136 3381 3206 suSpieetur.
3413 3135 3598 3191 Terra:
3638 3137 3852 3208 quippe

2232 3238 2450 3289 nomen,
2494 3232 2548 3279 et
2579 3224 2731 3291 illud,
2783 3224 2956 3290 Fecit,
2988 3228 3119 3281 satis
3156 3235 3284 3282 sunt
3329 3237 3403 3302 ut,
3430 3227 3513 3282 vel
3542 3226 3839 3284 admodum

2228 3316 2392 3371 stulto
2419 3317 2711 3382 suadeant,
2744 3318 2910 3385 ipsam
2937 3334 3036 3374 nec
3062 3331 3317 3375 teternam
3337 3363 3349 3381 .
3374 3335 3478 3376 nec
3497 3334 3605 3377 non
3638 3320 3843 3379 factam

2227 3421 2376 3474 esse,
2409 3408 2504 3463 sed
2529 3424 2597 3463 ex
2624 3424 2809 3464 eorum
2841 3425 3065 3464 numero
3110 3427 3229 3482 qua:
3258 3413 3310 3465 in
3343 3421 3587 3483 tempore
3616 3412 3844 3469 condita

2226 3513 2326 3554 Slll'l
2334 3509 2370 3554 ι.

2298 3592 2350 3646 5.
2378 3591 2645 3646 Praeterea
2675 3600 2854 3646 autem
2886 3591 3014 3647 illud
3037 3634 3056 3659 ,
3090 3591 3252 3657 Erat,
3286 3593 3353 3649 de
3383 3603 3521 3649 terra
3546 3604 3601 3650 et
3624 3595 3694 3651 de
3726 3595 3836 3653 lto-

2226 3684 2370 3737 miue
2406 3686 2425 3715 ²
2464 3684 2697 3749 dictum,
2728 3701 2833 3739 non
2862 3684 3179 3755 simpliciter
3205 3687 3574 3743 exsistentiam
3618 3691 3832 3760 signiti-

2224 3783 2341 3837 cat;
2366 3774 2459 3830 sed
2489 3775 2555 3830 de
2585 3776 2803 3831 homine
2825 3775 3050 3844 dictum,
3082 3777 3285 3833 indicat
3306 3779 3480 3849 ipsum
3504 3796 3570 3835 ex
3595 3783 3682 3836 tali
3705 3798 3838 3842 esse

2224 3867 2383 3932 loco;
2434 3866 2503 3922 de
2536 3878 2673 3921 terra
2714 3879 2914 3935 autem,
2947 3869 3089 3924 illam
3126 3870 3213 3925 tali
3255 3886 3377 3927 esse
3417 3872 3597 3927 modo.
3638 3857 3839 3947 Neque

2219 3960 2362 4014 enim
2392 3960 2709 4030 simpliciter
2745 3961 2876 4016 dixit
2899 4003 2913 4027 ,
2942 3962 3107 4017 Terra
3135 3974 3251 4018 erat
3271 4006 3284 4031 ,
3313 3975 3364 4020 et
3400 3974 3585 4035 postea
3623 3968 3833 4035 tacuit;

2220 4051 2313 4106 sed
2357 4052 2531 4121 qualis
2581 4061 2700 4119 post
2746 4055 3073 4109 creationem
3125 4064 3269 4110 esset
3310 4056 3554 4123 addidit,
3605 4073 3830 4129 nempe,

2220 4141 2497 4197 Invisibilis
2522 4152 2628 4196 erat
2656 4153 2701 4197 et
2740 4144 3079 4214 incomposita
3100 4188 3114 4209 ,
3149 4144 3325 4200 adhuc
3366 4148 3522 4216 aquis
3557 4157 3742 4217 operta
3769 4162 3831 4206 et

2218 4234 2476 4288 admixta.
2509 4234 2575 4289 Et
2615 4235 2682 4290 de
2722 4236 2921 4291 Eleana
2968 4253 3072 4292 non
3120 4238 3255 4293 dixit
3293 4238 3466 4294 solum
3503 4241 3643 4310 quod
3677 4253 3831 4299 98$.“

2219 4325 2401 4393 homo,
2432 4326 2526 4382 sed
2556 4327 2754 4397 adjecit
2780 4329 2920 4384 unde
2950 4339 3125 4396 esset,
3167 4327 3243 4384 De
3273 4331 3595 4386 Armatltaint
3627 4333 3821 4404 Siplta.

2219 4420 2292 4474 De
2324 4418 2497 4475 Verbo
2523 4430 2701 4474 autem
2740 4436 2845 4475 non
2872 4421 2971 4476 sic.
3010 4422 3073 4475 Et
3110 4438 3197 4475 me
3230 4421 3394 4491 pudet
3422 4422 3661 4492 profecto
3704 4425 3826 4481 haec

2214 4511 2371 4565 simul
2402 4511 2674 4579 indagare.
2708 4512 2761 4567 Si
2791 4512 2931 4567 enim
2959 4512 3405 4581 reprehendimus
3431 4529 3524 4570 eos
3558 4514 3645 4585 qui
3673 4515 3824 4573 circa

2216 4604 2460 4659 homines
2489 4605 2592 4659 hoc
2620 4616 2803 4673 agunt,
2832 4605 3048 4675 quando
3074 4607 3300 4659 multum
3324 4616 3407 4661 est
3433 4608 3573 4662 inter
3600 4624 3694 4665 eos
3726 4614 3819 4679 qui

2213 4707 2591 4767 comparantur
2616 4699 2826 4752 virtutis
2855 4698 3168 4765 discrimen,
3204 4699 3329 4753 licet
3355 4700 3431 4753 illi
3472 4716 3540 4753 ex
3578 4718 3679 4757 uita
3725 4720 3819 4759 ea-

2213 4790 2445 4861 demque
2473 4790 2769 4845 substantia
2798 4791 2906 4846 sint
2930 4809 2943 4845 :
2968 4791 3184 4859 quando
3208 4800 3264 4846 et
3301 4793 3443 4847 circa
3474 4801 3717 4848 naturam
3764 4806 3821 4849 et

2212 4886 2351 4939 circa
2382 4886 2482 4939 alia
2517 4884 2781 4939 inﬁnitum
2832 4892 2916 4939 est
2965 4886 3342 4948 interstitium,
3389 4886 3662 4956 quomodo
3707 4903 3816 4941 non

2211 4987 2466 5032 extrema:
2507 4975 2794 5031 dementia:
2842 4974 3001 5031 fuerit
3050 4975 3145 5030 has
3195 4978 3517 5045 quaestiones
3554 4981 3817 5032 movete?

2210 5069 2313 5125 Sed
2346 5070 2498 5124 nobis
2543 5068 2631 5123 ille
2680 5068 2941 5138 prepitius
2979 5068 3076 5133 sit,
3125 5082 3281 5136 quem
3315 5068 3413 5138 ipsi
3461 5069 3815 5137 blasphemits

2210 5163 2490 5232 impetum.
2546 5159 2859 5227 llujusmodi
2911 5176 3139 5228 namque
3179 5160 3442 5214 dictorum
3473 5159 3813 5218 adhibendo.

2208 5275 2322 5311 rum
2357 5255 2731 5311 necessitatem
2779 5269 2884 5307 non
2918 5270 3017 5309 nos
3050 5252 3358 5309 induximus
3382 5296 3397 5321 ,
3427 5257 3519 5309 sed
3548 5254 3623 5309 illi
3653 5255 3813 5314 nobis

2205 5350 2466 5411 obtulere,
2496 5348 2586 5417 qui
2612 5331 3181 5416 salutetti’iinpugnant
3201 5362 3379 5401 stam.

2276 5443 2565 5497 xhiernitas
2600 5440 2725 5495 Filii
2758 5440 3020 5509 probatur.
3044 5471 3108 5480 -——
3134 5440 3271 5506 Quid
3305 5455 3434 5511 ergo
3463 5442 3618 5495 dico?
3646 5441 3806 5505 Illud,

2207 5535 2332 5591 Erat
2356 5579 2370 5595 .
2401 5536 2468 5590 de
2500 5534 2679 5589 Verbo
2722 5533 2924 5588 dictum
2947 5574 2960 5595 ,
2996 5533 3298 5602 signiﬁcare
3343 5532 3514 5602 ipsum
3545 5542 3809 5587 :eternum

2271 5696 2285 5725 ι
2326 5689 2488 5739 uorel.
2517 5690 2696 5746 habet,
2724 5686 2821 5737 noli
2846 5684 3087 5749 superﬂue
3112 5686 3312 5747 nugari,
3342 5689 3384 5734 te
3428 5680 3674 5735 inutilibus
3710 5681 3801 5732 iot-

2205 5755 2387 5817 plicatas
2416 5751 2717 5817 ratiuncnlis.
2830 5810 2838 5817 _
3072 5808 3145 5817 ι.
3248 5806 3255 5813 ⁸

2270 5822 2286 5849 ³
2326 5818 2415 5864 Alii
2446 5814 2639 5876 legunt,
2668 5810 2729 5863 de
2748 5810 2886 5872 ca'lo,
2915 5824 3019 5872 pro,
3050 5810 3109 5859 dc
3128 5808 3335 5859 homine.
