4064 6484
65 413 151 468 α

63 541 224 582 esse
244 542 264 580 τ
293 538 418 580 nam
447 522 544 590 ait,
569 519 634 576 lu
669 517 923 591 principio
952 525 1061 570 erat
1098 513 1352 580 Verbum;
1379 527 1721 582 consequens

69 630 284 676 autem
315 626 435 673 erat
460 657 476 681 ,
500 625 569 671 'ut
592 612 734 684 apud
762 611 999 680 aliquem
1023 618 1190 664 esset.
1222 603 1355 660 Cum
1385 605 1530 661 enim
1559 605 1730 660 niaxi-

84 728 192 766 luc
221 709 356 766 illud
386 709 479 765 Dei
502 710 569 762 sit
596 706 896 778 proprium,
921 711 978 756 ut
1002 701 1070 756 sit
1093 710 1330 754 mteruus
1351 709 1402 754 et
1433 697 1551 752 sine
1575 697 1728 766 priu-

67 804 264 873 cipio.
292 801 393 856 hoc
413 801 584 872 prituo
605 799 800 869 posuit.
823 794 1048 859 Deinde,
1073 809 1147 849 ne
1175 793 1295 863 quis
1320 790 1547 846 audiens
1575 787 1723 855 illud,

85 897 170 949 Jn
221 895 480 967 principio
512 903 657 958 erat,
705 890 869 945 etiam
920 887 1218 956 ingenitum
1264 884 1512 949 diceret,
1545 885 1727 936 statim

83 989 206 1056 ipsi
236 986 481 1042 occurrit
507 1029 522 1050 ,
553 992 843 1052 antequam
877 979 1086 1034 diceret
1109 976 1235 1045 quid
1264 985 1379 1030 erat
1404 1017 1418 1040 ,
1449 974 1721 1037 dicendo,

89 1081 237 1135 Erat
280 1079 426 1150 apud
462 1077 644 1130 Deum.
678 1074 745 1128 Et
775 1089 843 1128 ne
871 1072 992 1142 quis
1024 1071 1199 1139 ipsum
1229 1067 1469 1122 Verbum
1502 1065 1724 1134 prolati-

74 1175 238 1227 ‘tinm
279 1183 372 1225 aut
415 1172 687 1224 internum
728 1180 849 1219 esse.
889 1173 1102 1232 putaret
1145 1157 1281 1233 (α),
1315 1175 1413 1228 per
1438 1157 1725 1211 articulum

83 1263 445 1334 praanissum
481 1261 548 1332 (ὑ
568 1262 586 1332 )
609 1303 621 1321 ,
653 1268 706 1312 et
737 1273 835 1328 per
861 1253 1154 1310 secundam
1186 1251 1517 1305 additionem
1541 1292 1555 1317 ,
1586 1249 1728 1304 hanc

93 1369 324 1411 amovet
371 1355 758 1419 suspicionem.
801 1349 919 1405 Non
954 1349 1096 1403 enim
1130 1346 1302 1410 dixit,
1336 1344 1393 1399 In
1429 1345 1537 1398 Deo
1563 1351 1674 1397 erat
1707 1385 1722 1406 ,

96 1449 204 1505 sed
229 1491 245 1516 ,
282 1449 437 1520 Apud
477 1445 681 1511 Deum,
714 1444 832 1512 ejus
861 1441 1016 1497 nobis
1065 1439 1361 1495 secundum
1409 1437 1723 1509 liypostasiu

96 1542 472 1597 :eternitatem
503 1539 809 1594 declarans.
845 1533 1046 1588 Deinde
1070 1532 1198 1586 illud
1227 1531 1427 1587 clarius
1454 1529 1726 1604 signiﬁca.

89 1636 171 1686 vit
217 1632 517 1702 adjiciens,
553 1630 790 1684 Verbum
841 1626 984 1682 iStud
1031 1624 1200 1680 fuisse
1235 1626 1424 1679 Deum.
1460 1622 1601 1690 Sed,
1637 1623 1722 1676 in-

87 1725 273 1794 quies,
305 1724 524 1779 factum.
548 1720 690 1790 Quid
716 1735 846 1790 ergo
872 1718 1044 1773 obluit
1069 1717 1198 1788 quin
1227 1715 1430 1772 diceret
1451 1757 1466 1782 ,
1493 1716 1548 1770 ln
1575 1716 1726 1785 prin-

83 1816 238 1886 cipio
271 1815 404 1870 fecit
447 1815 590 1869 Deus
628 1812 900 1868 Verbum?
945 1811 1079 1866 Nam
1107 1826 1228 1866 cum
1259 1809 1327 1863 de
1359 1819 1500 1863 terra
1529 1809 1721 1879 10que-

88 1919 246 1964 retur
279 1907 522 1980 Moyses,
553 1921 658 1961 non
683 1905 837 1969 dixit,
870 1903 924 1958 lit
965 1902 1226 1973 principio
1248 1910 1364 1956 erat
1387 1910 1525 1955 terra
1548 1942 1562 1966 ,
1594 1901 1719 1967 sed,

87 2002 244 2059 Fecit
275 2001 442 2072 (Gen.
475 2001 526 2056 1.
566 1999 588 2055 1
615 2000 632 2069 )
661 2014 779 2052 eam
806 2039 821 2063 ,
852 2007 907 2052 et
934 2008 1060 2050 tunc
1090 1995 1206 2049 fuit.
1230 1993 1368 2062 Quid
1398 1995 1560 2064 igitur
1592 2009 1718 2064 pro-

91 2095 274 2150 hibuit
305 2093 599 2163 quominus
625 2090 866 2158 Joannes
894 2089 965 2144 ita
996 2089 1234 2150 diceret,
1269 2086 1324 2141 Ιιι
1356 2087 1620 2156 principio
1649 2085 1723 2140 le-

85 2189 168 2243 cit
200 2187 350 2242 Deus
379 2183 658 2240 Verbum?
685 2182 742 2238 Si
765 2182 908 2237 enim
933 2181 1004 2235 ita
1028 2179 1164 2235 dixit
1189 2179 1404 2246 Moyses
1433 2179 1629 2233 timens
1657 2194 1724 2233 ne

87 2281 215 2352 quis
241 2290 445 2335 terram
470 2292 580 2331 non
611 2275 803 2331 laetam
833 2274 1077 2338 diceret;
1110 2271 1277 2327 multo
1303 2270 1472 2340 magis
1495 2269 1564 2325 de
1586 2269 1724 2326 Filio

88 2386 342 2431 metuere
373 2371 660 2442 oportebat
685 2369 982 2435 Joannem,
1014 2367 1060 2423 si
1086 2376 1304 2422 creatus
1335 2367 1544 2420 fuisset.
1573 2365 1724 2420 Mun-

93 2469 203 2522 dus
231 2465 382 2521 enim
407 2479 529 2518 cum
556 2463 621 2517 sit
655 2461 901 2526 visibilis,
933 2459 1036 2514 hoc
1065 2461 1182 2528 ipso
1208 2457 1560 2512 Conditorem
1587 2473 1725 2525 pra--

86 2559 238 2613 dicat
271 2557 436 2630 (nam
474 2555 632 2620 Caeli,
675 2554 870 2624 ittquit,
898 2552 1378 2623 enarrantgloriam
1396 2550 1494 2604 Dei
1533 2549 1720 2624 [PsuL

95 2651 186 2705 18.
217 2652 238 2704 1
265 2647 288 2722 ]
321 2671 330 2701 ;
358 2648 528 2704 Filius
555 2655 735 2702 autem
770 2645 1057 2700 invisibilis
1079 2655 1198 2711 est,
1230 2653 1284 2699 et
1309 2654 1612 2700 creaturam
1636 2644 1725 2698 in~

90 2743 250 2798 ﬁnito
278 2742 461 2797 medio
484 2740 721 2796 excedit.
746 2738 1016 2809 Si-itaqne
1041 2739 1129 2792 tibi
1155 2753 1331 2808 neque
1359 2739 1525 2793 verbo
1548 2753 1725 2809 neque

86 2836 349 2889 doctrina
380 2825 517 2904 opus
560 2843 676 2888 erat
698 2873 712 2898 ,
749 2842 806 2886 ut
834 2831 1178 2886 disceremus
1207 2829 1466 2885 tnuudum
1497 2844 1616 2884 esse
1648 2829 1725 2884 fa-

84 2939 265 2994 ctum,
293 2934 476 2980 tamen
499 2925 643 2979 clare
666 2925 793 2978 illud
819 2933 874 2978 et
893 2934 1022 2978 ante
1042 2922 1224 2977 omnia
1252 2923 1397 2992 ponit
1425 2922 1722 2992 propheta;

85 3019 272 3074 multo
324 3016 496 3087 magis
539 3015 588 3069 id
618 3016 685 3069 de
716 3014 853 3069 Filio
883 3014 1150 3069 Joannem
1183 3013 1366 3068 dicere
1393 3012 1676 3082 oportebat
1704 3055 1721 3080 ,

89 3113 134 3166 si
163 3123 392 3166 creatus
421 3108 627 3163 fuisset.
662 3107 833 3161 Etiam
855 3149 870 3172 ,
905 3107 1096 3162 dices:
1129 3105 1235 3160 Sed
1269 3104 1465 3161 Petrus
1499 3104 1549 3159 id
1577 3104 1724 3159 clare

90 3208 236 3262 dixit
263 3217 321 3261 et
353 3206 663 3278 perspicue.
698 3204 928 3261 Ubinam
961 3214 1016 3259 et
1057 3203 1314 3275 quando?
1343 3201 1478 3258 Cum
1507 3201 1725 3257 Juda:os

95 3300 394 3370 alloquens
422 3297 627 3352 diceret
653 3313 673 3357 ζ
703 3295 885 3366 Ipsum
917 3295 1198 3350 Dominum
1225 3306 1272 3349 et
1299 3295 1557 3348 Christum
1586 3292 1726 3348 Deus

91 3392 235 3464 fecit.
267 3391 380 3444 Cur
423 3403 552 3459 ergo
580 3388 630 3443 id
663 3387 804 3459 quod
834 3390 1082 3457 sequitur
1111 3402 1215 3441 non
1260 3385 1504 3454 adjeeisti
1526 3427 1540 3450 ,
1573 3383 1725 3438 Hunc

90 3480 126 3536 J
133 3499 279 3537 esum
307 3498 456 3553 quem
483 3479 936 3549 vos'crtri/ia‘t'stis
966 3478 1112 3547 (Act.
1141 3478 1197 3534 2.
1231 3477 1372 3548 36)?
1402 3480 1482 3532 An
1511 3479 1726 3548 ignoras

99 3592 164 3631 ex
196 3575 363 3631 dictis
388 3575 492 3628 alia
524 3573 592 3629 ad
620 3572 978 3627 immortalem
1014 3582 1284 3637 naturam,
1312 3572 1413 3626 alia
1444 3571 1511 3626 ad
1545 3573 1724 3625 incar-

98 3671 382 3725 nationem
417 3665 733 3738 pertinere?
763 3664 820 3722 Si
851 3675 1031 3720 autem
1061 3680 1180 3728 non
1216 3665 1285 3718 ita
1318 3680 1377 3719 se
1407 3680 1494 3719 res
1529 3664 1722 3730 habet,

97 3763 194 3820 sed
238 3762 426 3817 omnia
455 3761 523 3815 de
553 3760 752 3814 dcitatc
794 3759 1066 3827 accipias,
1104 3759 1269 3812 Deum
1301 3758 1606 3827 passibilem
1640 3757 1724 3810 in-

100 3856 272 3911 duees
299 3870 313 3909 :
348 3855 394 3909 si
423 3868 557 3909 vero
588 3867 698 3906 non
735 3851 1026 3922 passibilis,
1060 3866 1168 3905 non
1204 3850 1375 3905 factus
1407 3850 1590 3920 tttiqne
1619 3859 1720 3903 est.

101 3950 236 4006 Nam
273 3949 319 4004 si
347 3964 413 4003 ex
447 3947 627 4001 divina
660 3958 712 3999 et
746 3944 1000 4000 inetl‘ahili
1033 3955 1224 3999 natura
1253 3944 1470 4015 sanguis
1497 3943 1724 3998 ellluxe-

101 4044 206 4109 rit,
237 4052 296 4098 et
334 4042 380 4097 si
420 4041 540 4096 vice
581 4040 757 4095 carnis
812 4021 925 4110 ipsa
956 4040 1008 4093 in
1041 4053 1202 4092 cruce
1231 4039 1399 4093 clavis
1469 4035 1726 4090 transﬁxa

102 4148 156 4193 et
186 4137 424 4192 dissecta
473 4136 583 4201 sit,
633 4134 844 4188 ratione
891 4133 1075 4188 nixum
1109 4146 1195 4188 εει
1240 4131 1516 4200 sophisma
1551 4140 1723 4185 tuum.

102 4230 258 4301 Quod
286 4231 330 4285 si
361 4245 430 4284 ne
462 4227 711 4283 diabolus
735 4226 952 4297 quidem
987 4227 1056 4280 ita
1107 4223 1566 4295 blasphcmaverit
1586 4264 1600 4287 ,
1629 4238 1728 4278 cur

105 4325 489 4399 inexpiabilem
515 4323 873 4394 ignorantiam
900 4321 1146 4385 simulas,
1171 4319 1315 4391 quali
1347 4335 1416 4373 ne
1450 4318 1728 4371 thetnones

108 4418 332 4488 quidem
384 4430 619 4486 iniquam
659 4413 740 4469 usi
783 4411 948 4468 sunt?
981 4412 1248 4467 Prteterea
1278 4410 1394 4465 bare
1419 4453 1434 4478 ,
1470 4409 1730 4464 Dominus

107 4521 159 4565 et
186 4509 462 4573 Christus,
493 4523 600 4562 non
634 4500 1235 4568 suntsubstanttw,sed
1262 4503 1568 4572 dignitatis;
1597 4501 1733 4556 alte-

108 4620 226 4659 rum
257 4602 406 4659 enim
433 4611 519 4658 est
545 4599 830 4671 potentiae,
867 4598 1099 4652 alterum
1160 4595 1450 4649 unctionis.
1483 4595 1622 4663 Quid
1653 4611 1734 4651 er-

108 4712 176 4768 go
201 4697 409 4752 dixeris
440 4694 510 4750 de
543 4693 682 4749 Filio
716 4691 849 4746 Dei?
881 4690 1014 4745 Nam
1065 4690 1110 4744 si
1156 4698 1372 4743 creatus
1397 4690 1500 4753 sit,
1532 4701 1589 4744 ut
1635 4705 1731 4743 vos

111 4789 290 4844 dicitis
313 4829 329 4853 ,
361 4787 569 4842 nnllutn
620 4785 723 4839 hoc
757 4783 985 4838 haberet
1020 4781 1221 4836 locum.
1253 4779 1371 4835 Non
1405 4782 1550 4836 enim
1583 4783 1732 4851 prius

115 4880 288 4935 iactus
318 4890 404 4934 est
428 4919 443 4942 ,
477 4889 532 4934 et
559 4887 684 4930 tunc
716 4876 860 4930 Deus
898 4876 1073 4946 ipsum
1103 4872 1405 4940 ordinavit;
1432 4889 1606 4942 neque
1634 4877 1730 4928 ab-

110 4974 310 5044 jeetutn
344 4971 509 5027 habet
558 4970 878 5040 principium
899 5011 912 5033 ,
959 4966 1055 5022 sed
1084 4982 1151 5020 ex
1194 4975 1382 5022 natura
1413 4977 1576 5034 atque
1603 4968 1732 5021 sub-

113 5068 329 5122 stantia.
359 5065 725 5136 lnterrogatns
752 5063 896 5116 enim
921 5076 1047 5115 num
1073 5076 1166 5114 rex
1189 5071 1335 5114 esset
1359 5102 1373 5123 ,
1406 5058 1521 5132 Ego
1552 5060 1605 5112 in
1638 5060 1734 5115 hoc

116 5170 265 5214 natus
289 5175 400 5212 sunt
428 5155 620 5228 (Joan.
651 5155 736 5210 18.
767 5152 875 5228 57)
897 5196 913 5220 ,
946 5153 1138 5222 inquit.
1166 5152 1358 5207 Petrus
1380 5163 1561 5206 autem
1584 5153 1734 5223 quasi

177 5273 254 5334 (α)
286 5277 528 5334 attentum
554 5269 982 5334 Verbllm_l98td.tto~
994 5273 1374 5334 itermmemorat
1399 5265 1624 5334 [remeas
1640 5266 1737 5334 με,

117 5351 160 5388 e.
186 5327 282 5396 li;
324 5333 531 5384 Verbum
554 5330 855 5396 prolutitium
876 5369 890 5393 ,
917 5327 1149 5396 .Wgain
1176 5327 1395 5391 appellat
1427 5327 1741 5396 frbeoiihilus

119 5391 485 5458 Antiochenus,
507 5411 554 5458 ιο.
602 5395 730 5456 tm;
775 5398 828 5444 et
865 5391 1077 5443 Subinde
1103 5392 1179 5458 lue
1216 5405 1367 5441 voces
1398 5394 1461 5440 ab
1495 5391 1742 5458 haeretica.

121 5462 332 5510 maxime
357 5456 709 5522 frequentatae,
731 5458 948 5522 ideoque
982 5456 1272 5522 proscripta;
1306 5463 1434 5522 sunt.
1481 5459 1634 5522 Erant
1649 5457 1734 5515 qui

122 5523 346 5573 dicerent
370 5515 563 5572 Patrem
580 5515 704 5570 ante
731 5515 895 5568 mundi
923 5515 1232 5567 creationem
1258 5515 1495 5565 habuisse
1519 5515 1741 5564 Verbum

125 5597 343 5643 διδάσκον,
359 5583 604 5634 ittternum
626 5595 643 5632 :
671 5591 723 5632 et
747 5582 947 5649 quando
971 5579 1204 5629 mundum
1229 5577 1744 5649 creavit-,Lprotulisse

124 5639 342 5698 Verbum
372 5661 514 5697 suum
541 5683 555 5706 ,
583 5653 635 5695 et
660 5639 966 5713 tunc_l'uisse
1002 5655 1234 5713 τερρῗοριιὸν,
1276 5639 1597 5713 prolatitimn.
1627 5655 1743 5703 Λιτ..

124 5737 335 5774 tympana
358 5724 418 5774 aut
442 5703 645 5759 ινδαίὸιτον
665 5749 677 5766 ,
700 5707 901 5757 verbum
926 5703 1226 5774 prohttitium
1246 5711 1297 5774 et
1314 5703 1575 5774 internum,
1598 5711 1744 5774 prout

129 5764 175 5822 ia
201 5764 479 5821 hominibus
505 5779 599 5828 est,
629 5764 872 5819 memorat
898 5764 1185 5818 Plutarchus
1207 5804 1219 5827 ,
1250 5765 1395 5828 libro,
1424 5765 1555 5830 quod
1593 5764 1748 5816 Philo-

127 5835 309 5896 sophus
341 5833 527 5883 debeat
550 5834 767 5896 maxime
790 5831 1040 5896 principes
1063 5830 1266 5893 alloqui.

185 5891 260 5960 '(b)
294 5897 528 5959 Fqnidem
563 5894 681 5944 illttd
702 5931 715 5953 ,
745 5891 804 5943 Iri
825 5891 1069 5957 principia
1088 5891 1195 5944 erat
1226 5891 1454 5953 ηνϋιαιι,
1485 5891 1656 5944 Grece
1680 5894 1750 5943 sic

128 5961 432 6025 exprimitur,
455 5963 500 6011 tt.
535 5973 625 6022 am
647 5964 690 6018 ἦ»
716 5969 735 6008 ὁ
759 5973 886 6018 aerea

601 6029 619 6050 δ

1231 400 1297 457 ιΝ
1334 400 1652 457 «1οᾹΝΝΕΜ
1694 399 1728 457 ll

1846 401 1927 457 IL.
1977 401 2060 456 ιιι.
2106 400 2176 458 al.
2220 399 2286 454 ll.
3391 404 3462 458 se

1837 514 1904 568 de
1932 512 2168 582 quodam
2214 511 2304 582 qui
2346 510 2628 566 ordinatus
2657 512 2728 567 sit
2759 511 2997 582 loquitur
3065 529 3191 568 nam
3221 513 3288 568 de
3314 529 3465 572 meo-

1837 605 2017 658 nomia
2043 645 2057 667 ,
2088 604 2202 658 sive
2230 603 2299 658 de
2332 601 2668 657 humanitate
2701 604 2802 675 ipsi
2831 619 3012 660 sermo
3042 616 3145 661 est.

1907 697 1962 750 4.
1991 695 2099 752 Cur
2147 695 2335 751 Petrus
2384 694 2603 750 Juda'os
2651 696 2920 767 alloquens
2963 696 3027 750 de
3067 699 3273 752 Christo
3304 709 3358 754 ut
3400 700 3468 754 de

1835 790 2059 859 simplici
2090 791 2296 844 homine
2328 789 2491 842 multa
2523 790 2588 843 sit
2617 789 2838 843 locutus.
2874 787 3108 844 Christus
3134 793 3185 844 in
3217 803 3466 863 quantum

1840 879 2009 937 Filius
2041 879 2138 934 Dei
2173 891 2280 947 est,
2316 898 2418 934 non
2457 891 2658 934 creatus
2687 891 2780 935 est.
2806 881 3097 951 —-Ecquid
3132 884 3347 939 miraris
3369 927 3385 953 ,
3419 887 3464 940 si

1838 975 2033 1030 Petrus
2061 975 2112 1029 id
2141 975 2320 1029 dicat?
2345 975 2480 1029 Nam
2513 973 2710 1028 Paulus
2741 973 3106 1029 Athenienses
3133 976 3416 1046 alloquens
3446 1022 3462 1038 ,

1836 1071 2011 1125 virum
2044 1069 2222 1138 ipsum
2256 1078 2462 1123 tantunt
2509 1068 2966 1138 appellatdicvns
2993 1087 3007 1124 :
3044 1068 3110 1122 In
3152 1071 3258 1123 riro
3285 1073 3336 1125 in
3363 1089 3465 1137 quo

1832 1164 2014 1217 statuit
2054 1163 2210 1232 ﬁdem
2237 1161 2470 1229 prtebcns
2501 1162 2771 1227 omnibus,
2813 1163 3066 1215 suscitans
3105 1179 3222 1216 eum
3251 1181 3283 1216 (ι
3324 1181 3459 1219 mor-

1831 1257 1936 1309 tuis
1968 1255 2118 1326 (Act.
2163 1255 2346 1330 17,551
2375 1252 2393 1324 )
2424 1271 2437 1309 :
2469 1253 2714 1324 nihilque
2741 1254 2809 1308 de
2843 1253 3013 1308 forma
3063 1255 3155 1310 Dei
3185 1256 3422 1326 loquitur
3444 1299 3460 1325 ε
3519 1257 3522 1260 ’

1836 1362 2013 1414 neque
2047 1346 2158 1399 Deo
2191 1346 2456 1414 :equaletn
2490 1343 2657 1411 dicit,
2690 1360 2866 1414 neque
2913 1345 3059 1414 quod
3098 1348 3166 1401 sit
3205 1350 3465 1417 splendor

1832 1439 2022 1508 gloriar
2043 1439 2195 1506 ejus;
2227 1437 2390 1507 idque
2416 1437 2639 1491 merito.
2666 1435 2919 1490 Nondum
2940 1438 3084 1491 enim
3109 1449 3317 1509 tempus
3345 1439 3463 1494 lucc

1834 1529 2050 1584 Jieendi
2081 1539 2334 1590 venerat;
2366 1527 2462 1583 sed
2493 1528 2627 1584 satis
2657 1527 2837 1582 adhuc
2873 1539 3027 1595 erat,
3058 1542 3115 1584 nt
3158 1531 3329 1601 ipsum
3361 1533 3460 1588 ho-

1836 1623 2038 1676 minem
2084 1638 2208 1676 essc
2236 1630 2290 1676 et
2316 1623 2694 1677 resurrexisse
2737 1623 3108 1678 admitterent.
3139 1623 3232 1679 Sic
3258 1637 3310 1680 ct
3348 1627 3462 1697 ipse

1835 1716 2090 1771 Christus
2119 1715 2278 1779 fecit;
2306 1731 2335 1769 a
2364 1729 2474 1783 quo
2504 1713 2730 1768 edoctus
2753 1713 2952 1768 Paulus
2977 1757 2990 1777 ,
3027 1718 3099 1768 ita
3129 1731 3215 1770 res
3246 1717 3462 1787 diSpen-

1831 1810 2008 1865 Sahat.
2041 1810 2157 1864 Non
2186 1809 2332 1864 enim
2366 1810 2549 1862 statim
2584 1808 2742 1862 nobis
2773 1807 3030 1891 deitatem
3063 1824 3216 1863 suam
3250 1812 3461 1867 revela-

1831 1902 1906 1956 vi'.
1929 1945 1944 1968 ,
1992 1901 2088 1957 sed
2121 1903 2270 1972 prius
2298 1899 2562 1972 propheta
2595 1909 2651 1954 et
2697 1898 2949 1955 Christus
2984 1903 3001 1932 ¹
3034 1902 3263 1971 simplex
3301 1904 3464 1960 homo

1833 1995 2157 2066 putabatur;
2185 1993 2387 2050 deinde
2417 2003 2472 2048 et
2500 1992 2683 2048 verbis
2711 2001 2766 2047 et
2790 1993 3050 2063 operibus
3082 1994 3134 2049 id
3166 1996 3309 2065 quod
3338 2014 3466 2054 vere

1831 2096 1949 2142 crat
1974 2087 2230 2141 ostendit.
2266 2086 2394 2142 Ideo
2425 2085 2621 2142 Petrus
2653 2085 2704 2138 in
2732 2085 2999 2155 principio
3031 2086 3135 2142 hoc
3161 2089 3329 2144 utitur
3350 2105 3466 2144 mo-

1829 2180 1932 2235 do:
1959 2197 2082 2234 nam
2105 2182 2244 2237 hanc
2267 2181 2504 2252 priorem
2526 2181 2546 2212 ⁸
2571 2179 2638 2233 ad
2661 2177 2888 2234 Judaeos
2907 2181 3231 2238 concionem
3256 2182 3462 2240 habuit.

1831 2277 1968 2345 Quia
2011 2278 2155 2332 cnim
2185 2277 2254 2333 de
2280 2276 2570 2331 divinitate
2613 2274 2733 2341 ejus
2766 2272 2902 2328 nihil
2932 2272 3193 2330 hactenus
3218 2277 3465 2334 ediscere

1836 2380 2147 2440 potuerant,
2177 2371 2301 2424 ideo
2327 2369 2396 2425 de
2417 2367 2619 2424 Christi
2644 2366 2880 2420 hmnana
2908 2376 3100 2422 natura
3124 2368 3290 2424 verba
3317 2370 3464 2438 facit,

1831 2472 1891 2517 ut
1918 2462 2004 2517 his
2027 2462 2358 2517 exercitatus
2390 2459 2638 2521 auditus,
2668 2456 2736 2511 ad
2764 2456 3028 2528 reliquatu
3058 2459 3465 2530 percipiendam

1830 2554 2135 2609 doctrinam
2160 2561 2464 2624 aptaretur.
2490 2549 2648 2618 Quod
2673 2550 2718 2604 si
2738 2551 2863 2619 quis
2887 2551 3120 2606 Volnerit
3144 2560 3312 2606 tetatn
3334 2567 3464 2608 con-

1829 2653 2041 2706 cionem
2065 2650 2226 2706 altius
2247 2659 2529 2719 repetere,
2562 2649 2612 2703 id
2644 2648 2789 2719 qttod
2810 2646 2935 2703 dico
2964 2650 3318 2720 conspicuum
3341 2665 3466 2712 esse

1831 2745 2093 2802 inveniet.
2123 2744 2259 2800 Nam
2286 2755 2343 2801 et
2364 2743 2541 2798 virum
2575 2743 2725 2798 illum
2751 2752 2912 2798 vocat
2932 2785 2946 2808 ,
2980 2743 3159 2812 deque
3187 2744 3462 2812 passione,

1832 2840 2268 2903 resurrectione,
2295 2847 2354 2893 et
2383 2839 2740 2908 generatione
2768 2835 3071 2893 secundum
3095 2853 3315 2892 carnem
3341 2839 3463 2907 plu-

1834 2929 1988 2986 ribus
2030 2932 2163 3000 agit.
2198 2930 2397 2984 Paulus
2432 2945 2563 2984 vero
2592 2945 2716 2984 cum
2750 2929 2916 2990 dicit,
2952 2929 3056 2996 Qui
3102 2931 3270 2998 factus
3298 2939 3370 2983 est
3401 2947 3466 2984 ea;

1830 3023 2025 3080 semine
2063 3020 2235 3074 Dauid
2285 3021 2568 3075 secundum
2612 3036 2822 3073 carnem
2868 3017 3061 3092 (Rom.
3097 3021 3149 3075 1.
3189 3020 3294 3088 5).
3330 3020 3462 3074 nihil

1830 3112 1979 3167 aliud
2013 3127 2113 3167 nos
2141 3114 2301 3167 docet
2327 3153 2340 3175 ,
2371 3127 2535 3182 quam
2558 3112 2701 3181 quod
2728 3111 2857 3166 illud
2881 3153 2896 3178 ,
2933 3110 3113 3175 Fecit,
3147 3111 3217 3166 de
3245 3126 3468 3166 meone-

1831 3205 1937 3258 mia
1963 3204 2166 3257 dictum
2192 3204 2292 3266 sit;
2325 3203 2375 3256 id
2405 3201 2547 3272 quod
2576 3203 2738 3257 etiam
2763 3217 2862 3256 nos
2884 3204 3232 3257 conﬁtemur.
3258 3202 3458 3258 Verum

1831 3295 1976 3351 ﬁlius
2006 3297 2227 3351 tonitrui
2260 3295 2329 3350 de
2377 3295 2634 3350 iuell’abili
2679 3307 2732 3349 et
2757 3304 2885 3349 ante
2913 3296 3112 3348 smrula
3142 3298 3464 3351 exsistentia

1833 3406 1976 3446 nunc
2001 3405 2100 3445 nos
2131 3389 2448 3456 alloquitur.
2486 3389 2614 3443 Ideo
2644 3388 2738 3442 illo
2765 3430 2778 3452 ,
2813 3387 3002 3454 Fecit,
3035 3390 3228 3444 relicto
3251 3430 3266 3457 ,
3299 3389 3425 3443 Erat
3445 3431 3463 3459 ,

1832 3481 2315 3554 dixit..0portebat
2340 3483 2485 3536 enim
2506 3523 2521 3545 ,
2551 3482 2595 3536 si
2620 3492 2864 3536 creatum
2894 3480 3116 3548 fuisset,
3147 3481 3197 3536 id
3224 3484 3463 3538 maxime

1833 3579 2082 3635 delinire.
2116 3577 2173 3633 Si
2216 3577 2362 3632 enim
2397 3576 2596 3631 Paulus
2630 3576 2807 3629 timuit
2843 3591 2909 3629 uc
2939 3577 3063 3645 quis
3090 3590 3155 3630 ex
3193 3575 3459 3644 insipien-

1836 3675 1978 3729 tibus
2001 3673 2369 3744 suspicaretnr
2396 3670 2588 3725 Filium
2616 3668 2776 3723 Patre
2799 3669 3063 3738 majorem
3091 3668 3234 3734 fore,
3267 3679 3322 3723 et
3358 3669 3465 3726 Ge-

1836 3768 2069 3822 nitorem
2103 3765 2208 3820 sibi
2254 3764 2560 3832 subjectum
2613 3761 2926 3816 hahiturum
2967 3776 3094 3817 esse
3127 3780 3139 3815 :
3189 3778 3314 3816 nam
3349 3763 3471 3817 ideo

1833 3858 2134 3916 Corinthiis
2163 3857 2411 3912 scribens
2440 3855 2696 3910 dieebat:
2729 3853 2856 3910 Cum
2888 3866 3060 3908 autem
3090 3856 3250 3922 dicit,
3286 3856 3468 3928 Subje-

1834 3964 1917 4005 cta
1943 3961 2096 4016 sunt,
2134 3950 2244 4004 sine
2271 3947 2425 4002 dubio
2463 3957 2650 4019 praeter
2683 3963 2797 4000 eum
2832 3947 2920 4017 qui
2963 3948 3179 4017 subjecit
3214 3950 3260 4001 ci
3291 3949 3468 4002 omnia

1835 4047 1928 4118 (1.
1956 4043 2078 4100 Cor.
2105 4044 2192 4099 15.
2223 4040 2314 4098 26.
2344 4041 2413 4097 ΕΠ
2435 4045 2452 4112 )
2475 4058 2488 4103 ;
2513 4041 2662 4111 atqui
2687 4043 2811 4111 quis
2839 4042 3212 4112 suspicaretur
3242 4041 3463 4096 Patrem

1835 4156 1958 4195 eum
1999 4139 2255 4193 omnibus
2284 4137 2589 4206 subjectum
2624 4137 2736 4188 l'ore
2770 4134 2950 4189 Filio?
2981 4145 3033 4190 et
3074 4145 3255 4188 tamen
3286 4119 3332 4190 si
3365 4135 3463 4189 has

1835 4230 2102 4286 absurdas
2128 4230 2472 4298 Suspiciones
2511 4227 2692 4281 timuit
2720 4237 2775 4281 et
2801 4228 2931 4281 dicit
2958 4269 2971 4288 .
3011 4225 3214 4282 Prtztcr
3237 4244 3353 4281 eum
3380 4229 3468 4295 qui

1836 4325 2051 4396 subjecit
2073 4325 2118 4378 ei
2143 4324 2355 4386 omnia;
2387 4321 2556 4374 multo
2582 4320 2751 4389 magis
2778 4319 3067 4394 Joannem,
3095 4319 3139 4373 si
3169 4319 3339 4374 Filius
3369 4320 3466 4375 liei

1836 4429 2051 4475 creatus
2081 4417 2273 4471 fuisset
2296 4455 2312 4481 ,
2346 4415 2538 4468 timere
2588 4413 2895 4481 oportebat,
2927 4427 2994 4466 ne
3020 4411 3141 4483 quis
3169 4413 3342 4482 ipsum
3377 4413 3460 4468 in.

1838 4523 2079 4568 creatum
2112 4519 2346 4581 putaret.
2380 4508 2622 4578 illudque
2645 4522 2758 4578 pra:
2788 4507 3043 4561 omnibus
3074 4506 3291 4562 docere.
3328 4506 3471 4562 Cum

1839 4614 2020 4660 autem
2055 4603 2273 4673 genitus
2304 4602 2395 4665 sit,
2421 4600 2543 4668 jure
2574 4614 2749 4667 neque
2774 4600 2910 4666 ipse,
2942 4614 3122 4669 neque
3150 4598 3290 4653 alius
3322 4600 3474 4668 quis-

1842 4697 2007 4767 piam,
2029 4694 2113 4748 vel
2137 4694 2416 4764 apostolus
2438 4693 2519 4746 vel
2546 4689 2812 4761 propheta
2837 4700 3079 4744 creatum
3101 4690 3277 4755 ipsum
3306 4690 3472 4747 fuisse

1842 4787 1995 4842 dit-it.
2027 4785 2140 4840 lino
2187 4800 2361 4854 neque
2392 4786 2506 4853 ipse
2538 4782 2863 4851 Unigenitus
2891 4779 2942 4835 id
2979 4783 3419 4851 pra-termisissel
3453 4825 3471 4850 ,

1845 4881 1888 4933 si
1917 4888 2136 4932 creatus
2161 4893 2287 4932 vere
2312 4876 2523 4929 fuisset.
2550 4875 2651 4941 Qui
2671 4876 2816 4928 enim
2849 4885 2956 4928 tam
2985 4875 3208 4929 humilia
3233 4890 3356 4931 sese
3378 4876 3482 4932 tle-

1846 4971 2116 5027 mittenda
2149 4970 2419 5039 loquitur,
2464 4968 2635 5023 multo
2678 4969 2859 5021 minus
2902 4966 2953 5020 id
3017 4967 3276 5021 tacuisset
3333 4967 3468 5022 Nam

1851 5063 2214 5118 verisimilius
2249 5071 2378 5131 puto
2414 5063 2588 5131 ipsum
2635 5077 2795 5130 quam
2849 5060 3072 5114 haberet
3105 5060 3477 5127 praestantiam

1849 5159 2028 5228 potius
2062 5157 2294 5210 tacuisse
2321 5199 2334 5221 ,
2379 5172 2539 5225 qnam
2572 5155 2616 5208 si
2658 5170 2765 5207 non
2800 5154 3028 5208 haberet
3075 5153 3123 5207 id
3157 5153 3468 5222 pne-termi-

1849 5253 1987 5306 sisse
2007 5292 2023 5314 ,
2053 5265 2154 5305 nec
2178 5248 2518 5320 signiﬁcasse
2547 5246 2596 5300 id
2622 5262 2681 5301 se
2713 5264 2818 5299 non
2851 5243 3071 5300 habere.
3104 5245 3213 5299 Illic
3240 5261 3478 5301 consen-

1849 5357 2005 5401 tanea
2035 5343 2247 5400 tacendi
2273 5358 2434 5398 causa
2459 5349 2600 5405 erat,
2635 5341 2778 5410 quod
2810 5342 2970 5396 vellet
2995 5339 3196 5395 docere
3230 5339 3485 5397 homines

1852 5440 2213 5498 humilitatem
2242 5480 2256 5502 ,
2305 5437 2535 5507 ideoque
2565 5434 2934 5506 pra-stantiam
2968 5449 3121 5488 Suam
3157 5436 3477 5502 obtegeret;

1853 5530 1940 5587 hic
1977 5542 2162 5584 autem
2207 5545 2275 5584 ne
2316 5529 2598 5583 minimam
2633 5527 2854 5598 quidem
2893 5525 3235 5597 probabilem
3271 5529 3480 5582 tacendi

1853 5639 2075 5681 causam
2126 5623 2312 5678 dicere
2360 5626 2553 5692 possis.
2588 5621 2698 5676 Cur
2737 5621 2886 5675 enim
2917 5621 2962 5675 si
2993 5631 3209 5676 creatus
3239 5633 3391 5686 erat,
3423 5636 3481 5676 se

1899 5830 1940 5939 hi
1969 5833 2120 5939 gpxta
2141 5822 2284 5874 savil.
2313 5832 2366 5874 et
2389 5822 2506 5874 Cod.
2545 5821 2660 5885 706,
2690 5824 2950 5886 legeretur
2976 5830 3142 5886 recte,
3167 5823 3334 5884 bimus,
3363 5834 3481 5890 pro,

1936 5903 2002 5939 1⁸13
2028 5903 2098 5939 118.

1860 5897 2110 6006 “Filii.
2138 5949 2375 6012 pn‘orcm,
2404 5949 2548 6000 deest
2577 5951 2623 5999 in
2658 5947 2950 6010 quibusdam
2993 5955 3103 5998 '“gg'
