4064 6438
677 393 744 449 η
1443 388 1498 444 s.
1539 386 1818 443 toaxtvts
1855 380 2335 443 ettnvsosrout
2374 383 2690 442 AnCtllEP.
2733 365 3267 445 coxsraurta‘or.
3931 398 3977 452 ιι

685 508 1035 562 factumesse
1080 506 1367 572 tacuisset,
1419 506 1508 576 qui
1559 506 1727 560 multa
1774 507 1874 559 sibi
1926 505 2272 574 congruentia

685 599 1121 666 przutermittebat
1146 599 1168 650 ?
1196 599 1378 669 itaque
1399 598 1550 669 isqui
1575 599 1642 654 ad
1674 599 1972 654 docendum
1999 597 2273 651 humilita-

687 700 791 745 tem
815 691 1043 757 abjeeta,
1069 690 1169 744 sibi
1193 707 1302 746 non
1334 693 1720 763 competentia,
1745 708 1886 762 s.'epe
1912 691 2066 757 dixit,
2102 691 2274 747 multo

684 783 872 853 magis,
899 783 942 838 si
967 793 1179 838 creatus
1204 783 1416 851 fuisset,
1443 785 1492 839 id
1519 801 1622 839 non
1653 785 2113 854 praetermissurus
2133 793 2270 838 erat.

677 873 867 929 Nomm
897 875 1045 929 vides
1079 876 1285 944 ipsum,
1333 892 1398 931 ne
1425 879 1542 946 quis
1575 878 1867 946 ingenitum
1898 877 2272 947 suspicaretur

677 965 805 1018 nihil
840 982 944 1018 non
979 975 1222 1034 agentem
1254 975 1309 1020 et
1342 966 1628 1031 dicentetn,
1666 967 1774 1021 imo
1804 967 2020 1036 indigna
2047 965 2272 1037 loquen-

681 1067 789 1111 tem
818 1072 910 1111 sua
955 1057 1210 1127 dignitate
1238 1067 1292 1111 et
1341 1059 1633 1113 substantia
1666 1061 1680 1090 ί
1703 1101 1718 1126 ,
1749 1070 1907 1130 atque
1955 1061 2006 1114 in
2035 1059 2267 1130 prophe-

675 1158 741 1202 ιιι»
769 1147 1120 1202 humilitatem
1153 1163 1271 1202 sese
1299 1151 1717 1207 demittentem?
1751 1152 1879 1207 Illud
1909 1153 2085 1218 enim,
2121 1153 2267 1207 Sicut

672 1239 849 1303 audio,
873 1239 1088 1308 judico:
1115 1248 1170 1294 et
1211 1241 1336 1296 illud
1357 1285 1370 1304 ,
1407 1241 1509 1296 Ille
1538 1243 1662 1296 milii
1690 1244 1818 1298 dixit
1861 1244 1985 1314 quid
2026 1245 2190 1299 dicam
2220 1253 2266 1298 et

668 1328 792 1398 quid
814 1331 990 1397 loquar
1013 1327 1202 1398 (Joan.
1234 1331 1287 1386 5.
1320 1332 1406 1387 50.
1458 1342 1502 1386 et
1533 1331 1618 1387 12.
1649 1334 1718 1390 49
1741 1336 1781 1405 ),
1816 1343 1870 1390 et
1897 1335 2110 1401 similia,
2144 1351 2266 1406 pro-

671 1419 950 1488 phetarum
981 1431 1187 1475 tantum
1218 1423 1378 1477 verba
1405 1435 1550 1479 sunt.
1576 1425 1630 1480 Si
1656 1441 1785 1497 ergo
1810 1436 1866 1480 ut
1890 1427 2026 1482 hanc
2051 1429 2264 1484 tolleret

669 1511 1030 1582 suspicionem
1054 1554 1068 1578 ,
1113 1524 1218 1567 tam
1251 1513 1472 1569 humilia
1503 1517 1742 1585 proferre
1776 1519 1938 1573 verba
1971 1535 2077 1574 non
2107 1519 2260 1575 dedi-

667 1611 857 1669 gnatus
883 1614 962 1657 est
999 1623 1011 1657 :
1059 1606 1224 1658 multo
1269 1607 1437 1676 magis
1458 1649 1473 1674 ,
1519 1610 1561 1662 si
1594 1620 1808 1664 creatus
1837 1623 2016 1675 esset,
2047 1628 2113 1666 ne
2144 1612 2263 1682 quis

669 1687 962 1742 inet-catum
995 1689 1144 1743 illum
1167 1693 1554 1761 suspicaretur,
1581 1695 1751 1747 multa
1776 1696 1970 1749 similia
2003 1695 2258 1763 dixisset;

666 1778 812 1836 verbi
845 1778 1002 1833 causa
1028 1819 1041 1843 ,
1071 1778 1246 1835 Nolite
1278 1793 1465 1850 putare
1493 1797 1578 1838 me
1600 1785 1841 1854 genitum
1867 1800 1989 1842 esse
2010 1803 2038 1840 a
2063 1787 2256 1852 Patre;

667 1884 790 1923 nam
823 1869 990 1924 factus
1013 1913 1026 1929 .
1061 1887 1167 1925 non
1219 1874 1430 1942 genitus
1477 1889 1593 1929 sum
1617 1917 1631 1942 ,
1661 1892 1836 1946 neque
1880 1893 1946 1932 ex
1976 1877 2163 1933 eadem
2194 1895 2258 1934 ex

663 1977 766 2031 qua
792 1961 878 2015 ille
897 1963 1215 2017 substantia.
1241 1963 1392 2020 Nunc
1414 1968 1594 2022 autem
1619 1971 1846 2025 omnino
1871 1981 2062 2026 contra
2091 1973 2214 2027 facit
2241 1990 2254 2038 ;

663 2070 785 2107 nam
826 2070 888 2110 ea
931 2055 1199 2124 loquitur,
1228 2074 1348 2127 qua:
1378 2061 1460 2113 vel
1491 2062 1688 2116 invitos
1714 2074 1910 2133 cogant
1939 2065 2005 2119 ad
2037 2077 2258 2121 contra-

661 2145 794 2199 riam
838 2147 1263 2215 atnplectcndam
1305 2152 1665 2214 sententiam;
1712 2164 1768 2208 ttt
1800 2171 2026 2224 nempe:
2065 2157 2174 2227 Ego
2203 2159 2256 2212 in

669 2235 844 2304 l’atre,
887 2252 931 2292 et
959 2238 1119 2294 Pater
1141 2241 1191 2294 in
1223 2258 1300 2295 me
1322 2241 1510 2309 (Joan.
1542 2244 1628 2300 Η.
1661 2246 1794 2316 10);
1825 2257 1907 2310 et.
1942 2247 2107 2304 Tanto
2134 2261 2255 2304 tem-

662 2346 783 2400 pore
810 2331 1060 2384 vobiscum
1086 2349 1216 2399 sum,
1237 2345 1282 2387 et
1304 2351 1405 2388 non
1434 2337 1707 2405 cognovisti
1726 2356 1823 2404 me,
1844 2338 2128 2411 Philippe?
2159 2341 2256 2407 Qui

659 2424 792 2475 videt
829 2440 934 2488 me,
969 2425 1099 2478 videt
1124 2436 1168 2479 et
1202 2424 1408 2480 Patrem
1433 2426 1606 2500 (Ibid.
1633 2428 1731 2501 9);
1756 2441 1809 2486 et
1835 2472 1850 2497 ,
1889 2431 1954 2486 Ut
1972 2450 2142 2489 onmes
2171 2437 2257 2490 lto-

659 2522 838 2565 norent
864 2512 1074 2578 Filium,
1100 2517 1226 2570 sicut
1267 2519 1516 2574 honorant
1547 2520 1752 2575 Patrem
1783 2522 1893 2593 (Id.
1921 2526 1972 2580 5.
1998 2526 2110 2598 25).
2137 2529 2254 2583 Sic-

656 2614 712 2657 ut
741 2603 900 2658 Pater
925 2609 1137 2661 suscitat
1167 2622 1424 2680 mortuos,
1475 2624 1522 2669 et
1558 2617 1778 2682 vivi/icat
1803 2635 1821 2673 :
1849 2619 1922 2674 sic
1967 2631 2013 2675 et
2044 2621 2211 2678 Filius
2235 2666 2249 2690 ,

655 2714 778 2767 quos
824 2700 963 2765 vult,
1007 2702 1222 2771 vivi/icat
1273 2705 1449 2774 (Ibid.
1503 2699 1627 2780 2i).
1689 2709 1849 2766 Pater
1905 2731 2045 2769 meus
2096 2733 2254 2786 usque

655 2791 804 2842 modo
847 2803 1086 2860 operatur
1110 2836 1122 2857 ,
1170 2805 1215 2848 et
1244 2813 1335 2865 ego
1379 2814 1562 2867 aperor
1604 2799 1778 2871 (Ibid.
1815 2806 1913 2876 ΓΙ)
1943 2847 1955 2859 .
1982 2807 2128 2862 Sicut
2156 2827 2251 2864 no-

654 2882 720 2932 vit
743 2898 820 2933 mc
851 2879 1028 2947 Pater,
1062 2894 1108 2936 et
1130 2901 1220 2955 ego
1251 2903 1402 2941 nosco
1425 2887 1656 2946 Patrem.
1688 2893 1873 2963 Egoet
1903 2895 2060 2952 Pater
2093 2916 2247 2955 unum

651 2976 866 3045 sttoius(
894 2972 974 3028 id.
1001 2977 1088 3042 10,
1113 2978 1196 3032 l5.
1217 2989 1261 3033 et
1285 2979 1396 3052 30).
1429 2983 1490 3036 Et
1519 2984 1715 3055 ubique
1730 2987 1874 3044 Sicut
1897 2999 1946 3044 et
1973 2990 2057 3045 Ita
2077 2995 2244 3062 ponit,

653 3068 888 3135 dicitque
918 3084 974 3123 se
1005 3081 1058 3123 et
1089 3069 1309 3128 Patrem
1361 3091 1524 3129 unum
1569 3093 1688 3133 esse
1711 3122 1724 3146 ,
1761 3082 2072 3154 nullamque
2124 3101 2246 3143 esse

649 3159 1003 3215 differentiam
1045 3163 1302 3222 declarat.
1337 3169 1723 3226 Auctoritatem
1767 3191 1893 3229 vero
1922 3189 1976 3231 ct
2008 3194 2102 3248 per
2129 3180 2244 3236 ha-c

651 3258 707 3304 et
739 3265 832 3318 per
871 3252 971 3305 alia
1030 3254 1179 3323 plura
1225 3255 1594 3326 demonstrat;
1625 3273 1679 3317 ut
1711 3281 1831 3318 eum
1874 3266 2035 3335 dicit,
2067 3269 2202 3326 Tace
2223 3314 2237 3339 ,

651 3342 968 3410 obmutesce;
1007 3344 1166 3413 Volo,
1199 3350 1446 3407 mtmdare
1463 3369 1484 3418 ,'
1517 3351 1630 3407 Tibi
1657 3356 1810 3411 dico:
1840 3359 2010 3414 Surde
2034 3373 2078 3417 et
2109 3376 2246 3421 mute

647 3433 867 3500 tlremon,
899 3437 979 3491 exi
1002 3438 1064 3492 ab
1089 3455 1146 3493 eo
1189 3441 1391 3512 (Marc.
1436 3446 1491 3500 4.
1543 3448 1634 3503 39.
1670 3447 1856 3505 Matth.
1888 3455 1940 3507 8.
1973 3455 2026 3510 5.
2075 3457 2240 3514 Marc.

647 3526 701 3581 9.
731 3526 832 3597 24)
863 3549 874 3582 :
920 3530 1188 3602 illudque,
1223 3538 1450 3591 Audistis
1473 3541 1593 3607 quia
1637 3543 1828 3596 dictum
1871 3556 1942 3601 est
1983 3551 2237 3621 antiquis,

648 3621 769 3678 Non
792 3625 987 3679 occides
1011 3639 1028 3680 :
1053 3644 1144 3698 ego
1166 3639 1331 3683 autem
1356 3633 1469 3686 dico
1500 3637 1636 3690 vobis
1655 3678 1669 3702 ,
1700 3638 1800 3705 Qui
1828 3642 2065 3696 irascitur
2087 3649 2239 3716 fratri

646 3730 738 3767 suo
777 3715 996 3783 (mura,
1030 3735 1147 3773 reus
1177 3723 1271 3774 erit
1301 3721 1526 3792 (Matth.
1560 3726 1613 3782 5.
1656 3728 1746 3782 2|.
1780 3729 1902 3800 22).
1931 3715 2240 3807 Similiaque

646 3807 866 3872 statuit,
898 3817 951 3861 et
977 3810 1230 3865 miracula
1264 3815 1409 3880 edit,
1432 3832 1552 3886 qua:
1575 3822 1781 3888 possint
1804 3823 1919 3892 ejus
1945 3831 2234 3894 potentiam

642 3897 1013 3955 demonstrare
1042 3919 1056 3955 :
1103 3903 1211 3981 imo
1234 3906 1328 3981 vel
1368 3910 1588 3964 minima
1617 3914 1831 3981 quidem
1867 3918 2080 3975 illorum
2112 3939 2234 3993 pars

641 4005 735 4044 eos
757 4031 771 4054 ,
795 3993 882 4059 qui
911 4009 1016 4048 non
1041 3998 1184 4050 omni
1211 4014 1430 4068 prorsus
1453 4017 1614 4059 sensu
1643 4018 1862 4075 carent,
1894 4011 2160 4072 adducere
2181 4029 2236 4075 et

642 4082 962 4151 persuadere
994 4088 1182 4155 possit.

711 4173 764 4228 5.
796 4173 975 4229 Inanis
1003 4176 1181 4248 gloria:
1206 4182 1468 4239 damnum.
1499 4217 1574 4229 —
1612 4189 1810 4248 Verum
1848 4210 1910 4250 ea
1951 4209 2033 4252 est
2060 4201 2236 4257 inanis

635 4265 820 4334 gloriae
846 4269 864 4298 ³
894 4269 1008 4335 vis,
1056 4279 1113 4324 ut
1156 4273 1237 4327 vel
1285 4274 1336 4328 in
1383 4277 1545 4333 rebus
1590 4283 2038 4344 manifestissimis
2068 4295 2236 4361 possit

639 4374 824 4412 eorum
868 4362 958 4431 qui
1002 4363 1092 4417 illa
1134 4367 1272 4435 capti
1304 4378 1428 4423 sunt
1472 4384 1707 4431 mentem
1738 4394 2032 4451 exrmwre,
2076 4397 2233 4458 atque

639 4450 743 4504 illis
770 4453 1029 4518 suadere,
1076 4464 1132 4509 ut
1161 4457 1318 4512 etiam
1355 4465 1621 4537 adversus
1665 4484 1725 4522 ea
1753 4487 1870 4540 quae
1901 4475 1951 4528 in
1983 4450 2233 4537 confesso

633 4553 755 4597 sunt
786 4547 1147 4614 contendant;
1181 4552 1439 4624 aliosque,
1494 4561 1686 4629 quibus
1734 4578 1856 4621 nota
1905 4574 2100 4628 veritas
2125 4587 2224 4644 est,

632 4633 698 4686 ad
748 4635 1108 4693 simulandum
1159 4652 1212 4696 et
1264 4656 1446 4701 contra
1493 4651 1768 4710 nitendum
1815 4659 2043 4718 incitet:
2087 4633 2225 4735 quod

632 4727 790 4778 etiam
824 4727 1022 4784 Jodaris
1052 4734 1263 4789 accidit.
1307 4737 1422 4793 Non
1453 4744 1595 4797 enim
1628 4761 1720 4813 per
1759 4727 2114 4819 ignorantiam
2142 4760 2228 4816 Fi-

634 4818 762 4870 lium
797 4818 886 4873 Dei
917 4823 1200 4891 negabant,
1226 4829 1319 4883 sed
1360 4841 1417 4885 ut
1445 4835 1585 4903 apud
1617 4818 1802 4910 vulgus
1833 4846 2089 4905 honorem
2125 4855 2223 4910 sibi

632 4913 995 4968 conciliarent.
1031 4916 1161 4972 Nam
1192 4919 1468 4979 Credebant
1510 4929 1560 4981 in
1606 4949 1715 4985 cum
1748 4935 1924 5005 (Jour.
1977 4944 2061 4998 12.
2106 4946 2220 5014 4⁸2),

629 5006 818 5074 inquit,
852 5008 944 5062 sed
974 5010 1231 5068 timebant
1269 5032 1333 5070 ne
1359 5028 1505 5074 extra
1542 5039 1864 5098 synagogam
1900 5036 2088 5092 tierent
2113 5081 2126 5102 ,
2170 5042 2220 5096 in

626 5097 960 5168 aliorumque
1013 5106 1235 5171 gratiam
1281 5111 1504 5165 salutem
1547 5129 1694 5170 suam
1745 5097 2059 5188 prodebant.
2104 5130 2219 5189 Non

629 5202 800 5255 potest
823 5196 986 5261 enim,
1020 5212 1123 5249 non
1152 5209 1327 5267 potest
1357 5205 1538 5276 utique
1571 5209 1614 5261 is
1642 5212 1730 5278 qui
1757 5227 2077 5282 prmsentcm
2100 5224 2216 5292 glo-

627 5285 759 5341 riam
791 5287 861 5342 ita
889 5297 1089 5359 captat,
1132 5290 1272 5346 illam
1323 5311 1441 5364 qua:
1483 5313 1512 5352 a
1563 5300 1672 5356 Deo
1700 5315 1779 5359 est
1809 5312 2043 5380 assequi.
2072 5285 2215 5383 Qua-

626 5389 844 5446 propter
885 5380 1176 5450 increpavit
1205 5401 1297 5440 eos
1345 5388 1426 5442 his
1461 5393 1634 5448 verbis
1667 5415 1678 5449 :
1714 5398 1979 5464 Quomodo
2010 5427 2043 5476 ,u
2066 5380 2216 5466 uestis

622 5470 845 5533 credere,
891 5475 975 5540 qui
1019 5476 1234 5546 gloriam
1279 5480 1340 5531 ab
1390 5483 1673 5540 hominibus
1703 5493 1964 5561 accipitis,
1999 5510 2044 5552 et
2075 5503 2213 5557 illam

622 5578 735 5629 qum
763 5581 792 5616 a
826 5561 932 5618 Deo
959 5576 1028 5618 est
1058 5583 1157 5619 non
1197 5573 1420 5637 quwritis
1446 5573 1627 5642 (Joau.
1657 5580 1714 5647 5,
1743 5583 1833 5656 44)
1853 5587 1875 5639 ?
1909 5589 1980 5643 lia
2019 5596 2211 5666 quippe

686 5722 701 5792 ξ
737 5721 1176 5792 ᾳιιξᾴλιιιηἱνξτίίψιιί
1204 5725 1467 5792 loquentem
1501 5749 1589 5783 sua
1626 5738 1904 5792 substantia.

618 5785 701 5908 9A:
733 5783 927 5854 Quotam
953 5783 1148 5842 habent.
1175 5783 1458 5855 ambitionis,
1483 5808 1530 5849 et
1557 5783 1914 5867 aliipuriiiiiliii',
1936 5821 2040 5871 pro,
2057 5805 2209 5865 eam.

697 5860 800 5896 rue.

2389 501 2643 572 profunda
2698 503 2940 572 quzedant
2991 505 3223 560 ebrietas
3267 515 3350 562 est
3378 527 3390 559 :
3422 507 3656 579 ideoque
3703 508 3750 563 is
3794 513 3878 578 qui
3910 513 3978 567 ille

2383 593 2544 648 animi
2578 595 2765 650 morbo
2791 606 2978 667 captus
3001 608 3105 663 est,
3134 597 3355 654 difficile
3383 601 3675 671 resipiscit.
3708 602 3838 657 ll.ec
3859 605 3978 660 labes

2383 687 2713 755 captivorum
2741 688 2976 743 animam
3009 705 3037 743 a
3060 690 3193 745 etelo
3233 691 3574 756 abscindens,
3605 703 3780 749 terra:
3813 693 3976 765 afﬁgit,

2383 792 2482 832 nec
2511 779 2637 832 sinit
2665 795 2843 835 veram
2876 781 3066 836 intueri
3101 783 3304 848 lucem,
3354 784 3450 838 sed
3492 785 3544 840 in
3589 800 3762 842 caeno
3788 803 3978 858 semper

2383 869 2606 925 volutari
2638 882 2809 936 curat,
2843 873 3093 930 dominos
3122 876 3253 945 ipsis
3295 893 3490 947 parans
3523 879 3590 933 ita
3623 891 3905 950 potentes,
3935 894 3977 937 ut

2380 962 2497 1018 sine
2531 963 2681 1034 jussu
2712 965 2892 1035 aliquo
2938 967 3068 1037 ipsis
3098 968 3382 1038 imperent.
3427 970 3559 1026 Nam
3598 972 3647 1026 is
3680 974 3776 1042 qui
3813 975 3976 1043 hujus-

2380 1056 2523 1112 modi
2563 1058 2753 1114 morbo
2784 1060 3010 1126 laborat,
3054 1063 3216 1117 etiam
3250 1063 3462 1118 nemine
3487 1064 3759 1134 jobente,
3807 1078 3977 1136 sponte

2377 1146 2467 1201 illa
2517 1150 2696 1204 omnia
2737 1151 2918 1216 efficit,
2978 1168 3097 1223 qua:
3146 1162 3297 1223 putat
3340 1154 3572 1211 dominis
3615 1156 3734 1212 illis
3782 1158 3976 1229 placere

2376 1254 2553 1309 posse.
2589 1240 2805 1297 Illorum
2851 1244 3048 1314 quippe
3076 1247 3244 1315 gratia
3278 1247 3514 1318 pulchris
3553 1249 3805 1304 induitur
3831 1261 3976 1305 vesu-

2373 1329 2495 1394 bus,
2525 1331 2713 1387 faciem
2745 1344 2919 1399 ornat,
2968 1351 3074 1390 non
3121 1337 3258 1405 sibi,
3309 1340 3404 1394 sed
3449 1339 3605 1406 aliis;
3659 1341 3975 1398 famulorum

2376 1421 2584 1476 turbam
2615 1424 2667 1477 in
2695 1424 2812 1479 foro
2839 1427 3220 1495 circumducit,
3257 1439 3312 1484 ut
3343 1430 3463 1485 aliis
3494 1433 3561 1485 sit
3589 1432 3936 1489 admirationi
3963 1454 3972 1488 :

2373 1514 2628 1585 quidquid
2662 1518 2896 1590 denique
2923 1519 3068 1587 facit,
3095 1531 3146 1577 ut
3179 1523 3298 1578 aliis
3326 1525 3549 1595 placeat,
3579 1527 3828 1584 exhibet.
3851 1529 3973 1585 Num

2373 1604 2476 1661 hoc
2500 1609 2661 1663 animi
2691 1611 2882 1664 morbo
2913 1613 3202 1682 quidquam
3237 1614 3477 1672 deterius
3521 1634 3642 1674 esse
3675 1621 3891 1690 possit?
3918 1621 3975 1678 Ut

2371 1699 2493 1753 aliis
2519 1702 2588 1754 sit
2615 1703 2977 1772 admirationi,
3012 1720 3154 1777 saepe
3199 1724 3259 1764 se
3291 1711 3621 1781 prmcipitem
3669 1713 3790 1769 dat.
3843 1714 3972 1770 Satis

2370 1803 2520 1849 certe
2555 1807 2738 1851 essent
2775 1814 2836 1852 ea
2882 1815 3002 1869 qua:
3053 1815 3081 1854 a
3129 1801 3347 1857 Christo
3391 1803 3528 1860 dicta
3559 1816 3688 1860 sunt
3721 1807 3791 1862 ad
3827 1809 3973 1877 hujus

2369 1886 2540 1940 morbi
2569 1889 2904 1957 tymtmidem
2929 1891 3405 1948 demonstrandam
3429 1914 3441 1950 :
3461 1911 3647 1951 verum
3669 1897 3801 1954 hinc
3821 1900 3969 1955 etiam

2369 1979 2456 2034 illa
2484 1991 2860 2052 cognoscatur.
2914 1984 3046 2040 Nam
3091 1987 3134 2042 si
3165 1991 3471 2059 quempiam
3518 2005 3584 2045 ex
3637 1991 3748 2046 illis
3775 1992 3970 2048 civibus

2367 2071 2456 2139 qui
2505 2083 2752 2140 sumptus
2797 2074 3127 2144 profundunt
3178 2078 3441 2133 maximos
3489 2081 3797 2152 interroges
3825 2125 3841 2152 ,
3881 2099 3967 2138 cur

2367 2169 2570 2216 tantum
2599 2165 2712 2217 auri
2744 2171 3075 2235 nnpendant,
3119 2170 3245 2238 quid
3293 2170 3393 2224 sibi
3442 2172 3623 2227 volunt
3663 2173 3966 2244 hujosmodi

2365 2262 2629 2320 sumptus,
2665 2257 2796 2310 nihil
2838 2257 2982 2313 aliud
3027 2260 3461 2330 respondebunt,
3493 2279 3654 2334 quam
3686 2275 3747 2321 ut
3778 2267 3964 2336 populo

2368 2346 2631 2416 placeant.
2679 2349 2736 2404 Si
2789 2366 3001 2405 rursum
3057 2353 3350 2408 scisciteris
3375 2396 3389 2420 ,
3430 2356 3556 2426 quid
3588 2357 3660 2411 sit
3698 2358 3960 2429 populus:

2365 2438 2668 2510 Quidpiam,
2692 2443 2950 2513 inquient,
2974 2445 3201 2500 tumultu
3232 2447 3445 2516 plenum
3468 2458 3522 2504 et
3544 2453 3958 2521 perturbatione,

2362 2544 2425 2584 ex
2457 2530 2760 2600 insipientia
2794 2536 3111 2608 plerumque
3130 2549 3405 2607 constans,
3430 2543 3571 2612 quod
3597 2553 3804 2601 temere
3825 2560 3960 2617 stupe

2364 2624 2506 2679 ultro
2546 2628 2789 2698 citroque
2822 2628 3009 2694 fertur,
3041 2632 3212 2687 instar
3242 2637 3571 2689 marinorum
3604 2635 3888 2702 fluctuum,
3912 2649 3959 2695 et

2361 2730 2541 2771 secum
2587 2731 2853 2789 pugnante
2899 2726 3163 2777 sententia
3207 2726 3524 2798 plerumque
3544 2730 3831 2799 jactatum.
3863 2731 3956 2800 Qui

2362 2809 2519 2864 talem
2554 2810 2713 2867 habet
2742 2813 3042 2879 dominum,
3074 2832 3178 2886 quo
3212 2833 3315 2872 non
3361 2821 3724 2880 miserabilior
3761 2822 3957 2880 fuerit?

2358 2897 2465 2954 Sed
2519 2902 2660 2971 quod
2710 2905 2996 2960 saeculares
3041 2906 3288 2963 homines
3336 2909 3420 2964 his
3473 2911 3698 2980 inhient,
3739 2931 3850 2971 non
3891 2917 3954 2972 ita

2357 3008 2518 3060 grave
2553 3003 2654 3060 est,
2691 2997 2790 3051 etsi
2835 3013 2997 3068 grave
3036 3015 3222 3056 revera
3255 3002 3326 3057 sit
3356 3021 3368 3057 :
3399 3004 3542 3073 quod
3575 3016 3753 3063 autem
3782 3011 3872 3080 qui
3901 3023 3954 3066 se

2356 3085 2557 3140 mundo
2587 3091 2927 3146 renuntiasse
2959 3092 3163 3160 dicunt,
3199 3094 3303 3150 hoc
3339 3097 3526 3153 morbo
3555 3098 3822 3170 laborent,
3854 3104 3952 3158 iri:

2357 3175 2580 3244 majore,
2607 3179 2657 3232 id
2684 3191 2832 3233 certe
2860 3183 3256 3250 gravissimum.
3292 3186 3404 3242 Illis
3431 3190 3575 3243 enim
3608 3194 3951 3261 pecuniarum

2355 3275 2558 3322 tantum
2586 3281 2664 3325 est
2687 3272 2895 3339 jactura
2933 3293 2946 3330 :
2980 3274 3064 3331 bis
3087 3292 3214 3332 vero
3241 3281 3434 3335 anima:
3470 3284 3792 3353 periculum.
3824 3287 3950 3344 Nam

2352 3374 2475 3415 cum
2519 3361 2701 3431 gloriae
2740 3380 2899 3420 causa
2951 3383 2980 3421 a
3029 3379 3173 3423 recta
3203 3369 3306 3425 fide
3336 3371 3659 3441 desciscunt,
3690 3385 3745 3433 et
3774 3389 3829 3436 ut
3857 3379 3950 3436 sibi

2352 3451 2577 3520 gloriam
2611 3454 2841 3523 pariant,
2889 3457 3056 3512 Deum
3087 3458 3354 3517 dedecore
3382 3463 3642 3532 afficiunt,
3673 3482 3948 3540 quantum.

2351 3557 2570 3612 quaeso,
2605 3547 2836 3615 torporis
2861 3590 2874 3613 ,
2922 3560 3181 3620 quantum
3227 3553 3448 3611 insaniae
3489 3573 3578 3613 res
3619 3557 3734 3617 hare
3763 3578 3875 3634 pm
3899 3576 3951 3618 so

2352 3635 2456 3689 fert
2476 3636 2499 3687 ?

2425 3729 2602 3783 Gloria
2625 3734 2904 3801 pepuleris,
2937 3752 3038 3789 non
3064 3748 3135 3791 est
3163 3755 3274 3792 vere
3297 3740 3764 3810 gloria.—C:ntera
3794 3763 3949 3821 porro

2355 3822 2498 3886 vitia,
2535 3825 2657 3878 licet
2701 3826 2924 3880 multum
2956 3828 3137 3884 danmi
3187 3830 3448 3904 inferant,
3499 3835 3731 3906 aliquam
3763 3843 3946 3896 saltem

2350 3914 2582 3970 afferunt
2625 3917 2974 3988 voluptatem,
3021 3924 3122 3976 etsi
3171 3934 3569 3995 temporaneam
3606 3942 3660 3986 et
3704 3933 3943 3990 brevem.

2349 4009 2479 4064 Nam
2509 4027 2720 4078 avarus,
2752 4013 3022 4082 ebriosus,
3056 4019 3452 4091 mulierumque
3484 4038 3690 4089 amans,
3718 4029 3945 4101 aliquam

2346 4101 2543 4157 damno
2566 4104 2878 4171 admixtam,
2911 4111 3009 4163 etsi
3057 4111 3272 4166 brevem
3294 4155 3308 4180 ,
3349 4115 3674 4185 voluptatem
3705 4118 3906 4177 habent
3933 4141 3943 4176 :

2346 4195 2435 4261 qui
2465 4205 2644 4247 autctu
2670 4194 2771 4249 hoc
2803 4197 2993 4252 morbo
3014 4201 3153 4269 capti
3184 4213 3328 4265 sunt,
3359 4205 3604 4261 acerbam
3646 4222 3867 4283 semper
3897 4220 3946 4267 et

2346 4284 2620 4355 voluptate
2643 4302 2860 4343 vacuam
2893 4302 3056 4361 agunt
3085 4295 3268 4352 vitam.
3301 4295 3487 4367 Neque
3526 4303 3667 4356 enim
3711 4303 3762 4358 id
3806 4307 3944 4378 quod

2346 4381 2578 4434 maxime
2601 4391 3183 4454 amantassequuntur;
3213 4391 3435 4460 gloriam
3465 4409 3658 4466 nempe
3678 4407 3735 4452 et
3761 4414 3942 4457 auram

2345 4471 2690 4541 popularem;
2724 4474 2817 4529 sed
2850 4477 3097 4533 videntur
3127 4483 3340 4551 quidem
3385 4486 3471 4542 illa
3503 4487 3627 4554 frui,
3661 4507 3839 4564 neque
3870 4505 3942 4549 ta-

2343 4579 2463 4619 men
2493 4566 2757 4637 fruuntur,
2799 4571 2940 4640 quod
2973 4573 3100 4628 illud
3141 4578 3361 4634 minime
3386 4580 3640 4651 sitgloria
3670 4604 3682 4639 :
3715 4587 3941 4660 ideoque

2340 4660 2524 4713 vitium
2559 4661 2708 4728 illud,
2737 4679 2842 4718 non
2868 4665 3060 4735 gloria,
3093 4668 3186 4723 sed
3216 4686 3302 4724 res
3328 4672 3497 4742 gloria
3528 4691 3693 4731 vacua
3722 4679 3936 4746 dicitur;

2339 4767 2640 4822 vanamque
2665 4755 2886 4825 gloriam
2925 4769 3134 4816 veteres
3183 4779 3373 4820 onmes
3412 4768 3463 4821 id
3503 4767 3624 4836 jure
3659 4787 3935 4830 vocarunt.

2341 4840 2516 4897 Vacua
2547 4859 2773 4916 namque
2804 4858 2906 4917 est,
2938 4851 3066 4906 nihil
3094 4854 3236 4909 intus
3258 4854 3462 4912 habens
3486 4859 3830 4928 splendidum
3865 4869 3938 4922 vel

2338 4934 2646 5004 gloriosum.
2667 4935 2770 4993 Sed
2796 4943 3243 5011 quemadmodum
3270 4948 3431 5003 larva:
3453 4951 3702 5010 videntur
3722 4957 3937 5026 quidem

2337 5027 2544 5084 decorae
2567 5042 2622 5086 et
2651 5035 2928 5100 amabiles,
2953 5037 3046 5091 sed
3080 5054 3259 5094 vacum
3290 5043 3431 5097 intus
3461 5053 3588 5100 sunt
3618 5065 3630 5099 :
3660 5049 3787 5106 ideo
3817 5053 3938 5107 licet

2336 5120 2682 5178 formosiores
2728 5127 2834 5180 sint
2881 5131 3092 5184 caeteris
3130 5134 3466 5202 corporibus,
3512 5141 3784 5196 neminem
3816 5160 3933 5199 um-

2333 5230 2491 5283 quam
2520 5217 2585 5271 ad
2617 5220 2695 5272 sui
2720 5236 2955 5276 amorem
2988 5225 3321 5293 allexerunt;
3353 5231 3429 5285 sic
3461 5232 3548 5286 illa
3575 5233 3713 5303 apud
3747 5236 3930 5310 vulgus

2331 5307 2536 5373 gloria;
2575 5310 2681 5364 imo
2709 5313 2864 5384 longe
2890 5318 3268 5386 miserabilius,
3301 5322 3440 5377 hunc
3472 5327 3715 5380 morbum
3744 5344 3931 5386 curam

2330 5399 2602 5458 difficilem
2628 5415 2681 5460 et
2729 5409 3062 5477 tyrannieum
3097 5412 3250 5465 nobis
3280 5415 3547 5473 ell'ormat.
3570 5416 3930 5489 Conspectum

2331 5497 2528 5567 quippe
2550 5501 2723 5552 solum
2760 5500 3095 5567 splendidum
3129 5503 3316 5569 habet;
3349 5505 3602 5561 interiora
3641 5527 3790 5577 vero,
3823 5529 3928 5569 non

2328 5606 2491 5644 vacua
2523 5591 2701 5656 modo,
2737 5592 2829 5645 sed
2858 5594 3017 5646 etiam
3051 5593 3315 5648 dedeCore
3342 5606 3394 5650 et
3421 5599 3622 5652 crudeli
3648 5604 3928 5670 tyrannide

2327 5684 2478 5751 plena
2511 5691 2651 5736 sunt.
2688 5681 2838 5738 Unde
2869 5699 2998 5754 ergo
3026 5689 3279 5753 nascitur,
3314 5688 3544 5760 inquies,
3578 5694 3796 5747 morbus
3819 5704 3928 5752 tam

2323 5779 2586 5833 absurdus
2609 5821 2624 5845 ,
2670 5780 2918 5850 nullaque
2962 5779 3199 5835 afficiens
3247 5783 3516 5854 voluptate
3541 5787 3563 5837 ?
3598 5784 3786 5842 Unde?
3808 5788 3926 5844 Non

2327 5868 2539 5926 aliunde
2566 5888 2721 5943 quam
2751 5889 2778 5926 a
2803 5873 2889 5927 vili
2913 5882 2962 5928 et
2991 5873 3200 5944 abiecto
3224 5874 3425 5931 animo.
3447 5873 3562 5932 Non
3586 5889 3761 5947 petest
3783 5885 3923 5937 enim
