  <div class='ocr_page' id='page_1' title='image "/cluster/home/n/w/nwhite01/storage/ocr_20150623/59/ien.35556001660869/052.png"; bbox 0 0 4064 6434; ppageno 0'>
   <div class='ocr_carea' id='block_1_1' title="bbox 154 351 3476 421">
    <p class='ocr_par' dir='ltr' id='par_1_1' title="bbox 154 351 3476 421">
     <span class='ocr_line' id='line_1_1' title="bbox 154 351 3476 421; baseline 0.003 -9"><span class='ocrx_word' id='word_1_1' title='bbox 154 362 220 417; x_wconf 61' lang='grc' dir='ltr'><strong>ετ</strong></span> <span class='ocrx_word' id='word_1_2' title='bbox 1239 358 1304 415; x_wconf 81' lang='lat' dir='ltr'><strong>IN</strong></span> <span class='ocrx_word' id='word_1_3' title='bbox 1341 355 1655 416; x_wconf 76' lang='lat' dir='ltr'><strong>JOANNEM</strong></span> <span class='ocrx_word' id='word_1_4' title='bbox 1695 351 1924 410; x_wconf 65' lang='lat' dir='ltr'><strong>nouit.</strong></span> <span class='ocrx_word' id='word_1_5' title='bbox 1975 354 2062 410; x_wconf 89' lang='lat' dir='ltr'><strong>tv.</strong></span> <span class='ocrx_word' id='word_1_6' title='bbox 2107 359 2181 412; x_wconf 85' lang='lat' dir='ltr'><strong>at.</strong></span> <span class='ocrx_word' id='word_1_7' title='bbox 2223 356 2310 415; x_wconf 86' lang='grc' dir='ltr'>ιιι.</span> <span class='ocrx_word' id='word_1_8' title='bbox 3409 365 3476 421; x_wconf 69' lang='lat' dir='ltr'><strong>is</strong></span> 
     </span>
    </p>
   </div>
   <div class='ocr_carea' id='block_1_2' title="bbox 152 474 1757 546">
    <p class='ocr_par' dir='ltr' id='par_1_2' title="bbox 152 474 1757 546">
     <span class='ocr_line' id='line_1_2' title="bbox 152 474 1757 546; baseline -0.004 -16"><span class='ocrx_word' id='word_1_9' title='bbox 152 481 194 530; x_wconf 78' lang='lat' dir='ltr'><strong>is</strong></span> <span class='ocrx_word' id='word_1_10' title='bbox 223 480 310 546; x_wconf 90' lang='lat' dir='ltr'><strong>qui</strong></span> <span class='ocrx_word' id='word_1_11' title='bbox 344 474 530 545; x_wconf 73' lang='lat' dir='ltr'><strong>gloria:</strong></span> <span class='ocrx_word' id='word_1_12' title='bbox 561 491 744 530; x_wconf 87' lang='lat' dir='ltr'><strong>amore</strong></span> <span class='ocrx_word' id='word_1_13' title='bbox 773 483 963 545; x_wconf 86' lang='lat' dir='ltr'><strong>captus</strong></span> <span class='ocrx_word' id='word_1_14' title='bbox 987 480 1105 542; x_wconf 87' lang='lat' dir='ltr'><strong>est,</strong></span> <span class='ocrx_word' id='word_1_15' title='bbox 1134 487 1386 545; x_wconf 86' lang='lat' dir='ltr'><strong>magnum</strong></span> <span class='ocrx_word' id='word_1_16' title='bbox 1412 479 1504 526; x_wconf 90' lang='lat' dir='ltr'><strong>aut</strong></span> <span class='ocrx_word' id='word_1_17' title='bbox 1530 482 1757 542; x_wconf 83' lang='lat' dir='ltr'><strong>genero-</strong></span> 
     </span>
    </p>
   </div>
   <div class='ocr_carea' id='block_1_3' title="bbox 150 566 1757 639">
    <p class='ocr_par' dir='ltr' id='par_1_3' title="bbox 150 566 1757 639">
     <span class='ocr_line' id='line_1_3' title="bbox 150 566 1757 639; baseline -0.006 -15"><span class='ocrx_word' id='word_1_18' title='bbox 150 588 270 624; x_wconf 74' lang='lat' dir='ltr'><strong>sum</strong></span> <span class='ocrx_word' id='word_1_19' title='bbox 298 569 569 638; x_wconf 89' lang='lat' dir='ltr'><strong>quidpiam</strong></span> <span class='ocrx_word' id='word_1_20' title='bbox 603 568 759 624; x_wconf 79' lang='lat' dir='ltr'><strong>facile</strong></span> <span class='ocrx_word' id='word_1_21' title='bbox 784 569 1058 639; x_wconf 87' lang='lat' dir='ltr'><strong>cogitare;</strong></span> <span class='ocrx_word' id='word_1_22' title='bbox 1086 566 1180 622; x_wconf 87' lang='lat' dir='ltr'><strong>sed</strong></span> <span class='ocrx_word' id='word_1_23' title='bbox 1205 580 1426 621; x_wconf 89' lang='lat' dir='ltr'><strong>necesse</strong></span> <span class='ocrx_word' id='word_1_24' title='bbox 1455 573 1538 618; x_wconf 89' lang='lat' dir='ltr'><strong>est</strong></span> <span class='ocrx_word' id='word_1_25' title='bbox 1562 572 1620 617; x_wconf 89' lang='lat' dir='ltr'><strong>ut</strong></span> <span class='ocrx_word' id='word_1_26' title='bbox 1642 571 1757 616; x_wconf 89' lang='lat' dir='ltr'><strong>tur-</strong></span> 
     </span>
    </p>
   </div>
   <div class='ocr_carea' id='block_1_4' title="bbox 151 653 1758 732">
    <p class='ocr_par' dir='ltr' id='par_1_4' title="bbox 151 653 1758 732">
     <span class='ocr_line' id='line_1_4' title="bbox 151 653 1758 732; baseline -0.006 -18"><span class='ocrx_word' id='word_1_27' title='bbox 151 663 252 732; x_wconf 79' lang='lat' dir='ltr'><strong>pis.</strong></span> <span class='ocrx_word' id='word_1_28' title='bbox 287 661 429 724; x_wconf 88' lang='lat' dir='ltr'><strong>vilis,</strong></span> <span class='ocrx_word' id='word_1_29' title='bbox 461 660 719 729; x_wconf 81' lang='lat' dir='ltr'><strong>inglorius</strong></span> <span class='ocrx_word' id='word_1_30' title='bbox 748 670 801 714; x_wconf 91' lang='lat' dir='ltr'><strong>et</strong></span> <span class='ocrx_word' id='word_1_31' title='bbox 831 660 1058 728; x_wconf 83' lang='lat' dir='ltr'><strong>exiguus</strong></span> <span class='ocrx_word' id='word_1_32' title='bbox 1086 657 1174 712; x_wconf 90' lang='lat' dir='ltr'><strong>sit.</strong></span> <span class='ocrx_word' id='word_1_33' title='bbox 1206 655 1307 724; x_wconf 88' lang='lat' dir='ltr'><strong>Qui</strong></span> <span class='ocrx_word' id='word_1_34' title='bbox 1346 657 1490 710; x_wconf 86' lang='lat' dir='ltr'><strong>enim</strong></span> <span class='ocrx_word' id='word_1_35' title='bbox 1519 668 1618 723; x_wconf 92' lang='lat' dir='ltr'><strong>pro</strong></span> <span class='ocrx_word' id='word_1_36' title='bbox 1650 653 1758 706; x_wconf 85' lang='lat' dir='ltr'><strong>vir-</strong></span> 
     </span>
    </p>
   </div>
   <div class='ocr_carea' id='block_1_5' title="bbox 149 745 1752 818">
    <p class='ocr_par' dir='ltr' id='par_1_5' title="bbox 149 745 1752 818">
     <span class='ocr_line' id='line_1_5' title="bbox 149 745 1752 818; baseline -0.005 -12"><span class='ocrx_word' id='word_1_37' title='bbox 149 762 264 807; x_wconf 90' lang='lat' dir='ltr'><strong>tute</strong></span> <span class='ocrx_word' id='word_1_38' title='bbox 304 751 458 815; x_wconf 80' lang='lat' dir='ltr'><strong>nihil,</strong></span> <span class='ocrx_word' id='word_1_39' title='bbox 497 751 590 806; x_wconf 83' lang='lat' dir='ltr'><strong>sed</strong></span> <span class='ocrx_word' id='word_1_40' title='bbox 621 761 678 806; x_wconf 91' lang='lat' dir='ltr'><strong>ut</strong></span> <span class='ocrx_word' id='word_1_41' title='bbox 722 751 1027 805; x_wconf 88' lang='lat' dir='ltr'><strong>hominibus</strong></span> <span class='ocrx_word' id='word_1_42' title='bbox 1072 749 1268 803; x_wconf 83' lang='lat' dir='ltr'><strong>nullius</strong></span> <span class='ocrx_word' id='word_1_43' title='bbox 1309 747 1464 818; x_wconf 90' lang='lat' dir='ltr'><strong>pretii</strong></span> <span class='ocrx_word' id='word_1_44' title='bbox 1514 745 1752 814; x_wconf 86' lang='lat' dir='ltr'><strong>placeat,</strong></span> 
     </span>
    </p>
   </div>
   <div class='ocr_carea' id='block_1_6' title="bbox 147 840 1756 912">
    <p class='ocr_par' dir='ltr' id='par_1_6' title="bbox 147 840 1756 912">
     <span class='ocr_line' id='line_1_6' title="bbox 147 840 1756 912; baseline -0.003 -17"><span class='ocrx_word' id='word_1_45' title='bbox 147 844 330 896; x_wconf 81' lang='lat' dir='ltr'><strong>omnia</strong></span> <span class='ocrx_word' id='word_1_46' title='bbox 361 841 508 908; x_wconf 80' lang='lat' dir='ltr'><strong>facil,</strong></span> <span class='ocrx_word' id='word_1_47' title='bbox 540 844 740 912; x_wconf 85' lang='lat' dir='ltr'><strong>quique</strong></span> <span class='ocrx_word' id='word_1_48' title='bbox 779 843 990 896; x_wconf 89' lang='lat' dir='ltr'><strong>illorum</strong></span> <span class='ocrx_word' id='word_1_49' title='bbox 1031 840 1354 896; x_wconf 87' lang='lat' dir='ltr'><strong>sententiam</strong></span> <span class='ocrx_word' id='word_1_50' title='bbox 1382 851 1667 894; x_wconf 90' lang='lat' dir='ltr'><strong>erroncam</strong></span> <span class='ocrx_word' id='word_1_51' title='bbox 1700 843 1756 890; x_wconf 90' lang='lat' dir='ltr'><strong>et</strong></span> 
     </span>
    </p>
   </div>
   <div class='ocr_carea' id='block_1_7' title="bbox 148 932 1754 1005">
    <p class='ocr_par' dir='ltr' id='par_1_7' title="bbox 148 932 1754 1005">
     <span class='ocr_line' id='line_1_7' title="bbox 148 932 1754 1005; baseline -0.004 -14"><span class='ocrx_word' id='word_1_52' title='bbox 148 937 395 991; x_wconf 79' lang='lat' dir='ltr'><strong>fallacem</strong></span> <span class='ocrx_word' id='word_1_53' title='bbox 429 935 602 1005; x_wconf 63' lang='lat' dir='ltr'><strong>ubivis</strong></span> <span class='ocrx_word' id='word_1_54' title='bbox 631 935 894 1005; x_wconf 78' lang='lat' dir='ltr'><strong>sequitur,</strong></span> <span class='ocrx_word' id='word_1_55' title='bbox 922 933 1196 1004; x_wconf 91' lang='lat' dir='ltr'><strong>quomodo</strong></span> <span class='ocrx_word' id='word_1_56' title='bbox 1217 932 1384 1004; x_wconf 92' lang='lat' dir='ltr'><strong>gloria</strong></span> <span class='ocrx_word' id='word_1_57' title='bbox 1415 933 1608 1001; x_wconf 87' lang='lat' dir='ltr'><strong>dignus</strong></span> <span class='ocrx_word' id='word_1_58' title='bbox 1633 943 1754 984; x_wconf 88' lang='lat' dir='ltr'><strong>esse</strong></span> 
     </span>
    </p>
   </div>
   <div class='ocr_carea' id='block_1_8' title="bbox 146 1026 1752 1098">
    <p class='ocr_par' dir='ltr' id='par_1_8' title="bbox 146 1026 1752 1098">
     <span class='ocr_line' id='line_1_8' title="bbox 146 1026 1752 1098; baseline -0.001 -17"><span class='ocrx_word' id='word_1_59' title='bbox 146 1030 360 1098; x_wconf 76' lang='lat' dir='ltr'><strong>possit?</strong></span> <span class='ocrx_word' id='word_1_60' title='bbox 387 1027 770 1083; x_wconf 78' lang='lat' dir='ltr'><strong>Animadverte</strong></span> <span class='ocrx_word' id='word_1_61' title='bbox 797 1037 996 1082; x_wconf 85' lang='lat' dir='ltr'><strong>antem.</strong></span> <span class='ocrx_word' id='word_1_62' title='bbox 1024 1027 1080 1083; x_wconf 91' lang='lat' dir='ltr'><strong>Si</strong></span> <span class='ocrx_word' id='word_1_63' title='bbox 1112 1027 1232 1098; x_wconf 86' lang='lat' dir='ltr'><strong>quis</strong></span> <span class='ocrx_word' id='word_1_64' title='bbox 1254 1027 1402 1080; x_wconf 85' lang='lat' dir='ltr'><strong>illum</strong></span> <span class='ocrx_word' id='word_1_65' title='bbox 1425 1026 1752 1094; x_wconf 83' lang='lat' dir='ltr'><strong>interroget:</strong></span> 
     </span>
    </p>
   </div>
   <div class='ocr_carea' id='block_1_9' title="bbox 148 1113 1756 1189">
    <p class='ocr_par' dir='ltr' id='par_1_9' title="bbox 148 1113 1756 1189">
     <span class='ocr_line' id='line_1_9' title="bbox 148 1113 1756 1189; baseline -0.002 -16"><span class='ocrx_word' id='word_1_66' title='bbox 148 1122 292 1188; x_wconf 85' lang='lat' dir='ltr'><strong>Quid</strong></span> <span class='ocrx_word' id='word_1_67' title='bbox 319 1119 382 1176; x_wconf 80' lang='lat' dir='ltr'><strong>tu</strong></span> <span class='ocrx_word' id='word_1_68' title='bbox 412 1121 602 1189; x_wconf 84' lang='lat' dir='ltr'><strong>vulgus</strong></span> <span class='ocrx_word' id='word_1_69' title='bbox 631 1135 752 1174; x_wconf 88' lang='lat' dir='ltr'><strong>esse</strong></span> <span class='ocrx_word' id='word_1_70' title='bbox 777 1119 1098 1174; x_wconf 84' lang='lat' dir='ltr'><strong>arbitraris?</strong></span> <span class='ocrx_word' id='word_1_71' title='bbox 1136 1119 1382 1189; x_wconf 86' lang='lat' dir='ltr'><strong>ignavam</strong></span> <span class='ocrx_word' id='word_1_72' title='bbox 1415 1116 1554 1170; x_wconf 91' lang='lat' dir='ltr'><strong>baud</strong></span> <span class='ocrx_word' id='word_1_73' title='bbox 1593 1113 1756 1169; x_wconf 85' lang='lat' dir='ltr'><strong>dubie</strong></span> 
     </span>
    </p>
   </div>
   <div class='ocr_carea' id='block_1_10' title="bbox 146 1208 1752 1278">
    <p class='ocr_par' dir='ltr' id='par_1_10' title="bbox 146 1208 1752 1278">
     <span class='ocr_line' id='line_1_10' title="bbox 146 1208 1752 1278; baseline -0.004 -10"><span class='ocrx_word' id='word_1_74' title='bbox 146 1224 204 1268; x_wconf 74' lang='lat' dir='ltr'><strong>et</strong></span> <span class='ocrx_word' id='word_1_75' title='bbox 233 1214 474 1269; x_wconf 88' lang='lat' dir='ltr'><strong>desidem</strong></span> <span class='ocrx_word' id='word_1_76' title='bbox 504 1212 897 1267; x_wconf 81' lang='lat' dir='ltr'><strong>multitudinem</strong></span> <span class='ocrx_word' id='word_1_77' title='bbox 919 1228 1040 1268; x_wconf 86' lang='lat' dir='ltr'><strong>esse</strong></span> <span class='ocrx_word' id='word_1_78' title='bbox 1067 1213 1229 1267; x_wconf 83' lang='lat' dir='ltr'><strong>dicet.</strong></span> <span class='ocrx_word' id='word_1_79' title='bbox 1263 1209 1401 1278; x_wconf 85' lang='lat' dir='ltr'><strong>Quid</strong></span> <span class='ocrx_word' id='word_1_80' title='bbox 1431 1208 1594 1264; x_wconf 83' lang='lat' dir='ltr'><strong>vero?</strong></span> <span class='ocrx_word' id='word_1_81' title='bbox 1625 1222 1752 1262; x_wconf 88' lang='lat' dir='ltr'><strong>num</strong></span> 
     </span>
    </p>
   </div>
   <div class='ocr_carea' id='block_1_11' title="bbox 148 1297 1751 1373">
    <p class='ocr_par' dir='ltr' id='par_1_11' title="bbox 148 1297 1751 1373">
     <span class='ocr_line' id='line_1_11' title="bbox 148 1297 1751 1373; baseline -0.003 -15"><span class='ocrx_word' id='word_1_82' title='bbox 148 1306 264 1358; x_wconf 75' lang='lat' dir='ltr'><strong>illis</strong></span> <span class='ocrx_word' id='word_1_83' title='bbox 302 1305 493 1357; x_wconf 85' lang='lat' dir='ltr'><strong>similis</strong></span> <span class='ocrx_word' id='word_1_84' title='bbox 522 1318 642 1359; x_wconf 88' lang='lat' dir='ltr'><strong>esse</strong></span> <span class='ocrx_word' id='word_1_85' title='bbox 672 1303 977 1373; x_wconf 86' lang='lat' dir='ltr'><strong>optaveris?</strong></span> <span class='ocrx_word' id='word_1_86' title='bbox 1025 1303 1080 1357; x_wconf 77' lang='lat' dir='ltr'><strong>Si</strong></span> <span class='ocrx_word' id='word_1_87' title='bbox 1110 1303 1228 1370; x_wconf 85' lang='lat' dir='ltr'><strong>quis</strong></span> <span class='ocrx_word' id='word_1_88' title='bbox 1255 1312 1432 1356; x_wconf 89' lang='lat' dir='ltr'><strong>autem</strong></span> <span class='ocrx_word' id='word_1_89' title='bbox 1475 1300 1620 1354; x_wconf 89' lang='lat' dir='ltr'><strong>illum</strong></span> <span class='ocrx_word' id='word_1_90' title='bbox 1652 1297 1751 1353; x_wconf 83' lang='lat' dir='ltr'><strong>de-</strong></span> 
     </span>
    </p>
   </div>
   <div class='ocr_carea' id='block_1_12' title="bbox 145 1391 1754 1465">
    <p class='ocr_par' dir='ltr' id='par_1_12' title="bbox 145 1391 1754 1465">
     <span class='ocr_line' id='line_1_12' title="bbox 145 1391 1754 1465; baseline -0.004 -15"><span class='ocrx_word' id='word_1_91' title='bbox 145 1413 261 1450; x_wconf 91' lang='lat' dir='ltr'><strong>nuo</strong></span> <span class='ocrx_word' id='word_1_92' title='bbox 303 1396 382 1450; x_wconf 86' lang='lat' dir='ltr'><strong>sic</strong></span> <span class='ocrx_word' id='word_1_93' title='bbox 429 1404 790 1465; x_wconf 86' lang='lat' dir='ltr'><strong>percontetur,</strong></span> <span class='ocrx_word' id='word_1_94' title='bbox 827 1409 932 1449; x_wconf 89' lang='lat' dir='ltr'><strong>non</strong></span> <span class='ocrx_word' id='word_1_95' title='bbox 965 1407 1093 1464; x_wconf 89' lang='lat' dir='ltr'><strong>puto</strong></span> <span class='ocrx_word' id='word_1_96' title='bbox 1120 1395 1294 1463; x_wconf 92' lang='lat' dir='ltr'><strong>ipsum</strong></span> <span class='ocrx_word' id='word_1_97' title='bbox 1337 1407 1396 1446; x_wconf 89' lang='lat' dir='ltr'><strong>se</strong></span> <span class='ocrx_word' id='word_1_98' title='bbox 1437 1391 1596 1445; x_wconf 87' lang='lat' dir='ltr'><strong>talem</strong></span> <span class='ocrx_word' id='word_1_99' title='bbox 1633 1403 1754 1444; x_wconf 81' lang='lat' dir='ltr'><strong>esse</strong></span> 
     </span>
    </p>
   </div>
   <div class='ocr_carea' id='block_1_13' title="bbox 144 1481 1750 1554">
    <p class='ocr_par' dir='ltr' id='par_1_13' title="bbox 144 1481 1750 1554">
     <span class='ocr_line' id='line_1_13' title="bbox 144 1481 1750 1554; baseline -0.002 -16"><span class='ocrx_word' id='word_1_100' title='bbox 144 1496 480 1554; x_wconf 84' lang='lat' dir='ltr'><strong>optaturum.</strong></span> <span class='ocrx_word' id='word_1_101' title='bbox 509 1484 790 1552; x_wconf 79' lang='lat' dir='ltr'><strong>Quomodo</strong></span> <span class='ocrx_word' id='word_1_102' title='bbox 828 1484 988 1554; x_wconf 88' lang='lat' dir='ltr'><strong>igitur</strong></span> <span class='ocrx_word' id='word_1_103' title='bbox 1024 1500 1129 1539; x_wconf 87' lang='lat' dir='ltr'><strong>non</strong></span> <span class='ocrx_word' id='word_1_104' title='bbox 1158 1484 1444 1537; x_wconf 80' lang='lat' dir='ltr'><strong>admodum</strong></span> <span class='ocrx_word' id='word_1_105' title='bbox 1468 1481 1750 1535; x_wconf 86' lang='lat' dir='ltr'><strong>ridiculum</strong></span> 
     </span>
    </p>
   </div>
   <div class='ocr_carea' id='block_1_14' title="bbox 145 1573 1750 1655">
    <p class='ocr_par' dir='ltr' id='par_1_14' title="bbox 145 1573 1750 1655">
     <span class='ocr_line' id='line_1_14' title="bbox 145 1573 1750 1655; baseline -0.004 -23"><span class='ocrx_word' id='word_1_106' title='bbox 145 1580 333 1644; x_wconf 84' lang='lat' dir='ltr'><strong>fuerit,</strong></span> <span class='ocrx_word' id='word_1_107' title='bbox 365 1579 578 1632; x_wconf 88' lang='lat' dir='ltr'><strong>illorum</strong></span> <span class='ocrx_word' id='word_1_108' title='bbox 599 1593 782 1632; x_wconf 81' lang='lat' dir='ltr'><strong>auram</strong></span> <span class='ocrx_word' id='word_1_109' title='bbox 813 1578 1087 1648; x_wconf 78' lang='lat' dir='ltr'><strong>aucupari,</strong></span> <span class='ocrx_word' id='word_1_110' title='bbox 1130 1577 1323 1647; x_wconf 82' lang='lat' dir='ltr'><strong>quibus</strong></span> <span class='ocrx_word' id='word_1_111' title='bbox 1352 1589 1642 1655; x_wconf 77' lang='lat' dir='ltr'><strong>numquam</strong></span> <span class='ocrx_word' id='word_1_112' title='bbox 1674 1573 1750 1627; x_wconf 85' lang='lat' dir='ltr'><strong>si-</strong></span> 
     </span>
    </p>
   </div>
   <div class='ocr_carea' id='block_1_15' title="bbox 145 1668 649 1725">
    <p class='ocr_par' dir='ltr' id='par_1_15' title="bbox 145 1668 649 1725">
     <span class='ocr_line' id='line_1_15' title="bbox 145 1668 649 1725; baseline -0.008 -1"><span class='ocrx_word' id='word_1_113' title='bbox 145 1671 294 1725; x_wconf 88' lang='lat' dir='ltr'><strong>milis</strong></span> <span class='ocrx_word' id='word_1_114' title='bbox 331 1685 452 1724; x_wconf 88' lang='lat' dir='ltr'><strong>esse</strong></span> <span class='ocrx_word' id='word_1_115' title='bbox 479 1668 649 1724; x_wconf 74' lang='lat' dir='ltr'><strong>velis?</strong></span> 
     </span>
    </p>
   </div>
   <div class='ocr_carea' id='block_1_16' title="bbox 217 1757 1751 1820">
    <p class='ocr_par' dir='ltr' id='par_1_16' title="bbox 217 1757 1751 1820">
     <span class='ocr_line' id='line_1_16' title="bbox 217 1757 1751 1820; baseline -0.005 -4"><span class='ocrx_word' id='word_1_116' title='bbox 217 1762 272 1816; x_wconf 90' lang='lat'><strong>6.</strong></span> <span class='ocrx_word' id='word_1_117' title='bbox 308 1763 403 1816; x_wconf 87' lang='lat' dir='ltr'><strong>Sin</strong></span> <span class='ocrx_word' id='word_1_118' title='bbox 424 1763 624 1818; x_wconf 81' lang='lat' dir='ltr'><strong>dixeris</strong></span> <span class='ocrx_word' id='word_1_119' title='bbox 646 1761 841 1815; x_wconf 86' lang='lat' dir='ltr'><strong>multos</strong></span> <span class='ocrx_word' id='word_1_120' title='bbox 861 1776 982 1816; x_wconf 86' lang='lat' dir='ltr'><strong>esse</strong></span> <span class='ocrx_word' id='word_1_121' title='bbox 1007 1771 1062 1815; x_wconf 92' lang='lat' dir='ltr'><strong>et</strong></span> <span class='ocrx_word' id='word_1_122' title='bbox 1092 1761 1142 1814; x_wconf 92' lang='lat' dir='ltr'><strong>in</strong></span> <span class='ocrx_word' id='word_1_123' title='bbox 1171 1775 1334 1814; x_wconf 91' lang='lat' dir='ltr'><strong>unum</strong></span> <span class='ocrx_word' id='word_1_124' title='bbox 1360 1769 1596 1820; x_wconf 76' lang='lat' dir='ltr'><strong>coactos,</strong></span> <span class='ocrx_word' id='word_1_125' title='bbox 1631 1757 1751 1811; x_wconf 90' lang='lat' dir='ltr'><strong>ideo</strong></span> 
     </span>
    </p>
   </div>
   <div class='ocr_carea' id='block_1_17' title="bbox 144 1827 1748 1921">
    <p class='ocr_par' dir='ltr' id='par_1_17' title="bbox 144 1827 1748 1921">
     <span class='ocr_line' id='line_1_17' title="bbox 144 1827 1748 1921; baseline -0.004 -13"><span class='ocrx_word' id='word_1_126' title='bbox 144 1827 382 1908; x_wconf 56' lang='lat' dir='ltr'><strong>maiime</strong></span> <span class='ocrx_word' id='word_1_127' title='bbox 411 1852 814 1908; x_wconf 80' lang='lat' dir='ltr'><strong>contemnendi.</strong></span> <span class='ocrx_word' id='word_1_128' title='bbox 854 1852 986 1906; x_wconf 88' lang='lat' dir='ltr'><strong>Nam</strong></span> <span class='ocrx_word' id='word_1_129' title='bbox 1029 1853 1072 1905; x_wconf 92' lang='lat' dir='ltr'><strong>si</strong></span> <span class='ocrx_word' id='word_1_130' title='bbox 1103 1852 1296 1921; x_wconf 77' lang='lat' dir='ltr'><strong>singuli</strong></span> <span class='ocrx_word' id='word_1_131' title='bbox 1327 1859 1636 1917; x_wconf 81' lang='lat' dir='ltr'><strong>contemptu</strong></span> <span class='ocrx_word' id='word_1_132' title='bbox 1661 1848 1748 1901; x_wconf 84' lang='lat' dir='ltr'><strong>di-</strong></span> 
     </span>
    </p>
   </div>
   <div class='ocr_carea' id='block_1_18' title="bbox 143 1939 1744 2015">
    <p class='ocr_par' dir='ltr' id='par_1_18' title="bbox 143 1939 1744 2015">
     <span class='ocr_line' id='line_1_18' title="bbox 143 1939 1744 2015; baseline -0.004 -16"><span class='ocrx_word' id='word_1_133' title='bbox 143 1946 259 2015; x_wconf 81' lang='lat' dir='ltr'><strong>gni,</strong></span> <span class='ocrx_word' id='word_1_134' title='bbox 317 1945 531 2014; x_wconf 87' lang='lat' dir='ltr'><strong>plurimi</strong></span> <span class='ocrx_word' id='word_1_135' title='bbox 575 1943 744 1999; x_wconf 88' lang='lat' dir='ltr'><strong>coacti</strong></span> <span class='ocrx_word' id='word_1_136' title='bbox 789 1943 943 2014; x_wconf 80' lang='lat' dir='ltr'><strong>longe</strong></span> <span class='ocrx_word' id='word_1_137' title='bbox 982 1944 1153 2012; x_wconf 86' lang='lat' dir='ltr'><strong>magis</strong></span> <span class='ocrx_word' id='word_1_138' title='bbox 1189 1939 1520 2010; x_wconf 59' lang='lat' dir='ltr'><strong>desivit-ieudi</strong></span> <span class='ocrx_word' id='word_1_139' title='bbox 1567 1948 1744 1994; x_wconf 88' lang='lat' dir='ltr'><strong>erunt.</strong></span> 
     </span>
    </p>
   </div>
   <div class='ocr_carea' id='block_1_19' title="bbox 142 2031 1745 2106">
    <p class='ocr_par' dir='ltr' id='par_1_19' title="bbox 142 2031 1745 2106">
     <span class='ocr_line' id='line_1_19' title="bbox 142 2031 1745 2106; baseline -0.005 -16"><span class='ocrx_word' id='word_1_140' title='bbox 142 2037 431 2091; x_wconf 77' lang='lat' dir='ltr'><strong>Multarum</strong></span> <span class='ocrx_word' id='word_1_141' title='bbox 457 2036 604 2090; x_wconf 89' lang='lat' dir='ltr'><strong>enim</strong></span> <span class='ocrx_word' id='word_1_142' title='bbox 629 2035 953 2106; x_wconf 79' lang='lat' dir='ltr'><strong>insipientia,</strong></span> <span class='ocrx_word' id='word_1_143' title='bbox 985 2034 1209 2088; x_wconf 81' lang='lat' dir='ltr'><strong>collecta</strong></span> <span class='ocrx_word' id='word_1_144' title='bbox 1239 2031 1601 2092; x_wconf 72' lang='lat' dir='ltr'><strong>multitudine,</strong></span> <span class='ocrx_word' id='word_1_145' title='bbox 1628 2046 1745 2082; x_wconf 85' lang='lat' dir='ltr'><strong>ma-</strong></span> 
     </span>
    </p>
   </div>
   <div class='ocr_carea' id='block_1_20' title="bbox 139 2119 1745 2197">
    <p class='ocr_par' dir='ltr' id='par_1_20' title="bbox 139 2119 1745 2197">
     <span class='ocr_line' id='line_1_20' title="bbox 139 2119 1745 2197; baseline -0.004 -19"><span class='ocrx_word' id='word_1_146' title='bbox 139 2130 226 2197; x_wconf 89' lang='lat' dir='ltr'><strong>gis</strong></span> <span class='ocrx_word' id='word_1_147' title='bbox 254 2135 497 2197; x_wconf 83' lang='lat' dir='ltr'><strong>augetur.</strong></span> <span class='ocrx_word' id='word_1_148' title='bbox 525 2125 868 2196; x_wconf 84' lang='lat' dir='ltr'><strong>Quapropter</strong></span> <span class='ocrx_word' id='word_1_149' title='bbox 895 2126 940 2179; x_wconf 91' lang='lat' dir='ltr'><strong>si</strong></span> <span class='ocrx_word' id='word_1_150' title='bbox 971 2124 1212 2194; x_wconf 89' lang='lat' dir='ltr'><strong>singulos</strong></span> <span class='ocrx_word' id='word_1_151' title='bbox 1238 2123 1467 2177; x_wconf 86' lang='lat' dir='ltr'><strong>seursim</strong></span> <span class='ocrx_word' id='word_1_152' title='bbox 1495 2121 1614 2190; x_wconf 87' lang='lat' dir='ltr'><strong>quis</strong></span> <span class='ocrx_word' id='word_1_153' title='bbox 1643 2119 1745 2173; x_wconf 89' lang='lat' dir='ltr'><strong>du-</strong></span> 
     </span>
    </p>
   </div>
   <div class='ocr_carea' id='block_1_21' title="bbox 141 2213 1742 2288">
    <p class='ocr_par' dir='ltr' id='par_1_21' title="bbox 141 2213 1742 2288">
     <span class='ocr_line' id='line_1_21' title="bbox 141 2213 1742 2288; baseline -0.006 -15"><span class='ocrx_word' id='word_1_154' title='bbox 141 2220 283 2273; x_wconf 81' lang='lat' dir='ltr'><strong>xerit</strong></span> <span class='ocrx_word' id='word_1_155' title='bbox 314 2220 353 2285; x_wconf 78' lang='grc'><strong>⁸,</strong></span> <span class='ocrx_word' id='word_1_156' title='bbox 378 2217 670 2272; x_wconf 89' lang='lat' dir='ltr'><strong>emendare</strong></span> <span class='ocrx_word' id='word_1_157' title='bbox 714 2218 943 2288; x_wconf 86' lang='lat' dir='ltr'><strong>poterit;</strong></span> <span class='ocrx_word' id='word_1_158' title='bbox 988 2217 1146 2271; x_wconf 91' lang='lat' dir='ltr'><strong>simul</strong></span> <span class='ocrx_word' id='word_1_159' title='bbox 1188 2224 1405 2270; x_wconf 89' lang='lat' dir='ltr'><strong>coactos</strong></span> <span class='ocrx_word' id='word_1_160' title='bbox 1432 2230 1536 2268; x_wconf 80' lang='lat' dir='ltr'><strong>tum</strong></span> <span class='ocrx_word' id='word_1_161' title='bbox 1568 2213 1742 2277; x_wconf 77' lang='lat' dir='ltr'><strong>facile,</strong></span> 
     </span>
    </p>
   </div>
   <div class='ocr_carea' id='block_1_22' title="bbox 137 2306 1742 2380">
    <p class='ocr_par' dir='ltr' id='par_1_22' title="bbox 137 2306 1742 2380">
     <span class='ocr_line' id='line_1_22' title="bbox 137 2306 1742 2380; baseline -0.006 -15"><span class='ocrx_word' id='word_1_162' title='bbox 137 2325 208 2365; x_wconf 91' lang='lat' dir='ltr'><strong>eo</strong></span> <span class='ocrx_word' id='word_1_163' title='bbox 235 2308 378 2379; x_wconf 87' lang='lat' dir='ltr'><strong>quod</strong></span> <span class='ocrx_word' id='word_1_164' title='bbox 407 2308 714 2380; x_wconf 80' lang='lat' dir='ltr'><strong>insipientia</strong></span> <span class='ocrx_word' id='word_1_165' title='bbox 758 2309 829 2364; x_wconf 86' lang='lat' dir='ltr'><strong>sit</strong></span> <span class='ocrx_word' id='word_1_166' title='bbox 855 2308 1030 2377; x_wconf 85' lang='lat' dir='ltr'><strong>major</strong></span> <span class='ocrx_word' id='word_1_167' title='bbox 1051 2351 1068 2367; x_wconf 90' lang='lat'><strong>.</strong></span> <span class='ocrx_word' id='word_1_168' title='bbox 1097 2317 1150 2362; x_wconf 90' lang='lat' dir='ltr'><strong>et</strong></span> <span class='ocrx_word' id='word_1_169' title='bbox 1183 2307 1258 2362; x_wconf 92' lang='lat' dir='ltr'><strong>illi</strong></span> <span class='ocrx_word' id='word_1_170' title='bbox 1289 2306 1458 2361; x_wconf 86' lang='lat' dir='ltr'><strong>instar</strong></span> <span class='ocrx_word' id='word_1_171' title='bbox 1489 2320 1742 2374; x_wconf 84' lang='lat' dir='ltr'><strong>pecorum</strong></span> 
     </span>
    </p>
   </div>
   <div class='ocr_carea' id='block_1_23' title="bbox 139 2399 1742 2473">
    <p class='ocr_par' dir='ltr' id='par_1_23' title="bbox 139 2399 1742 2473">
     <span class='ocr_line' id='line_1_23' title="bbox 139 2399 1742 2473; baseline -0.002 -19"><span class='ocrx_word' id='word_1_172' title='bbox 139 2411 388 2472; x_wconf 79' lang='lat' dir='ltr'><strong>agantur,</strong></span> <span class='ocrx_word' id='word_1_173' title='bbox 409 2413 757 2472; x_wconf 89' lang='lat' dir='ltr'><strong>mutnamque</strong></span> <span class='ocrx_word' id='word_1_174' title='bbox 777 2411 1072 2473; x_wconf 87' lang='lat' dir='ltr'><strong>sequantur</strong></span> <span class='ocrx_word' id='word_1_175' title='bbox 1091 2400 1438 2456; x_wconf 87' lang='lat' dir='ltr'><strong>sententiam.</strong></span> <span class='ocrx_word' id='word_1_176' title='bbox 1463 2399 1742 2463; x_wconf 83' lang='lat' dir='ltr'><strong>&#39;l&#39;alemne,</strong></span> 
     </span>
    </p>
   </div>
   <div class='ocr_carea' id='block_1_24' title="bbox 132 2489 1745 2560">
    <p class='ocr_par' dir='ltr' id='par_1_24' title="bbox 132 2489 1745 2560">
     <span class='ocr_line' id='line_1_24' title="bbox 132 2489 1745 2560; baseline -0.001 -16"><span class='ocrx_word' id='word_1_177' title='bbox 132 2505 346 2560; x_wconf 59' lang='lat' dir='ltr'><strong>quaso,</strong></span> <span class='ocrx_word' id='word_1_178' title='bbox 397 2493 755 2548; x_wconf 85' lang='lat' dir='ltr'><strong>multitudinis</strong></span> <span class='ocrx_word' id='word_1_179' title='bbox 784 2507 969 2546; x_wconf 85' lang='lat' dir='ltr'><strong>auram</strong></span> <span class='ocrx_word' id='word_1_180' title='bbox 1016 2489 1388 2547; x_wconf 74' lang='lat' dir='ltr'><strong>sectabimini?</strong></span> <span class='ocrx_word' id='word_1_181' title='bbox 1433 2489 1531 2555; x_wconf 84' lang='lat' dir='ltr'><strong>Nc,</strong></span> <span class='ocrx_word' id='word_1_182' title='bbox 1559 2505 1745 2560; x_wconf 64' lang='lat' dir='ltr'><strong>quaaso</strong></span> 
     </span>
    </p>
   </div>
   <div class='ocr_carea' id='block_1_25' title="bbox 133 2580 1740 2652">
    <p class='ocr_par' dir='ltr' id='par_1_25' title="bbox 133 2580 1740 2652">
     <span class='ocr_line' id='line_1_25' title="bbox 133 2580 1740 2652; baseline 0 -18"><span class='ocrx_word' id='word_1_183' title='bbox 133 2594 190 2634; x_wconf 78' lang='lat' dir='ltr'><strong>et</strong></span> <span class='ocrx_word' id='word_1_184' title='bbox 218 2583 468 2637; x_wconf 86' lang='lat' dir='ltr'><strong>obsecro.</strong></span> <span class='ocrx_word' id='word_1_185' title='bbox 501 2583 554 2636; x_wconf 90' lang='lat' dir='ltr'><strong>Id</strong></span> <span class='ocrx_word' id='word_1_186' title='bbox 586 2583 730 2637; x_wconf 90' lang='lat' dir='ltr'><strong>enim</strong></span> <span class='ocrx_word' id='word_1_187' title='bbox 757 2584 938 2638; x_wconf 83' lang='lat' dir='ltr'><strong>omnia</strong></span> <span class='ocrx_word' id='word_1_188' title='bbox 977 2597 1070 2638; x_wconf 88' lang='lat' dir='ltr'><strong>sus</strong></span> <span class='ocrx_word' id='word_1_189' title='bbox 1095 2582 1270 2652; x_wconf 85' lang='lat' dir='ltr'><strong>deque</strong></span> <span class='ocrx_word' id='word_1_190' title='bbox 1293 2583 1494 2636; x_wconf 78' lang='lat' dir='ltr'><strong>vertit:</strong></span> <span class='ocrx_word' id='word_1_191' title='bbox 1530 2580 1580 2636; x_wconf 89' lang='lat' dir='ltr'><strong>id</strong></span> <span class='ocrx_word' id='word_1_192' title='bbox 1611 2596 1740 2634; x_wconf 81' lang='lat' dir='ltr'><strong>ava-</strong></span> 
     </span>
    </p>
   </div>
   <div class='ocr_carea' id='block_1_26' title="bbox 136 2674 1740 2745">
    <p class='ocr_par' dir='ltr' id='par_1_26' title="bbox 136 2674 1740 2745">
     <span class='ocr_line' id='line_1_26' title="bbox 136 2674 1740 2745; baseline 0.001 -20"><span class='ocrx_word' id='word_1_193' title='bbox 136 2676 316 2728; x_wconf 83' lang='lat' dir='ltr'><strong>ritiam</strong></span> <span class='ocrx_word' id='word_1_194' title='bbox 347 2678 572 2745; x_wconf 88' lang='lat' dir='ltr'><strong>peperit,</strong></span> <span class='ocrx_word' id='word_1_195' title='bbox 608 2677 882 2738; x_wconf 87' lang='lat' dir='ltr'><strong>invidiam,</strong></span> <span class='ocrx_word' id='word_1_196' title='bbox 918 2675 1341 2738; x_wconf 79' lang='lat' dir='ltr'><strong>criminationes,</strong></span> <span class='ocrx_word' id='word_1_197' title='bbox 1376 2674 1598 2729; x_wconf 80' lang='lat' dir='ltr'><strong>insidias</strong></span> <span class='ocrx_word' id='word_1_198' title='bbox 1629 2691 1644 2726; x_wconf 88' lang='lat'><strong>:</strong></span> <span class='ocrx_word' id='word_1_199' title='bbox 1675 2674 1740 2727; x_wconf 88' lang='lat' dir='ltr'><strong>il-</strong></span> 
     </span>
    </p>
   </div>
   <div class='ocr_carea' id='block_1_27' title="bbox 136 2764 1738 2834">
    <p class='ocr_par' dir='ltr' id='par_1_27' title="bbox 136 2764 1738 2834">
     <span class='ocr_line' id='line_1_27' title="bbox 136 2764 1738 2834; baseline 0 -18"><span class='ocrx_word' id='word_1_200' title='bbox 136 2765 229 2819; x_wconf 88' lang='lat' dir='ltr'><strong>lud</strong></span> <span class='ocrx_word' id='word_1_201' title='bbox 287 2779 383 2820; x_wconf 84' lang='lat' dir='ltr'><strong>eos</strong></span> <span class='ocrx_word' id='word_1_202' title='bbox 431 2767 520 2833; x_wconf 85' lang='lat' dir='ltr'><strong>qui</strong></span> <span class='ocrx_word' id='word_1_203' title='bbox 580 2766 779 2820; x_wconf 81' lang='lat' dir='ltr'><strong>nullam</strong></span> <span class='ocrx_word' id='word_1_204' title='bbox 835 2765 977 2834; x_wconf 84' lang='lat' dir='ltr'><strong>passi</strong></span> <span class='ocrx_word' id='word_1_205' title='bbox 1029 2776 1157 2820; x_wconf 88' lang='lat' dir='ltr'><strong>sunt</strong></span> <span class='ocrx_word' id='word_1_206' title='bbox 1205 2764 1454 2834; x_wconf 75' lang='lat' dir='ltr'><strong>iniuriam</strong></span> <span class='ocrx_word' id='word_1_207' title='bbox 1486 2805 1501 2825; x_wconf 91' lang='lat'><strong>,</strong></span> <span class='ocrx_word' id='word_1_208' title='bbox 1555 2774 1738 2818; x_wconf 74' lang='lat' dir='ltr'><strong>eontra</strong></span> 
     </span>
    </p>
   </div>
   <div class='ocr_carea' id='block_1_28' title="bbox 128 2855 1737 2926">
    <p class='ocr_par' dir='ltr' id='par_1_28' title="bbox 128 2855 1737 2926">
     <span class='ocr_line' id='line_1_28' title="bbox 128 2855 1737 2926; baseline -0.001 -16"><span class='ocrx_word' id='word_1_209' title='bbox 128 2870 230 2910; x_wconf 86' lang='lat' dir='ltr'><strong>eos</strong></span> <span class='ocrx_word' id='word_1_210' title='bbox 282 2856 374 2926; x_wconf 90' lang='lat' dir='ltr'><strong>qui</strong></span> <span class='ocrx_word' id='word_1_211' title='bbox 423 2857 626 2911; x_wconf 91' lang='lat' dir='ltr'><strong>nullam</strong></span> <span class='ocrx_word' id='word_1_212' title='bbox 680 2857 976 2912; x_wconf 89' lang='lat' dir='ltr'><strong>intulerunt</strong></span> <span class='ocrx_word' id='word_1_213' title='bbox 1011 2897 1026 2918; x_wconf 89' lang='lat'><strong>.</strong></span> <span class='ocrx_word' id='word_1_214' title='bbox 1063 2864 1238 2910; x_wconf 86' lang='lat' dir='ltr'><strong>armat</strong></span> <span class='ocrx_word' id='word_1_215' title='bbox 1287 2865 1342 2912; x_wconf 88' lang='lat' dir='ltr'><strong>et</strong></span> <span class='ocrx_word' id='word_1_216' title='bbox 1388 2855 1595 2910; x_wconf 88' lang='lat' dir='ltr'><strong>efferat.</strong></span> <span class='ocrx_word' id='word_1_217' title='bbox 1637 2855 1737 2923; x_wconf 85' lang='lat' dir='ltr'><strong>Qui</strong></span> 
     </span>
    </p>
   </div>
   <div class='ocr_carea' id='block_1_29' title="bbox 135 2948 1740 3015">
    <p class='ocr_par' dir='ltr' id='par_1_29' title="bbox 135 2948 1740 3015">
     <span class='ocr_line' id='line_1_29' title="bbox 135 2948 1740 3015; baseline 0.002 -16"><span class='ocrx_word' id='word_1_218' title='bbox 135 2950 238 3003; x_wconf 84' lang='lat' dir='ltr'><strong>hoc</strong></span> <span class='ocrx_word' id='word_1_219' title='bbox 262 2948 472 3004; x_wconf 82' lang='lat' dir='ltr'><strong>laborat</strong></span> <span class='ocrx_word' id='word_1_220' title='bbox 497 2950 706 3015; x_wconf 91' lang='lat' dir='ltr'><strong>morbo,</strong></span> <span class='ocrx_word' id='word_1_221' title='bbox 739 2965 844 3004; x_wconf 91' lang='lat' dir='ltr'><strong>non</strong></span> <span class='ocrx_word' id='word_1_222' title='bbox 867 2950 1153 3005; x_wconf 84' lang='lat' dir='ltr'><strong>amicitiam</strong></span> <span class='ocrx_word' id='word_1_223' title='bbox 1180 2950 1345 3013; x_wconf 88' lang='lat' dir='ltr'><strong>novit,</strong></span> <span class='ocrx_word' id='word_1_224' title='bbox 1375 2963 1482 3002; x_wconf 90' lang='lat' dir='ltr'><strong>non</strong></span> <span class='ocrx_word' id='word_1_225' title='bbox 1509 2962 1740 3004; x_wconf 88' lang='lat' dir='ltr'><strong>consuc-</strong></span> 
     </span>
    </p>
   </div>
   <div class='ocr_carea' id='block_1_30' title="bbox 131 3041 1739 3121">
    <p class='ocr_par' dir='ltr' id='par_1_30' title="bbox 131 3041 1739 3121">
     <span class='ocr_line' id='line_1_30' title="bbox 131 3041 1739 3121; baseline 0.002 -28"><span class='ocrx_word' id='word_1_226' title='bbox 131 3041 225 3094; x_wconf 89' lang='lat' dir='ltr'><strong>tud</strong></span> <span class='ocrx_word' id='word_1_227' title='bbox 250 3057 398 3109; x_wconf 89' lang='lat' dir='ltr'><strong>nem,</strong></span> <span class='ocrx_word' id='word_1_228' title='bbox 429 3043 698 3097; x_wconf 83' lang='lat' dir='ltr'><strong>neminem</strong></span> <span class='ocrx_word' id='word_1_229' title='bbox 727 3057 948 3112; x_wconf 82' lang='lat' dir='ltr'><strong>prorsus</strong></span> <span class='ocrx_word' id='word_1_230' title='bbox 973 3053 1282 3121; x_wconf 70' lang='lat' dir='ltr'><strong>reveretur;</strong></span> <span class='ocrx_word' id='word_1_231' title='bbox 1313 3043 1406 3097; x_wconf 85' lang='lat' dir='ltr'><strong>sed</strong></span> <span class='ocrx_word' id='word_1_232' title='bbox 1436 3043 1595 3098; x_wconf 89' lang='lat' dir='ltr'><strong>bonis</strong></span> <span class='ocrx_word' id='word_1_233' title='bbox 1619 3057 1739 3098; x_wconf 78' lang='lat' dir='ltr'><strong>om-</strong></span> 
     </span>
    </p>
   </div>
   <div class='ocr_carea' id='block_1_31' title="bbox 132 3133 1734 3207">
    <p class='ocr_par' dir='ltr' id='par_1_31' title="bbox 132 3133 1734 3207">
     <span class='ocr_line' id='line_1_31' title="bbox 132 3133 1734 3207; baseline 0.001 -21"><span class='ocrx_word' id='word_1_234' title='bbox 132 3133 293 3188; x_wconf 85' lang='lat' dir='ltr'><strong>nibus</strong></span> <span class='ocrx_word' id='word_1_235' title='bbox 319 3149 385 3188; x_wconf 90' lang='lat' dir='ltr'><strong>ex</strong></span> <span class='ocrx_word' id='word_1_236' title='bbox 414 3134 594 3189; x_wconf 87' lang='lat' dir='ltr'><strong>animo</strong></span> <span class='ocrx_word' id='word_1_237' title='bbox 620 3134 866 3204; x_wconf 88' lang='lat' dir='ltr'><strong>rejectis,</strong></span> <span class='ocrx_word' id='word_1_238' title='bbox 909 3149 1032 3191; x_wconf 89' lang='lat' dir='ltr'><strong>cum</strong></span> <span class='ocrx_word' id='word_1_239' title='bbox 1071 3135 1321 3190; x_wconf 90' lang='lat' dir='ltr'><strong>omnibus</strong></span> <span class='ocrx_word' id='word_1_240' title='bbox 1355 3135 1552 3190; x_wconf 90' lang='lat' dir='ltr'><strong>bellum</strong></span> <span class='ocrx_word' id='word_1_241' title='bbox 1574 3135 1734 3207; x_wconf 87' lang='lat' dir='ltr'><strong>gerit,</strong></span> 
     </span>
    </p>
   </div>
   <div class='ocr_carea' id='block_1_32' title="bbox 132 3226 1736 3294">
    <p class='ocr_par' dir='ltr' id='par_1_32' title="bbox 132 3226 1736 3294">
     <span class='ocr_line' id='line_1_32' title="bbox 132 3226 1736 3294; baseline 0.002 -16"><span class='ocrx_word' id='word_1_242' title='bbox 132 3227 450 3282; x_wconf 69' lang='lat' dir='ltr'><strong>inconstans</strong></span> <span class='ocrx_word' id='word_1_243' title='bbox 497 3235 553 3281; x_wconf 90' lang='lat' dir='ltr'><strong>et</strong></span> <span class='ocrx_word' id='word_1_244' title='bbox 605 3227 950 3283; x_wconf 88' lang='lat' dir='ltr'><strong>inhumanus.</strong></span> <span class='ocrx_word' id='word_1_245' title='bbox 992 3226 1089 3282; x_wconf 63' lang='lat' dir='ltr'><strong>Irae</strong></span> <span class='ocrx_word' id='word_1_246' title='bbox 1133 3237 1281 3284; x_wconf 84' lang='lat' dir='ltr'><strong>certe</strong></span> <span class='ocrx_word' id='word_1_247' title='bbox 1325 3229 1580 3294; x_wconf 88' lang='lat' dir='ltr'><strong>morbus,</strong></span> <span class='ocrx_word' id='word_1_248' title='bbox 1635 3229 1736 3284; x_wconf 88' lang='lat' dir='ltr'><strong>etsi</strong></span> 
     </span>
    </p>
   </div>
   <div class='ocr_carea' id='block_1_33' title="bbox 130 3317 1737 3390">
    <p class='ocr_par' dir='ltr' id='par_1_33' title="bbox 130 3317 1737 3390">
     <span class='ocr_line' id='line_1_33' title="bbox 130 3317 1737 3390; baseline 0.004 -21"><span class='ocrx_word' id='word_1_249' title='bbox 130 3317 449 3388; x_wconf 84' lang='lat' dir='ltr'><strong>tyrannicus</strong></span> <span class='ocrx_word' id='word_1_250' title='bbox 474 3317 544 3373; x_wconf 85' lang='lat' dir='ltr'><strong>sit</strong></span> <span class='ocrx_word' id='word_1_251' title='bbox 572 3327 626 3372; x_wconf 94' lang='lat' dir='ltr'><strong>et</strong></span> <span class='ocrx_word' id='word_1_252' title='bbox 670 3317 1039 3383; x_wconf 85' lang='lat' dir='ltr'><strong>intolerabilis,</strong></span> <span class='ocrx_word' id='word_1_253' title='bbox 1081 3333 1188 3374; x_wconf 92' lang='lat' dir='ltr'><strong>non</strong></span> <span class='ocrx_word' id='word_1_254' title='bbox 1219 3335 1438 3390; x_wconf 88' lang='lat' dir='ltr'><strong>semper</strong></span> <span class='ocrx_word' id='word_1_255' title='bbox 1465 3321 1737 3390; x_wconf 79' lang='lat' dir='ltr'><strong>exagitare</strong></span> 
     </span>
    </p>
   </div>
   <div class='ocr_carea' id='block_1_34' title="bbox 129 3408 1738 3478">
    <p class='ocr_par' dir='ltr' id='par_1_34' title="bbox 129 3408 1738 3478">
     <span class='ocr_line' id='line_1_34' title="bbox 129 3408 1738 3478; baseline 0.002 -16"><span class='ocrx_word' id='word_1_256' title='bbox 129 3409 292 3466; x_wconf 86' lang='lat' dir='ltr'><strong>solet.</strong></span> <span class='ocrx_word' id='word_1_257' title='bbox 323 3408 418 3463; x_wconf 88' lang='lat' dir='ltr'><strong>sed</strong></span> <span class='ocrx_word' id='word_1_258' title='bbox 444 3424 566 3464; x_wconf 89' lang='lat' dir='ltr'><strong>cum</strong></span> <span class='ocrx_word' id='word_1_259' title='bbox 592 3408 662 3462; x_wconf 91' lang='lat' dir='ltr'><strong>ab</strong></span> <span class='ocrx_word' id='word_1_260' title='bbox 685 3408 951 3478; x_wconf 83' lang='lat' dir='ltr'><strong>aliquibus</strong></span> <span class='ocrx_word' id='word_1_261' title='bbox 987 3411 1226 3465; x_wconf 86' lang='lat' dir='ltr'><strong>irritatur</strong></span> <span class='ocrx_word' id='word_1_262' title='bbox 1255 3427 1269 3466; x_wconf 88' lang='lat'>:</span> <span class='ocrx_word' id='word_1_263' title='bbox 1296 3421 1350 3463; x_wconf 92' lang='lat' dir='ltr'><strong>at</strong></span> <span class='ocrx_word' id='word_1_264' title='bbox 1377 3426 1529 3464; x_wconf 71' lang='lat' dir='ltr'><strong>vana:</strong></span> <span class='ocrx_word' id='word_1_265' title='bbox 1553 3411 1738 3478; x_wconf 63' lang='lat' dir='ltr'><strong>gloria:</strong></span> 
     </span>
    </p>
   </div>
   <div class='ocr_carea' id='block_1_35' title="bbox 129 3499 1740 3571">
    <p class='ocr_par' dir='ltr' id='par_1_35' title="bbox 129 3499 1740 3571">
     <span class='ocr_line' id='line_1_35' title="bbox 129 3499 1740 3571; baseline 0.001 -16"><span class='ocrx_word' id='word_1_266' title='bbox 129 3514 288 3557; x_wconf 81' lang='lat' dir='ltr'><strong>amor</strong></span> <span class='ocrx_word' id='word_1_267' title='bbox 315 3513 532 3569; x_wconf 80' lang='lat' dir='ltr'><strong>semper</strong></span> <span class='ocrx_word' id='word_1_268' title='bbox 561 3499 730 3570; x_wconf 89' lang='lat' dir='ltr'><strong>viget,</strong></span> <span class='ocrx_word' id='word_1_269' title='bbox 757 3499 964 3555; x_wconf 88' lang='lat' dir='ltr'><strong>nullum</strong></span> <span class='ocrx_word' id='word_1_270' title='bbox 993 3510 1224 3571; x_wconf 90' lang='lat' dir='ltr'><strong>tempus,</strong></span> <span class='ocrx_word' id='word_1_271' title='bbox 1257 3510 1315 3555; x_wconf 92' lang='lat' dir='ltr'><strong>ut</strong></span> <span class='ocrx_word' id='word_1_272' title='bbox 1343 3501 1411 3555; x_wconf 88' lang='lat' dir='ltr'><strong>ita</strong></span> <span class='ocrx_word' id='word_1_273' title='bbox 1433 3501 1631 3567; x_wconf 91' lang='lat' dir='ltr'><strong>dicam,</strong></span> <span class='ocrx_word' id='word_1_274' title='bbox 1653 3511 1740 3557; x_wconf 87' lang='lat' dir='ltr'><strong>est</strong></span> 
     </span>
    </p>
   </div>
   <div class='ocr_carea' id='block_1_36' title="bbox 127 3593 1736 3666">
    <p class='ocr_par' dir='ltr' id='par_1_36' title="bbox 127 3593 1736 3666">
     <span class='ocr_line' id='line_1_36' title="bbox 127 3593 1736 3666; baseline 0.002 -20"><span class='ocrx_word' id='word_1_275' title='bbox 127 3610 239 3666; x_wconf 85' lang='lat' dir='ltr'><strong>quo</strong></span> <span class='ocrx_word' id='word_1_276' title='bbox 258 3594 508 3650; x_wconf 86' lang='lat' dir='ltr'><strong>desinere</strong></span> <span class='ocrx_word' id='word_1_277' title='bbox 526 3593 722 3665; x_wconf 79' lang='lat' dir='ltr'><strong>possit,</strong></span> <span class='ocrx_word' id='word_1_278' title='bbox 745 3593 847 3650; x_wconf 83' lang='lat' dir='ltr'><strong>nisi</strong></span> <span class='ocrx_word' id='word_1_279' title='bbox 879 3594 1019 3649; x_wconf 87' lang='lat' dir='ltr'><strong>rati‘o</strong></span> <span class='ocrx_word' id='word_1_280' title='bbox 1039 3593 1184 3648; x_wconf 87' lang='lat' dir='ltr'><strong>illam</strong></span> <span class='ocrx_word' id='word_1_281' title='bbox 1213 3593 1466 3650; x_wconf 84' lang='lat' dir='ltr'><strong>cohibeat</strong></span> <span class='ocrx_word' id='word_1_282' title='bbox 1490 3603 1546 3650; x_wconf 90' lang='lat' dir='ltr'><strong>et</strong></span> <span class='ocrx_word' id='word_1_283' title='bbox 1582 3610 1736 3651; x_wconf 79' lang='lat' dir='ltr'><strong>com-</strong></span> 
     </span>
    </p>
   </div>
   <div class='ocr_carea' id='block_1_37' title="bbox 132 3685 1737 3760">
    <p class='ocr_par' dir='ltr' id='par_1_37' title="bbox 132 3685 1737 3760">
     <span class='ocr_line' id='line_1_37' title="bbox 132 3685 1737 3760; baseline 0 -16"><span class='ocrx_word' id='word_1_284' title='bbox 132 3691 350 3758; x_wconf 81' lang='lat' dir='ltr'><strong>primat,</strong></span> <span class='ocrx_word' id='word_1_285' title='bbox 381 3687 475 3744; x_wconf 86' lang='lat' dir='ltr'><strong>sed</strong></span> <span class='ocrx_word' id='word_1_286' title='bbox 499 3703 716 3760; x_wconf 85' lang='lat' dir='ltr'><strong>semper</strong></span> <span class='ocrx_word' id='word_1_287' title='bbox 743 3689 931 3752; x_wconf 83' lang='lat' dir='ltr'><strong>adest,</strong></span> <span class='ocrx_word' id='word_1_288' title='bbox 963 3701 1070 3745; x_wconf 88' lang='lat' dir='ltr'><strong>non</strong></span> <span class='ocrx_word' id='word_1_289' title='bbox 1112 3686 1276 3745; x_wconf 84' lang='lat' dir='ltr'><strong>modo</strong></span> <span class='ocrx_word' id='word_1_290' title='bbox 1309 3685 1376 3744; x_wconf 83' lang='lat' dir='ltr'><strong>ad</strong></span> <span class='ocrx_word' id='word_1_291' title='bbox 1409 3687 1737 3758; x_wconf 61' lang='lat' dir='ltr'><strong>petundum</strong></span> 
     </span>
    </p>
   </div>
   <div class='ocr_carea' id='block_1_38' title="bbox 129 3780 1738 3853">
    <p class='ocr_par' dir='ltr' id='par_1_38' title="bbox 129 3780 1738 3853">
     <span class='ocr_line' id='line_1_38' title="bbox 129 3780 1738 3853; baseline 0.001 -17"><span class='ocrx_word' id='word_1_292' title='bbox 129 3783 393 3849; x_wconf 87' lang='lat' dir='ltr'><strong>incitans,</strong></span> <span class='ocrx_word' id='word_1_293' title='bbox 421 3782 514 3836; x_wconf 90' lang='lat' dir='ltr'><strong>sed</strong></span> <span class='ocrx_word' id='word_1_294' title='bbox 543 3783 704 3836; x_wconf 90' lang='lat' dir='ltr'><strong>etiam</strong></span> <span class='ocrx_word' id='word_1_295' title='bbox 728 3781 771 3836; x_wconf 82' lang='lat' dir='ltr'><strong>si</strong></span> <span class='ocrx_word' id='word_1_296' title='bbox 794 3781 919 3852; x_wconf 88' lang='lat' dir='ltr'><strong>quid</strong></span> <span class='ocrx_word' id='word_1_297' title='bbox 947 3792 1096 3838; x_wconf 91' lang='lat' dir='ltr'><strong>recte</strong></span> <span class='ocrx_word' id='word_1_298' title='bbox 1122 3782 1411 3853; x_wconf 86' lang='lat' dir='ltr'><strong>egerimus,</strong></span> <span class='ocrx_word' id='word_1_299' title='bbox 1434 3797 1466 3836; x_wconf 91' lang='lat' dir='ltr'><strong>e</strong></span> <span class='ocrx_word' id='word_1_300' title='bbox 1487 3780 1738 3837; x_wconf 87' lang='lat' dir='ltr'><strong>manibus</strong></span> 
     </span>
    </p>
   </div>
   <div class='ocr_carea' id='block_1_39' title="bbox 132 3871 1734 3943">
    <p class='ocr_par' dir='ltr' id='par_1_39' title="bbox 132 3871 1734 3943">
     <span class='ocr_line' id='line_1_39' title="bbox 132 3871 1734 3943; baseline 0.001 -17"><span class='ocrx_word' id='word_1_301' title='bbox 132 3873 454 3942; x_wconf 82' lang='lat' dir='ltr'><strong>przeripiens</strong></span> <span class='ocrx_word' id='word_1_302' title='bbox 486 3889 499 3921; x_wconf 75' lang='grc' dir='ltr'><strong><em>τ</em></strong></span> <span class='ocrx_word' id='word_1_303' title='bbox 532 3871 819 3942; x_wconf 86' lang='lat' dir='ltr'><strong>aliquando</strong></span> <span class='ocrx_word' id='word_1_304' title='bbox 859 3887 989 3927; x_wconf 86' lang='lat' dir='ltr'><strong>vero</strong></span> <span class='ocrx_word' id='word_1_305' title='bbox 1019 3887 1124 3928; x_wconf 91' lang='lat' dir='ltr'><strong>non</strong></span> <span class='ocrx_word' id='word_1_306' title='bbox 1165 3872 1292 3927; x_wconf 90' lang='lat' dir='ltr'><strong>sinit</strong></span> <span class='ocrx_word' id='word_1_307' title='bbox 1318 3881 1466 3928; x_wconf 90' lang='lat' dir='ltr'><strong>recte</strong></span> <span class='ocrx_word' id='word_1_308' title='bbox 1499 3873 1734 3943; x_wconf 84' lang='lat' dir='ltr'><strong>operari.</strong></span> 
     </span>
    </p>
   </div>
   <div class='ocr_carea' id='block_1_40' title="bbox 127 3961 1735 4034">
    <p class='ocr_par' dir='ltr' id='par_1_40' title="bbox 127 3961 1735 4034">
     <span class='ocr_line' id='line_1_40' title="bbox 127 3961 1735 4034; baseline 0.001 -19"><span class='ocrx_word' id='word_1_309' title='bbox 127 3963 284 4029; x_wconf 86' lang='lat' dir='ltr'><strong>Quod</strong></span> <span class='ocrx_word' id='word_1_310' title='bbox 311 3963 356 4016; x_wconf 87' lang='lat' dir='ltr'><strong>si</strong></span> <span class='ocrx_word' id='word_1_311' title='bbox 387 3962 584 4017; x_wconf 85' lang='lat' dir='ltr'><strong>Paulus</strong></span> <span class='ocrx_word' id='word_1_312' title='bbox 613 3961 824 4034; x_wconf 65' lang='lat' dir='ltr'><strong>(Ep/tes.</strong></span> <span class='ocrx_word' id='word_1_313' title='bbox 846 3963 903 4018; x_wconf 83' lang='lat'><strong>5.</strong></span> <span class='ocrx_word' id='word_1_314' title='bbox 931 3963 991 4030; x_wconf 87' lang='lat'><strong>5)</strong></span> <span class='ocrx_word' id='word_1_315' title='bbox 1013 3962 1290 4017; x_wconf 84' lang='lat' dir='ltr'><strong>avaritiam</strong></span> <span class='ocrx_word' id='word_1_316' title='bbox 1331 3962 1596 4017; x_wconf 90' lang='lat' dir='ltr'><strong>idolorum</strong></span> <span class='ocrx_word' id='word_1_317' title='bbox 1617 3977 1735 4017; x_wconf 85' lang='lat' dir='ltr'><strong>ser-</strong></span> 
     </span>
    </p>
   </div>
   <div class='ocr_carea' id='block_1_41' title="bbox 131 4053 1732 4122">
    <p class='ocr_par' dir='ltr' id='par_1_41' title="bbox 131 4053 1732 4122">
     <span class='ocr_line' id='line_1_41' title="bbox 131 4053 1732 4122; baseline 0.001 -17"><span class='ocrx_word' id='word_1_318' title='bbox 131 4055 354 4108; x_wconf 88' lang='lat' dir='ltr'><strong>vitutem</strong></span> <span class='ocrx_word' id='word_1_319' title='bbox 384 4061 569 4116; x_wconf 87' lang='lat' dir='ltr'><strong>vocet;</strong></span> <span class='ocrx_word' id='word_1_320' title='bbox 621 4053 738 4122; x_wconf 86' lang='lat' dir='ltr'><strong>ejus</strong></span> <span class='ocrx_word' id='word_1_321' title='bbox 785 4061 1052 4119; x_wconf 86' lang='lat' dir='ltr'><strong>matrem,</strong></span> <span class='ocrx_word' id='word_1_322' title='bbox 1098 4053 1336 4109; x_wconf 88' lang='lat' dir='ltr'><strong>radicem</strong></span> <span class='ocrx_word' id='word_1_323' title='bbox 1382 4061 1438 4108; x_wconf 89' lang='lat' dir='ltr'><strong>et</strong></span> <span class='ocrx_word' id='word_1_324' title='bbox 1493 4056 1732 4120; x_wconf 86' lang='lat' dir='ltr'><strong>fontem,</strong></span> 
     </span>
    </p>
   </div>
   <div class='ocr_carea' id='block_1_42' title="bbox 131 4135 1738 4216">
    <p class='ocr_par' dir='ltr' id='par_1_42' title="bbox 131 4135 1738 4216">
     <span class='ocr_line' id='line_1_42' title="bbox 131 4135 1738 4216; baseline 0.004 -22"><span class='ocrx_word' id='word_1_325' title='bbox 131 4161 323 4201; x_wconf 81' lang='lat' dir='ltr'><strong>vanam</strong></span> <span class='ocrx_word' id='word_1_326' title='bbox 372 4146 597 4216; x_wconf 81' lang='lat' dir='ltr'><strong>gloriam</strong></span> <span class='ocrx_word' id='word_1_327' title='bbox 655 4135 901 4213; x_wconf 85' lang='lat' dir='ltr'><strong>scilicet,</strong></span> <span class='ocrx_word' id='word_1_328' title='bbox 947 4161 1055 4215; x_wconf 87' lang='lat' dir='ltr'><strong>quo</strong></span> <span class='ocrx_word' id='word_1_329' title='bbox 1101 4147 1319 4203; x_wconf 90' lang='lat' dir='ltr'><strong>nomine</strong></span> <span class='ocrx_word' id='word_1_330' title='bbox 1373 4147 1738 4202; x_wconf 82' lang='lat' dir='ltr'><strong>vocabimus?</strong></span> 
     </span>
    </p>
   </div>
   <div class='ocr_carea' id='block_1_43' title="bbox 130 4236 1735 4308">
    <p class='ocr_par' dir='ltr' id='par_1_43' title="bbox 130 4236 1735 4308">
     <span class='ocr_line' id='line_1_43' title="bbox 130 4236 1735 4308; baseline 0 -16"><span class='ocrx_word' id='word_1_331' title='bbox 130 4238 315 4308; x_wconf 78' lang='lat' dir='ltr'><strong>Neque</strong></span> <span class='ocrx_word' id='word_1_332' title='bbox 336 4238 478 4290; x_wconf 82' lang='lat' dir='ltr'><strong>enim</strong></span> <span class='ocrx_word' id='word_1_333' title='bbox 501 4236 631 4292; x_wconf 90' lang='lat' dir='ltr'><strong>illud</strong></span> <span class='ocrx_word' id='word_1_334' title='bbox 662 4243 822 4290; x_wconf 55' lang='lat' dir='ltr'><strong>tanta‘</strong></span> <span class='ocrx_word' id='word_1_335' title='bbox 847 4236 1098 4306; x_wconf 59' lang='lat' dir='ltr'><strong>nequitiae</strong></span> <span class='ocrx_word' id='word_1_336' title='bbox 1117 4237 1339 4308; x_wconf 85' lang='lat' dir='ltr'><strong>dignum</strong></span> <span class='ocrx_word' id='word_1_337' title='bbox 1376 4237 1735 4292; x_wconf 81' lang='lat' dir='ltr'><strong>inveniemus.</strong></span> 
     </span>
    </p>
   </div>
   <div class='ocr_carea' id='block_1_44' title="bbox 203 4327 1735 4400">
    <p class='ocr_par' dir='ltr' id='par_1_44' title="bbox 203 4327 1735 4400">
     <span class='ocr_line' id='line_1_44' title="bbox 203 4327 1735 4400; baseline 0 -17"><span class='ocrx_word' id='word_1_338' title='bbox 203 4328 425 4383; x_wconf 77' lang='lat' dir='ltr'><strong>lloralis</strong></span> <span class='ocrx_word' id='word_1_339' title='bbox 470 4327 756 4382; x_wconf 72' lang='lat' dir='ltr'><strong>exhortatio</strong></span> <span class='ocrx_word' id='word_1_340' title='bbox 807 4327 878 4381; x_wconf 80' lang='lat' dir='ltr'><strong>ad</strong></span> <span class='ocrx_word' id='word_1_341' title='bbox 921 4343 1108 4382; x_wconf 74' lang='lat' dir='ltr'><strong>vanam</strong></span> <span class='ocrx_word' id='word_1_342' title='bbox 1155 4329 1374 4399; x_wconf 82' lang='lat' dir='ltr'><strong>gloriam</strong></span> <span class='ocrx_word' id='word_1_343' title='bbox 1413 4331 1735 4400; x_wconf 77' lang='lat' dir='ltr'><strong>fugiendam.</strong></span> 
     </span>
    </p>
   </div>
   <div class='ocr_carea' id='block_1_45' title="bbox 134 4418 1740 4490">
    <p class='ocr_par' dir='ltr' id='par_1_45' title="bbox 134 4418 1740 4490">
     <span class='ocr_line' id='line_1_45' title="bbox 134 4418 1740 4490; baseline 0 -17"><span class='ocrx_word' id='word_1_344' title='bbox 134 4421 298 4474; x_wconf 80' lang='lat' dir='ltr'><strong>Deum</strong></span> <span class='ocrx_word' id='word_1_345' title='bbox 343 4436 500 4473; x_wconf 75' lang='lat' dir='ltr'><strong>unum</strong></span> <span class='ocrx_word' id='word_1_346' title='bbox 537 4429 868 4487; x_wconf 77' lang='lat' dir='ltr'><strong>spectatorem</strong></span> <span class='ocrx_word' id='word_1_347' title='bbox 894 4418 1314 4490; x_wconf 79' lang='lat' dir='ltr'><strong>laudatoremque</strong></span> <span class='ocrx_word' id='word_1_348' title='bbox 1340 4436 1566 4489; x_wconf 68' lang='lat' dir='ltr'><strong>quwrcre</strong></span> <span class='ocrx_word' id='word_1_349' title='bbox 1584 4436 1740 4488; x_wconf 82' lang='lat' dir='ltr'><strong>opor-</strong></span> 
     </span>
    </p>
   </div>
   <div class='ocr_carea' id='block_1_46' title="bbox 133 4509 1736 4582">
    <p class='ocr_par' dir='ltr' id='par_1_46' title="bbox 133 4509 1736 4582">
     <span class='ocr_line' id='line_1_46' title="bbox 133 4509 1736 4582; baseline 0 -18"><span class='ocrx_word' id='word_1_350' title='bbox 133 4522 218 4566; x_wconf 82' lang='lat' dir='ltr'><strong>tet.</strong></span> <span class='ocrx_word' id='word_1_351' title='bbox 241 4541 314 4552; x_wconf 88' lang='lat'><strong>—</strong></span> <span class='ocrx_word' id='word_1_352' title='bbox 336 4509 735 4578; x_wconf 81' lang='lat' dir='ltr'><strong>Resipiscamus</strong></span> <span class='ocrx_word' id='word_1_353' title='bbox 772 4511 953 4581; x_wconf 85' lang='lat' dir='ltr'><strong>igitur,</strong></span> <span class='ocrx_word' id='word_1_354' title='bbox 997 4509 1180 4566; x_wconf 89' lang='lat' dir='ltr'><strong>dilecti</strong></span> <span class='ocrx_word' id='word_1_355' title='bbox 1206 4552 1222 4576; x_wconf 96' lang='lat'><strong>,</strong></span> <span class='ocrx_word' id='word_1_356' title='bbox 1252 4519 1308 4567; x_wconf 90' lang='lat' dir='ltr'><strong>et</strong></span> <span class='ocrx_word' id='word_1_357' title='bbox 1333 4511 1435 4566; x_wconf 89' lang='lat' dir='ltr'><strong>hoc</strong></span> <span class='ocrx_word' id='word_1_358' title='bbox 1464 4512 1736 4582; x_wconf 84' lang='lat' dir='ltr'><strong>pernicio-</strong></span> 
     </span>
    </p>
   </div>
   <div class='ocr_carea' id='block_1_47' title="bbox 132 4602 1738 4672">
    <p class='ocr_par' dir='ltr' id='par_1_47' title="bbox 132 4602 1738 4672">
     <span class='ocr_line' id='line_1_47' title="bbox 132 4602 1738 4672; baseline 0.001 -15"><span class='ocrx_word' id='word_1_359' title='bbox 132 4619 251 4658; x_wconf 89' lang='lat' dir='ltr'><strong>sum</strong></span> <span class='ocrx_word' id='word_1_360' title='bbox 295 4619 558 4660; x_wconf 88' lang='lat' dir='ltr'><strong>exuamus</strong></span> <span class='ocrx_word' id='word_1_361' title='bbox 603 4604 982 4658; x_wconf 73' lang='lat' dir='ltr'><strong>vestimentum</strong></span> <span class='ocrx_word' id='word_1_362' title='bbox 1014 4621 1028 4657; x_wconf 92' lang='lat'><strong>:</strong></span> <span class='ocrx_word' id='word_1_363' title='bbox 1071 4603 1246 4672; x_wconf 90' lang='lat' dir='ltr'><strong>ipsum</strong></span> <span class='ocrx_word' id='word_1_364' title='bbox 1281 4602 1650 4658; x_wconf 88' lang='lat' dir='ltr'><strong>discindanms</strong></span> <span class='ocrx_word' id='word_1_365' title='bbox 1683 4614 1738 4659; x_wconf 92' lang='lat' dir='ltr'><strong>et</strong></span> 
     </span>
    </p>
   </div>
   <div class='ocr_carea' id='block_1_48' title="bbox 129 4693 1735 4766">
    <p class='ocr_par' dir='ltr' id='par_1_48' title="bbox 129 4693 1735 4766">
     <span class='ocr_line' id='line_1_48' title="bbox 129 4693 1735 4766; baseline -0.001 -16"><span class='ocrx_word' id='word_1_366' title='bbox 129 4697 487 4760; x_wconf 74' lang='lat' dir='ltr'><strong>dissecemus,</strong></span> <span class='ocrx_word' id='word_1_367' title='bbox 522 4709 753 4766; x_wconf 90' lang='lat' dir='ltr'><strong>veraque</strong></span> <span class='ocrx_word' id='word_1_368' title='bbox 793 4695 1042 4751; x_wconf 88' lang='lat' dir='ltr'><strong>libertate</strong></span> <span class='ocrx_word' id='word_1_369' title='bbox 1072 4694 1290 4750; x_wconf 87' lang='lat' dir='ltr'><strong>tandem</strong></span> <span class='ocrx_word' id='word_1_370' title='bbox 1335 4695 1491 4751; x_wconf 92' lang='lat' dir='ltr'><strong>liberi</strong></span> <span class='ocrx_word' id='word_1_371' title='bbox 1529 4693 1735 4751; x_wconf 76' lang='lat' dir='ltr'><strong>efﬁcia-</strong></span> 
     </span>
    </p>
   </div>
   <div class='ocr_carea' id='block_1_49' title="bbox 181 4828 1735 4904">
    <p class='ocr_par' dir='ltr' id='par_1_49' title="bbox 181 4828 1735 4904">
     <span class='ocr_line' id='line_1_49' title="bbox 181 4828 1735 4904; baseline -0.002 -23"><span class='ocrx_word' id='word_1_372' title='bbox 181 4834 210 4904; x_wconf 44' lang='grc' dir='ltr'>,ι</span> <span class='ocrx_word' id='word_1_373' title='bbox 249 4829 598 4904; x_wconf 81' lang='lat' dir='ltr'><strong>Savil.,_legit,</strong></span> <span class='ocrx_word' id='word_1_374' title='bbox 626 4836 931 4894; x_wconf 77' lang='lat' dir='ltr'><strong>Quapropter</strong></span> <span class='ocrx_word' id='word_1_375' title='bbox 966 4829 1010 4882; x_wconf 83' lang='lat' dir='ltr'><strong>si</strong></span> <span class='ocrx_word' id='word_1_376' title='bbox 1033 4843 1182 4881; x_wconf 79' lang='lat' dir='ltr'><strong>unum</strong></span> <span class='ocrx_word' id='word_1_377' title='bbox 1217 4830 1326 4894; x_wconf 81' lang='lat' dir='ltr'><strong>quis</strong></span> <span class='ocrx_word' id='word_1_378' title='bbox 1371 4828 1735 4892; x_wconf 81' lang='lat' dir='ltr'><strong>assumpserit;</strong></span> 
     </span>
    </p>
   </div>
   <div class='ocr_carea' id='block_1_50' title="bbox 127 4900 485 4942">
    <p class='ocr_par' dir='ltr' id='par_1_50' title="bbox 127 4900 485 4942">
     <span class='ocr_line' id='line_1_50' title="bbox 127 4900 485 4942; baseline 0.003 -3"><span class='ocrx_word' id='word_1_379' title='bbox 127 4900 294 4942; x_wconf 73' lang='lat' dir='ltr'><strong>mimis</strong></span> <span class='ocrx_word' id='word_1_380' title='bbox 325 4900 485 4942; x_wconf 78' lang='lat' dir='ltr'><strong>recte.</strong></span> 
     </span>
    </p>
   </div>
   <div class='ocr_carea' id='block_1_51' title="bbox 1867 468 3478 537">
    <p class='ocr_par' dir='ltr' id='par_1_51' title="bbox 1867 468 3478 537">
     <span class='ocr_line' id='line_1_51' title="bbox 1867 468 3478 537; baseline 0.004 -16"><span class='ocrx_word' id='word_1_381' title='bbox 1867 481 2006 534; x_wconf 89' lang='lat' dir='ltr'><strong>mur,</strong></span> <span class='ocrx_word' id='word_1_382' title='bbox 2039 476 2202 537; x_wconf 86' lang='lat' dir='ltr'><strong>atque</strong></span> <span class='ocrx_word' id='word_1_383' title='bbox 2232 469 2288 524; x_wconf 87' lang='lat' dir='ltr'><strong>in</strong></span> <span class='ocrx_word' id='word_1_384' title='bbox 2330 481 2549 525; x_wconf 87' lang='lat' dir='ltr'><strong>sensum</strong></span> <span class='ocrx_word' id='word_1_385' title='bbox 2582 468 2738 526; x_wconf 86' lang='lat' dir='ltr'><strong>nobis</strong></span> <span class='ocrx_word' id='word_1_386' title='bbox 2765 484 2794 525; x_wconf 92' lang='lat' dir='ltr'><strong>a</strong></span> <span class='ocrx_word' id='word_1_387' title='bbox 2827 471 2942 528; x_wconf 87' lang='lat' dir='ltr'><strong>Deo</strong></span> <span class='ocrx_word' id='word_1_388' title='bbox 2965 485 3243 528; x_wconf 70' lang='lat' dir='ltr'><strong>concessa:</strong></span> <span class='ocrx_word' id='word_1_389' title='bbox 3275 475 3478 530; x_wconf 66' lang='lat' dir='ltr'><strong>nobili-</strong></span> 
     </span>
    </p>
   </div>
   <div class='ocr_carea' id='block_1_52' title="bbox 1864 559 3445 635">
    <p class='ocr_par' dir='ltr' id='par_1_52' title="bbox 1864 559 3445 635">
     <span class='ocr_line' id='line_1_52' title="bbox 1864 559 3445 635; baseline 0.005 -21"><span class='ocrx_word' id='word_1_390' title='bbox 1864 559 1990 616; x_wconf 87' lang='lat' dir='ltr'><strong>tatis</strong></span> <span class='ocrx_word' id='word_1_391' title='bbox 2017 561 2299 616; x_wconf 80' lang='lat' dir='ltr'><strong>veniamus</strong></span> <span class='ocrx_word' id='word_1_392' title='bbox 2327 579 2343 616; x_wconf 88' lang='lat'><strong>:</strong></span> <span class='ocrx_word' id='word_1_393' title='bbox 2371 562 2736 618; x_wconf 89' lang='lat' dir='ltr'><strong>multitudinis</strong></span> <span class='ocrx_word' id='word_1_394' title='bbox 2761 579 2946 619; x_wconf 88' lang='lat' dir='ltr'><strong>auram</strong></span> <span class='ocrx_word' id='word_1_395' title='bbox 2973 566 3357 635; x_wconf 75' lang='lat' dir='ltr'><strong>despiciemus.</strong></span> <span class='ocrx_word' id='word_1_396' title='bbox 3381 567 3445 622; x_wconf 83' lang='lat' dir='ltr'><strong>Ni</strong></span> 
     </span>
    </p>
   </div>
   <div class='ocr_carea' id='block_1_53' title="bbox 1863 651 3473 725">
    <p class='ocr_par' dir='ltr' id='par_1_53' title="bbox 1863 651 3473 725">
     <span class='ocr_line' id='line_1_53' title="bbox 1863 651 3473 725; baseline 0.006 -19"><span class='ocrx_word' id='word_1_397' title='bbox 1863 651 1936 707; x_wconf 89' lang='lat' dir='ltr'><strong>hil</strong></span> <span class='ocrx_word' id='word_1_398' title='bbox 1967 652 2110 708; x_wconf 92' lang='lat' dir='ltr'><strong>enim</strong></span> <span class='ocrx_word' id='word_1_399' title='bbox 2130 654 2304 725; x_wconf 85' lang='lat' dir='ltr'><strong>magis</strong></span> <span class='ocrx_word' id='word_1_400' title='bbox 2339 653 2444 710; x_wconf 88' lang='lat' dir='ltr'><strong>hoc</strong></span> <span class='ocrx_word' id='word_1_401' title='bbox 2480 655 2674 711; x_wconf 87' lang='lat' dir='ltr'><strong>morbo</strong></span> <span class='ocrx_word' id='word_1_402' title='bbox 2704 657 2992 713; x_wconf 91' lang='lat' dir='ltr'><strong>ridiculum</strong></span> <span class='ocrx_word' id='word_1_403' title='bbox 3026 667 3081 713; x_wconf 92' lang='lat' dir='ltr'><strong>et</strong></span> <span class='ocrx_word' id='word_1_404' title='bbox 3110 658 3426 716; x_wconf 85' lang='lat' dir='ltr'><strong>indecorum</strong></span> <span class='ocrx_word' id='word_1_405' title='bbox 3458 678 3473 715; x_wconf 88' lang='lat'><strong>:</strong></span> 
     </span>
    </p>
   </div>
   <div class='ocr_carea' id='block_1_54' title="bbox 1862 741 3478 822">
    <p class='ocr_par' dir='ltr' id='par_1_54' title="bbox 1862 741 3478 822">
     <span class='ocr_line' id='line_1_54' title="bbox 1862 741 3478 822; baseline 0.005 -25"><span class='ocrx_word' id='word_1_406' title='bbox 1862 741 1999 798; x_wconf 84' lang='lat' dir='ltr'><strong>nihil</strong></span> <span class='ocrx_word' id='word_1_407' title='bbox 2046 753 2192 798; x_wconf 87' lang='lat' dir='ltr'><strong>tanta</strong></span> <span class='ocrx_word' id='word_1_408' title='bbox 2237 744 2571 814; x_wconf 89' lang='lat' dir='ltr'><strong>turpitudine</strong></span> <span class='ocrx_word' id='word_1_409' title='bbox 2617 755 2673 802; x_wconf 92' lang='lat' dir='ltr'><strong>et</strong></span> <span class='ocrx_word' id='word_1_410' title='bbox 2710 747 2928 803; x_wconf 84' lang='lat' dir='ltr'><strong>infamia</strong></span> <span class='ocrx_word' id='word_1_411' title='bbox 2975 748 3215 816; x_wconf 90' lang='lat' dir='ltr'><strong>plenum.</strong></span> <span class='ocrx_word' id='word_1_412' title='bbox 3254 749 3478 822; x_wconf 82' lang='lat' dir='ltr'><strong>Hocque</strong></span> 
     </span>
    </p>
   </div>
   <div class='ocr_carea' id='block_1_55' title="bbox 1861 833 3472 912">
    <p class='ocr_par' dir='ltr' id='par_1_55' title="bbox 1861 833 3472 912">
     <span class='ocr_line' id='line_1_55' title="bbox 1861 833 3472 912; baseline 0.005 -24"><span class='ocrx_word' id='word_1_413' title='bbox 1861 833 2045 888; x_wconf 90' lang='lat' dir='ltr'><strong>multis</strong></span> <span class='ocrx_word' id='word_1_414' title='bbox 2070 849 2138 890; x_wconf 88' lang='lat' dir='ltr'><strong>ex</strong></span> <span class='ocrx_word' id='word_1_415' title='bbox 2167 834 2466 890; x_wconf 84' lang='lat' dir='ltr'><strong>rationibus</strong></span> <span class='ocrx_word' id='word_1_416' title='bbox 2495 837 2679 894; x_wconf 88' lang='lat' dir='ltr'><strong>videre</strong></span> <span class='ocrx_word' id='word_1_417' title='bbox 2703 847 2786 892; x_wconf 85' lang='lat' dir='ltr'><strong>est</strong></span> <span class='ocrx_word' id='word_1_418' title='bbox 2810 857 2822 892; x_wconf 93' lang='lat'><strong>:</strong></span> <span class='ocrx_word' id='word_1_419' title='bbox 2852 840 2993 909; x_wconf 89' lang='lat' dir='ltr'><strong>quod</strong></span> <span class='ocrx_word' id='word_1_420' title='bbox 3027 855 3223 912; x_wconf 89' lang='lat' dir='ltr'><strong>nempe</strong></span> <span class='ocrx_word' id='word_1_421' title='bbox 3247 841 3472 911; x_wconf 84' lang='lat' dir='ltr'><strong>gloriam</strong></span> 
     </span>
    </p>
   </div>
   <div class='ocr_carea' id='block_1_56' title="bbox 1859 928 3476 1004">
    <p class='ocr_par' dir='ltr' id='par_1_56' title="bbox 1859 928 3476 1004">
     <span class='ocr_line' id='line_1_56' title="bbox 1859 928 3476 1004; baseline 0.005 -22"><span class='ocrx_word' id='word_1_422' title='bbox 1859 928 2277 1001; x_wconf 80' lang='lat' dir='ltr'><strong>concupiscere,</strong></span> <span class='ocrx_word' id='word_1_423' title='bbox 2323 932 2650 1002; x_wconf 86' lang='lat' dir='ltr'><strong>ignominia;</strong></span> <span class='ocrx_word' id='word_1_424' title='bbox 2693 932 2834 986; x_wconf 89' lang='lat' dir='ltr'><strong>illam</strong></span> <span class='ocrx_word' id='word_1_425' title='bbox 2876 941 3056 988; x_wconf 91' lang='lat' dir='ltr'><strong>autem</strong></span> <span class='ocrx_word' id='word_1_426' title='bbox 3101 933 3381 1004; x_wconf 87' lang='lat' dir='ltr'><strong>despicere</strong></span> <span class='ocrx_word' id='word_1_427' title='bbox 3420 945 3476 990; x_wconf 88' lang='lat' dir='ltr'><strong>et</strong></span> 
     </span>
    </p>
   </div>
   <div class='ocr_carea' id='block_1_57' title="bbox 1861 1018 3476 1097">
    <p class='ocr_par' dir='ltr' id='par_1_57' title="bbox 1861 1018 3476 1097">
     <span class='ocr_line' id='line_1_57' title="bbox 1861 1018 3476 1097; baseline 0.006 -26"><span class='ocrx_word' id='word_1_428' title='bbox 1861 1018 1998 1074; x_wconf 88' lang='lat' dir='ltr'><strong>nihil</strong></span> <span class='ocrx_word' id='word_1_429' title='bbox 2019 1033 2290 1093; x_wconf 79' lang='lat' dir='ltr'><strong>reputare,</strong></span> <span class='ocrx_word' id='word_1_430' title='bbox 2324 1040 2452 1081; x_wconf 88' lang='lat' dir='ltr'><strong>vere</strong></span> <span class='ocrx_word' id='word_1_431' title='bbox 2481 1025 2650 1096; x_wconf 84' lang='lat' dir='ltr'><strong>gloria</strong></span> <span class='ocrx_word' id='word_1_432' title='bbox 2680 1025 2784 1088; x_wconf 84' lang='lat' dir='ltr'><strong>sit;</strong></span> <span class='ocrx_word' id='word_1_433' title='bbox 2812 1023 2906 1080; x_wconf 88' lang='lat' dir='ltr'><strong>sed</strong></span> <span class='ocrx_word' id='word_1_434' title='bbox 2930 1023 3110 1080; x_wconf 88' lang='lat' dir='ltr'><strong>omnia</strong></span> <span class='ocrx_word' id='word_1_435' title='bbox 3143 1026 3212 1080; x_wconf 91' lang='lat' dir='ltr'><strong>ad</strong></span> <span class='ocrx_word' id='word_1_436' title='bbox 3245 1027 3338 1082; x_wconf 88' lang='lat' dir='ltr'><strong>Dei</strong></span> <span class='ocrx_word' id='word_1_437' title='bbox 3363 1028 3476 1097; x_wconf 84' lang='lat' dir='ltr'><strong>pla-</strong></span> 
     </span>
    </p>
   </div>
   <div class='ocr_carea' id='block_1_58' title="bbox 1861 1110 3476 1188">
    <p class='ocr_par' dir='ltr' id='par_1_58' title="bbox 1861 1110 3476 1188">
     <span class='ocr_line' id='line_1_58' title="bbox 1861 1110 3476 1188; baseline 0.005 -25"><span class='ocrx_word' id='word_1_438' title='bbox 1861 1110 2026 1166; x_wconf 90' lang='lat' dir='ltr'><strong>citum</strong></span> <span class='ocrx_word' id='word_1_439' title='bbox 2053 1121 2109 1168; x_wconf 88' lang='lat' dir='ltr'><strong>et</strong></span> <span class='ocrx_word' id='word_1_440' title='bbox 2129 1114 2354 1172; x_wconf 88' lang='lat' dir='ltr'><strong>dicenda</strong></span> <span class='ocrx_word' id='word_1_441' title='bbox 2389 1125 2446 1173; x_wconf 90' lang='lat' dir='ltr'><strong>et</strong></span> <span class='ocrx_word' id='word_1_442' title='bbox 2475 1114 2681 1186; x_wconf 83' lang='lat' dir='ltr'><strong>agenda</strong></span> <span class='ocrx_word' id='word_1_443' title='bbox 2711 1124 2856 1170; x_wconf 89' lang='lat' dir='ltr'><strong>sunt.</strong></span> <span class='ocrx_word' id='word_1_444' title='bbox 2887 1115 2978 1171; x_wconf 91' lang='lat' dir='ltr'><strong>Sic</strong></span> <span class='ocrx_word' id='word_1_445' title='bbox 3003 1117 3148 1172; x_wconf 88' lang='lat' dir='ltr'><strong>enim</strong></span> <span class='ocrx_word' id='word_1_446' title='bbox 3174 1120 3476 1188; x_wconf 86' lang='lat' dir='ltr'><strong>poterimus</strong></span> 
     </span>
    </p>
   </div>
   <div class='ocr_carea' id='block_1_59' title="bbox 1861 1204 3476 1278">
    <p class='ocr_par' dir='ltr' id='par_1_59' title="bbox 1861 1204 3476 1278">
     <span class='ocr_line' id='line_1_59' title="bbox 1861 1204 3476 1278; baseline 0.003 -21"><span class='ocrx_word' id='word_1_447' title='bbox 1861 1204 2170 1261; x_wconf 83' lang='lat' dir='ltr'><strong>mercedem</strong></span> <span class='ocrx_word' id='word_1_448' title='bbox 2200 1208 2448 1278; x_wconf 90' lang='lat' dir='ltr'><strong>accipere</strong></span> <span class='ocrx_word' id='word_1_449' title='bbox 2476 1209 2546 1262; x_wconf 91' lang='lat' dir='ltr'><strong>ab</strong></span> <span class='ocrx_word' id='word_1_450' title='bbox 2583 1222 2651 1263; x_wconf 92' lang='lat' dir='ltr'><strong>eo</strong></span> <span class='ocrx_word' id='word_1_451' title='bbox 2676 1208 2766 1278; x_wconf 85' lang='lat' dir='ltr'><strong>qui</strong></span> <span class='ocrx_word' id='word_1_452' title='bbox 2798 1217 2980 1262; x_wconf 89' lang='lat' dir='ltr'><strong>nostra</strong></span> <span class='ocrx_word' id='word_1_453' title='bbox 3017 1219 3270 1264; x_wconf 87' lang='lat' dir='ltr'><strong>accurate</strong></span> <span class='ocrx_word' id='word_1_454' title='bbox 3299 1211 3476 1278; x_wconf 86' lang='lat' dir='ltr'><strong>respi-</strong></span> 
     </span>
    </p>
   </div>
   <div class='ocr_carea' id='block_1_60' title="bbox 1860 1297 3472 1369">
    <p class='ocr_par' dir='ltr' id='par_1_60' title="bbox 1860 1297 3472 1369">
     <span class='ocr_line' id='line_1_60' title="bbox 1860 1297 3472 1369; baseline 0.001 -16"><span class='ocrx_word' id='word_1_455' title='bbox 1860 1297 1954 1361; x_wconf 90' lang='lat' dir='ltr'><strong>cit,</strong></span> <span class='ocrx_word' id='word_1_456' title='bbox 1977 1297 2192 1368; x_wconf 87' lang='lat' dir='ltr'><strong>quando</strong></span> <span class='ocrx_word' id='word_1_457' title='bbox 2220 1299 2312 1355; x_wconf 92' lang='lat' dir='ltr'><strong>illo</strong></span> <span class='ocrx_word' id='word_1_458' title='bbox 2340 1301 2458 1356; x_wconf 89' lang='lat' dir='ltr'><strong>solo</strong></span> <span class='ocrx_word' id='word_1_459' title='bbox 2483 1299 2726 1355; x_wconf 90' lang='lat' dir='ltr'><strong>contenti</strong></span> <span class='ocrx_word' id='word_1_460' title='bbox 2755 1301 2958 1354; x_wconf 78' lang='lat' dir='ltr'><strong>erimus</strong></span> <span class='ocrx_word' id='word_1_461' title='bbox 2985 1309 3312 1369; x_wconf 86' lang='lat' dir='ltr'><strong>spectatore.</strong></span> <span class='ocrx_word' id='word_1_462' title='bbox 3334 1299 3472 1367; x_wconf 87' lang='lat' dir='ltr'><strong>Quid</strong></span> 
     </span>
    </p>
   </div>
   <div class='ocr_carea' id='block_1_61' title="bbox 1860 1390 3476 1462">
    <p class='ocr_par' dir='ltr' id='par_1_61' title="bbox 1860 1390 3476 1462">
     <span class='ocr_line' id='line_1_61' title="bbox 1860 1390 3476 1462; baseline 0 -17"><span class='ocrx_word' id='word_1_463' title='bbox 1860 1391 2005 1445; x_wconf 90' lang='lat' dir='ltr'><strong>enim</strong></span> <span class='ocrx_word' id='word_1_464' title='bbox 2038 1390 2196 1446; x_wconf 89' lang='lat' dir='ltr'><strong>nobis</strong></span> <span class='ocrx_word' id='word_1_465' title='bbox 2224 1392 2346 1447; x_wconf 88' lang='lat' dir='ltr'><strong>aliis</strong></span> <span class='ocrx_word' id='word_1_466' title='bbox 2380 1392 2554 1446; x_wconf 90' lang='lat' dir='ltr'><strong>oculis</strong></span> <span class='ocrx_word' id='word_1_467' title='bbox 2581 1407 2736 1462; x_wconf 88' lang='lat' dir='ltr'><strong>opus,</strong></span> <span class='ocrx_word' id='word_1_468' title='bbox 2769 1406 2891 1447; x_wconf 92' lang='lat' dir='ltr'><strong>cum</strong></span> <span class='ocrx_word' id='word_1_469' title='bbox 2927 1391 2971 1446; x_wconf 89' lang='lat' dir='ltr'><strong>is</strong></span> <span class='ocrx_word' id='word_1_470' title='bbox 2998 1392 3088 1462; x_wconf 89' lang='lat' dir='ltr'><strong>qui</strong></span> <span class='ocrx_word' id='word_1_471' title='bbox 3119 1391 3277 1448; x_wconf 88' lang='lat' dir='ltr'><strong>nobis</strong></span> <span class='ocrx_word' id='word_1_472' title='bbox 3303 1393 3476 1448; x_wconf 88' lang='lat' dir='ltr'><strong>bono-</strong></span> 
     </span>
    </p>
   </div>
   <div class='ocr_carea' id='block_1_62' title="bbox 1861 1483 3475 1555">
    <p class='ocr_par' dir='ltr' id='par_1_62' title="bbox 1861 1483 3475 1555">
     <span class='ocr_line' id='line_1_62' title="bbox 1861 1483 3475 1555; baseline 0.001 -20"><span class='ocrx_word' id='word_1_473' title='bbox 1861 1495 1974 1535; x_wconf 91' lang='lat' dir='ltr'><strong>rem</strong></span> <span class='ocrx_word' id='word_1_474' title='bbox 2000 1491 2056 1536; x_wconf 94' lang='lat' dir='ltr'><strong>et</strong></span> <span class='ocrx_word' id='word_1_475' title='bbox 2083 1483 2362 1550; x_wconf 73' lang='lat' dir='ltr'><strong>prmmium</strong></span> <span class='ocrx_word' id='word_1_476' title='bbox 2396 1483 2685 1555; x_wconf 85' lang='lat' dir='ltr'><strong>largiturus</strong></span> <span class='ocrx_word' id='word_1_477' title='bbox 2725 1491 2830 1548; x_wconf 89' lang='lat' dir='ltr'><strong>est,</strong></span> <span class='ocrx_word' id='word_1_478' title='bbox 2859 1491 3009 1553; x_wconf 81' lang='lat' dir='ltr'><strong>gesta</strong></span> <span class='ocrx_word' id='word_1_479' title='bbox 3044 1492 3226 1537; x_wconf 87' lang='lat' dir='ltr'><strong>nostra</strong></span> <span class='ocrx_word' id='word_1_480' title='bbox 3257 1497 3475 1554; x_wconf 82' lang='lat' dir='ltr'><strong>semper</strong></span> 
     </span>
    </p>
   </div>
   <div class='ocr_carea' id='block_1_63' title="bbox 1861 1571 3470 1645">
    <p class='ocr_par' dir='ltr' id='par_1_63' title="bbox 1861 1571 3470 1645">
     <span class='ocr_line' id='line_1_63' title="bbox 1861 1571 3470 1645; baseline 0.001 -20"><span class='ocrx_word' id='word_1_481' title='bbox 1861 1571 2076 1627; x_wconf 80' lang='lat' dir='ltr'><strong>videat?</strong></span> <span class='ocrx_word' id='word_1_482' title='bbox 2099 1573 2382 1640; x_wconf 90' lang='lat' dir='ltr'><strong>Quomodo</strong></span> <span class='ocrx_word' id='word_1_483' title='bbox 2413 1589 2521 1629; x_wconf 92' lang='lat' dir='ltr'><strong>non</strong></span> <span class='ocrx_word' id='word_1_484' title='bbox 2552 1574 2848 1630; x_wconf 88' lang='lat' dir='ltr'><strong>absurdum</strong></span> <span class='ocrx_word' id='word_1_485' title='bbox 2887 1573 2978 1641; x_wconf 88' lang='lat' dir='ltr'><strong>sit,</strong></span> <span class='ocrx_word' id='word_1_486' title='bbox 3011 1588 3226 1629; x_wconf 85' lang='lat' dir='ltr'><strong>servum</strong></span> <span class='ocrx_word' id='word_1_487' title='bbox 3253 1575 3470 1645; x_wconf 85' lang='lat' dir='ltr'><strong>quidem</strong></span> 
     </span>
    </p>
   </div>
   <div class='ocr_carea' id='block_1_64' title="bbox 1858 1665 3472 1737">
    <p class='ocr_par' dir='ltr' id='par_1_64' title="bbox 1858 1665 3472 1737">
     <span class='ocr_line' id='line_1_64' title="bbox 1858 1665 3472 1737; baseline 0.002 -20"><span class='ocrx_word' id='word_1_488' title='bbox 1858 1665 1925 1719; x_wconf 90' lang='lat' dir='ltr'><strong>ad</strong></span> <span class='ocrx_word' id='word_1_489' title='bbox 1965 1665 2082 1720; x_wconf 89' lang='lat' dir='ltr'><strong>beri</strong></span> <span class='ocrx_word' id='word_1_490' title='bbox 2130 1667 2214 1722; x_wconf 90' lang='lat' dir='ltr'><strong>sui</strong></span> <span class='ocrx_word' id='word_1_491' title='bbox 2259 1667 2511 1734; x_wconf 83' lang='lat' dir='ltr'><strong>placitum</strong></span> <span class='ocrx_word' id='word_1_492' title='bbox 2561 1667 2744 1720; x_wconf 88' lang='lat' dir='ltr'><strong>omnia</strong></span> <span class='ocrx_word' id='word_1_493' title='bbox 2786 1665 3003 1731; x_wconf 83' lang='lat' dir='ltr'><strong>facere,</strong></span> <span class='ocrx_word' id='word_1_494' title='bbox 3051 1667 3291 1737; x_wconf 84' lang='lat' dir='ltr'><strong>nihilque</strong></span> <span class='ocrx_word' id='word_1_495' title='bbox 3328 1667 3472 1721; x_wconf 90' lang='lat' dir='ltr'><strong>aliud</strong></span> 
     </span>
    </p>
   </div>
   <div class='ocr_carea' id='block_1_65' title="bbox 1857 1757 3472 1828">
    <p class='ocr_par' dir='ltr' id='par_1_65' title="bbox 1857 1757 3472 1828">
     <span class='ocr_line' id='line_1_65' title="bbox 1857 1757 3472 1828; baseline 0.002 -19"><span class='ocrx_word' id='word_1_496' title='bbox 1857 1771 2125 1825; x_wconf 68' lang='lat' dir='ltr'><strong>quau-ere,</strong></span> <span class='ocrx_word' id='word_1_497' title='bbox 2150 1772 2310 1828; x_wconf 87' lang='lat' dir='ltr'><strong>quam</strong></span> <span class='ocrx_word' id='word_1_498' title='bbox 2358 1766 2414 1812; x_wconf 92' lang='lat' dir='ltr'><strong>ut</strong></span> <span class='ocrx_word' id='word_1_499' title='bbox 2448 1760 2517 1812; x_wconf 89' lang='lat' dir='ltr'><strong>ab</strong></span> <span class='ocrx_word' id='word_1_500' title='bbox 2562 1757 2679 1828; x_wconf 91' lang='lat' dir='ltr'><strong>ipso</strong></span> <span class='ocrx_word' id='word_1_501' title='bbox 2719 1757 2986 1824; x_wconf 86' lang='lat' dir='ltr'><strong>videatur,</strong></span> <span class='ocrx_word' id='word_1_502' title='bbox 3036 1773 3212 1827; x_wconf 86' lang='lat' dir='ltr'><strong>neque</strong></span> <span class='ocrx_word' id='word_1_503' title='bbox 3242 1759 3379 1813; x_wconf 85' lang='lat' dir='ltr'><strong>alios</strong></span> <span class='ocrx_word' id='word_1_504' title='bbox 3405 1761 3472 1812; x_wconf 86' lang='lat' dir='ltr'><strong>ad</strong></span> 
     </span>
    </p>
   </div>
   <div class='ocr_carea' id='block_1_66' title="bbox 1857 1848 3476 1919">
    <p class='ocr_par' dir='ltr' id='par_1_66' title="bbox 1857 1848 3476 1919">
     <span class='ocr_line' id='line_1_66' title="bbox 1857 1848 3476 1919; baseline 0 -16"><span class='ocrx_word' id='word_1_505' title='bbox 1857 1859 2009 1918; x_wconf 83' lang='lat' dir='ltr'><strong>gesta</strong></span> <span class='ocrx_word' id='word_1_506' title='bbox 2037 1863 2132 1903; x_wconf 91' lang='lat' dir='ltr'><strong>sua</strong></span> <span class='ocrx_word' id='word_1_507' title='bbox 2173 1848 2363 1904; x_wconf 90' lang='lat' dir='ltr'><strong>oculos</strong></span> <span class='ocrx_word' id='word_1_508' title='bbox 2397 1851 2719 1919; x_wconf 89' lang='lat' dir='ltr'><strong>exquirere,</strong></span> <span class='ocrx_word' id='word_1_509' title='bbox 2755 1848 3102 1917; x_wconf 86' lang='lat' dir='ltr'><strong>quantumvis</strong></span> <span class='ocrx_word' id='word_1_510' title='bbox 3147 1848 3323 1918; x_wconf 86' lang='lat' dir='ltr'><strong>magni</strong></span> <span class='ocrx_word' id='word_1_511' title='bbox 3363 1849 3476 1902; x_wconf 82' lang='lat' dir='ltr'><strong>sint</strong></span> 
     </span>
    </p>
   </div>
   <div class='ocr_carea' id='block_1_67' title="bbox 1856 1939 3472 2010">
    <p class='ocr_par' dir='ltr' id='par_1_67' title="bbox 1856 1939 3472 2010">
     <span class='ocr_line' id='line_1_67' title="bbox 1856 1939 3472 2010; baseline -0.001 -15"><span class='ocrx_word' id='word_1_512' title='bbox 1856 1942 1945 1995; x_wconf 89' lang='lat' dir='ltr'><strong>alii</strong></span> <span class='ocrx_word' id='word_1_513' title='bbox 1967 1950 2320 2010; x_wconf 86' lang='lat' dir='ltr'><strong>spectatores,</strong></span> <span class='ocrx_word' id='word_1_514' title='bbox 2353 1941 2450 1996; x_wconf 88' lang='lat' dir='ltr'><strong>sed</strong></span> <span class='ocrx_word' id='word_1_515' title='bbox 2483 1955 2647 1994; x_wconf 90' lang='lat' dir='ltr'><strong>unum</strong></span> <span class='ocrx_word' id='word_1_516' title='bbox 2677 1954 2901 2009; x_wconf 88' lang='lat' dir='ltr'><strong>scopum</strong></span> <span class='ocrx_word' id='word_1_517' title='bbox 2934 1939 3138 1993; x_wconf 90' lang='lat' dir='ltr'><strong>habere</strong></span> <span class='ocrx_word' id='word_1_518' title='bbox 3166 1947 3224 1992; x_wconf 91' lang='lat' dir='ltr'><strong>ut</strong></span> <span class='ocrx_word' id='word_1_519' title='bbox 3243 1939 3312 1992; x_wconf 93' lang='lat' dir='ltr'><strong>ab</strong></span> <span class='ocrx_word' id='word_1_520' title='bbox 3340 1939 3472 1994; x_wconf 87' lang='lat' dir='ltr'><strong>hero</strong></span> 
     </span>
    </p>
   </div>
   <div class='ocr_carea' id='block_1_68' title="bbox 1856 2031 3470 2100">
    <p class='ocr_par' dir='ltr' id='par_1_68' title="bbox 1856 2031 3470 2100">
     <span class='ocr_line' id='line_1_68' title="bbox 1856 2031 3470 2100; baseline -0.001 -12"><span class='ocrx_word' id='word_1_521' title='bbox 1856 2049 1957 2089; x_wconf 78' lang='lat' dir='ltr'><strong>suo</strong></span> <span class='ocrx_word' id='word_1_522' title='bbox 1986 2033 2269 2100; x_wconf 85' lang='lat' dir='ltr'><strong>videatur;</strong></span> <span class='ocrx_word' id='word_1_523' title='bbox 2319 2034 2420 2090; x_wconf 79' lang='lat' dir='ltr'><strong>nos</strong></span> <span class='ocrx_word' id='word_1_524' title='bbox 2459 2041 2640 2088; x_wconf 87' lang='lat' dir='ltr'><strong>autem</strong></span> <span class='ocrx_word' id='word_1_525' title='bbox 2669 2032 2830 2088; x_wconf 89' lang='lat' dir='ltr'><strong>talem</strong></span> <span class='ocrx_word' id='word_1_526' title='bbox 2865 2031 3126 2086; x_wconf 87' lang='lat' dir='ltr'><strong>habentes</strong></span> <span class='ocrx_word' id='word_1_527' title='bbox 3161 2032 3470 2096; x_wconf 88' lang='lat' dir='ltr'><strong>Dominum,</strong></span> 
     </span>
    </p>
   </div>
   <div class='ocr_carea' id='block_1_69' title="bbox 1855 2123 3471 2196">
    <p class='ocr_par' dir='ltr' id='par_1_69' title="bbox 1855 2123 3471 2196">
     <span class='ocr_line' id='line_1_69' title="bbox 1855 2123 3471 2196; baseline 0 -16"><span class='ocrx_word' id='word_1_528' title='bbox 1855 2126 1991 2181; x_wconf 88' lang='lat' dir='ltr'><strong>alios</strong></span> <span class='ocrx_word' id='word_1_529' title='bbox 2012 2141 2260 2196; x_wconf 77' lang='lat' dir='ltr'><strong>qmrrere</strong></span> <span class='ocrx_word' id='word_1_530' title='bbox 2306 2134 2663 2195; x_wconf 88' lang='lat' dir='ltr'><strong>spectatores,</strong></span> <span class='ocrx_word' id='word_1_531' title='bbox 2702 2123 2803 2194; x_wconf 88' lang='lat' dir='ltr'><strong>qui</strong></span> <span class='ocrx_word' id='word_1_532' title='bbox 2841 2138 2941 2179; x_wconf 92' lang='lat' dir='ltr'><strong>uos</strong></span> <span class='ocrx_word' id='word_1_533' title='bbox 2982 2123 3111 2178; x_wconf 86' lang='lat' dir='ltr'><strong>nihil</strong></span> <span class='ocrx_word' id='word_1_534' title='bbox 3136 2123 3346 2193; x_wconf 88' lang='lat' dir='ltr'><strong>juvare,</strong></span> <span class='ocrx_word' id='word_1_535' title='bbox 3373 2125 3471 2180; x_wconf 84' lang='lat' dir='ltr'><strong>sed</strong></span> 
     </span>
    </p>
   </div>
   <div class='ocr_carea' id='block_1_70' title="bbox 1853 2214 3469 2289">
    <p class='ocr_par' dir='ltr' id='par_1_70' title="bbox 1853 2214 3469 2289">
     <span class='ocr_line' id='line_1_70' title="bbox 1853 2214 3469 2289; baseline -0.002 -16"><span class='ocrx_word' id='word_1_536' title='bbox 1853 2217 2166 2289; x_wconf 76' lang='lat' dir='ltr'><strong>aspicienda</strong></span> <span class='ocrx_word' id='word_1_537' title='bbox 2187 2232 2384 2274; x_wconf 88' lang='lat' dir='ltr'><strong>nocere</strong></span> <span class='ocrx_word' id='word_1_538' title='bbox 2400 2225 2648 2289; x_wconf 90' lang='lat' dir='ltr'><strong>possunt,</strong></span> <span class='ocrx_word' id='word_1_539' title='bbox 2663 2223 2943 2284; x_wconf 89' lang='lat' dir='ltr'><strong>totumque</strong></span> <span class='ocrx_word' id='word_1_540' title='bbox 2965 2214 3204 2270; x_wconf 82' lang='lat' dir='ltr'><strong>laborem</strong></span> <span class='ocrx_word' id='word_1_541' title='bbox 3223 2228 3469 2270; x_wconf 87' lang='lat' dir='ltr'><strong>nostrmu</strong></span> 
     </span>
    </p>
   </div>
   <div class='ocr_carea' id='block_1_71' title="bbox 1855 2306 3468 2378">
    <p class='ocr_par' dir='ltr' id='par_1_71' title="bbox 1855 2306 3468 2378">
     <span class='ocr_line' id='line_1_71' title="bbox 1855 2306 3468 2378; baseline -0.002 -12"><span class='ocrx_word' id='word_1_542' title='bbox 1855 2311 2028 2368; x_wconf 69' lang='lat' dir='ltr'><strong>fructu</strong></span> <span class='ocrx_word' id='word_1_543' title='bbox 2056 2325 2281 2366; x_wconf 86' lang='lat' dir='ltr'><strong>vacuum</strong></span> <span class='ocrx_word' id='word_1_544' title='bbox 2317 2308 2593 2366; x_wconf 83' lang='lat' dir='ltr'><strong>reddere?</strong></span> <span class='ocrx_word' id='word_1_545' title='bbox 2622 2307 2720 2371; x_wconf 82' lang='lat' dir='ltr'><strong>Ne,</strong></span> <span class='ocrx_word' id='word_1_546' title='bbox 2748 2322 2954 2378; x_wconf 63' lang='lat' dir='ltr'><strong>qua‘so,</strong></span> <span class='ocrx_word' id='word_1_547' title='bbox 2989 2306 3040 2361; x_wconf 90' lang='lat' dir='ltr'><strong>id</strong></span> <span class='ocrx_word' id='word_1_548' title='bbox 3070 2322 3293 2377; x_wconf 84' lang='lat' dir='ltr'><strong>agamus</strong></span> <span class='ocrx_word' id='word_1_549' title='bbox 3326 2325 3341 2362; x_wconf 91' lang='lat'><strong>:</strong></span> <span class='ocrx_word' id='word_1_550' title='bbox 3373 2308 3468 2362; x_wconf 84' lang='lat' dir='ltr'><strong>sed</strong></span> 
     </span>
    </p>
   </div>
   <div class='ocr_carea' id='block_1_72' title="bbox 1851 2403 3467 2478">
    <p class='ocr_par' dir='ltr' id='par_1_72' title="bbox 1851 2403 3467 2478">
     <span class='ocr_line' id='line_1_72' title="bbox 1851 2403 3467 2478; baseline -0.002 -17"><span class='ocrx_word' id='word_1_551' title='bbox 1851 2421 1882 2462; x_wconf 89' lang='lat' dir='ltr'><strong>a</strong></span> <span class='ocrx_word' id='word_1_552' title='bbox 1929 2420 2036 2478; x_wconf 87' lang='lat' dir='ltr'><strong>quo</strong></span> <span class='ocrx_word' id='word_1_553' title='bbox 2080 2404 2392 2460; x_wconf 87' lang='lat' dir='ltr'><strong>mercedem</strong></span> <span class='ocrx_word' id='word_1_554' title='bbox 2436 2403 2709 2474; x_wconf 86' lang='lat' dir='ltr'><strong>accepturi</strong></span> <span class='ocrx_word' id='word_1_555' title='bbox 2753 2415 2976 2466; x_wconf 88' lang='lat' dir='ltr'><strong>sumus,</strong></span> <span class='ocrx_word' id='word_1_556' title='bbox 3024 2417 3150 2456; x_wconf 90' lang='lat' dir='ltr'><strong>eum</strong></span> <span class='ocrx_word' id='word_1_557' title='bbox 3191 2411 3467 2472; x_wconf 81' lang='lat' dir='ltr'><strong>gestorum</strong></span> 
     </span>
    </p>
   </div>
   <div class='ocr_carea' id='block_1_73' title="bbox 1853 2494 3469 2564">
    <p class='ocr_par' dir='ltr' id='par_1_73' title="bbox 1853 2494 3469 2564">
     <span class='ocr_line' id='line_1_73' title="bbox 1853 2494 3469 2564; baseline -0.003 -9"><span class='ocrx_word' id='word_1_558' title='bbox 1853 2499 2188 2555; x_wconf 85' lang='lat' dir='ltr'><strong>laudatorem</strong></span> <span class='ocrx_word' id='word_1_559' title='bbox 2232 2497 2562 2553; x_wconf 86' lang='lat' dir='ltr'><strong>advocemus</strong></span> <span class='ocrx_word' id='word_1_560' title='bbox 2606 2505 2662 2550; x_wconf 89' lang='lat' dir='ltr'><strong>et</strong></span> <span class='ocrx_word' id='word_1_561' title='bbox 2705 2503 3090 2564; x_wconf 72' lang='lat' dir='ltr'><strong>Spectatorem.</strong></span> <span class='ocrx_word' id='word_1_562' title='bbox 3139 2494 3278 2550; x_wconf 85' lang='lat' dir='ltr'><strong>Nihil</strong></span> <span class='ocrx_word' id='word_1_563' title='bbox 3310 2496 3469 2551; x_wconf 92' lang='lat' dir='ltr'><strong>nobis</strong></span> 
     </span>
    </p>
   </div>
   <div class='ocr_carea' id='block_1_74' title="bbox 1851 2586 3467 2659">
    <p class='ocr_par' dir='ltr' id='par_1_74' title="bbox 1851 2586 3467 2659">
     <span class='ocr_line' id='line_1_74' title="bbox 1851 2586 3467 2659; baseline -0.001 -15"><span class='ocrx_word' id='word_1_564' title='bbox 1851 2605 2139 2646; x_wconf 90' lang='lat' dir='ltr'><strong>commune</strong></span> <span class='ocrx_word' id='word_1_565' title='bbox 2165 2605 2290 2647; x_wconf 90' lang='lat' dir='ltr'><strong>cum</strong></span> <span class='ocrx_word' id='word_1_566' title='bbox 2323 2589 2574 2644; x_wconf 88' lang='lat' dir='ltr'><strong>humanis</strong></span> <span class='ocrx_word' id='word_1_567' title='bbox 2599 2588 2772 2644; x_wconf 92' lang='lat' dir='ltr'><strong>oculis</strong></span> <span class='ocrx_word' id='word_1_568' title='bbox 2797 2588 2886 2641; x_wconf 82' lang='lat' dir='ltr'><strong>sit.</strong></span> <span class='ocrx_word' id='word_1_569' title='bbox 2913 2587 2969 2642; x_wconf 90' lang='lat' dir='ltr'><strong>Si</strong></span> <span class='ocrx_word' id='word_1_570' title='bbox 2997 2588 3142 2641; x_wconf 91' lang='lat' dir='ltr'><strong>enim</strong></span> <span class='ocrx_word' id='word_1_571' title='bbox 3179 2586 3317 2642; x_wconf 89' lang='lat' dir='ltr'><strong>hanc</strong></span> <span class='ocrx_word' id='word_1_572' title='bbox 3344 2589 3467 2659; x_wconf 85' lang='lat' dir='ltr'><strong>glo-</strong></span> 
     </span>
    </p>
   </div>
   <div class='ocr_carea' id='block_1_75' title="bbox 1852 2679 3460 2753">
    <p class='ocr_par' dir='ltr' id='par_1_75' title="bbox 1852 2679 3460 2753">
     <span class='ocr_line' id='line_1_75' title="bbox 1852 2679 3460 2753; baseline 0.001 -17"><span class='ocrx_word' id='word_1_573' title='bbox 1852 2684 1984 2736; x_wconf 90' lang='lat' dir='ltr'><strong>riam</strong></span> <span class='ocrx_word' id='word_1_574' title='bbox 2011 2682 2226 2753; x_wconf 88' lang='lat' dir='ltr'><strong>assequi</strong></span> <span class='ocrx_word' id='word_1_575' title='bbox 2256 2681 2603 2747; x_wconf 89' lang='lat' dir='ltr'><strong>voluerimus,</strong></span> <span class='ocrx_word' id='word_1_576' title='bbox 2635 2695 2754 2736; x_wconf 87' lang='lat' dir='ltr'><strong>eam</strong></span> <span class='ocrx_word' id='word_1_577' title='bbox 2778 2679 3022 2750; x_wconf 81' lang='lat' dir='ltr'><strong>profecto</strong></span> <span class='ocrx_word' id='word_1_578' title='bbox 3039 2693 3460 2751; x_wconf 87' lang='lat' dir='ltr'><strong>consequemur.</strong></span> 
     </span>
    </p>
   </div>
   <div class='ocr_carea' id='block_1_76' title="bbox 1849 2771 3463 2846">
    <p class='ocr_par' dir='ltr' id='par_1_76' title="bbox 1849 2771 3463 2846">
     <span class='ocr_line' id='line_1_76' title="bbox 1849 2771 3463 2846; baseline -0.002 -15"><span class='ocrx_word' id='word_1_579' title='bbox 1849 2794 1970 2831; x_wconf 88' lang='lat' dir='ltr'><strong>cum</strong></span> <span class='ocrx_word' id='word_1_580' title='bbox 2002 2778 2172 2832; x_wconf 91' lang='lat' dir='ltr'><strong>solam</strong></span> <span class='ocrx_word' id='word_1_581' title='bbox 2203 2777 2296 2830; x_wconf 90' lang='lat' dir='ltr'><strong>Dei</strong></span> <span class='ocrx_word' id='word_1_582' title='bbox 2328 2788 2639 2846; x_wconf 72' lang='lat' dir='ltr'><strong>qureremus</strong></span> <span class='ocrx_word' id='word_1_583' title='bbox 2664 2775 2914 2844; x_wconf 86' lang='lat' dir='ltr'><strong>gloriam.</strong></span> <span class='ocrx_word' id='word_1_584' title='bbox 2937 2771 3078 2828; x_wconf 84' lang='lat' dir='ltr'><strong>Nam</strong></span> <span class='ocrx_word' id='word_1_585' title='bbox 3109 2773 3463 2845; x_wconf 76' lang='lat' dir='ltr'><strong>gloriﬁcantes</strong></span> 
     </span>
    </p>
   </div>
   <div class='ocr_carea' id='block_1_77' title="bbox 1847 2865 3463 2939">
    <p class='ocr_par' dir='ltr' id='par_1_77' title="bbox 1847 2865 3463 2939">
     <span class='ocr_line' id='line_1_77' title="bbox 1847 2865 3463 2939; baseline -0.002 -17"><span class='ocrx_word' id='word_1_586' title='bbox 1847 2885 1928 2922; x_wconf 84' lang='lat' dir='ltr'><strong>me</strong></span> <span class='ocrx_word' id='word_1_587' title='bbox 1951 2869 2248 2939; x_wconf 81' lang='lat' dir='ltr'><strong>gloriﬁcabo</strong></span> <span class='ocrx_word' id='word_1_588' title='bbox 2278 2868 2327 2937; x_wconf 88' lang='lat' dir='ltr'><strong>(l</strong></span> <span class='ocrx_word' id='word_1_589' title='bbox 2391 2867 2527 2938; x_wconf 69' lang='lat' dir='ltr'><strong>Reg.</strong></span> <span class='ocrx_word' id='word_1_590' title='bbox 2550 2865 2607 2921; x_wconf 77' lang='grc'><strong>2.</strong></span> <span class='ocrx_word' id='word_1_591' title='bbox 2640 2868 2754 2936; x_wconf 73' lang='lat'><strong>50),</strong></span> <span class='ocrx_word' id='word_1_592' title='bbox 2783 2867 2972 2936; x_wconf 87' lang='lat' dir='ltr'><strong>inquit.</strong></span> <span class='ocrx_word' id='word_1_593' title='bbox 3005 2865 3084 2921; x_wconf 82' lang='lat' dir='ltr'><strong>Ac</strong></span> <span class='ocrx_word' id='word_1_594' title='bbox 3112 2866 3463 2936; x_wconf 82' lang='lat' dir='ltr'><strong>quemadmo-</strong></span> 
     </span>
    </p>
   </div>
   <div class='ocr_carea' id='block_1_78' title="bbox 1847 2960 3464 3029">
    <p class='ocr_par' dir='ltr' id='par_1_78' title="bbox 1847 2960 3464 3029">
     <span class='ocr_line' id='line_1_78' title="bbox 1847 2960 3464 3029; baseline 0.001 -15"><span class='ocrx_word' id='word_1_595' title='bbox 1847 2961 1974 3017; x_wconf 89' lang='lat' dir='ltr'><strong>dum</strong></span> <span class='ocrx_word' id='word_1_596' title='bbox 2003 2970 2130 3015; x_wconf 91' lang='lat' dir='ltr'><strong>tunc</strong></span> <span class='ocrx_word' id='word_1_597' title='bbox 2175 2962 2410 3017; x_wconf 85' lang='lat' dir='ltr'><strong>maxime</strong></span> <span class='ocrx_word' id='word_1_598' title='bbox 2449 2962 2652 3016; x_wconf 87' lang='lat' dir='ltr'><strong>divitiis</strong></span> <span class='ocrx_word' id='word_1_599' title='bbox 2676 2961 2970 3027; x_wconf 83' lang='lat' dir='ltr'><strong>aflluimus,</strong></span> <span class='ocrx_word' id='word_1_600' title='bbox 3001 2975 3126 3016; x_wconf 90' lang='lat' dir='ltr'><strong>cum</strong></span> <span class='ocrx_word' id='word_1_601' title='bbox 3166 2960 3284 3014; x_wconf 88' lang='lat' dir='ltr'><strong>illas</strong></span> <span class='ocrx_word' id='word_1_602' title='bbox 3310 2975 3464 3029; x_wconf 85' lang='lat' dir='ltr'><strong>sper-</strong></span> 
     </span>
    </p>
   </div>
   <div class='ocr_carea' id='block_1_79' title="bbox 1850 3049 3458 3122">
    <p class='ocr_par' dir='ltr' id='par_1_79' title="bbox 1850 3049 3458 3122">
     <span class='ocr_line' id='line_1_79' title="bbox 1850 3049 3458 3122; baseline 0 -16"><span class='ocrx_word' id='word_1_603' title='bbox 1850 3053 2047 3114; x_wconf 91' lang='lat' dir='ltr'><strong>nimus,</strong></span> <span class='ocrx_word' id='word_1_604' title='bbox 2079 3061 2135 3106; x_wconf 89' lang='lat' dir='ltr'><strong>et</strong></span> <span class='ocrx_word' id='word_1_605' title='bbox 2160 3066 2190 3104; x_wconf 91' lang='lat' dir='ltr'><strong>a</strong></span> <span class='ocrx_word' id='word_1_606' title='bbox 2231 3052 2343 3108; x_wconf 89' lang='lat' dir='ltr'><strong>Deo</strong></span> <span class='ocrx_word' id='word_1_607' title='bbox 2374 3061 2581 3106; x_wconf 87' lang='lat' dir='ltr'><strong>tantum</strong></span> <span class='ocrx_word' id='word_1_608' title='bbox 2608 3051 2827 3106; x_wconf 87' lang='lat' dir='ltr'><strong>divitias</strong></span> <span class='ocrx_word' id='word_1_609' title='bbox 2853 3051 3153 3122; x_wconf 66' lang='lat' dir='ltr'><strong>quaerimus</strong></span> <span class='ocrx_word' id='word_1_610' title='bbox 3184 3049 3336 3122; x_wconf 90' lang='lat' dir='ltr'><strong>(nam</strong></span> <span class='ocrx_word' id='word_1_611' title='bbox 3360 3052 3458 3117; x_wconf 91' lang='lat' dir='ltr'><strong>ait,</strong></span> 
     </span>
    </p>
   </div>
   <div class='ocr_carea' id='block_1_80' title="bbox 1849 3146 3461 3218">
    <p class='ocr_par' dir='ltr' id='par_1_80' title="bbox 1849 3146 3461 3218">
     <span class='ocr_line' id='line_1_80' title="bbox 1849 3146 3461 3218; baseline 0.001 -20"><span class='ocrx_word' id='word_1_612' title='bbox 1849 3147 2073 3213; x_wconf 74' lang='lat' dir='ltr'><strong>Qua&#39;rite</strong></span> <span class='ocrx_word' id='word_1_613' title='bbox 2091 3163 2302 3218; x_wconf 74' lang='lat' dir='ltr'><strong>regnum</strong></span> <span class='ocrx_word' id='word_1_614' title='bbox 2347 3147 2460 3208; x_wconf 82' lang='lat' dir='ltr'><strong>Dei,</strong></span> <span class='ocrx_word' id='word_1_615' title='bbox 2489 3157 2536 3200; x_wconf 83' lang='lat' dir='ltr'><strong>et</strong></span> <span class='ocrx_word' id='word_1_616' title='bbox 2581 3147 2690 3202; x_wconf 78' lang='lat' dir='ltr'><strong>lucc</strong></span> <span class='ocrx_word' id='word_1_617' title='bbox 2732 3147 2908 3201; x_wconf 83' lang='lat' dir='ltr'><strong>omnia</strong></span> <span class='ocrx_word' id='word_1_618' title='bbox 2960 3146 3273 3214; x_wconf 74' lang='lat' dir='ltr'><strong>adficientur</strong></span> <span class='ocrx_word' id='word_1_619' title='bbox 3318 3146 3461 3200; x_wconf 80' lang='lat' dir='ltr'><strong>vobis</strong></span> 
     </span>
    </p>
   </div>
   <div class='ocr_carea' id='block_1_81' title="bbox 1845 3237 3462 3311">
    <p class='ocr_par' dir='ltr' id='par_1_81' title="bbox 1845 3237 3462 3311">
     <span class='ocr_line' id='line_1_81' title="bbox 1845 3237 3462 3311; baseline 0.002 -23"><span class='ocrx_word' id='word_1_620' title='bbox 1845 3237 2058 3311; x_wconf 65' lang='lat' dir='ltr'><strong>[.llattli.</strong></span> <span class='ocrx_word' id='word_1_621' title='bbox 2093 3240 2144 3294; x_wconf 87' lang='lat'><strong>6.</strong></span> <span class='ocrx_word' id='word_1_622' title='bbox 2177 3237 2331 3311; x_wconf 75' lang='lat'><strong>33]);</strong></span> <span class='ocrx_word' id='word_1_623' title='bbox 2366 3239 2444 3292; x_wconf 84' lang='lat' dir='ltr'><strong>Sic</strong></span> <span class='ocrx_word' id='word_1_624' title='bbox 2471 3250 2525 3293; x_wconf 90' lang='lat' dir='ltr'><strong>et</strong></span> <span class='ocrx_word' id='word_1_625' title='bbox 2560 3239 2628 3293; x_wconf 89' lang='lat' dir='ltr'><strong>de</strong></span> <span class='ocrx_word' id='word_1_626' title='bbox 2657 3239 2825 3309; x_wconf 88' lang='lat' dir='ltr'><strong>gloria</strong></span> <span class='ocrx_word' id='word_1_627' title='bbox 2856 3237 3171 3293; x_wconf 89' lang='lat' dir='ltr'><strong>dicendum.</strong></span> <span class='ocrx_word' id='word_1_628' title='bbox 3195 3237 3329 3294; x_wconf 89' lang='lat' dir='ltr'><strong>Cum</strong></span> <span class='ocrx_word' id='word_1_629' title='bbox 3355 3237 3462 3292; x_wconf 90' lang='lat' dir='ltr'><strong>lar-</strong></span> 
     </span>
    </p>
   </div>
   <div class='ocr_carea' id='block_1_82' title="bbox 1843 3316 3461 3401">
    <p class='ocr_par' dir='ltr' id='par_1_82' title="bbox 1843 3316 3461 3401">
     <span class='ocr_line' id='line_1_82' title="bbox 1843 3316 3461 3401; baseline 0.002 -18"><span class='ocrx_word' id='word_1_630' title='bbox 1843 3331 1972 3400; x_wconf 86' lang='lat' dir='ltr'><strong>gitio</strong></span> <span class='ocrx_word' id='word_1_631' title='bbox 2003 3331 2114 3384; x_wconf 88' lang='lat' dir='ltr'><strong>sive</strong></span> <span class='ocrx_word' id='word_1_632' title='bbox 2135 3332 2503 3401; x_wconf 86' lang='lat' dir='ltr'><strong>pecuniarum,</strong></span> <span class='ocrx_word' id='word_1_633' title='bbox 2522 3331 2636 3384; x_wconf 89' lang='lat' dir='ltr'><strong>sive</strong></span> <span class='ocrx_word' id='word_1_634' title='bbox 2662 3330 2849 3401; x_wconf 70' lang='lat' dir='ltr'><strong>gloria:</strong></span> <span class='ocrx_word' id='word_1_635' title='bbox 2866 3331 3108 3400; x_wconf 88' lang='lat' dir='ltr'><strong>periculo</strong></span> <span class='ocrx_word' id='word_1_636' title='bbox 3130 3340 3303 3395; x_wconf 88' lang='lat' dir='ltr'><strong>vacat,</strong></span> <span class='ocrx_word' id='word_1_637' title='bbox 3333 3316 3461 3386; x_wconf 86' lang='lat' dir='ltr'><strong>tunc</strong></span> 
     </span>
    </p>
   </div>
   <div class='ocr_carea' id='block_1_83' title="bbox 1845 3421 3461 3490">
    <p class='ocr_par' dir='ltr' id='par_1_83' title="bbox 1845 3421 3461 3490">
     <span class='ocr_line' id='line_1_83' title="bbox 1845 3421 3461 3490; baseline 0.002 -16"><span class='ocrx_word' id='word_1_638' title='bbox 1845 3421 1989 3475; x_wconf 84' lang='lat' dir='ltr'><strong>illam</strong></span> <span class='ocrx_word' id='word_1_639' title='bbox 2035 3421 2178 3475; x_wconf 89' lang='lat' dir='ltr'><strong>Deus</strong></span> <span class='ocrx_word' id='word_1_640' title='bbox 2225 3421 2563 3476; x_wconf 89' lang='lat' dir='ltr'><strong>abundanter</strong></span> <span class='ocrx_word' id='word_1_641' title='bbox 2607 3421 2866 3490; x_wconf 83' lang='lat' dir='ltr'><strong>impertit.</strong></span> <span class='ocrx_word' id='word_1_642' title='bbox 2912 3422 3072 3476; x_wconf 86' lang='lat' dir='ltr'><strong>Tunc</strong></span> <span class='ocrx_word' id='word_1_643' title='bbox 3118 3431 3299 3476; x_wconf 88' lang='lat' dir='ltr'><strong>autem</strong></span> <span class='ocrx_word' id='word_1_644' title='bbox 3345 3423 3461 3477; x_wconf 70' lang='lat' dir='ltr'><strong>hare</strong></span> 
     </span>
    </p>
   </div>
   <div class='ocr_carea' id='block_1_84' title="bbox 1843 3513 3458 3584">
    <p class='ocr_par' dir='ltr' id='par_1_84' title="bbox 1843 3513 3458 3584">
     <span class='ocr_line' id='line_1_84' title="bbox 1843 3513 3458 3584; baseline 0.001 -18"><span class='ocrx_word' id='word_1_645' title='bbox 1843 3513 1961 3567; x_wconf 88' lang='lat' dir='ltr'><strong>sine</strong></span> <span class='ocrx_word' id='word_1_646' title='bbox 1986 3513 2228 3582; x_wconf 90' lang='lat' dir='ltr'><strong>periculo</strong></span> <span class='ocrx_word' id='word_1_647' title='bbox 2257 3522 2404 3579; x_wconf 90' lang='lat' dir='ltr'><strong>sunt,</strong></span> <span class='ocrx_word' id='word_1_648' title='bbox 2434 3529 2558 3569; x_wconf 91' lang='lat' dir='ltr'><strong>cum</strong></span> <span class='ocrx_word' id='word_1_649' title='bbox 2591 3513 2749 3572; x_wconf 86' lang='lat' dir='ltr'><strong>nobis</strong></span> <span class='ocrx_word' id='word_1_650' title='bbox 2780 3528 2888 3568; x_wconf 90' lang='lat' dir='ltr'><strong>non</strong></span> <span class='ocrx_word' id='word_1_651' title='bbox 2915 3514 3206 3584; x_wconf 87' lang='lat' dir='ltr'><strong>imperant,</strong></span> <span class='ocrx_word' id='word_1_652' title='bbox 3237 3530 3338 3571; x_wconf 88' lang='lat' dir='ltr'><strong>nec</strong></span> <span class='ocrx_word' id='word_1_653' title='bbox 3359 3516 3458 3567; x_wconf 82' lang='lat' dir='ltr'><strong>do-</strong></span> 
     </span>
    </p>
   </div>
   <div class='ocr_carea' id='block_1_85' title="bbox 1845 3604 3463 3675">
    <p class='ocr_par' dir='ltr' id='par_1_85' title="bbox 1845 3604 3463 3675">
     <span class='ocr_line' id='line_1_85' title="bbox 1845 3604 3463 3675; baseline 0.001 -17"><span class='ocrx_word' id='word_1_654' title='bbox 1845 3605 2151 3669; x_wconf 89' lang='lat' dir='ltr'><strong>minantur;</strong></span> <span class='ocrx_word' id='word_1_655' title='bbox 2177 3619 2278 3659; x_wconf 93' lang='lat' dir='ltr'><strong>nec</strong></span> <span class='ocrx_word' id='word_1_656' title='bbox 2308 3604 2464 3659; x_wconf 92' lang='lat' dir='ltr'><strong>nobis</strong></span> <span class='ocrx_word' id='word_1_657' title='bbox 2494 3616 2766 3675; x_wconf 88' lang='lat' dir='ltr'><strong>tamquam</strong></span> <span class='ocrx_word' id='word_1_658' title='bbox 2805 3608 2977 3660; x_wconf 86' lang='lat' dir='ltr'><strong>servis</strong></span> <span class='ocrx_word' id='word_1_659' title='bbox 3005 3615 3246 3674; x_wconf 90' lang='lat' dir='ltr'><strong>utuntur,</strong></span> <span class='ocrx_word' id='word_1_660' title='bbox 3277 3606 3372 3660; x_wconf 73' lang='lat' dir='ltr'><strong>sed</strong></span> <span class='ocrx_word' id='word_1_661' title='bbox 3402 3620 3463 3660; x_wconf 91' lang='lat' dir='ltr'><strong>ut</strong></span> 
     </span>
    </p>
   </div>
   <div class='ocr_carea' id='block_1_86' title="bbox 1846 3693 3459 3759">
    <p class='ocr_par' dir='ltr' id='par_1_86' title="bbox 1846 3693 3459 3759">
     <span class='ocr_line' id='line_1_86' title="bbox 1846 3693 3459 3759; baseline 0.002 -12"><span class='ocrx_word' id='word_1_662' title='bbox 1846 3693 1993 3750; x_wconf 86' lang='lat' dir='ltr'><strong>lteris</strong></span> <span class='ocrx_word' id='word_1_663' title='bbox 2016 3705 2073 3750; x_wconf 92' lang='lat' dir='ltr'><strong>et</strong></span> <span class='ocrx_word' id='word_1_664' title='bbox 2101 3694 2288 3749; x_wconf 89' lang='lat' dir='ltr'><strong>liberis</strong></span> <span class='ocrx_word' id='word_1_665' title='bbox 2308 3694 2526 3750; x_wconf 79' lang='lat' dir='ltr'><strong>adsunt.</strong></span> <span class='ocrx_word' id='word_1_666' title='bbox 2551 3694 2678 3750; x_wconf 87' lang='lat' dir='ltr'><strong>Ideo</strong></span> <span class='ocrx_word' id='word_1_667' title='bbox 2706 3710 2812 3749; x_wconf 91' lang='lat' dir='ltr'><strong>nou</strong></span> <span class='ocrx_word' id='word_1_668' title='bbox 2842 3695 2959 3750; x_wconf 92' lang='lat' dir='ltr'><strong>vult</strong></span> <span class='ocrx_word' id='word_1_669' title='bbox 2984 3710 3086 3750; x_wconf 90' lang='lat' dir='ltr'><strong>nos</strong></span> <span class='ocrx_word' id='word_1_670' title='bbox 3108 3695 3226 3750; x_wconf 90' lang='lat' dir='ltr'><strong>illas</strong></span> <span class='ocrx_word' id='word_1_671' title='bbox 3251 3712 3459 3759; x_wconf 89' lang='lat' dir='ltr'><strong>amare,</strong></span> 
     </span>
    </p>
   </div>
   <div class='ocr_carea' id='block_1_87' title="bbox 1842 3784 3458 3858">
    <p class='ocr_par' dir='ltr' id='par_1_87' title="bbox 1842 3784 3458 3858">
     <span class='ocr_line' id='line_1_87' title="bbox 1842 3784 3458 3858; baseline -0.001 -16"><span class='ocrx_word' id='word_1_672' title='bbox 1842 3801 1912 3843; x_wconf 90' lang='lat' dir='ltr'><strong>ne</strong></span> <span class='ocrx_word' id='word_1_673' title='bbox 1941 3786 2009 3842; x_wconf 89' lang='lat' dir='ltr'><strong>iis</strong></span> <span class='ocrx_word' id='word_1_674' title='bbox 2037 3784 2410 3858; x_wconf 89' lang='lat' dir='ltr'><strong>snbjiciamur.</strong></span> <span class='ocrx_word' id='word_1_675' title='bbox 2445 3785 2599 3856; x_wconf 88' lang='lat' dir='ltr'><strong>Quod</strong></span> <span class='ocrx_word' id='word_1_676' title='bbox 2639 3787 2684 3842; x_wconf 88' lang='lat' dir='ltr'><strong>si</strong></span> <span class='ocrx_word' id='word_1_677' title='bbox 2735 3799 3118 3858; x_wconf 83' lang='lat' dir='ltr'><strong>assequamur,</strong></span> <span class='ocrx_word' id='word_1_678' title='bbox 3153 3786 3273 3844; x_wconf 84' lang='lat' dir='ltr'><strong>illas</strong></span> <span class='ocrx_word' id='word_1_679' title='bbox 3303 3788 3458 3843; x_wconf 78' lang='lat' dir='ltr'><strong>nobis</strong></span> 
     </span>
    </p>
   </div>
   <div class='ocr_carea' id='block_1_88' title="bbox 1842 3881 3460 3954">
    <p class='ocr_par' dir='ltr' id='par_1_88' title="bbox 1842 3881 3460 3954">
     <span class='ocr_line' id='line_1_88' title="bbox 1842 3881 3460 3954; baseline -0.003 -15"><span class='ocrx_word' id='word_1_680' title='bbox 1842 3899 1966 3941; x_wconf 90' lang='lat' dir='ltr'><strong>cum</strong></span> <span class='ocrx_word' id='word_1_681' title='bbox 1992 3882 2318 3938; x_wconf 85' lang='lat' dir='ltr'><strong>abundantia</strong></span> <span class='ocrx_word' id='word_1_682' title='bbox 2342 3884 2508 3938; x_wconf 90' lang='lat' dir='ltr'><strong>multa</strong></span> <span class='ocrx_word' id='word_1_683' title='bbox 2540 3882 2782 3954; x_wconf 90' lang='lat' dir='ltr'><strong>largitur.</strong></span> <span class='ocrx_word' id='word_1_684' title='bbox 2817 3881 2955 3951; x_wconf 87' lang='lat' dir='ltr'><strong>Quid</strong></span> <span class='ocrx_word' id='word_1_685' title='bbox 2981 3883 3129 3937; x_wconf 88' lang='lat' dir='ltr'><strong>enim</strong></span> <span class='ocrx_word' id='word_1_686' title='bbox 3159 3881 3328 3936; x_wconf 83' lang='lat' dir='ltr'><strong>Paulo</strong></span> <span class='ocrx_word' id='word_1_687' title='bbox 3356 3883 3460 3936; x_wconf 88' lang='lat' dir='ltr'><strong>cla-</strong></span> 
     </span>
    </p>
   </div>
   <div class='ocr_carea' id='block_1_89' title="bbox 1843 3972 3456 4047">
    <p class='ocr_par' dir='ltr' id='par_1_89' title="bbox 1843 3972 3456 4047">
     <span class='ocr_line' id='line_1_89' title="bbox 1843 3972 3456 4047; baseline -0.004 -16"><span class='ocrx_word' id='word_1_688' title='bbox 1843 3977 1977 4040; x_wconf 88' lang='lat' dir='ltr'><strong>rius,</strong></span> <span class='ocrx_word' id='word_1_689' title='bbox 2006 3990 2212 4047; x_wconf 66' lang='lat' dir='ltr'><strong>qumso,</strong></span> <span class='ocrx_word' id='word_1_690' title='bbox 2244 3974 2336 4045; x_wconf 87' lang='lat' dir='ltr'><strong>qui</strong></span> <span class='ocrx_word' id='word_1_691' title='bbox 2361 3976 2434 4030; x_wconf 89' lang='lat' dir='ltr'><strong>ait</strong></span> <span class='ocrx_word' id='word_1_692' title='bbox 2459 3991 2474 4031; x_wconf 86' lang='lat'><strong>:</strong></span> <span class='ocrx_word' id='word_1_693' title='bbox 2499 3973 2622 4029; x_wconf 83' lang='lat' dir='ltr'><strong>Non</strong></span> <span class='ocrx_word' id='word_1_694' title='bbox 2651 3976 2925 4044; x_wconf 67' lang='lat' dir='ltr'><strong>qum-imus</strong></span> <span class='ocrx_word' id='word_1_695' title='bbox 2946 3972 3008 4026; x_wconf 80' lang='lat' dir='ltr'><strong>ab</strong></span> <span class='ocrx_word' id='word_1_696' title='bbox 3031 3972 3321 4026; x_wconf 81' lang='lat' dir='ltr'><strong>hominibus</strong></span> <span class='ocrx_word' id='word_1_697' title='bbox 3341 3975 3456 4042; x_wconf 81' lang='lat' dir='ltr'><strong>glo-</strong></span> 
     </span>
    </p>
   </div>
   <div class='ocr_carea' id='block_1_90' title="bbox 1845 4061 3457 4136">
    <p class='ocr_par' dir='ltr' id='par_1_90' title="bbox 1845 4061 3457 4136">
     <span class='ocr_line' id='line_1_90' title="bbox 1845 4061 3457 4136; baseline -0.004 -15"><span class='ocrx_word' id='word_1_698' title='bbox 1845 4069 1994 4133; x_wconf 82' lang='lat' dir='ltr'><strong>riam,</strong></span> <span class='ocrx_word' id='word_1_699' title='bbox 2041 4083 2203 4136; x_wconf 82' lang='lat' dir='ltr'><strong>neque</strong></span> <span class='ocrx_word' id='word_1_700' title='bbox 2239 4083 2271 4119; x_wconf 93' lang='lat' dir='ltr'><strong>a</strong></span> <span class='ocrx_word' id='word_1_701' title='bbox 2319 4065 2477 4128; x_wconf 78' lang='lat' dir='ltr'><strong>vobis,</strong></span> <span class='ocrx_word' id='word_1_702' title='bbox 2521 4081 2682 4136; x_wconf 85' lang='lat' dir='ltr'><strong>neque</strong></span> <span class='ocrx_word' id='word_1_703' title='bbox 2719 4066 2782 4119; x_wconf 87' lang='lat' dir='ltr'><strong>ab</strong></span> <span class='ocrx_word' id='word_1_704' title='bbox 2807 4064 2924 4119; x_wconf 85' lang='lat' dir='ltr'><strong>aliis</strong></span> <span class='ocrx_word' id='word_1_705' title='bbox 2956 4065 3035 4131; x_wconf 79' lang='grc'><strong>(1.</strong></span> <span class='ocrx_word' id='word_1_706' title='bbox 3066 4061 3249 4118; x_wconf 81' lang='lat' dir='ltr'><strong>Thess.</strong></span> <span class='ocrx_word' id='word_1_707' title='bbox 3281 4062 3340 4116; x_wconf 74' lang='lat'><strong>‘2.</strong></span> <span class='ocrx_word' id='word_1_708' title='bbox 3369 4065 3457 4128; x_wconf 79' lang='lat' dir='ltr'><strong>li)?</strong></span> 
     </span>
    </p>
   </div>
   <div class='ocr_carea' id='block_1_91' title="bbox 1839 4155 3424 4229">
    <p class='ocr_par' dir='ltr' id='par_1_91' title="bbox 1839 4155 3424 4229">
     <span class='ocr_line' id='line_1_91' title="bbox 1839 4155 3424 4229; baseline -0.008 -12"><span class='ocrx_word' id='word_1_709' title='bbox 1839 4159 1981 4229; x_wconf 85' lang='lat' dir='ltr'><strong>Quid</strong></span> <span class='ocrx_word' id='word_1_710' title='bbox 2001 4159 2320 4229; x_wconf 86' lang='lat' dir='ltr'><strong>locupletius</strong></span> <span class='ocrx_word' id='word_1_711' title='bbox 2351 4158 2444 4212; x_wconf 88' lang='lat' dir='ltr'><strong>illo</strong></span> <span class='ocrx_word' id='word_1_712' title='bbox 2473 4159 2562 4228; x_wconf 84' lang='lat' dir='ltr'><strong>qui</strong></span> <span class='ocrx_word' id='word_1_713' title='bbox 2595 4156 2727 4212; x_wconf 90' lang='lat' dir='ltr'><strong>nihil</strong></span> <span class='ocrx_word' id='word_1_714' title='bbox 2777 4155 2960 4219; x_wconf 73' lang='lat' dir='ltr'><strong>habet,</strong></span> <span class='ocrx_word' id='word_1_715' title='bbox 2988 4163 3044 4210; x_wconf 90' lang='lat' dir='ltr'><strong>et</strong></span> <span class='ocrx_word' id='word_1_716' title='bbox 3068 4157 3250 4210; x_wconf 87' lang='lat' dir='ltr'><strong>omnia</strong></span> <span class='ocrx_word' id='word_1_717' title='bbox 3282 4157 3424 4224; x_wconf 72' lang='grc' dir='ltr'><strong>ροςςὶ</strong></span> 
     </span>
    </p>
   </div>
   <div class='ocr_carea' id='block_1_92' title="bbox 1843 4247 3458 4317">
    <p class='ocr_par' dir='ltr' id='par_1_92' title="bbox 1843 4247 3458 4317">
     <span class='ocr_line' id='line_1_92' title="bbox 1843 4247 3458 4317; baseline -0.003 -13"><span class='ocrx_word' id='word_1_718' title='bbox 1843 4249 2134 4305; x_wconf 73' lang='lat' dir='ltr'><strong>detHJum</strong></span> <span class='ocrx_word' id='word_1_719' title='bbox 2165 4249 2336 4316; x_wconf 89' lang='lat' dir='ltr'><strong>enim,</strong></span> <span class='ocrx_word' id='word_1_720' title='bbox 2389 4258 2444 4302; x_wconf 89' lang='lat' dir='ltr'><strong>ut</strong></span> <span class='ocrx_word' id='word_1_721' title='bbox 2484 4249 2618 4314; x_wconf 84' lang='lat' dir='ltr'><strong>dixi,</strong></span> <span class='ocrx_word' id='word_1_722' title='bbox 2659 4263 2766 4302; x_wconf 91' lang='lat' dir='ltr'><strong>non</strong></span> <span class='ocrx_word' id='word_1_723' title='bbox 2809 4247 3162 4317; x_wconf 89' lang='lat' dir='ltr'><strong>subjicienmr</strong></span> <span class='ocrx_word' id='word_1_724' title='bbox 3185 4251 3288 4309; x_wconf 85' lang='lat' dir='ltr'><strong>eis,</strong></span> <span class='ocrx_word' id='word_1_725' title='bbox 3333 4257 3458 4299; x_wconf 89' lang='lat' dir='ltr'><strong>tunc</strong></span> 
     </span>
    </p>
   </div>
   <div class='ocr_carea' id='block_1_93' title="bbox 1844 4339 3457 4410">
    <p class='ocr_par' dir='ltr' id='par_1_93' title="bbox 1844 4339 3457 4410">
     <span class='ocr_line' id='line_1_93' title="bbox 1844 4339 3457 4410; baseline -0.006 -12"><span class='ocrx_word' id='word_1_726' title='bbox 1844 4345 1962 4399; x_wconf 87' lang='lat' dir='ltr'><strong>illas</strong></span> <span class='ocrx_word' id='word_1_727' title='bbox 1988 4342 2316 4407; x_wconf 79' lang='lat' dir='ltr'><strong>tenebimus,</strong></span> <span class='ocrx_word' id='word_1_728' title='bbox 2363 4352 2489 4396; x_wconf 91' lang='lat' dir='ltr'><strong>tunc</strong></span> <span class='ocrx_word' id='word_1_729' title='bbox 2527 4342 2879 4410; x_wconf 87' lang='lat' dir='ltr'><strong>accipiemus.</strong></span> <span class='ocrx_word' id='word_1_730' title='bbox 2931 4340 2986 4394; x_wconf 86' lang='lat' dir='ltr'><strong>Si</strong></span> <span class='ocrx_word' id='word_1_731' title='bbox 3021 4339 3201 4408; x_wconf 84' lang='lat' dir='ltr'><strong>itaque</strong></span> <span class='ocrx_word' id='word_1_732' title='bbox 3231 4339 3457 4408; x_wconf 77' lang='lat' dir='ltr'><strong>gloriam</strong></span> 
     </span>
    </p>
   </div>
   <div class='ocr_carea' id='block_1_94' title="bbox 1843 4432 3460 4506">
    <p class='ocr_par' dir='ltr' id='par_1_94' title="bbox 1843 4432 3460 4506">
     <span class='ocr_line' id='line_1_94' title="bbox 1843 4432 3460 4506; baseline -0.007 -16"><span class='ocrx_word' id='word_1_733' title='bbox 1843 4437 2054 4506; x_wconf 84' lang='lat' dir='ltr'><strong>assequi</strong></span> <span class='ocrx_word' id='word_1_734' title='bbox 2081 4437 2384 4506; x_wconf 88' lang='lat' dir='ltr'><strong>cupiamus,</strong></span> <span class='ocrx_word' id='word_1_735' title='bbox 2414 4435 2643 4506; x_wconf 89' lang='lat' dir='ltr'><strong>gloriam</strong></span> <span class='ocrx_word' id='word_1_736' title='bbox 2687 4432 2986 4504; x_wconf 82' lang='lat' dir='ltr'><strong>fugiamus;</strong></span> <span class='ocrx_word' id='word_1_737' title='bbox 3019 4432 3098 4486; x_wconf 92' lang='lat' dir='ltr'><strong>sic</strong></span> <span class='ocrx_word' id='word_1_738' title='bbox 3131 4433 3273 4486; x_wconf 89' lang='lat' dir='ltr'><strong>enim</strong></span> <span class='ocrx_word' id='word_1_739' title='bbox 3305 4444 3460 4500; x_wconf 73' lang='lat' dir='ltr'><strong>potu.</strong></span> 
     </span>
    </p>
   </div>
   <div class='ocr_carea' id='block_1_95' title="bbox 1843 4523 3458 4597">
    <p class='ocr_par' dir='ltr' id='par_1_95' title="bbox 1843 4523 3458 4597">
     <span class='ocr_line' id='line_1_95' title="bbox 1843 4523 3458 4597; baseline -0.007 -11"><span class='ocrx_word' id='word_1_740' title='bbox 1843 4530 2032 4593; x_wconf 89' lang='lat' dir='ltr'><strong>rimus,</strong></span> <span class='ocrx_word' id='word_1_741' title='bbox 2067 4529 2295 4585; x_wconf 83' lang='lat' dir='ltr'><strong>servatis</strong></span> <span class='ocrx_word' id='word_1_742' title='bbox 2339 4528 2434 4583; x_wconf 90' lang='lat' dir='ltr'><strong>Dei</strong></span> <span class='ocrx_word' id='word_1_743' title='bbox 2467 4527 2772 4597; x_wconf 76' lang='lat' dir='ltr'><strong>przrceptis,</strong></span> <span class='ocrx_word' id='word_1_744' title='bbox 2798 4535 2852 4578; x_wconf 91' lang='lat' dir='ltr'><strong>et</strong></span> <span class='ocrx_word' id='word_1_745' title='bbox 2881 4523 3168 4594; x_wconf 61' lang='lat' dir='ltr'><strong>praesentia</strong></span> <span class='ocrx_word' id='word_1_746' title='bbox 3197 4533 3252 4578; x_wconf 89' lang='lat' dir='ltr'><strong>et</strong></span> <span class='ocrx_word' id='word_1_747' title='bbox 3283 4523 3458 4576; x_wconf 78' lang='lat' dir='ltr'><strong>futura</strong></span> 
     </span>
    </p>
   </div>
   <div class='ocr_carea' id='block_1_96' title="bbox 1841 4617 3458 4694">
    <p class='ocr_par' dir='ltr' id='par_1_96' title="bbox 1841 4617 3458 4694">
     <span class='ocr_line' id='line_1_96' title="bbox 1841 4617 3458 4694; baseline -0.006 -14"><span class='ocrx_word' id='word_1_748' title='bbox 1841 4624 2098 4694; x_wconf 87' lang='lat' dir='ltr'><strong>consequi</strong></span> <span class='ocrx_word' id='word_1_749' title='bbox 2143 4623 2309 4683; x_wconf 83' lang='lat' dir='ltr'><strong>bona,</strong></span> <span class='ocrx_word' id='word_1_750' title='bbox 2353 4637 2450 4692; x_wconf 83' lang='lat' dir='ltr'><strong>per</strong></span> <span class='ocrx_word' id='word_1_751' title='bbox 2507 4620 2734 4691; x_wconf 87' lang='lat' dir='ltr'><strong>gratiam</strong></span> <span class='ocrx_word' id='word_1_752' title='bbox 2772 4619 3010 4682; x_wconf 81' lang='lat' dir='ltr'><strong>Christi,</strong></span> <span class='ocrx_word' id='word_1_753' title='bbox 3053 4619 3272 4688; x_wconf 90' lang='lat' dir='ltr'><strong>quicum</strong></span> <span class='ocrx_word' id='word_1_754' title='bbox 3314 4617 3458 4670; x_wconf 71' lang='lat' dir='ltr'><strong>Patri</strong></span> 
     </span>
    </p>
   </div>
   <div class='ocr_carea' id='block_1_97' title="bbox 1841 4709 3458 4788">
    <p class='ocr_par' dir='ltr' id='par_1_97' title="bbox 1841 4709 3458 4788">
     <span class='ocr_line' id='line_1_97' title="bbox 1841 4709 3458 4788; baseline -0.005 -18"><span class='ocrx_word' id='word_1_755' title='bbox 1841 4716 2034 4788; x_wconf 86' lang='lat' dir='ltr'><strong>gloria,</strong></span> <span class='ocrx_word' id='word_1_756' title='bbox 2062 4730 2276 4784; x_wconf 85' lang='lat' dir='ltr'><strong>unaque</strong></span> <span class='ocrx_word' id='word_1_757' title='bbox 2302 4712 2524 4780; x_wconf 81' lang='lat' dir='ltr'><strong>Spiritui</strong></span> <span class='ocrx_word' id='word_1_758' title='bbox 2556 4721 2767 4777; x_wconf 86' lang='lat' dir='ltr'><strong>sancto,</strong></span> <span class='ocrx_word' id='word_1_759' title='bbox 2799 4710 2853 4764; x_wconf 94' lang='lat' dir='ltr'><strong>in</strong></span> <span class='ocrx_word' id='word_1_760' title='bbox 2883 4709 3081 4766; x_wconf 60' lang='lat' dir='ltr'><strong>sarcula</strong></span> <span class='ocrx_word' id='word_1_761' title='bbox 3107 4709 3458 4764; x_wconf 67' lang='grc' dir='ltr'>εςυειιιοτιιιη.</span> 
     </span>
    </p>
   </div>
   <div class='ocr_carea' id='block_1_98' title="bbox 1844 4812 2039 4864">
    <p class='ocr_par' dir='ltr' id='par_1_98' title="bbox 1844 4812 2039 4864">
     <span class='ocr_line' id='line_1_98' title="bbox 1844 4812 2039 4864; baseline -0.01 0"><span class='ocrx_word' id='word_1_762' title='bbox 1844 4812 2039 4864; x_wconf 83' lang='lat' dir='ltr'><strong>Amen.</strong></span> 
     </span>
    </p>
   </div>
   <div class='ocr_carea' id='block_1_99' title="bbox 1520 5045 2084 5114">
    <p class='ocr_par' dir='ltr' id='par_1_99' title="bbox 1520 5045 2084 5114">
     <span class='ocr_line' id='line_1_99' title="bbox 1520 5045 2084 5114; baseline -0.011 0"><span class='ocrx_word' id='word_1_763' title='bbox 1520 5052 1872 5114; x_wconf 78' lang='lat' dir='ltr'><strong>HOMILIA</strong></span> <span class='ocrx_word' id='word_1_764' title='bbox 1917 5050 2027 5112; x_wconf 83' lang='grc' dir='ltr'><strong>ιν.</strong></span> <span class='ocrx_word' id='word_1_765' title='bbox 2080 5045 2084 5049; x_wconf 77' lang='grc'><em>’</em></span> 
     </span>
    </p>
   </div>
   <div class='ocr_carea' id='block_1_100' title="bbox 235 5148 1618 5222">
    <p class='ocr_par' dir='ltr' id='par_1_100' title="bbox 235 5148 1618 5222">
     <span class='ocr_line' id='line_1_100' title="bbox 235 5148 1618 5222; baseline 0 -16"><span class='ocrx_word' id='word_1_766' title='bbox 235 5150 306 5206; x_wconf 70' lang='lat' dir='ltr'><strong>in</strong></span> <span class='ocrx_word' id='word_1_767' title='bbox 327 5151 580 5222; x_wconf 72' lang='lat' dir='ltr'><strong>principio</strong></span> <span class='ocrx_word' id='word_1_768' title='bbox 597 5159 705 5204; x_wconf 88' lang='lat' dir='ltr'><strong>erat</strong></span> <span class='ocrx_word' id='word_1_769' title='bbox 730 5148 969 5214; x_wconf 77' lang='lat' dir='ltr'><strong>Verbum,</strong></span> <span class='ocrx_word' id='word_1_770' title='bbox 1005 5162 1053 5204; x_wconf 88' lang='lat' dir='ltr'><strong>et</strong></span> <span class='ocrx_word' id='word_1_771' title='bbox 1092 5149 1309 5206; x_wconf 82' lang='lat' dir='ltr'><strong>Verbum</strong></span> <span class='ocrx_word' id='word_1_772' title='bbox 1344 5163 1451 5206; x_wconf 86' lang='lat' dir='ltr'><strong>erat</strong></span> <span class='ocrx_word' id='word_1_773' title='bbox 1479 5155 1618 5222; x_wconf 77' lang='lat' dir='ltr'><strong>apud</strong></span> 
     </span>
    </p>
   </div>
   <div class='ocr_carea' id='block_1_101' title="bbox 832 5241 1017 5297">
    <p class='ocr_par' dir='ltr' id='par_1_101' title="bbox 832 5241 1017 5297">
     <span class='ocr_line' id='line_1_101' title="bbox 832 5241 1017 5297; baseline 0.005 -1"><span class='ocrx_word' id='word_1_774' title='bbox 832 5241 1017 5297; x_wconf 73' lang='lat' dir='ltr'><strong>Deum.</strong></span> 
     </span>
    </p>
   </div>
   <div class='ocr_carea' id='block_1_102' title="bbox 199 5421 1720 5488">
    <p class='ocr_par' dir='ltr' id='par_1_102' title="bbox 199 5421 1720 5488">
     <span class='ocr_line' id='line_1_102' title="bbox 199 5421 1720 5488; baseline -0.001 -11"><span class='ocrx_word' id='word_1_775' title='bbox 199 5425 248 5478; x_wconf 79' lang='lat' dir='ltr'><strong>l.</strong></span> <span class='ocrx_word' id='word_1_776' title='bbox 287 5421 535 5475; x_wconf 60' lang='grc' dir='ltr'><strong>Ματθίοαο</strong></span> <span class='ocrx_word' id='word_1_777' title='bbox 561 5437 713 5488; x_wconf 86' lang='lat' dir='ltr'><strong>quam</strong></span> <span class='ocrx_word' id='word_1_778' title='bbox 751 5421 804 5474; x_wconf 83' lang='lat' dir='ltr'><strong>in</strong></span> <span class='ocrx_word' id='word_1_779' title='bbox 828 5421 1191 5475; x_wconf 84' lang='lat' dir='ltr'><strong>commentario</strong></span> <span class='ocrx_word' id='word_1_780' title='bbox 1219 5438 1466 5483; x_wconf 81' lang='lat' dir='ltr'><strong>usurpare</strong></span> <span class='ocrx_word' id='word_1_781' title='bbox 1487 5424 1720 5486; x_wconf 75' lang='lat' dir='ltr'><strong>destinat,</strong></span> 
     </span>
    </p>
   </div>
   <div class='ocr_carea' id='block_1_103' title="bbox 129 5513 1728 5586">
    <p class='ocr_par' dir='ltr' id='par_1_103' title="bbox 129 5513 1728 5586">
     <span class='ocr_line' id='line_1_103' title="bbox 129 5513 1728 5586; baseline 0 -16"><span class='ocrx_word' id='word_1_782' title='bbox 129 5517 377 5586; x_wconf 71' lang='lat' dir='ltr'><strong>exposita,</strong></span> <span class='ocrx_word' id='word_1_783' title='bbox 407 5513 795 5585; x_wconf 69' lang='lat' dir='ltr'><strong>Chrysostomus</strong></span> <span class='ocrx_word' id='word_1_784' title='bbox 820 5515 1040 5584; x_wconf 70' lang='lat' dir='ltr'><strong>explicat</strong></span> <span class='ocrx_word' id='word_1_785' title='bbox 1069 5529 1162 5568; x_wconf 83' lang='lat' dir='ltr'><strong>cur</strong></span> <span class='ocrx_word' id='word_1_786' title='bbox 1200 5514 1523 5585; x_wconf 79' lang='lat' dir='ltr'><strong>euangelista:</strong></span> <span class='ocrx_word' id='word_1_787' title='bbox 1551 5516 1643 5570; x_wconf 87' lang='lat' dir='ltr'><strong>alii</strong></span> <span class='ocrx_word' id='word_1_788' title='bbox 1665 5519 1728 5570; x_wconf 86' lang='lat' dir='ltr'><strong>ab</strong></span> 
     </span>
    </p>
   </div>
   <div class='ocr_carea' id='block_1_104' title="bbox 132 5604 1732 5678">
    <p class='ocr_par' dir='ltr' id='par_1_104' title="bbox 132 5604 1732 5678">
     <span class='ocr_line' id='line_1_104' title="bbox 132 5604 1732 5678; baseline -0.003 -14"><span class='ocrx_word' id='word_1_789' title='bbox 132 5608 474 5665; x_wconf 67' lang='lat' dir='ltr'><strong>nicarnationc</strong></span> <span class='ocrx_word' id='word_1_790' title='bbox 493 5607 596 5658; x_wconf 80' lang='lat' dir='ltr'><strong>orsi</strong></span> <span class='ocrx_word' id='word_1_791' title='bbox 622 5607 722 5659; x_wconf 84' lang='lat' dir='ltr'><strong>sint</strong></span> <span class='ocrx_word' id='word_1_792' title='bbox 747 5647 760 5669; x_wconf 91' lang='lat'><strong>,</strong></span> <span class='ocrx_word' id='word_1_793' title='bbox 792 5604 1020 5659; x_wconf 82' lang='lat' dir='ltr'><strong>Joannes</strong></span> <span class='ocrx_word' id='word_1_794' title='bbox 1041 5621 1180 5672; x_wconf 79' lang='lat' dir='ltr'><strong>vero,</strong></span> <span class='ocrx_word' id='word_1_795' title='bbox 1203 5621 1382 5670; x_wconf 74' lang='lat' dir='ltr'><strong>secus;</strong></span> <span class='ocrx_word' id='word_1_796' title='bbox 1408 5606 1588 5661; x_wconf 84' lang='lat' dir='ltr'><strong>deinde</strong></span> <span class='ocrx_word' id='word_1_797' title='bbox 1606 5609 1732 5678; x_wconf 82' lang='lat' dir='ltr'><strong>quid</strong></span> 
     </span>
    </p>
   </div>
   <div class='ocr_carea' id='block_1_105' title="bbox 131 5697 1726 5769">
    <p class='ocr_par' dir='ltr' id='par_1_105' title="bbox 131 5697 1726 5769">
     <span class='ocr_line' id='line_1_105' title="bbox 131 5697 1726 5769; baseline -0.001 -15"><span class='ocrx_word' id='word_1_798' title='bbox 131 5703 190 5754; x_wconf 82' lang='lat' dir='ltr'><strong>sit</strong></span> <span class='ocrx_word' id='word_1_799' title='bbox 229 5700 442 5754; x_wconf 74' lang='lat' dir='ltr'><strong>Verbum</strong></span> <span class='ocrx_word' id='word_1_800' title='bbox 467 5700 694 5766; x_wconf 73' lang='lat' dir='ltr'><strong>exponit.</strong></span> <span class='ocrx_word' id='word_1_801' title='bbox 722 5729 794 5739; x_wconf 91' lang='lat'><strong>--</strong></span> <span class='ocrx_word' id='word_1_802' title='bbox 821 5697 1056 5752; x_wconf 83' lang='lat' dir='ltr'><strong>Traditis</strong></span> <span class='ocrx_word' id='word_1_803' title='bbox 1085 5698 1152 5754; x_wconf 89' lang='lat' dir='ltr'><strong>ad</strong></span> <span class='ocrx_word' id='word_1_804' title='bbox 1191 5698 1504 5768; x_wconf 88' lang='lat' dir='ltr'><strong>disciplinas</strong></span> <span class='ocrx_word' id='word_1_805' title='bbox 1525 5701 1726 5769; x_wconf 84' lang='lat' dir='ltr'><strong>pueris,</strong></span> 
     </span>
    </p>
   </div>
   <div class='ocr_carea' id='block_1_106' title="bbox 135 5791 1724 5861">
    <p class='ocr_par' dir='ltr' id='par_1_106' title="bbox 135 5791 1724 5861">
     <span class='ocr_line' id='line_1_106' title="bbox 135 5791 1724 5861; baseline -0.003 -14"><span class='ocrx_word' id='word_1_806' title='bbox 135 5812 232 5848; x_wconf 62' lang='lat' dir='ltr'><strong>non</strong></span> <span class='ocrx_word' id='word_1_807' title='bbox 272 5793 452 5859; x_wconf 78' lang='lat' dir='ltr'><strong>gravia</strong></span> <span class='ocrx_word' id='word_1_808' title='bbox 497 5791 732 5856; x_wconf 80' lang='lat' dir='ltr'><strong>magistri</strong></span> <span class='ocrx_word' id='word_1_809' title='bbox 778 5793 955 5845; x_wconf 86' lang='lat' dir='ltr'><strong>statim</strong></span> <span class='ocrx_word' id='word_1_810' title='bbox 1007 5792 1286 5860; x_wconf 89' lang='lat' dir='ltr'><strong>imponunt</strong></span> <span class='ocrx_word' id='word_1_811' title='bbox 1315 5805 1511 5856; x_wconf 76' lang='lat' dir='ltr'><strong>onera,</strong></span> <span class='ocrx_word' id='word_1_812' title='bbox 1551 5807 1724 5861; x_wconf 79' lang='lat' dir='ltr'><strong>neque</strong></span> 
     </span>
    </p>
   </div>
   <div class='ocr_carea' id='block_1_107' title="bbox 486 5914 1136 5971">
    <p class='ocr_par' dir='ltr' id='par_1_107' title="bbox 486 5914 1136 5971">
     <span class='ocr_line' id='line_1_107' title="bbox 486 5914 1136 5971; baseline 0.005 -3"><span class='ocrx_word' id='word_1_813' title='bbox 486 5914 754 5969; x_wconf 46' lang='lat' dir='ltr'><strong>Pyrum”</strong></span> <span class='ocrx_word' id='word_1_814' title='bbox 805 5914 918 5968; x_wconf 71' lang='lat' dir='ltr'><strong>(in.</strong></span> <span class='ocrx_word' id='word_1_815' title='bbox 978 5914 1136 5971; x_wconf 66' lang='grc' dir='ltr'><strong>ΗΧ.</strong></span> 
     </span>
    </p>
   </div>
   <div class='ocr_carea' id='block_1_108' title="bbox 1839 5141 3461 5215">
    <p class='ocr_par' dir='ltr' id='par_1_108' title="bbox 1839 5141 3461 5215">
     <span class='ocr_line' id='line_1_108' title="bbox 1839 5141 3461 5215; baseline -0.006 -7"><span class='ocrx_word' id='word_1_816' title='bbox 1839 5149 2126 5208; x_wconf 89' lang='lat' dir='ltr'><strong>confertim</strong></span> <span class='ocrx_word' id='word_1_817' title='bbox 2152 5146 2256 5200; x_wconf 92' lang='lat' dir='ltr'><strong>hoc</strong></span> <span class='ocrx_word' id='word_1_818' title='bbox 2298 5143 2498 5199; x_wconf 78' lang='lat' dir='ltr'><strong>faciunt</strong></span> <span class='ocrx_word' id='word_1_819' title='bbox 2521 5185 2537 5209; x_wconf 91' lang='lat'><strong>,</strong></span> <span class='ocrx_word' id='word_1_820' title='bbox 2564 5142 2659 5197; x_wconf 86' lang='lat' dir='ltr'><strong>sed</strong></span> <span class='ocrx_word' id='word_1_821' title='bbox 2688 5141 2946 5213; x_wconf 89' lang='lat' dir='ltr'><strong>paulatim</strong></span> <span class='ocrx_word' id='word_1_822' title='bbox 2971 5184 2988 5209; x_wconf 94' lang='lat'><strong>,</strong></span> <span class='ocrx_word' id='word_1_823' title='bbox 3019 5152 3075 5197; x_wconf 90' lang='lat' dir='ltr'><strong>et</strong></span> <span class='ocrx_word' id='word_1_824' title='bbox 3112 5142 3301 5198; x_wconf 87' lang='lat' dir='ltr'><strong>eadem</strong></span> <span class='ocrx_word' id='word_1_825' title='bbox 3331 5145 3461 5215; x_wconf 72' lang='lat' dir='ltr'><strong>ipsis</strong></span> 
     </span>
    </p>
   </div>
   <div class='ocr_carea' id='block_1_109' title="bbox 1839 5235 3461 5314">
    <p class='ocr_par' dir='ltr' id='par_1_109' title="bbox 1839 5235 3461 5314">
     <span class='ocr_line' id='line_1_109' title="bbox 1839 5235 3461 5314; baseline -0.003 -18"><span class='ocrx_word' id='word_1_826' title='bbox 1839 5258 1982 5314; x_wconf 75' lang='lat' dir='ltr'><strong>szrpe</strong></span> <span class='ocrx_word' id='word_1_827' title='bbox 2012 5247 2284 5310; x_wconf 77' lang='lat' dir='ltr'><strong>repetunt,</strong></span> <span class='ocrx_word' id='word_1_828' title='bbox 2313 5247 2372 5291; x_wconf 88' lang='lat' dir='ltr'><strong>ut</strong></span> <span class='ocrx_word' id='word_1_829' title='bbox 2391 5251 2450 5292; x_wconf 89' lang='lat' dir='ltr'><strong>ea</strong></span> <span class='ocrx_word' id='word_1_830' title='bbox 2486 5235 2696 5290; x_wconf 81' lang='lat' dir='ltr'><strong>facilius</strong></span> <span class='ocrx_word' id='word_1_831' title='bbox 2723 5235 2775 5290; x_wconf 91' lang='lat' dir='ltr'><strong>in</strong></span> <span class='ocrx_word' id='word_1_832' title='bbox 2798 5244 2980 5290; x_wconf 91' lang='lat' dir='ltr'><strong>mente</strong></span> <span class='ocrx_word' id='word_1_833' title='bbox 3008 5237 3320 5305; x_wconf 90' lang='lat' dir='ltr'><strong>imprimant</strong></span> <span class='ocrx_word' id='word_1_834' title='bbox 3341 5280 3354 5300; x_wconf 88' lang='lat'><strong>,</strong></span> <span class='ocrx_word' id='word_1_835' title='bbox 3390 5256 3461 5292; x_wconf 79' lang='grc' dir='ltr'>ιιο</span> 
     </span>
    </p>
   </div>
   <div class='ocr_carea' id='block_1_110' title="bbox 1839 5328 3454 5403">
    <p class='ocr_par' dir='ltr' id='par_1_110' title="bbox 1839 5328 3454 5403">
     <span class='ocr_line' id='line_1_110' title="bbox 1839 5328 3454 5403; baseline -0.002 -18"><span class='ocrx_word' id='word_1_836' title='bbox 1839 5349 1866 5385; x_wconf 86' lang='lat' dir='ltr'><strong>a</strong></span> <span class='ocrx_word' id='word_1_837' title='bbox 1901 5333 2166 5403; x_wconf 85' lang='lat' dir='ltr'><strong>principio</strong></span> <span class='ocrx_word' id='word_1_838' title='bbox 2191 5330 2436 5386; x_wconf 90' lang='lat' dir='ltr'><strong>deterriti</strong></span> <span class='ocrx_word' id='word_1_839' title='bbox 2473 5328 2820 5384; x_wconf 90' lang='lat' dir='ltr'><strong>nmltitudiue</strong></span> <span class='ocrx_word' id='word_1_840' title='bbox 2849 5343 3038 5383; x_wconf 88' lang='lat' dir='ltr'><strong>eorum</strong></span> <span class='ocrx_word' id='word_1_841' title='bbox 3069 5344 3188 5397; x_wconf 70' lang='lat' dir='ltr'><strong>qua:</strong></span> <span class='ocrx_word' id='word_1_842' title='bbox 3220 5340 3454 5384; x_wconf 80' lang='lat' dir='ltr'><strong>vtx‘me-</strong></span> 
     </span>
    </p>
   </div>
   <div class='ocr_carea' id='block_1_111' title="bbox 1840 5419 3458 5491">
    <p class='ocr_par' dir='ltr' id='par_1_111' title="bbox 1840 5419 3458 5491">
     <span class='ocr_line' id='line_1_111' title="bbox 1840 5419 3458 5491; baseline -0.001 -14"><span class='ocrx_word' id='word_1_843' title='bbox 1840 5425 2007 5478; x_wconf 90' lang='lat' dir='ltr'><strong>moria</strong></span> <span class='ocrx_word' id='word_1_844' title='bbox 2047 5423 2285 5490; x_wconf 84' lang='lat' dir='ltr'><strong>retinere</strong></span> <span class='ocrx_word' id='word_1_845' title='bbox 2309 5420 2529 5484; x_wconf 88' lang='lat' dir='ltr'><strong>valeat,</strong></span> <span class='ocrx_word' id='word_1_846' title='bbox 2573 5419 2850 5490; x_wconf 89' lang='lat' dir='ltr'><strong>segniores</strong></span> <span class='ocrx_word' id='word_1_847' title='bbox 2877 5419 3108 5473; x_wconf 88' lang='lat' dir='ltr'><strong>evadant</strong></span> <span class='ocrx_word' id='word_1_848' title='bbox 3132 5419 3200 5474; x_wconf 89' lang='lat' dir='ltr'><strong>ad</strong></span> <span class='ocrx_word' id='word_1_849' title='bbox 3231 5435 3296 5474; x_wconf 90' lang='lat' dir='ltr'><strong>ea</strong></span> <span class='ocrx_word' id='word_1_850' title='bbox 3335 5436 3458 5491; x_wconf 70' lang='lat' dir='ltr'><strong>quas</strong></span> 
     </span>
    </p>
   </div>
   <div class='ocr_carea' id='block_1_112' title="bbox 1840 5497 3455 5582">
    <p class='ocr_par' dir='ltr' id='par_1_112' title="bbox 1840 5497 3455 5582">
     <span class='ocr_line' id='line_1_112' title="bbox 1840 5497 3455 5582; baseline -0.004 -11"><span class='ocrx_word' id='word_1_851' title='bbox 1840 5516 1940 5571; x_wconf 90' lang='lat' dir='ltr'><strong>sibi</strong></span> <span class='ocrx_word' id='word_1_852' title='bbox 1971 5497 2318 5570; x_wconf 49' lang='lat' dir='ltr'><strong>traditaisunt</strong></span> <span class='ocrx_word' id='word_1_853' title='bbox 2347 5512 2648 5582; x_wconf 85' lang='lat' dir='ltr'><strong>colligenda</strong></span> <span class='ocrx_word' id='word_1_854' title='bbox 2678 5554 2691 5576; x_wconf 92' lang='lat'><strong>,</strong></span> <span class='ocrx_word' id='word_1_855' title='bbox 2724 5511 2931 5566; x_wconf 67' lang='lat' dir='ltr'><strong>desidia</strong></span> <span class='ocrx_word' id='word_1_856' title='bbox 2967 5511 3180 5566; x_wconf 88' lang='lat' dir='ltr'><strong>tandem</strong></span> <span class='ocrx_word' id='word_1_857' title='bbox 3211 5529 3275 5567; x_wconf 82' lang='lat' dir='ltr'><strong>ex</strong></span> <span class='ocrx_word' id='word_1_858' title='bbox 3307 5514 3455 5566; x_wconf 77' lang='lat' dir='ltr'><strong>difﬁ-</strong></span> 
     </span>
    </p>
   </div>
   <div class='ocr_carea' id='block_1_113' title="bbox 1838 5605 3454 5676">
    <p class='ocr_par' dir='ltr' id='par_1_113' title="bbox 1838 5605 3454 5676">
     <span class='ocr_line' id='line_1_113' title="bbox 1838 5605 3454 5676; baseline -0.001 -15"><span class='ocrx_word' id='word_1_859' title='bbox 1838 5608 2130 5662; x_wconf 88' lang='lat' dir='ltr'><strong>cultatibus</strong></span> <span class='ocrx_word' id='word_1_860' title='bbox 2159 5617 2332 5676; x_wconf 83' lang='lat' dir='ltr'><strong>parta.</strong></span> <span class='ocrx_word' id='word_1_861' title='bbox 2366 5605 2518 5660; x_wconf 90' lang='lat' dir='ltr'><strong>lluuc</strong></span> <span class='ocrx_word' id='word_1_862' title='bbox 2545 5620 2644 5675; x_wconf 83' lang='lat' dir='ltr'><strong>ego</strong></span> <span class='ocrx_word' id='word_1_863' title='bbox 2672 5621 2878 5659; x_wconf 90' lang='lat' dir='ltr'><strong>morem</strong></span> <span class='ocrx_word' id='word_1_864' title='bbox 2913 5620 3132 5672; x_wconf 87' lang='lat' dir='ltr'><strong>sequar,</strong></span> <span class='ocrx_word' id='word_1_865' title='bbox 3169 5605 3454 5674; x_wconf 84' lang='lat' dir='ltr'><strong>levemque</strong></span> 
     </span>
    </p>
   </div>
   <div class='ocr_carea' id='block_1_114' title="bbox 1836 5699 3454 5769">
    <p class='ocr_par' dir='ltr' id='par_1_114' title="bbox 1836 5699 3454 5769">
     <span class='ocr_line' id='line_1_114' title="bbox 1836 5699 3454 5769; baseline -0.002 -15"><span class='ocrx_word' id='word_1_866' title='bbox 1836 5702 1988 5756; x_wconf 88' lang='lat' dir='ltr'><strong>vobis</strong></span> <span class='ocrx_word' id='word_1_867' title='bbox 2030 5701 2270 5756; x_wconf 82' lang='lat' dir='ltr'><strong>laborem</strong></span> <span class='ocrx_word' id='word_1_868' title='bbox 2323 5699 2546 5755; x_wconf 88' lang='lat' dir='ltr'><strong>reddam</strong></span> <span class='ocrx_word' id='word_1_869' title='bbox 2591 5718 2604 5754; x_wconf 92' lang='lat'><strong>:</strong></span> <span class='ocrx_word' id='word_1_870' title='bbox 2646 5714 2710 5753; x_wconf 86' lang='lat' dir='ltr'><strong>ac</strong></span> <span class='ocrx_word' id='word_1_871' title='bbox 2751 5700 3005 5769; x_wconf 90' lang='lat' dir='ltr'><strong>paulatim</strong></span> <span class='ocrx_word' id='word_1_872' title='bbox 3053 5708 3110 5754; x_wconf 90' lang='lat' dir='ltr'><strong>et</strong></span> <span class='ocrx_word' id='word_1_873' title='bbox 3150 5715 3246 5769; x_wconf 82' lang='lat' dir='ltr'><strong>per</strong></span> <span class='ocrx_word' id='word_1_874' title='bbox 3275 5709 3454 5769; x_wconf 73' lang='lat' dir='ltr'><strong>partes</strong></span> 
     </span>
    </p>
   </div>
   <div class='ocr_carea' id='block_1_115' title="bbox 1835 5779 3448 5862">
    <p class='ocr_par' dir='ltr' id='par_1_115' title="bbox 1835 5779 3448 5862">
     <span class='ocr_line' id='line_1_115' title="bbox 1835 5779 3448 5862; baseline -0.002 -16"><span class='ocrx_word' id='word_1_875' title='bbox 1835 5793 2069 5862; x_wconf 77' lang='lat' dir='ltr'><strong>acceptis</strong></span> <span class='ocrx_word' id='word_1_876' title='bbox 2100 5793 2164 5847; x_wconf 85' lang='lat' dir='ltr'><strong>iis</strong></span> <span class='ocrx_word' id='word_1_877' title='bbox 2185 5835 2199 5860; x_wconf 84' lang='lat'><strong>,</strong></span> <span class='ocrx_word' id='word_1_878' title='bbox 2233 5808 2354 5862; x_wconf 65' lang='lat' dir='ltr'><strong>qua!</strong></span> <span class='ocrx_word' id='word_1_879' title='bbox 2383 5796 2434 5845; x_wconf 92' lang='lat' dir='ltr'><strong>ln</strong></span> <span class='ocrx_word' id='word_1_880' title='bbox 2464 5779 2589 5844; x_wconf 46' lang='lat' dir='ltr'><strong>hac.</strong></span> <span class='ocrx_word' id='word_1_881' title='bbox 2609 5806 2760 5845; x_wconf 75' lang='lat' dir='ltr'><strong>sacra</strong></span> <span class='ocrx_word' id='word_1_882' title='bbox 2808 5806 2992 5845; x_wconf 70' lang='lat' dir='ltr'><strong>mensa</strong></span> <span class='ocrx_word' id='word_1_883' title='bbox 3039 5798 3410 5859; x_wconf 80' lang='lat' dir='ltr'><strong>prapouuutur</strong></span> <span class='ocrx_word' id='word_1_884' title='bbox 3433 5832 3448 5856; x_wconf 89' lang='lat'><strong>,</strong></span> 
     </span>
    </p>
   </div>
   <div class='ocr_carea' id='block_1_116' title="bbox 3057 5904 3091 5959">
    <p class='ocr_par' dir='ltr' id='par_1_116' title="bbox 3057 5904 3091 5959">
     <span class='ocr_line' id='line_1_116' title="bbox 3057 5904 3091 5959; baseline -0.088 0"><span class='ocrx_word' id='word_1_885' title='bbox 3057 5904 3091 5959; x_wconf 78' lang='lat'>3</span> 
     </span>
    </p>
   </div>
  </div>
