4064 6442
588 380 653 437 ιτ
1293 371 1358 428 s.
1397 364 1677 425 somnus
1713 352 2189 419 cunvsosrout
2225 352 2544 411 ARCHIEP.
2584 347 3119 411 consummet».
3842 357 3904 413 ξε

587 502 665 555 sic
689 512 749 554 ea
776 495 830 551 in
860 492 1067 550 animos
1096 494 1303 545 vestros
1329 482 1633 549 immittam.
1674 477 1907 546 Ideoque
1933 473 2048 545 ipsa
2078 470 2179 527 itc-

592 606 712 646 rum
742 586 904 643 verba
932 573 1260 655 proponam,
1290 589 1395 631 non
1442 583 1499 627 ut
1527 570 1669 627 idem
1703 578 1942 639 repetam
1962 606 1977 630 ,
2003 560 2096 655 sed
2128 571 2181 615 ut

590 679 785 737 addam
799 654 1017 731 omissa.
1036 674 1144 743 Age
1160 681 1287 739 ergo
1302 665 1465 722 verba
1482 677 1672 720 rursus
1689 660 1759 716 ab
1780 658 1933 715 initio
1953 654 2186 711 adduca-

600 786 722 827 mus
750 787 763 823 :
798 765 860 821 In
883 763 1136 835 principio
1169 768 1277 817 erat
1319 757 1551 821 Verbum,
1580 763 1625 813 et
1666 751 1885 808 Verbum
1911 756 2019 804 erat
2045 745 2186 817 apud

594 870 777 928 Deum.
827 867 937 924 Cur
986 880 1109 921 cum
1159 862 1247 917 alii
1301 856 1645 929 evangelista:
1694 851 1764 907 ab
1822 840 2187 903 incarnatione

590 963 789 1020 Christi
811 964 920 1016 orsi
960 966 1085 1015 sunt
1115 955 1135 1025 (
1162 970 1282 1009 nam
1326 951 1606 1007 Matthmns
1649 946 1728 1002 sic
1753 942 1959 1000 orditur
1987 957 2001 992 :
2038 934 2189 991 Liber

593 1054 934 1126 generationis
958 1048 1085 1105 Iesu
1117 1044 1339 1110 Christi,
1367 1043 1463 1112 ﬁlii
1491 1038 1659 1096 David
1676 1054 1697 1104 ;
1726 1036 1896 1126 Lucas
1934 1028 2089 1085 nobis
2122 1040 2185 1081 ea

548 1165 553 1169 ο
592 1124 714 1217 quae
735 1144 951 1201 Mariam
978 1146 1221 1211 spectant
1241 1138 1293 1193 in
1313 1134 1572 1207 principio
1585 1137 1819 1187 enarrat.
1838 1124 2046 1217 Marcus
2061 1134 2189 1176 vero

596 1212 790 1291 similia
814 1233 924 1290 fere
948 1230 1166 1303 profert,
1184 1245 1252 1285 ex
1280 1227 1530 1296 Baptistae
1554 1220 1776 1277 historia
1797 1213 1998 1285 orsus),
2021 1212 2189 1268 Joan-

600 1344 695 1382 nes
719 1326 769 1380 id
792 1325 975 1396 paucis
992 1331 1046 1378 et
1074 1332 1194 1394 post
1213 1321 1297 1374 illa
1326 1319 1501 1389 priora
1518 1311 1875 1371 subindicavit
1891 1308 1974 1365 bis
1988 1305 2185 1370 verbis,

597 1417 667 1474 Et
699 1416 910 1472 Verbum
935 1431 1055 1471 caro
1083 1419 1272 1487 faction
1301 1421 1371 1468 est
1398 1412 1418 1483 (
1446 1408 1605 1465 Joan.
1640 1409 1689 1463 1.
1713 1406 1782 1461 Η
1810 1404 1853 1477 ),
1874 1400 2190 1473 ceterisque

598 1508 848 1565 omnibus
873 1505 1269 1579 praetermissis,
1298 1501 1684 1571 conceptione,
1714 1504 1889 1568 partu,
1917 1492 2186 1548 educatio-

599 1617 689 1667 ne,
722 1601 1076 1664 incremento,
1105 1605 1363 1653 aeternam
1392 1594 1572 1650 statim
1599 1588 2003 1662 generationem
2032 1582 2189 1638 nobis

598 1696 855 1747 enarrat?
874 1690 1131 1759 Quaenam
1151 1688 1344 1744 horum
1366 1699 1527 1741 causa
1552 1684 1641 1748 sit,
1666 1681 1779 1752 jam
1809 1677 1961 1734 vobis
1985 1675 2183 1731 dicam.

598 1782 734 1838 Cum
776 1781 958 1853 caeteri
1000 1778 1341 1851 evangelista:
1367 1775 1437 1832 de
1460 1774 1527 1830 iis
1554 1788 1673 1844 quae
1702 1783 1919 1826 carnem
1946 1773 2189 1838 spectant

601 1883 659 1927 ut
704 1872 989 1943 plurimum
1040 1869 1199 1926 verba
1248 1868 1537 1930 fecissent,
1587 1861 1880 1918 timendum
1926 1864 2077 1921 erat,
2122 1867 2191 1910 ne

586 1962 832 2033 quipiam
859 1959 1007 2015 humi
1033 1965 1285 2029 repentes
1308 1956 1361 2011 in
1391 1955 1539 2010 hisce
1559 1950 1897 2021 dogmatibus
1921 1946 2189 2001 consiste-

601 2060 752 2117 rent;
797 2048 940 2121 quod
976 2056 1037 2104 et
1060 2118 1065 2121 ν
1089 2047 1255 2113 Paulo
1295 2041 1665 2101 Samosatensi
1696 2039 1940 2109 contigit.
1982 2036 2061 2091 Ex
2094 2033 2194 2089 bac

606 2143 767 2214 igitur
783 2141 988 2210 abjecta
1012 2139 1263 2210 Opinione
1284 2134 1547 2191 reducens
1568 2146 1664 2189 eos
1681 2131 1772 2202 qui
1796 2128 1996 2199 lapsuri
2015 2132 2191 2192 erant,

602 2246 659 2289 et
687 2234 752 2289 ad
782 2234 941 2289 cmlos
970 2233 1213 2302 erigens,
1261 2229 1381 2298 jure
1406 2241 1472 2283 ex
1502 2237 1732 2295 superna
1760 2229 2067 2288 aeternaque
2093 2232 2193 2271 ex-

603 2327 842 2383 sistentia
883 2322 1132 2381 narrandi
1164 2319 1481 2392 principium
1509 2315 1674 2373 ducit.
1721 2312 1854 2368 Nam
1896 2324 2018 2366 cum
2056 2307 2191 2363 llat-

606 2418 776 2473 thzeus
820 2415 909 2471 ab’
939 2414 1153 2469 Herode
1198 2410 1381 2481 rege,‘
1406 2408 1579 2465 Lucas
1623 2421 1653 2460 a
1704 2402 1923 2459 Tiberio
1946 2399 2193 2465 Caesare,

607 2508 815 2564 Marcus
837 2521 868 2562 a
896 2504 1214 2575 baptismate
1231 2500 1453 2558 Joannis
1478 2496 1842 2552 narrationem
1862 2491 2151 2559 caspissent
2180 2504 2194 2541 :

605 2602 722 2656 istis
765 2598 1014 2653 omnibus
1056 2594 1149 2650 ille
1198 2590 1443 2655 omissis,
1472 2589 1650 2644 statim
1695 2600 1857 2655 supra
1906 2592 2116 2651 tempus
2145 2587 2199 2634 et

606 2692 860 2747 saeculum
888 2703 1047 2744 omne
1076 2683 1421 2751 conscendit,
1455 2682 1683 2752 illucque
1707 2678 2010 2734 auditorum
2040 2689 2197 2730 men-

612 2796 719 2840 tem
746 2782 896 2855 quasi
919 2781 1205 2853 jaculatur,
1231 2794 1351 2835 eum
1372 2778 1465 2843 ait,
1496 2773 1564 2829 in
1586 2774 1837 2844 principio
1859 2780 1966 2826 erat
1989 2787 2009 2825 :
2026 2784 2200 2840 neque

609 2860 936 2931 consistendi
968 2873 1144 2928 locum
1173 2870 1465 2941 relinquit,
1496 2881 1668 2936 neque
1699 2865 1984 2922 terminum
2016 2862 2195 2932 ponit,

609 2977 669 3023 ut
696 2966 805 3032 illi,
838 2964 1103 3022 Herodem
1153 2977 1351 3031 nempe
1374 3003 1389 3027 ,
1417 2960 1691 3016 Tiberium
1717 2967 1773 3015 et
1795 2957 2077 3013 Joannem.
2116 2954 2198 3011 Ad

611 3056 725 3112 haec
744 3096 761 3123 ,
790 3054 933 3126 quod
962 3065 1306 3124 summopere
1334 3049 1632 3106 mirandum
1651 3091 1667 3115 ,
1698 3062 1873 3118 neque
1904 3046 1992 3101 hic
2026 3044 2199 3101 subli-

611 3150 836 3205 miorem
883 3160 1164 3217 aggressus
1211 3158 1547 3208 sermonem,
1579 3140 1933 3197 oeconomiam
1973 3137 2086 3193 sive
2110 3137 2198 3193 in-

612 3239 977 3295 carnationem
1027 3236 1295 3307 neglexit;
1323 3247 1516 3304 neque,
1544 3232 1633 3304 qui
1656 3245 1781 3287 eam
1808 3236 2163 3285 narraverunt
2182 3268 2198 3294 ,

614 3330 757 3385 illius
786 3337 912 3385 ante
935 3327 1127 3383 stecula
1152 3328 1519 3381 exsistentiam
1555 3329 1873 3386 tacuerunt;
1904 3319 2062 3391 idque
2080 3320 2202 3391 jure

613 3421 824 3476 merito.
847 3417 995 3477 Unus
1015 3418 1210 3488 quippe
1231 3416 1461 3487 Spiritus
1481 3424 1596 3470 erat
1615 3414 1703 3485 qui
1724 3426 1911 3469 omnes
1931 3410 2198 3476 movebat;

615 3514 839 3583 ideoque
868 3526 1116 3581 magnum
1149 3511 1200 3565 in
1233 3509 1537 3565 narratione
1579 3520 1900 3563 consensum
1945 3502 2202 3559 exhibue-

614 3614 758 3659 runt.
790 3603 870 3659 Tu
898 3617 1049 3667 vero,
1078 3601 1292 3666 dilecte,
1317 3614 1437 3654 cum
1471 3598 1700 3653 Verbum
1742 3596 1915 3664 audis,
1945 3610 2015 3650 ne
2059 3592 2201 3649 feras

611 3711 707 3751 eos
734 3696 821 3766 qui
849 3696 1037 3750 dicunt
1077 3694 1247 3762 ipsum
1294 3690 1565 3761 opificium
1595 3704 1746 3754 esse;
1779 3702 1952 3758 neque
1978 3700 2071 3741 eos
2109 3685 2198 3755 qui

616 3795 805 3856 putant
830 3785 1005 3854 ipsum
1036 3782 1351 3851 simpliciter
1380 3780 1601 3835 verbum
1646 3793 1786 3834 esse.
1816 3777 1977 3831 Multa
2009 3790 2201 3843 nempe

613 3887 737 3934 sunt
792 3877 885 3933 Dei
926 3876 1121 3943 verba,
1158 3882 1362 3945 qumget
1385 3871 1562 3943 angeli
1608 3870 1837 3933 faciunt;
1868 3867 1963 3924 sed
2000 3866 2199 3921 nullum

614 3971 867 4025 hormnce
900 3968 1187 4022 verborum
1220 3965 1356 4021 Deus
1386 3975 1501 4029 est;
1531 3976 1714 4018 verum
1761 3960 1850 4015 illa
1873 3958 2049 4014 omnia
2079 3966 2204 4012 sunt

617 4058 907 4129 prophetia:
934 4066 989 4112 et
1022 4065 1283 4128 przecepta
1317 4056 1333 4126 (
1358 4054 1436 4109 sic
1464 4053 1606 4109 enim
1638 4051 1773 4107 solet
1799 4050 2075 4119 Scriptura
2106 4064 2201 4103 vo-

612 4167 735 4207 care
761 4152 903 4221 leges
930 4150 1057 4215 Dei,
1090 4156 1350 4218 praecepta
1390 4154 1445 4201 et
1489 4143 1799 4216 prophetias
1833 4160 1848 4199 :
1878 4141 2106 4211 ideoque
2132 4140 2200 4196 de

611 4242 810 4313 angelis
839 4234 1054 4311 adjicit,
1094 4238 1329 4293 Potentes
1350 4239 1533 4292 virtute
1558 4235 1797 4305 facientes
1826 4233 2029 4286 verbum
2058 4230 2200 4284 illius

612 4334 633 4409 [
664 4334 810 4388 Psal.
850 4332 971 4388 I02.
998 4330 1092 4403 20]
1129 4349 1141 4384 :
1176 4331 1277 4385 hoc
1304 4341 1485 4384 autem
1528 4328 1765 4383 Verbum
1796 4324 2091 4379 substantia
2119 4333 2202 4378 est

613 4427 663 4478 in
696 4421 1004 4494 hypostasi,
1036 4436 1155 4491 quae
1202 4435 1231 4473 a
1280 4419 1436 4474 Patre
1477 4418 1595 4472 sine
1640 4415 1890 4486 passione
1938 4412 2198 4484 procedit.

613 4517 746 4572 Illttd
784 4514 927 4570 enim
954 4556 968 4581 ,
1003 4521 1060 4568 ut
1089 4512 1234 4579 dixi,
1264 4527 1361 4580 per
1395 4509 1553 4565 Verbi
1594 4507 2005 4580 appellationem
2036 4503 2200 4576 signi-

612 4609 805 4665 ficavit.
830 4606 1287 4675 Quemadmodum
1326 4603 1485 4675 igitur
1521 4600 1649 4657 illud
1673 4642 1688 4668 ,
1723 4599 1787 4654 In
1818 4599 2069 4670 principio
2094 4606 2201 4651 erat

618 4699 868 4765 Verbum,
900 4699 1253 4755 aeternitatem
1284 4695 1505 4751 denotat
1534 4710 1547 4746 :
1586 4694 1654 4748 ita
1680 4702 1732 4749 et
1764 4692 1914 4758 illud,
1947 4690 2064 4747 Hoc
2090 4699 2198 4745 erat

608 4795 661 4846 in
693 4792 942 4862 principio
971 4791 1109 4861 apud
1134 4789 1297 4844 Deum
1320 4828 1334 4854 ,
1373 4787 1793 4843 eomternitatcm
1819 4786 1973 4841 nobis
1996 4784 2199 4854 signifi-

609 4891 716 4936 cat.
750 4881 962 4937 Etenim
1010 4896 1078 4936 ne
1119 4879 1376 4944 audiens,
1411 4876 1477 4932 In
1517 4878 1770 4949 principio
1797 4886 1906 4932 erat
1942 4875 2194 4942 Verbum,

608 4982 869 5028 aeternum
898 4972 1115 5042 quidem
1145 4971 1481 5026 existimares
1501 5012 1515 5037 ,
1545 4968 1638 5025 sed
1672 4969 1881 5024 Patrem
1913 4970 2091 5039 aliquo
2122 4968 2199 5020 vi.

610 5076 677 5121 tre
708 5066 994 5121 interstitio
1042 5063 1307 5121 seniorem
1334 5105 1349 5125 ,
1399 5071 1454 5118 et
1496 5063 1716 5132 majoris
1755 5062 1853 5116 aevi
1903 5061 2196 5130 crederes,

611 5175 744 5215 neve
776 5158 1091 5244 principium
1133 5155 1417 5226 Unigenito
1462 5154 1657 5221 dares,
1704 5154 1920 5223 adjecit,
1970 5152 2100 5207 Erat
2145 5156 2198 5207 in

598 5251 855 5321 principio
882 5249 1021 5320 apud
1066 5247 1225 5303 Deum
1267 5265 1285 5304 :
1330 5249 1401 5302 ita
1432 5257 1668 5303 aeternus
1699 5257 1755 5300 ut
1799 5247 1994 5309 Pater;
2038 5263 2193 5300 num-

605 5356 765 5413 quam
816 5340 959 5395 enim
1007 5338 1183 5394 Verbo
1225 5354 1425 5395 vacuus
1475 5338 1609 5402 fuit;
1668 5338 1761 5393 sed
1815 5353 2028 5406 semper
2057 5338 2195 5393 Dens

604 5432 745 5503 apud
791 5432 955 5487 Deum
989 5429 1083 5484 fuit
1118 5429 1169 5483 in
1197 5430 1406 5499 propria
1436 5429 1539 5485 sibi
1589 5429 1881 5500 hypostasi.
1916 5424 2194 5496 Quomodo

603 5539 754 5596 ergo,
781 5522 989 5593 inquies
1007 5561 1023 5587 ,
1052 5519 1265 5589 adjecit,
1297 5518 1361 5573 In
1386 5519 1573 5577 mundo
1598 5528 1705 5575 erat
1732 5517 1909 5589 (Joan.
1934 5519 1985 5574 I.
2019 5517 2191 5589 10),δὶ

604 5627 716 5671 erat
741 5613 879 5685 apud
912 5612 1119 5669 Deum?
1143 5610 1277 5679 Quia
1303 5619 1355 5665 et
1380 5612 1515 5681 apud
1541 5611 1707 5667 Deum
1730 5611 1868 5666 Deus
1894 5620 2029 5674 erat,
2061 5619 2113 5666 et
2140 5612 2189 5665 in

606 5707 801 5763 nnmdo
845 5714 1002 5762 erat:
1049 5705 1193 5759 nullo
1245 5702 1439 5773 quippe
1494 5701 1757 5757 clauditur
1806 5702 2036 5757 termino
2078 5704 2190 5757 sive

608 5797 783 5860 Pater.
817 5800 925 5855 sive
955 5799 1141 5856 Filius.
1192 5796 1323 5853 Nam
1359 5795 1403 5853 si
1450 5794 1817 5867 Magnitudim's
1852 5796 1961 5861 eius
1988 5812 2086 5850 non
2116 5806 2187 5850 est

2291 467 2447 537 finis,
2476 466 2547 536 Et
2593 467 2860 538 sapientia
2899 469 3010 538 ejus
3035 482 3137 523 non
3182 475 3256 523 est
3282 482 3520 524 numerus
3546 460 3740 539 (Psal.
3776 468 3901 525 ιιι.

2290 559 2346 619 3.
2363 570 2412 613 et
2432 558 2553 614 N6.
2569 557 2647 630 5),
2666 558 2833 630 liquet
2851 574 3023 629 neque
3039 559 3354 615 substantia:
3373 559 3517 615 illius
3536 575 3662 617 esse
3689 560 3902 617 initium

2291 649 2606 720 temporale.
2633 648 2877 716 Audisti,
2920 651 2989 706 In
3029 651 3281 721 principio
3306 652 3426 723 fecit
3454 651 3593 708 Deus
3622 654 3823 709 certum
3859 665 3906 709 et

2292 742 2529 796 terram?
2554 740 2694 809 Quid
2723 743 2928 812 cogitas
2955 743 3024 799 de
3090 743 3190 799 hoc
3234 745 3539 817 principio?
3566 744 3740 805 Certe
3762 750 3904 821 quod

2294 833 2411 888 lucc
2437 842 2565 889 ante
2588 834 2768 889 omnia
2794 836 3027 890 visibilia
3076 835 3214 892 facta
3265 838 3395 895 sint.
3444 838 3534 895 Sic
3574 850 3627 895 et
3659 856 3795 895 cum
3841 841 3906 899 de

2294 922 2581 995 Unigenito
2619 924 2772 980 audis
2795 966 2809 990 ,
2838 924 2904 979 In
2930 926 3182 996 principio
3210 936 3348 993 erat,
3380 937 3507 984 ante
3536 929 3905 1001 intelligibilia

2294 1019 2473 1073 omnia
2502 1029 2556 1074 et
2585 1029 2712 1075 ante
2757 1021 2953 1075 saecula
2988 1022 3162 1091 ipsum
3196 1037 3322 1077 esse
3361 1024 3633 1094 intelligas
3656 1035 3903 1095 oportet.

2292 1109 2446 1178 Quod
2493 1111 2539 1166 si
2584 1112 2707 1184 quis
2733 1111 2929 1168 dixerit
2968 1129 2981 1166 :
3017 1113 3081 1168 Et
3109 1115 3383 1184 quomodo
3429 1115 3543 1171 fieri
3589 1126 3818 1187 potest,
3852 1127 3907 1173 ut

2298 1202 2469 1260 Filius
2512 1218 2637 1259 cum
2676 1204 2777 1271 sit,
2832 1220 2936 1261 non
2986 1206 3057 1262 sit
3097 1204 3281 1277 jnnior
3322 1206 3516 1264 Patre?
3558 1224 3685 1266 nam
3715 1212 3812 1283 qui
3841 1227 3905 1267 ex

2293 1293 2473 1365 aliquo
2513 1304 2630 1357 est,
2677 1296 2983 1352 necessario
3024 1298 3295 1366 posterior
3321 1309 3405 1354 est
3452 1300 3542 1354 illo
3567 1315 3597 1355 a
3625 1317 3748 1372 quo
3773 1311 3901 1357 est:

2296 1385 2772 1455 respondebimus,
2804 1387 2919 1442 haec
2945 1403 3011 1442 ex
3044 1387 3292 1444 hmnanis
3323 1392 3748 1459 cogitationibus
3781 1409 3904 1462 pro»

2295 1474 2479 1541 Ilcisci,
2502 1486 2557 1532 et
2586 1493 2708 1533 eum
2737 1478 2829 1550 qui
2855 1478 2970 1535 haec
2995 1480 3206 1549 qtucrit,
3225 1479 3536 1537 absurdiora
3566 1484 3735 1539 etiam
3762 1500 3904 1555 qm:-

2293 1566 2520 1622 siturum
2550 1581 2704 1635 esse;
2728 1584 2828 1625 nec
2865 1583 2987 1625 esse
3030 1562 3243 1625 illa‘vel
3282 1572 3501 1626 auribus
3524 1575 3899 1645 percipienda.

2298 1660 2373 1717 De
2421 1662 2529 1718 Deo
2557 1663 2756 1735 quippe
2796 1664 2950 1720 nobis
2992 1674 3075 1721 est
3121 1680 3335 1729 sermo,
3380 1682 3484 1721 non
3511 1668 3578 1722 de
3611 1669 3901 1725 hominum

2297 1762 2522 1820 natura,
2576 1755 2882 1829 hujusmodi
2934 1758 3337 1813 ratiociniorum
3389 1762 3803 1830 consequentia:
3848 1771 3904 1819 et

2297 1846 2602 1902 necessitati
2632 1847 2893 1917 subjecta.
2919 1847 3302 1903 Verumtamen
3329 1849 3397 1904 ad
3428 1848 3761 1909 infirmiores
3810 1870 3903 1911 ro-

2297 1935 2565 1993 borandus
2592 1938 3056 2005 respondebimus.

2370 2030 2426 2085 2.
2460 2030 2555 2086 Dic
2580 2046 2709 2101 ergo
2736 2032 2902 2087 mihi:
2934 2032 3134 2102 Radius
3175 2034 3305 2091 solis
3340 2050 3407 2091 ex
3458 2047 3724 2095 naturane
3771 2040 3904 2095 solis

2299 2122 2512 2188 exsilit,
2544 2137 2610 2177 an
2637 2122 2895 2179 aliunde?
2922 2123 3234 2181 Necessario
3273 2126 3567 2195 fatendum,
3600 2128 3701 2184 nisi
3728 2134 3903 2185 sensi-

2298 2212 2398 2267 bus
2429 2214 2581 2268 vacui
2624 2214 2815 2280 simus,
2843 2230 2909 2270 ex
2938 2216 3056 2285 ejus
3095 2225 3283 2271 natura
3327 2218 3561 2288 prodire.
3596 2219 3660 2276 Et
3715 2231 3901 2277 tamen

2299 2303 2425 2359 licet
2443 2319 2508 2359 ex
2532 2305 2647 2360 sole
2668 2304 2851 2361 radius
2872 2306 3115 2377 prodeat,
3142 2323 3431 2379 numquam
3456 2309 3698 2366 dicemus
3722 2312 3902 2383 ipsum

2301 2408 2422 2450 esse
2450 2396 2611 2450 solari
2643 2407 2832 2451 natura
2864 2398 3219 2465 posteriorem
3245 2416 3259 2453 :
3287 2399 3724 2471 quandoquidem
3751 2419 3905 2457 num-

2301 2501 2465 2557 quam
2494 2487 2576 2543 sol
2602 2489 2719 2543 siue
2749 2489 2900 2544 radio
2927 2490 3080 2545 visus
3104 2499 3207 2546 est.
3234 2490 3389 2559 Quod
3418 2493 3464 2547 si
3507 2493 3560 2547 in
3602 2493 3685 2548 bis
3712 2494 3906 2550 visibi-

2303 2579 2442 2635 Iibus
2469 2589 2525 2636 et
2564 2581 2908 2636 sensibilibus
2934 2582 3203 2653 quidpiam
3230 2585 3302 2638 sit
3336 2584 3477 2653 quod
3508 2585 3578 2639 sit
3604 2600 3667 2640 ex
3694 2586 3902 2657 aliqua,

2302 2684 2478 2740 neque
2507 2672 2770 2739 posterius
2808 2671 2880 2725 sit
2911 2671 3038 2737 illo;
3072 2687 3171 2727 cur
3198 2672 3248 2727 id
3282 2688 3386 2728 non
3414 2674 3592 2731 credis
3616 2676 3685 2731 de
3712 2677 3905 2731 invisi-

2304 2761 2395 2817 bili
2417 2772 2473 2819 et
2494 2763 2746 2819 ineﬂ'ahili
2770 2765 2996 2820 natura?
3016 2765 3179 2821 Certe
3202 2766 3305 2822 hoc
3326 2767 3497 2837 ipsum
3530 2769 3602 2823 ita
3631 2784 3689 2824 se
3717 2770 3901 2835 habet,

2302 2862 2362 2909 ut
2413 2854 2555 2909 illam
2597 2855 2950 2911 substantiam
2981 2856 3156 2913 decet.
3214 2856 3442 2928 Ideoque
3470 2859 3666 2915 Paulus
3692 2861 3713 2929 (
3734 2860 3902 2917 Hebr.

2305 2945 2359 3000 I.
2386 2945 2458 3017 5)
2488 2960 2554 3002 eo
2582 2945 2755 3017 ipsum
2780 2949 2992 3003 vocavit
3018 2949 3250 3015 nomine,
3273 2950 3430 3005 simul
3457 2951 3736 3008 declarans
3757 2965 3813 3010 et
3838 2970 3903 3010 cx

2303 3034 2421 3106 ipso
2445 3044 2852 3092 etcomternum
2891 3039 2989 3108 ipsi
3034 3054 3175 3094 esse.
3207 3039 3344 3107 Quid
3389 3041 3583 3112 igitur?
3607 3042 3694 3098 die
3738 3045 3899 3109 mihi,

2303 3144 2480 3185 annon
2503 3131 2697 3185 saecula
2718 3131 2896 3186 omnia
2920 3140 2974 3186 et
2999 3132 3229 3201 spatium
3258 3146 3419 3187 omne
3445 3149 3541 3203 per
3562 3133 3735 3204 ipsum
3761 3136 3901 3192 facta

2305 3221 2477 3276 sunt?
2507 3221 2619 3277 Hoc
2642 3221 2965 3279 conﬁteatur
3005 3237 3227 3278 necesse
3253 3232 3337 3278 est
3366 3222 3410 3279 is
3436 3266 3451 3290 ,
3481 3225 3573 3293 qui
3603 3237 3787 3283 mente
3815 3243 3901 3284 ca-

2304 3320 2426 3384 ptus
2453 3328 2556 3369 non
2585 3315 2675 3368 sit.
2712 3314 2849 3385 Ergo
2878 3314 3009 3370 nihil
3040 3314 3279 3371 medium
3321 3324 3406 3372 est
3442 3299 3592 3373 inter
3619 3317 3818 3375 Filium
3850 3330 3904 3376 et

2305 3404 2537 3460 Patrem.
2571 3405 2630 3461 Si
2658 3405 2790 3462 nihil
2808 3448 2822 3471 ,
2853 3421 2982 3477 ergo
3032 3422 3137 3461 non
3165 3407 3449 3477 posterior,
3476 3407 3572 3463 sed
3600 3421 3905 3466 comtcrnus

2302 3504 2405 3551 est.
2429 3487 2562 3551 Nam
2590 3506 2709 3551 ante
2735 3506 2790 3552 et
2820 3506 2931 3567 post
2956 3507 3194 3567 tempora
3223 3498 3550 3568 significant.
3582 3499 3675 3554 Ila:
3704 3501 3905 3572 quippe

2305 3604 2463 3644 voces
2491 3604 2599 3644 non
2630 3599 2855 3660 possunt
2882 3590 3000 3645 sine
3038 3590 3237 3645 stucqu
3265 3590 3347 3647 vel
3377 3598 3622 3661 tempore
3649 3593 3901 3664 cogitari.

2307 3680 2447 3735 Deus
2475 3696 2607 3736 vero
2634 3681 2883 3750 superior
2910 3690 2994 3736 est
3024 3680 3357 3751 temporibus
3386 3690 3443 3738 et
3469 3684 3707 3738 saeculis.
3746 3684 3905 3752 Quod

2304 3776 2349 3829 si
2388 3775 2608 3830 omnino
2648 3775 2851 3831 dixeris
2895 3775 3031 3831 Filio
3080 3775 3400 3847 principium
3448 3792 3611 3844 esse,
3657 3793 3793 3836 cave
3838 3794 3905 3836 ne

2307 3864 2517 3920 Patrem
2548 3880 2758 3936 quoque
2804 3865 2903 3921 sub
2928 3866 3193 3936 principio
3231 3866 3419 3922 eadem
3462 3868 3671 3924 ratione
3696 3871 3907 3925 consti-

2306 3965 2459 4012 tuere
2488 3958 2730 4027 cogaris;
2771 3958 3074 4028 antiquiore
3101 3958 3340 4028 quidem,
3369 3959 3467 4016 sed
3499 3969 3677 4017 tamen
3703 3963 3905 4032 princic

2306 4046 2412 4117 pio.
2442 4046 2536 4102 Dic
2564 4048 2706 4102 enim
2749 4046 2878 4102 mihi
2917 4065 2930 4101 :
2969 4050 3162 4103 Annon
3192 4051 3478 4106 terminum
3515 4060 3673 4122 atque
3701 4054 3904 4123 princi-

2306 4139 2450 4209 pium
2480 4137 2620 4193 Filio
2648 4138 2961 4194 adscribens
2980 4180 2995 4203 ,
3035 4148 3197 4209 atque
3227 4140 3294 4195 ab
3332 4142 3426 4197 illo
3454 4145 3718 4214 principio
3743 4146 3905 4203 altius

2306 4229 2591 4298 prodiens,
2656 4230 2867 4283 Patrem
2915 4230 3061 4299 prius
3124 4232 3388 4287 exsistere
3428 4232 3605 4288 dicis?
3661 4235 3716 4290 Id
3757 4248 3906 4294 certe

2305 4318 2665 4374 manifestum.
2699 4319 2792 4375 Dic
2838 4334 2967 4391 ergo
3006 4321 3136 4376 mihi
3165 4332 3364 4393 quanto
3395 4325 3569 4394 spatio
3606 4330 3903 4396 prmexistit

2305 4410 2505 4466 Pater?
2531 4411 2655 4466 Sive
2684 4412 2826 4467 enim
2857 4426 3099 4482 parvum,
3130 4412 3244 4469 sive
3275 4429 3529 4484 magnum
3550 4414 3754 4473 dixeris
3778 4435 3905 4491 spa.

2307 4504 2475 4567 tium,
2508 4501 2607 4557 sub
2632 4502 2899 4573 principio
2938 4503 3150 4559 Patrem
3181 4505 3425 4574 posuisti.
3453 4504 3586 4561 Nam
3618 4519 3904 4581 postquam

2303 4609 2612 4650 mensuram
2637 4594 2793 4665 spatii
2826 4594 2968 4651 illius
2993 4595 3239 4660 duxeris,
3271 4597 3351 4652 sic
3384 4597 3534 4653 dices
3560 4601 3642 4655 vel
3673 4616 3903 4670 parvum

2302 4688 2388 4741 vel
2418 4702 2669 4757 magnum
2712 4702 2835 4743 esse
2861 4705 2875 4741 :
2905 4702 3159 4743 mensura
3200 4703 3331 4744 vero
3369 4688 3495 4745 duci
3542 4706 3650 4747 non
3682 4702 3902 4763 potest,

2303 4778 2406 4834 nisi
2435 4779 2684 4849 utrinque
2715 4778 3035 4849 principium
3076 4780 3166 4834 sit.
3202 4779 3388 4850 Itaque
3420 4781 3595 4848 Patri,
3638 4795 3905 4853 quantum

2305 4872 2357 4927 in
2392 4882 2443 4929 te
2469 4872 2594 4937 fuit,
2625 4872 2943 4942 principium
2972 4872 3169 4928 dedisti
3198 4888 3213 4927 :
3247 4874 3433 4945 sicque
3476 4878 3775 4932 secundum
3809 4896 3907 4936 vos

2312 4979 2378 5020 ne
2424 4965 2581 5021 Pater
2622 4966 2836 5036 quidem
2887 4966 3003 5021 sine
3034 4966 3297 5036 principio
3337 4968 3461 5023 erit.
3495 4968 3683 5024 Viden’
3711 4987 3903 5027 verum

2302 5072 2422 5113 esse
2448 5055 2499 5112 id
2526 5057 2667 5128 quod
2704 5072 2735 5111 a
2774 5056 3062 5113 Servatore
3091 5057 3292 5113 dictum
3329 5068 3431 5123 est,
3456 5069 3508 5114 et
3539 5059 3741 5116 dictum
3770 5063 3903 5118 illud

2302 5150 2514 5205 virtutis
2562 5150 2679 5220 ejus
2731 5151 2929 5221 ubique
2972 5161 3347 5220 argumentum
3400 5154 3562 5207 esse"?
3612 5153 3901 5221 Quodnam

2302 5247 2427 5302 illud
2457 5247 2575 5301 est?
2609 5244 2709 5313 Qui
2750 5262 2851 5299 non
2880 5245 3096 5299 honorat
3149 5244 3339 5299 Filiam
3360 5288 3373 5311 ,
3410 5262 3512 5300 non
3542 5250 3757 5302 honorat
3785 5247 3901 5304 Pa-

2301 5347 2424 5391 trem
2451 5335 2633 5408 (Joan.
2664 5338 2719 5393 5.
2754 5337 2871 5407 25).
2899 5336 3039 5392 Novi
3072 5336 3253 5391 multis
3284 5338 3397 5392 hare
3428 5338 3900 5407 incomprehensi-

2300 5428 2424 5483 bilia
2452 5444 2573 5485 esse
2604 5450 2619 5485 :
2652 5429 2877 5499 ideoque
2898 5428 3175 5483 ratiocinia
3194 5426 3498 5498 bujusmodi
3517 5445 3733 5487 movere
3750 5447 3900 5502 smpe

2298 5530 2612 5575 cunctamur
2636 5562 2650 5585 ,
2682 5520 2825 5591 quod
2854 5520 3043 5590 vulgus
3084 5519 3171 5573 illa
3201 5520 3413 5589 assequi
3442 5532 3703 5591 nequeat;
3732 5525 3817 5578 vel
3852 5528 3896 5581 si

2297 5620 2635 5680 assequatur,
2666 5610 2754 5665 illa
2796 5624 2900 5665 non
2928 5608 3079 5664 firma
3107 5620 3162 5665 et
3188 5619 3331 5665 certa
3360 5621 3630 5666 maneant.
3666 5613 3897 5668 Ratioci-

2297 5705 2382 5757 nia
2410 5703 2605 5773 quippe
2627 5702 2889 5757 hominum
2922 5702 3103 5757 timida
3124 5712 3276 5769 sunt,
3308 5715 3353 5757 et
3384 5704 3595 5775 fallaces
3624 5707 3894 5773 cogitatio-

2300 5813 2385 5850 nes
2414 5811 2586 5849 eorum
2615 5793 2784 5864 (Sap.
2812 5794 2863 5850 9.
2900 5795 2965 5849 Μ
2986 5794 3026 5865 ).
3060 5794 3312 5850 Libenter
3342 5807 3517 5851 autem
3549 5798 3884 5858 atliersariog
