  <div class='ocr_page' id='page_1' title='image "/cluster/home/n/w/nwhite01/storage/ocr_20150623/59/ien.35556001660869/054.png"; bbox 0 0 4064 6434; ppageno 0'>
   <div class='ocr_carea' id='block_1_1' title="bbox 149 379 1830 449">
    <p class='ocr_par' dir='ltr' id='par_1_1' title="bbox 149 379 1801 446">
     <span class='ocr_line' id='line_1_1' title="bbox 149 379 1801 446; baseline 0 -2"><span class='ocrx_word' id='word_1_1' title='bbox 149 387 216 444; x_wconf 72' lang='grc' dir='ltr'>Π</span> <span class='ocrx_word' id='word_1_2' title='bbox 1371 389 1442 446; x_wconf 79' lang='lat' dir='ltr'>IN</span> <span class='ocrx_word' id='word_1_3' title='bbox 1478 379 1801 446; x_wconf 73' lang='lat' dir='ltr'>JOANNEM</span> 
     </span>
    </p>
   </div>
   <div class='ocr_carea' id='block_1_2' title="bbox 2015 379 3674 449">
    <p class='ocr_par' dir='ltr' id='par_1_2' title="bbox 2015 385 3674 449">
     <span class='ocr_line' id='line_1_2' title="bbox 2015 385 3674 449; baseline 0.01 -7"><span class='ocrx_word' id='word_1_4' title='bbox 2015 387 2085 446; x_wconf 71' lang='lat' dir='ltr'>IL.</span> <span class='ocrx_word' id='word_1_5' title='bbox 2121 385 2210 449; x_wconf 83' lang='lat' dir='ltr'>IV.</span> <span class='ocrx_word' id='word_1_6' title='bbox 2250 388 2324 446; x_wconf 76' lang='lat' dir='ltr'><strong>al.</strong></span> <span class='ocrx_word' id='word_1_7' title='bbox 2357 386 2446 446; x_wconf 88' lang='grc' dir='ltr'><strong>ΙΙΙ.</strong></span> <span class='ocrx_word' id='word_1_8' title='bbox 3602 389 3674 443; x_wconf 65' lang='grc'>⁸³</span> 
     </span>
    </p>
   </div>
   <div class='ocr_carea' id='block_1_3' title="bbox 150 501 1856 582">
    <p class='ocr_par' dir='ltr' id='par_1_3' title="bbox 150 501 1856 582">
     <span class='ocr_line' id='line_1_3' title="bbox 150 501 1856 582; baseline -0.002 -21"><span class='ocrx_word' id='word_1_9' title='bbox 150 507 252 582; x_wconf 77' lang='grc' dir='ltr'>ῆδη</span> <span class='ocrx_word' id='word_1_10' title='bbox 285 505 424 580; x_wconf 86' lang='grc' dir='ltr'>πρὸς</span> <span class='ocrx_word' id='word_1_11' title='bbox 453 503 600 577; x_wconf 75' lang='grc' dir='ltr'>ὑμᾶς</span> <span class='ocrx_word' id='word_1_12' title='bbox 621 504 752 577; x_wconf 73' lang='grc' dir='ltr'>ἐρῶ.</span> <span class='ocrx_word' id='word_1_13' title='bbox 776 502 900 559; x_wconf 85' lang='grc' dir='ltr'>Τῶν</span> <span class='ocrx_word' id='word_1_14' title='bbox 922 501 1124 558; x_wconf 85' lang='grc' dir='ltr'>λοιπῶν</span> <span class='ocrx_word' id='word_1_15' title='bbox 1152 505 1556 576; x_wconf 78' lang='grc' dir='ltr'>εύαγγελιοτῶν</span> <span class='ocrx_word' id='word_1_16' title='bbox 1593 506 1656 560; x_wconf 83' lang='grc' dir='ltr'>τὸ</span> <span class='ocrx_word' id='word_1_17' title='bbox 1690 505 1856 559; x_wconf 88' lang='grc' dir='ltr'>πλέον</span> 
     </span>
    </p>
   </div>
   <div class='ocr_carea' id='block_1_4' title="bbox 149 588 1857 666">
    <p class='ocr_par' dir='ltr' id='par_1_4' title="bbox 149 588 1857 666">
     <span class='ocr_line' id='line_1_4' title="bbox 149 588 1857 666; baseline -0.004 -14"><span class='ocrx_word' id='word_1_18' title='bbox 149 597 210 652; x_wconf 73' lang='grc' dir='ltr'>ἐν</span> <span class='ocrx_word' id='word_1_19' title='bbox 233 598 349 659; x_wconf 80' lang='grc' dir='ltr'>τοῖς</span> <span class='ocrx_word' id='word_1_20' title='bbox 378 592 520 648; x_wconf 86' lang='grc' dir='ltr'>κατά</span> <span class='ocrx_word' id='word_1_21' title='bbox 544 594 724 665; x_wconf 87' lang='grc' dir='ltr'>σάρκα</span> <span class='ocrx_word' id='word_1_22' title='bbox 753 593 1151 664; x_wconf 72' lang='grc' dir='ltr'>διατριψάντων</span> <span class='ocrx_word' id='word_1_23' title='bbox 1176 593 1375 662; x_wconf 82' lang='grc' dir='ltr'>λόγοις,</span> <span class='ocrx_word' id='word_1_24' title='bbox 1409 593 1530 658; x_wconf 83' lang='grc' dir='ltr'>δέος</span> <span class='ocrx_word' id='word_1_25' title='bbox 1556 588 1626 664; x_wconf 78' lang='grc' dir='ltr'>ἦν</span> <span class='ocrx_word' id='word_1_26' title='bbox 1655 592 1750 646; x_wconf 90' lang='grc' dir='ltr'>τοῦ</span> <span class='ocrx_word' id='word_1_27' title='bbox 1777 595 1857 666; x_wconf 74' lang='grc' dir='ltr'>μή</span> 
     </span>
    </p>
   </div>
   <div class='ocr_carea' id='block_1_5' title="bbox 147 680 1851 753">
    <p class='ocr_par' dir='ltr' id='par_1_5' title="bbox 147 680 1851 753">
     <span class='ocr_line' id='line_1_5' title="bbox 147 680 1851 753; baseline -0.002 -15"><span class='ocrx_word' id='word_1_28' title='bbox 147 701 305 747; x_wconf 84' lang='grc' dir='ltr'>τινας</span> <span class='ocrx_word' id='word_1_29' title='bbox 336 682 426 736; x_wconf 81' lang='grc' dir='ltr'>διά</span> <span class='ocrx_word' id='word_1_30' title='bbox 450 680 608 735; x_wconf 89' lang='grc' dir='ltr'>τοῦτο</span> <span class='ocrx_word' id='word_1_31' title='bbox 635 684 1000 753; x_wconf 68' lang='grc' dir='ltr'>χαμαιπετεῖς</span> <span class='ocrx_word' id='word_1_32' title='bbox 1025 681 1188 747; x_wconf 76' lang='grc' dir='ltr'>ὄντας</span> <span class='ocrx_word' id='word_1_33' title='bbox 1233 681 1448 745; x_wconf 83' lang='grc' dir='ltr'>τούτοις</span> <span class='ocrx_word' id='word_1_34' title='bbox 1487 682 1851 751; x_wconf 81' lang='grc' dir='ltr'>έναπομεῖναι</span> 
     </span>
    </p>
   </div>
   <div class='ocr_carea' id='block_1_6' title="bbox 153 765 1853 843">
    <p class='ocr_par' dir='ltr' id='par_1_6' title="bbox 153 765 1853 843">
     <span class='ocr_line' id='line_1_6' title="bbox 153 765 1853 843; baseline -0.002 -18"><span class='ocrx_word' id='word_1_35' title='bbox 153 772 343 843; x_wconf 84' lang='grc' dir='ltr'>μόνοις</span> <span class='ocrx_word' id='word_1_36' title='bbox 367 771 482 833; x_wconf 90' lang='grc' dir='ltr'>τοῖς</span> <span class='ocrx_word' id='word_1_37' title='bbox 499 768 798 840; x_wconf 79' lang='grc' dir='ltr'>δόγμασιν·</span> <span class='ocrx_word' id='word_1_38' title='bbox 831 769 861 822; x_wconf 82' lang='lat'>6</span> <span class='ocrx_word' id='word_1_39' title='bbox 895 768 992 822; x_wconf 72' lang='grc' dir='ltr'>καὶ</span> <span class='ocrx_word' id='word_1_40' title='bbox 1021 765 1236 832; x_wconf 92' lang='grc' dir='ltr'>Παῦλος</span> <span class='ocrx_word' id='word_1_41' title='bbox 1276 767 1480 822; x_wconf 80' lang='grc' dir='ltr'>έπαθεν</span> <span class='ocrx_word' id='word_1_42' title='bbox 1526 770 1556 822; x_wconf 98' lang='lat'><em>6</em></span> <span class='ocrx_word' id='word_1_43' title='bbox 1593 766 1853 840; x_wconf 77' lang='grc' dir='ltr'>Σαμοσα-</span> 
     </span>
    </p>
   </div>
   <div class='ocr_carea' id='block_1_7' title="bbox 149 853 1854 929">
    <p class='ocr_par' dir='ltr' id='par_1_7' title="bbox 149 853 1854 929">
     <span class='ocr_line' id='line_1_7' title="bbox 149 853 1854 929; baseline -0.003 -15"><span class='ocrx_word' id='word_1_44' title='bbox 149 858 296 922; x_wconf 87' lang='grc' dir='ltr'>τεὺς.</span> <span class='ocrx_word' id='word_1_45' title='bbox 339 856 436 912; x_wconf 80' lang='grc' dir='ltr'>Ἐκ</span> <span class='ocrx_word' id='word_1_46' title='bbox 460 853 664 928; x_wconf 80' lang='grc' dir='ltr'>ταύτης</span> <span class='ocrx_word' id='word_1_47' title='bbox 689 857 872 910; x_wconf 78' lang='grc' dir='ltr'>τοίνυν</span> <span class='ocrx_word' id='word_1_48' title='bbox 896 856 1118 925; x_wconf 77' lang='grc' dir='ltr'>ἀνάγων</span> <span class='ocrx_word' id='word_1_49' title='bbox 1147 867 1170 894; x_wconf 69' lang='grc' dir='ltr'>δ</span> <span class='ocrx_word' id='word_1_50' title='bbox 1203 858 1302 929; x_wconf 81' lang='grc' dir='ltr'>τῆς</span> <span class='ocrx_word' id='word_1_51' title='bbox 1328 855 1705 928; x_wconf 77' lang='grc' dir='ltr'>χαμαιζηλίας</span> <span class='ocrx_word' id='word_1_52' title='bbox 1724 855 1854 921; x_wconf 80' lang='grc' dir='ltr'>τοὺς</span> 
     </span>
    </p>
   </div>
   <div class='ocr_carea' id='block_1_8' title="bbox 152 944 1851 1019">
    <p class='ocr_par' dir='ltr' id='par_1_8' title="bbox 152 944 1851 1019">
     <span class='ocr_line' id='line_1_8' title="bbox 152 944 1851 1019; baseline 0 -21"><span class='ocrx_word' id='word_1_53' title='bbox 152 946 448 1019; x_wconf 80' lang='grc' dir='ltr'>μέλλοντας</span> <span class='ocrx_word' id='word_1_54' title='bbox 483 944 864 1018; x_wconf 74' lang='grc' dir='ltr'>ἐμπεσεῖσθαι.</span> <span class='ocrx_word' id='word_1_55' title='bbox 911 945 1008 999; x_wconf 75' lang='grc' dir='ltr'>καὶ</span> <span class='ocrx_word' id='word_1_56' title='bbox 1049 946 1130 1011; x_wconf 87' lang='grc' dir='ltr'>είς</span> <span class='ocrx_word' id='word_1_57' title='bbox 1170 945 1263 999; x_wconf 85' lang='grc' dir='ltr'>τὸν</span> <span class='ocrx_word' id='word_1_58' title='bbox 1299 945 1532 1016; x_wconf 86' lang='grc' dir='ltr'>οὐρανὸν</span> <span class='ocrx_word' id='word_1_59' title='bbox 1580 944 1851 1008; x_wconf 80' lang='grc' dir='ltr'>ἀνέλκων,</span> 
     </span>
    </p>
   </div>
   <div class='ocr_carea' id='block_1_9' title="bbox 147 1026 1852 1105">
    <p class='ocr_par' dir='ltr' id='par_1_9' title="bbox 147 1026 1852 1105">
     <span class='ocr_line' id='line_1_9' title="bbox 147 1026 1852 1105; baseline -0.001 -16"><span class='ocrx_word' id='word_1_60' title='bbox 147 1033 379 1099; x_wconf 86' lang='grc' dir='ltr'>εἰκότως</span> <span class='ocrx_word' id='word_1_61' title='bbox 401 1033 610 1090; x_wconf 78' lang='grc' dir='ltr'>ἀνωθεν</span> <span class='ocrx_word' id='word_1_62' title='bbox 641 1026 736 1087; x_wconf 70' lang='grc' dir='ltr'>καὶ</span> <span class='ocrx_word' id='word_1_63' title='bbox 766 1034 831 1087; x_wconf 86' lang='grc' dir='ltr'>ἐκ</span> <span class='ocrx_word' id='word_1_64' title='bbox 844 1033 945 1104; x_wconf 82' lang='grc' dir='ltr'>τῆς</span> <span class='ocrx_word' id='word_1_65' title='bbox 966 1030 1259 1105; x_wconf 79' lang='grc' dir='ltr'>ὑπάρξεως</span> <span class='ocrx_word' id='word_1_66' title='bbox 1288 1031 1392 1103; x_wconf 88' lang='grc' dir='ltr'>τῆς</span> <span class='ocrx_word' id='word_1_67' title='bbox 1414 1031 1588 1087; x_wconf 79' lang='grc' dir='ltr'>ἀϊδίου</span> <span class='ocrx_word' id='word_1_68' title='bbox 1617 1035 1852 1087; x_wconf 87' lang='grc' dir='ltr'>ποιεῖται</span> 
     </span>
    </p>
   </div>
   <div class='ocr_carea' id='block_1_10' title="bbox 146 1114 1854 1194">
    <p class='ocr_par' dir='ltr' id='par_1_10' title="bbox 146 1114 1854 1194">
     <span class='ocr_line' id='line_1_10' title="bbox 146 1114 1854 1194; baseline -0.001 -18"><span class='ocrx_word' id='word_1_69' title='bbox 146 1123 251 1194; x_wconf 89' lang='grc' dir='ltr'>τῆς</span> <span class='ocrx_word' id='word_1_70' title='bbox 276 1123 586 1194; x_wconf 79' lang='grc' dir='ltr'>διηγήσεως</span> <span class='ocrx_word' id='word_1_71' title='bbox 617 1122 720 1192; x_wconf 75' lang='grc' dir='ltr'>τὴν</span> <span class='ocrx_word' id='word_1_72' title='bbox 760 1119 959 1192; x_wconf 76' lang='grc' dir='ltr'>ἀρχήν.</span> <span class='ocrx_word' id='word_1_73' title='bbox 979 1117 1106 1176; x_wconf 84' lang='grc' dir='ltr'>-Τοῦ</span> <span class='ocrx_word' id='word_1_74' title='bbox 1143 1120 1246 1193; x_wconf 72' lang='grc' dir='ltr'>μὲν</span> <span class='ocrx_word' id='word_1_75' title='bbox 1283 1119 1398 1194; x_wconf 93' lang='lat'>7&amp;9</span> <span class='ocrx_word' id='word_1_76' title='bbox 1428 1120 1712 1176; x_wconf 84' lang='grc' dir='ltr'>Ματθαίου</span> <span class='ocrx_word' id='word_1_77' title='bbox 1741 1114 1854 1175; x_wconf 86' lang='grc' dir='ltr'>ἀπὸ</span> 
     </span>
    </p>
   </div>
   <div class='ocr_carea' id='block_1_11' title="bbox 159 1201 1851 1283">
    <p class='ocr_par' dir='ltr' id='par_1_11' title="bbox 159 1201 1851 1283">
     <span class='ocr_line' id='line_1_11' title="bbox 159 1201 1851 1283; baseline -0.001 -18"><span class='ocrx_word' id='word_1_78' title='bbox 159 1209 406 1283; x_wconf 80' lang='grc' dir='ltr'>Ἡρώδου</span> <span class='ocrx_word' id='word_1_79' title='bbox 437 1208 533 1262; x_wconf 88' lang='grc' dir='ltr'>τοῦ</span> <span class='ocrx_word' id='word_1_80' title='bbox 565 1201 852 1278; x_wconf 80' lang='grc' dir='ltr'>βασιλέως,</span> <span class='ocrx_word' id='word_1_81' title='bbox 875 1206 972 1261; x_wconf 89' lang='grc' dir='ltr'>τοῦ</span> <span class='ocrx_word' id='word_1_82' title='bbox 1007 1209 1196 1263; x_wconf 78' lang='grc' dir='ltr'>Λουκά</span> <span class='ocrx_word' id='word_1_83' title='bbox 1238 1207 1296 1263; x_wconf 79' lang='grc' dir='ltr'>δέ</span> <span class='ocrx_word' id='word_1_84' title='bbox 1326 1209 1436 1263; x_wconf 77' lang='grc' dir='ltr'>ἀπὸ</span> <span class='ocrx_word' id='word_1_85' title='bbox 1478 1204 1733 1283; x_wconf 85' lang='grc' dir='ltr'>Τιϐερίου</span> <span class='ocrx_word' id='word_1_86' title='bbox 1753 1211 1851 1264; x_wconf 88' lang='grc' dir='ltr'>τοῦ</span> 
     </span>
    </p>
   </div>
   <div class='ocr_carea' id='block_1_12' title="bbox 147 1286 1851 1366">
    <p class='ocr_par' dir='ltr' id='par_1_12' title="bbox 147 1286 1851 1366">
     <span class='ocr_line' id='line_1_12' title="bbox 147 1286 1851 1366; baseline -0.002 -16"><span class='ocrx_word' id='word_1_87' title='bbox 147 1296 453 1366; x_wconf 78' lang='grc' dir='ltr'>Καίσαρος,</span> <span class='ocrx_word' id='word_1_88' title='bbox 479 1290 576 1346; x_wconf 86' lang='grc' dir='ltr'>τοῦ</span> <span class='ocrx_word' id='word_1_89' title='bbox 606 1292 665 1346; x_wconf 76' lang='lat'>61</span> <span class='ocrx_word' id='word_1_90' title='bbox 697 1293 928 1364; x_wconf 84' lang='grc' dir='ltr'>Μάρκου</span> <span class='ocrx_word' id='word_1_91' title='bbox 962 1291 1073 1347; x_wconf 87' lang='grc' dir='ltr'>ἀπὸ</span> <span class='ocrx_word' id='word_1_92' title='bbox 1104 1290 1199 1346; x_wconf 86' lang='grc' dir='ltr'>τοῦ</span> <span class='ocrx_word' id='word_1_93' title='bbox 1241 1291 1622 1364; x_wconf 71' lang='grc' dir='ltr'>βαπτίσματος</span> <span class='ocrx_word' id='word_1_94' title='bbox 1666 1286 1851 1348; x_wconf 82' lang='grc' dir='ltr'>Ἰωάν-</span> 
     </span>
    </p>
   </div>
   <div class='ocr_carea' id='block_1_13' title="bbox 144 1372 1852 1454">
    <p class='ocr_par' dir='ltr' id='par_1_13' title="bbox 144 1372 1852 1454">
     <span class='ocr_line' id='line_1_13' title="bbox 144 1372 1852 1454; baseline -0.002 -16"><span class='ocrx_word' id='word_1_95' title='bbox 144 1401 243 1438; x_wconf 89' lang='grc' dir='ltr'>νου</span> <span class='ocrx_word' id='word_1_96' title='bbox 269 1382 406 1454; x_wconf 85' lang='grc' dir='ltr'>πρὸς</span> <span class='ocrx_word' id='word_1_97' title='bbox 436 1379 536 1452; x_wconf 75' lang='grc' dir='ltr'>τὴν</span> <span class='ocrx_word' id='word_1_98' title='bbox 568 1379 823 1450; x_wconf 85' lang='grc' dir='ltr'>διήγησιν</span> <span class='ocrx_word' id='word_1_99' title='bbox 856 1378 1235 1445; x_wconf 88' lang='grc' dir='ltr'>εἰσϐαλόντων,</span> <span class='ocrx_word' id='word_1_100' title='bbox 1267 1380 1447 1435; x_wconf 87' lang='grc' dir='ltr'>πάντα</span> <span class='ocrx_word' id='word_1_101' title='bbox 1487 1372 1662 1435; x_wconf 85' lang='grc' dir='ltr'>ταῦτα</span> <span class='ocrx_word' id='word_1_102' title='bbox 1690 1373 1852 1450; x_wconf 68' lang='grc' dir='ltr'>ἀφεὶς</span> 
     </span>
    </p>
   </div>
   <div class='ocr_carea' id='block_1_14' title="bbox 143 1463 1847 1539">
    <p class='ocr_par' dir='ltr' id='par_1_14' title="bbox 143 1463 1847 1539">
     <span class='ocr_line' id='line_1_14' title="bbox 143 1463 1847 1539; baseline -0.002 -14"><span class='ocrx_word' id='word_1_103' title='bbox 143 1463 308 1534; x_wconf 73' lang='grc' dir='ltr'>οὗτος</span> <span class='ocrx_word' id='word_1_104' title='bbox 344 1466 682 1537; x_wconf 62' lang='grc' dir='ltr'>δ,’ἀνωτέρω</span> <span class='ocrx_word' id='word_1_105' title='bbox 711 1465 913 1530; x_wconf 83' lang='grc' dir='ltr'>παντὸς</span> <span class='ocrx_word' id='word_1_106' title='bbox 959 1467 1136 1522; x_wconf 72' lang='grc' dir='ltr'>ἄνεισι</span> <span class='ocrx_word' id='word_1_107' title='bbox 1180 1467 1377 1539; x_wconf 82' lang='grc' dir='ltr'>χρόνου</span> <span class='ocrx_word' id='word_1_108' title='bbox 1405 1483 1468 1520; x_wconf 87' lang='grc' dir='ltr'>τε</span> <span class='ocrx_word' id='word_1_109' title='bbox 1503 1467 1599 1521; x_wconf 73' lang='grc' dir='ltr'>καὶ</span> <span class='ocrx_word' id='word_1_110' title='bbox 1627 1468 1847 1533; x_wconf 88' lang='grc' dir='ltr'>αἰῶνος,</span> 
     </span>
    </p>
   </div>
   <div class='ocr_carea' id='block_1_15' title="bbox 145 1553 1851 1628">
    <p class='ocr_par' dir='ltr' id='par_1_15' title="bbox 145 1553 1851 1628">
     <span class='ocr_line' id='line_1_15' title="bbox 145 1553 1851 1628; baseline -0.006 -15"><span class='ocrx_word' id='word_1_111' title='bbox 145 1560 269 1613; x_wconf 85' lang='grc' dir='ltr'>ἐκεῖ</span> <span class='ocrx_word' id='word_1_112' title='bbox 287 1555 386 1628; x_wconf 81' lang='grc' dir='ltr'>τὴν</span> <span class='ocrx_word' id='word_1_113' title='bbox 414 1554 656 1610; x_wconf 81' lang='grc' dir='ltr'>διάνοιαν</span> <span class='ocrx_word' id='word_1_114' title='bbox 680 1553 792 1606; x_wconf 89' lang='grc' dir='ltr'>τῶν</span> <span class='ocrx_word' id='word_1_115' title='bbox 821 1553 1111 1625; x_wconf 82' lang='grc' dir='ltr'>ἀκροατῶν</span> <span class='ocrx_word' id='word_1_116' title='bbox 1136 1554 1438 1620; x_wconf 77' lang='grc' dir='ltr'>ἀκοντίζων</span> <span class='ocrx_word' id='word_1_117' title='bbox 1465 1555 1605 1627; x_wconf 86' lang='grc' dir='ltr'>πρὸς</span> <span class='ocrx_word' id='word_1_118' title='bbox 1636 1555 1722 1624; x_wconf 80' lang='grc' dir='ltr'>τὸ,</span> <span class='ocrx_word' id='word_1_119' title='bbox 1747 1556 1851 1611; x_wconf 71' lang='grc' dir='ltr'>Ἢν</span> 
     </span>
    </p>
   </div>
   <div class='ocr_carea' id='block_1_16' title="bbox 141 1643 1845 1719">
    <p class='ocr_par' dir='ltr' id='par_1_16' title="bbox 141 1643 1845 1719">
     <span class='ocr_line' id='line_1_16' title="bbox 141 1643 1845 1719; baseline -0.015 1"><span class='ocrx_word' id='word_1_120' title='bbox 141 1646 309 1719; x_wconf 64' lang='grc' dir='ltr'>δέ)κῆ</span> <span class='ocrx_word' id='word_1_121' title='bbox 331 1643 432 1718; x_wconf 76' lang='grc' dir='ltr'>ἦνι</span> <span class='ocrx_word' id='word_1_122' title='bbox 459 1645 554 1699; x_wconf 63' lang='grc' dir='ltr'>καὶ</span> <span class='ocrx_word' id='word_1_123' title='bbox 579 1644 682 1698; x_wconf 66' lang='grc' dir='ltr'>οὐκ</span> <span class='ocrx_word' id='word_1_124' title='bbox 710 1644 895 1714; x_wconf 75' lang='grc' dir='ltr'>ἀφιιὶς</span> <span class='ocrx_word' id='word_1_125' title='bbox 925 1643 1120 1715; x_wconf 80' lang='grc' dir='ltr'>στῆναί</span> <span class='ocrx_word' id='word_1_126' title='bbox 1155 1662 1282 1710; x_wconf 77' lang='grc' dir='ltr'>που,</span> <span class='ocrx_word' id='word_1_127' title='bbox 1325 1644 1450 1699; x_wconf 82' lang='grc' dir='ltr'>οὐδὲ</span> <span class='ocrx_word' id='word_1_128' title='bbox 1492 1645 1620 1718; x_wconf 83' lang='grc' dir='ltr'>δρον</span> <span class='ocrx_word' id='word_1_129' title='bbox 1652 1644 1845 1711; x_wconf 75' lang='grc' dir='ltr'>τιθεὶς,</span> 
     </span>
    </p>
   </div>
   <div class='ocr_carea' id='block_1_17' title="bbox 141 1732 1849 1808">
    <p class='ocr_par' dir='ltr' id='par_1_17' title="bbox 141 1732 1849 1808">
     <span class='ocr_line' id='line_1_17' title="bbox 141 1732 1849 1808; baseline -0.004 -15"><span class='ocrx_word' id='word_1_130' title='bbox 141 1735 402 1808; x_wconf 78' lang='grc' dir='ltr'>καθάπερ</span> <span class='ocrx_word' id='word_1_131' title='bbox 442 1737 663 1801; x_wconf 75' lang='grc' dir='ltr'>ἐκεῖνοι,</span> <span class='ocrx_word' id='word_1_132' title='bbox 691 1734 786 1788; x_wconf 88' lang='grc' dir='ltr'>τὸν</span> <span class='ocrx_word' id='word_1_133' title='bbox 830 1732 1081 1806; x_wconf 81' lang='grc' dir='ltr'>Ἡρώδην</span> <span class='ocrx_word' id='word_1_134' title='bbox 1107 1733 1203 1788; x_wconf 73' lang='grc' dir='ltr'>καὶ</span> <span class='ocrx_word' id='word_1_135' title='bbox 1232 1734 1327 1788; x_wconf 84' lang='grc' dir='ltr'>τὸν</span> <span class='ocrx_word' id='word_1_136' title='bbox 1353 1733 1608 1808; x_wconf 87' lang='grc' dir='ltr'>Τιϐέριον</span> <span class='ocrx_word' id='word_1_137' title='bbox 1638 1734 1849 1789; x_wconf 76' lang='grc' dir='ltr'>καὶτὸν</span> 
     </span>
    </p>
   </div>
   <div class='ocr_carea' id='block_1_18' title="bbox 156 1822 1850 1896">
    <p class='ocr_par' dir='ltr' id='par_1_18' title="bbox 156 1822 1850 1896">
     <span class='ocr_line' id='line_1_18' title="bbox 156 1822 1850 1896; baseline -0.002 -16"><span class='ocrx_word' id='word_1_138' title='bbox 156 1827 431 1896; x_wconf 85' lang='grc' dir='ltr'>Ἰωάννην.</span> <span class='ocrx_word' id='word_1_139' title='bbox 471 1826 538 1878; x_wconf 89' lang='grc' dir='ltr'><strong>Ὃ</strong></span> <span class='ocrx_word' id='word_1_140' title='bbox 573 1822 630 1877; x_wconf 84' lang='grc' dir='ltr'>δὲ</span> <span class='ocrx_word' id='word_1_141' title='bbox 672 1822 822 1890; x_wconf 73' lang='grc' dir='ltr'>ἀξιον</span> <span class='ocrx_word' id='word_1_142' title='bbox 870 1823 1011 1893; x_wconf 83' lang='grc' dir='ltr'>μετά</span> <span class='ocrx_word' id='word_1_143' title='bbox 1037 1822 1246 1876; x_wconf 92' lang='grc' dir='ltr'>τούτων</span> <span class='ocrx_word' id='word_1_144' title='bbox 1279 1835 1303 1864; x_wconf 77' lang='grc' dir='ltr'><strong><em>ο</em></strong></span> <span class='ocrx_word' id='word_1_145' title='bbox 1332 1823 1638 1894; x_wconf 86' lang='grc' dir='ltr'>θαυμάσαι,</span> <span class='ocrx_word' id='word_1_146' title='bbox 1670 1824 1850 1877; x_wconf 85' lang='grc' dir='ltr'>ἐκεῖνο</span> 
     </span>
    </p>
   </div>
   <div class='ocr_carea' id='block_1_19' title="bbox 143 1903 1848 1986">
    <p class='ocr_par' dir='ltr' id='par_1_19' title="bbox 143 1903 1848 1986">
     <span class='ocr_line' id='line_1_19' title="bbox 143 1903 1848 1986; baseline -0.001 -19"><span class='ocrx_word' id='word_1_147' title='bbox 143 1913 385 1986; x_wconf 82' lang='grc' dir='ltr'>μάλιστα</span> <span class='ocrx_word' id='word_1_148' title='bbox 403 1912 579 1965; x_wconf 90' lang='grc' dir='ltr'>είπεῖν</span> <span class='ocrx_word' id='word_1_149' title='bbox 598 1910 855 1976; x_wconf 79' lang='grc' dir='ltr'>ἐστιν,ὄτι</span> <span class='ocrx_word' id='word_1_150' title='bbox 892 1908 1018 1963; x_wconf 83' lang='grc' dir='ltr'>οῦτε</span> <span class='ocrx_word' id='word_1_151' title='bbox 1047 1903 1205 1976; x_wconf 77' lang='grc' dir='ltr'>οὗτος</span> <span class='ocrx_word' id='word_1_152' title='bbox 1233 1910 1374 1983; x_wconf 88' lang='grc' dir='ltr'>πρὸς</span> <span class='ocrx_word' id='word_1_153' title='bbox 1397 1913 1490 1966; x_wconf 89' lang='grc' dir='ltr'>τὸν</span> <span class='ocrx_word' id='word_1_154' title='bbox 1517 1911 1848 1983; x_wconf 74' lang='grc' dir='ltr'>ὑψηλότερον</span> 
     </span>
    </p>
   </div>
   <div class='ocr_carea' id='block_1_20' title="bbox 140 2000 1847 2075">
    <p class='ocr_par' dir='ltr' id='par_1_20' title="bbox 140 2000 1847 2075">
     <span class='ocr_line' id='line_1_20' title="bbox 140 2000 1847 2075; baseline -0.001 -18"><span class='ocrx_word' id='word_1_155' title='bbox 140 2003 340 2057; x_wconf 80' lang='grc' dir='ltr'>ἐαυτὸν</span> <span class='ocrx_word' id='word_1_156' title='bbox 390 2000 552 2070; x_wconf 88' lang='grc' dir='ltr'>λόγον</span> <span class='ocrx_word' id='word_1_157' title='bbox 603 2000 789 2070; x_wconf 74' lang='grc' dir='ltr'>ἀφιεὶς</span> <span class='ocrx_word' id='word_1_158' title='bbox 830 2000 932 2069; x_wconf 85' lang='grc' dir='ltr'>τῆς</span> <span class='ocrx_word' id='word_1_159' title='bbox 981 2000 1298 2072; x_wconf 90' lang='grc' dir='ltr'>οἰκονομίας</span> <span class='ocrx_word' id='word_1_160' title='bbox 1348 2001 1625 2075; x_wconf 72' lang='grc' dir='ltr'>ἠμέλησεν</span> <span class='ocrx_word' id='word_1_161' title='bbox 1647 2019 1662 2034; x_wconf 77' lang='grc' dir='ltr'>ο</span> <span class='ocrx_word' id='word_1_162' title='bbox 1720 2000 1847 2056; x_wconf 78' lang='grc' dir='ltr'>οὗτε</span> 
     </span>
    </p>
   </div>
   <div class='ocr_carea' id='block_1_21' title="bbox 137 2087 1847 2162">
    <p class='ocr_par' dir='ltr' id='par_1_21' title="bbox 137 2087 1847 2162">
     <span class='ocr_line' id='line_1_21' title="bbox 137 2087 1847 2162; baseline 0 -17"><span class='ocrx_word' id='word_1_163' title='bbox 137 2092 345 2146; x_wconf 78' lang='grc' dir='ltr'>ἐκεῖνοι</span> <span class='ocrx_word' id='word_1_164' title='bbox 391 2090 494 2162; x_wconf 82' lang='grc' dir='ltr'>τὴν</span> <span class='ocrx_word' id='word_1_165' title='bbox 556 2089 685 2161; x_wconf 75' lang='grc' dir='ltr'>περὶ</span> <span class='ocrx_word' id='word_1_166' title='bbox 724 2087 931 2160; x_wconf 89' lang='grc' dir='ltr'>ταύτης</span> <span class='ocrx_word' id='word_1_167' title='bbox 981 2089 1382 2154; x_wconf 70' lang='grc' dir='ltr'>ἐσπουδακότες</span> <span class='ocrx_word' id='word_1_168' title='bbox 1414 2090 1688 2162; x_wconf 80' lang='grc' dir='ltr'>διήγησιν,</span> <span class='ocrx_word' id='word_1_169' title='bbox 1745 2090 1847 2162; x_wconf 77' lang='grc' dir='ltr'>τὴν</span> 
     </span>
    </p>
   </div>
   <div class='ocr_carea' id='block_1_22' title="bbox 136 2176 1845 2252">
    <p class='ocr_par' dir='ltr' id='par_1_22' title="bbox 136 2176 1845 2252">
     <span class='ocr_line' id='line_1_22' title="bbox 136 2176 1845 2252; baseline -0.001 -18"><span class='ocrx_word' id='word_1_170' title='bbox 136 2180 473 2252; x_wconf 86' lang='grc' dir='ltr'>προαιώνιον</span> <span class='ocrx_word' id='word_1_171' title='bbox 505 2178 771 2248; x_wconf 77' lang='grc' dir='ltr'>ἐσίγησαν</span> <span class='ocrx_word' id='word_1_172' title='bbox 820 2176 1090 2248; x_wconf 61' lang='grc' dir='ltr'>ὕπαρξιν</span> <span class='ocrx_word' id='word_1_173' title='bbox 1133 2180 1229 2233; x_wconf 73' lang='grc' dir='ltr'>καὶ</span> <span class='ocrx_word' id='word_1_174' title='bbox 1276 2179 1422 2250; x_wconf 85' lang='grc' dir='ltr'>μάλα</span> <span class='ocrx_word' id='word_1_175' title='bbox 1454 2180 1703 2245; x_wconf 81' lang='grc' dir='ltr'>εἰκότως.</span> <span class='ocrx_word' id='word_1_176' title='bbox 1748 2181 1845 2234; x_wconf 82' lang='grc' dir='ltr'>Ἐν</span> 
     </span>
    </p>
   </div>
   <div class='ocr_carea' id='block_1_23' title="bbox 134 2262 1846 2340">
    <p class='ocr_par' dir='ltr' id='par_1_23' title="bbox 134 2262 1846 2340">
     <span class='ocr_line' id='line_1_23' title="bbox 134 2262 1846 2340; baseline 0.002 -20"><span class='ocrx_word' id='word_1_177' title='bbox 134 2266 250 2340; x_wconf 88' lang='lat'>7&amp;9</span> <span class='ocrx_word' id='word_1_178' title='bbox 279 2262 350 2339; x_wconf 81' lang='grc' dir='ltr'>ἦν</span> <span class='ocrx_word' id='word_1_179' title='bbox 389 2266 453 2320; x_wconf 90' lang='grc' dir='ltr'>τὸ</span> <span class='ocrx_word' id='word_1_180' title='bbox 478 2263 708 2337; x_wconf 83' lang='grc' dir='ltr'>Πνεῦμα</span> <span class='ocrx_word' id='word_1_181' title='bbox 745 2265 807 2320; x_wconf 81' lang='grc' dir='ltr'>τὸ</span> <span class='ocrx_word' id='word_1_182' title='bbox 849 2265 1035 2320; x_wconf 81' lang='grc' dir='ltr'>κινοῦν</span> <span class='ocrx_word' id='word_1_183' title='bbox 1065 2265 1167 2330; x_wconf 74' lang='grc' dir='ltr'>τὰς</span> <span class='ocrx_word' id='word_1_184' title='bbox 1213 2267 1475 2322; x_wconf 85' lang='grc' dir='ltr'>ἀπάντων</span> <span class='ocrx_word' id='word_1_185' title='bbox 1514 2267 1730 2340; x_wconf 76' lang='grc' dir='ltr'>ψυχάςο</span> <span class='ocrx_word' id='word_1_186' title='bbox 1763 2269 1846 2323; x_wconf 88' lang='grc' dir='ltr'>διὸ</span> 
     </span>
    </p>
   </div>
   <div class='ocr_carea' id='block_1_24' title="bbox 136 2351 1844 2428">
    <p class='ocr_par' dir='ltr' id='par_1_24' title="bbox 136 2351 1844 2428">
     <span class='ocr_line' id='line_1_24' title="bbox 136 2351 1844 2428; baseline 0 -20"><span class='ocrx_word' id='word_1_187' title='bbox 136 2357 234 2409; x_wconf 81' lang='grc' dir='ltr'>καὶ</span> <span class='ocrx_word' id='word_1_188' title='bbox 265 2352 470 2425; x_wconf 78' lang='grc' dir='ltr'>πολλὴν</span> <span class='ocrx_word' id='word_1_189' title='bbox 519 2353 649 2425; x_wconf 78' lang='grc' dir='ltr'>περὶ</span> <span class='ocrx_word' id='word_1_190' title='bbox 675 2352 773 2425; x_wconf 84' lang='grc' dir='ltr'>τὴν</span> <span class='ocrx_word' id='word_1_191' title='bbox 803 2351 1149 2422; x_wconf 76' lang='grc' dir='ltr'>ἀπαγγελίαν</span> <span class='ocrx_word' id='word_1_192' title='bbox 1182 2353 1529 2420; x_wconf 76' lang='grc' dir='ltr'>ἐπεδείξαντο</span> <span class='ocrx_word' id='word_1_193' title='bbox 1569 2354 1668 2426; x_wconf 82' lang='grc' dir='ltr'>τὴν</span> <span class='ocrx_word' id='word_1_194' title='bbox 1712 2356 1844 2428; x_wconf 84' lang='grc' dir='ltr'>ὁμό-</span> 
     </span>
    </p>
   </div>
   <div class='ocr_carea' id='block_1_25' title="bbox 135 2439 1842 2516">
    <p class='ocr_par' dir='ltr' id='par_1_25' title="bbox 135 2439 1842 2516">
     <span class='ocr_line' id='line_1_25' title="bbox 135 2439 1842 2516; baseline 0.002 -21"><span class='ocrx_word' id='word_1_195' title='bbox 135 2459 310 2496; x_wconf 88' lang='grc' dir='ltr'>νοιαν.</span> <span class='ocrx_word' id='word_1_196' title='bbox 335 2441 411 2497; x_wconf 82' lang='grc' dir='ltr'>Σὺ</span> <span class='ocrx_word' id='word_1_197' title='bbox 429 2441 512 2504; x_wconf 73' lang='grc' dir='ltr'>δὲ,</span> <span class='ocrx_word' id='word_1_198' title='bbox 532 2440 808 2512; x_wconf 48' lang='grc' dir='ltr'>ἀγαπητὴ</span> <span class='ocrx_word' id='word_1_199' title='bbox 832 2439 1008 2509; x_wconf 87' lang='grc' dir='ltr'>Λόγον</span> <span class='ocrx_word' id='word_1_200' title='bbox 1028 2441 1292 2506; x_wconf 86' lang='grc' dir='ltr'>ἀκούσας.</span> <span class='ocrx_word' id='word_1_201' title='bbox 1322 2443 1594 2514; x_wconf 84' lang='grc' dir='ltr'>μηδέποτε</span> <span class='ocrx_word' id='word_1_202' title='bbox 1626 2443 1842 2516; x_wconf 79' lang='grc' dir='ltr'>ἀνάσχῃ</span> 
     </span>
    </p>
   </div>
   <div class='ocr_carea' id='block_1_26' title="bbox 134 2519 1844 2597">
    <p class='ocr_par' dir='ltr' id='par_1_26' title="bbox 134 2519 1844 2597">
     <span class='ocr_line' id='line_1_26' title="bbox 134 2519 1844 2597; baseline -0.001 -18"><span class='ocrx_word' id='word_1_203' title='bbox 134 2525 248 2579; x_wconf 90' lang='grc' dir='ltr'>τῶν</span> <span class='ocrx_word' id='word_1_204' title='bbox 281 2523 554 2594; x_wconf 79' lang='grc' dir='ltr'>λεγόντων</span> <span class='ocrx_word' id='word_1_205' title='bbox 587 2523 750 2594; x_wconf 69' lang='grc' dir='ltr'>ἔργον</span> <span class='ocrx_word' id='word_1_206' title='bbox 781 2524 948 2578; x_wconf 87' lang='grc' dir='ltr'>αὑτὸν</span> <span class='ocrx_word' id='word_1_207' title='bbox 969 2519 1135 2589; x_wconf 79' lang='grc' dir='ltr'>εἶναι,</span> <span class='ocrx_word' id='word_1_208' title='bbox 1179 2525 1316 2580; x_wconf 86' lang='grc' dir='ltr'>ἀλλά</span> <span class='ocrx_word' id='word_1_209' title='bbox 1343 2525 1479 2597; x_wconf 89' lang='grc' dir='ltr'>μηδὲ</span> <span class='ocrx_word' id='word_1_210' title='bbox 1517 2524 1627 2581; x_wconf 90' lang='grc' dir='ltr'>τῶν</span> <span class='ocrx_word' id='word_1_211' title='bbox 1651 2524 1844 2590; x_wconf 90' lang='grc' dir='ltr'>ἀπλῶς</span> 
     </span>
    </p>
   </div>
   <div class='ocr_carea' id='block_1_27' title="bbox 135 2606 1841 2688">
    <p class='ocr_par' dir='ltr' id='par_1_27' title="bbox 135 2606 1841 2688">
     <span class='ocr_line' id='line_1_27' title="bbox 135 2606 1841 2688; baseline 0 -22"><span class='ocrx_word' id='word_1_212' title='bbox 135 2613 297 2684; x_wconf 88' lang='grc' dir='ltr'>λόγον</span> <span class='ocrx_word' id='word_1_213' title='bbox 327 2612 494 2667; x_wconf 87' lang='grc' dir='ltr'>αὑτὸν</span> <span class='ocrx_word' id='word_1_214' title='bbox 535 2606 679 2665; x_wconf 73' lang='grc' dir='ltr'>εῖναι</span> <span class='ocrx_word' id='word_1_215' title='bbox 715 2612 1070 2683; x_wconf 78' lang='grc' dir='ltr'>νομιζόντων.</span> <span class='ocrx_word' id='word_1_216' title='bbox 1123 2612 1318 2668; x_wconf 77' lang='grc' dir='ltr'>Πολλοὶ</span> <span class='ocrx_word' id='word_1_217' title='bbox 1361 2613 1461 2683; x_wconf 82' lang='grc' dir='ltr'>μὲν</span> <span class='ocrx_word' id='word_1_218' title='bbox 1503 2614 1612 2688; x_wconf 91' lang='lat'>7&amp;9</span> <span class='ocrx_word' id='word_1_219' title='bbox 1644 2615 1697 2668; x_wconf 84' lang='grc' dir='ltr'>οἰ</span> <span class='ocrx_word' id='word_1_220' title='bbox 1745 2613 1841 2667; x_wconf 91' lang='grc' dir='ltr'>τοῦ</span> 
     </span>
    </p>
   </div>
   <div class='ocr_carea' id='block_1_28' title="bbox 133 2697 1842 2770">
    <p class='ocr_par' dir='ltr' id='par_1_28' title="bbox 133 2697 1842 2770">
     <span class='ocr_line' id='line_1_28' title="bbox 133 2697 1842 2770; baseline 0.001 -15"><span class='ocrx_word' id='word_1_221' title='bbox 133 2700 274 2756; x_wconf 82' lang='grc' dir='ltr'>Θεοῦ</span> <span class='ocrx_word' id='word_1_222' title='bbox 297 2700 470 2770; x_wconf 88' lang='grc' dir='ltr'>λόγοι,</span> <span class='ocrx_word' id='word_1_223' title='bbox 498 2697 591 2763; x_wconf 84' lang='grc' dir='ltr'>οῦς</span> <span class='ocrx_word' id='word_1_224' title='bbox 610 2700 701 2754; x_wconf 76' lang='grc' dir='ltr'>καὶ</span> <span class='ocrx_word' id='word_1_225' title='bbox 721 2699 943 2770; x_wconf 75' lang='grc' dir='ltr'>ἄγγελοι</span> <span class='ocrx_word' id='word_1_226' title='bbox 973 2701 1241 2766; x_wconf 88' lang='grc' dir='ltr'>ποιοῦσιν,</span> <span class='ocrx_word' id='word_1_227' title='bbox 1266 2701 1382 2755; x_wconf 85' lang='grc' dir='ltr'>ἀλλ’</span> <span class='ocrx_word' id='word_1_228' title='bbox 1412 2703 1588 2767; x_wconf 75' lang='grc' dir='ltr'>οὐδεὶς</span> <span class='ocrx_word' id='word_1_229' title='bbox 1614 2702 1842 2756; x_wconf 79' lang='grc' dir='ltr'>ἐκείνων</span> 
     </span>
    </p>
   </div>
   <div class='ocr_carea' id='block_1_29' title="bbox 130 2787 1842 2862">
    <p class='ocr_par' dir='ltr' id='par_1_29' title="bbox 130 2787 1842 2862">
     <span class='ocr_line' id='line_1_29' title="bbox 130 2787 1842 2862; baseline 0.002 -19"><span class='ocrx_word' id='word_1_230' title='bbox 130 2787 246 2843; x_wconf 85' lang='grc' dir='ltr'>τῶν</span> <span class='ocrx_word' id='word_1_231' title='bbox 273 2788 450 2856; x_wconf 90' lang='grc' dir='ltr'>λόγων</span> <span class='ocrx_word' id='word_1_232' title='bbox 469 2787 622 2851; x_wconf 88' lang='grc' dir='ltr'>Θεὸς,</span> <span class='ocrx_word' id='word_1_233' title='bbox 644 2787 760 2842; x_wconf 78' lang='grc' dir='ltr'>ἀλλ’</span> <span class='ocrx_word' id='word_1_234' title='bbox 783 2789 981 2842; x_wconf 72' lang='grc' dir='ltr'>ἐκεῖνοι</span> <span class='ocrx_word' id='word_1_235' title='bbox 1004 2787 1106 2860; x_wconf 69' lang='grc' dir='ltr'>μὲν</span> <span class='ocrx_word' id='word_1_236' title='bbox 1130 2789 1370 2852; x_wconf 80' lang='grc' dir='ltr'>ἀπαντες</span> <span class='ocrx_word' id='word_1_237' title='bbox 1386 2794 1718 2862; x_wconf 78' lang='grc' dir='ltr'>προφητεῖαι</span> <span class='ocrx_word' id='word_1_238' title='bbox 1745 2792 1842 2846; x_wconf 70' lang='grc' dir='ltr'>καὶ</span> 
     </span>
    </p>
   </div>
   <div class='ocr_carea' id='block_1_30' title="bbox 133 2873 1841 2949">
    <p class='ocr_par' dir='ltr' id='par_1_30' title="bbox 133 2873 1841 2949">
     <span class='ocr_line' id='line_1_30' title="bbox 133 2873 1841 2949; baseline -0.01 0"><span class='ocrx_word' id='word_1_239' title='bbox 133 2876 546 2948; x_wconf 75' lang='grc' dir='ltr'>προστάγματα</span> <span class='ocrx_word' id='word_1_240' title='bbox 574 2873 602 2913; x_wconf 64' lang='grc' dir='ltr'><em>δ</em></span> <span class='ocrx_word' id='word_1_241' title='bbox 655 2873 838 2942; x_wconf 63' lang='grc' dir='ltr'>(οὕτω</span> <span class='ocrx_word' id='word_1_242' title='bbox 866 2875 978 2946; x_wconf 76' lang='grc' dir='ltr'>γὰρ</span> <span class='ocrx_word' id='word_1_243' title='bbox 1006 2875 1130 2939; x_wconf 60' lang='grc' dir='ltr'>εθος</span> <span class='ocrx_word' id='word_1_244' title='bbox 1161 2879 1226 2948; x_wconf 69' lang='grc' dir='ltr'>τῇ</span> <span class='ocrx_word' id='word_1_245' title='bbox 1269 2876 1462 2949; x_wconf 74' lang='grc' dir='ltr'>Γραφῇ</span> <span class='ocrx_word' id='word_1_246' title='bbox 1498 2878 1684 2932; x_wconf 80' lang='grc' dir='ltr'>καλεῖν</span> <span class='ocrx_word' id='word_1_247' title='bbox 1711 2880 1841 2942; x_wconf 79' lang='grc' dir='ltr'>τοὺς</span> 
     </span>
    </p>
   </div>
   <div class='ocr_carea' id='block_1_31' title="bbox 132 2961 1836 3040">
    <p class='ocr_par' dir='ltr' id='par_1_31' title="bbox 132 2961 1836 3040">
     <span class='ocr_line' id='line_1_31' title="bbox 132 2961 1836 3040; baseline 0.002 -22"><span class='ocrx_word' id='word_1_248' title='bbox 132 2964 339 3036; x_wconf 87' lang='grc' dir='ltr'>νόμους</span> <span class='ocrx_word' id='word_1_249' title='bbox 371 2961 465 3016; x_wconf 87' lang='grc' dir='ltr'>τοῦ</span> <span class='ocrx_word' id='word_1_250' title='bbox 489 2961 646 3028; x_wconf 85' lang='grc' dir='ltr'>Θεοῦ,</span> <span class='ocrx_word' id='word_1_251' title='bbox 688 2963 786 3017; x_wconf 74' lang='grc' dir='ltr'>καὶ</span> <span class='ocrx_word' id='word_1_252' title='bbox 813 2963 883 3016; x_wconf 90' lang='grc' dir='ltr'>τά</span> <span class='ocrx_word' id='word_1_253' title='bbox 918 2965 1296 3035; x_wconf 81' lang='grc' dir='ltr'>ἐπιτάγματα,</span> <span class='ocrx_word' id='word_1_254' title='bbox 1336 2966 1432 3018; x_wconf 77' lang='grc' dir='ltr'>καὶ</span> <span class='ocrx_word' id='word_1_255' title='bbox 1478 2965 1578 3029; x_wconf 72' lang='grc' dir='ltr'>τὰς</span> <span class='ocrx_word' id='word_1_256' title='bbox 1617 2984 1836 3040; x_wconf 83' lang='grc' dir='ltr'>προφη-</span> 
     </span>
    </p>
   </div>
   <div class='ocr_carea' id='block_1_32' title="bbox 129 3051 1838 3126">
    <p class='ocr_par' dir='ltr' id='par_1_32' title="bbox 129 3051 1838 3126">
     <span class='ocr_line' id='line_1_32' title="bbox 129 3051 1838 3126; baseline 0.005 -21"><span class='ocrx_word' id='word_1_257' title='bbox 129 3053 286 3116; x_wconf 84' lang='grc' dir='ltr'>τείας</span> <span class='ocrx_word' id='word_1_258' title='bbox 308 3067 323 3085; x_wconf 82' lang='grc'>⁶</span> <span class='ocrx_word' id='word_1_259' title='bbox 351 3051 433 3104; x_wconf 87' lang='grc' dir='ltr'>διὸ</span> <span class='ocrx_word' id='word_1_260' title='bbox 457 3052 552 3105; x_wconf 78' lang='grc' dir='ltr'>καὶ</span> <span class='ocrx_word' id='word_1_261' title='bbox 573 3051 771 3120; x_wconf 78' lang='grc' dir='ltr'>ἐπάγει</span> <span class='ocrx_word' id='word_1_262' title='bbox 796 3051 971 3120; x_wconf 87' lang='grc' dir='ltr'>λέγων</span> <span class='ocrx_word' id='word_1_263' title='bbox 990 3054 1119 3126; x_wconf 76' lang='grc' dir='ltr'>περὶ</span> <span class='ocrx_word' id='word_1_264' title='bbox 1144 3054 1254 3107; x_wconf 90' lang='grc' dir='ltr'>τῶν</span> <span class='ocrx_word' id='word_1_265' title='bbox 1279 3055 1551 3125; x_wconf 88' lang='grc' dir='ltr'>ἀγγέλων,</span> <span class='ocrx_word' id='word_1_266' title='bbox 1583 3058 1838 3113; x_wconf 85' lang='grc' dir='ltr'>Δυνατοί</span> 
     </span>
    </p>
   </div>
   <div class='ocr_carea' id='block_1_33' title="bbox 133 3135 1840 3215">
    <p class='ocr_par' dir='ltr' id='par_1_33' title="bbox 133 3135 1840 3215">
     <span class='ocr_line' id='line_1_33' title="bbox 133 3135 1840 3215; baseline 0.004 -21"><span class='ocrx_word' id='word_1_267' title='bbox 133 3139 326 3210; x_wconf 78' lang='grc' dir='ltr'>ἰσχύϊ,</span> <span class='ocrx_word' id='word_1_268' title='bbox 352 3136 674 3204; x_wconf 73' lang='grc' dir='ltr'>ποιοῦντες</span> <span class='ocrx_word' id='word_1_269' title='bbox 703 3137 812 3193; x_wconf 82' lang='grc' dir='ltr'>τὸν</span> <span class='ocrx_word' id='word_1_270' title='bbox 825 3141 1017 3209; x_wconf 73' lang='grc' dir='ltr'>λόγον</span> <span class='ocrx_word' id='word_1_271' title='bbox 1040 3141 1264 3212; x_wconf 83' lang='grc' dir='ltr'>αὐτοῦ)</span> <span class='ocrx_word' id='word_1_272' title='bbox 1286 3159 1300 3173; x_wconf 90' lang='grc'><strong>·</strong></span> <span class='ocrx_word' id='word_1_273' title='bbox 1336 3135 1491 3206; x_wconf 71' lang='grc' dir='ltr'>οὗτος</span> <span class='ocrx_word' id='word_1_274' title='bbox 1514 3143 1572 3196; x_wconf 78' lang='grc' dir='ltr'>δὲ</span> <span class='ocrx_word' id='word_1_275' title='bbox 1607 3145 1635 3198; x_wconf 89' lang='grc' dir='ltr'>ό</span> <span class='ocrx_word' id='word_1_276' title='bbox 1666 3143 1840 3215; x_wconf 85' lang='grc' dir='ltr'>Λόγος</span> 
     </span>
    </p>
   </div>
   <div class='ocr_carea' id='block_1_34' title="bbox 129 3227 1838 3301">
    <p class='ocr_par' dir='ltr' id='par_1_34' title="bbox 129 3227 1838 3301">
     <span class='ocr_line' id='line_1_34' title="bbox 129 3227 1838 3301; baseline 0.004 -19"><span class='ocrx_word' id='word_1_277' title='bbox 129 3227 296 3283; x_wconf 81' lang='grc' dir='ltr'>οὐσία</span> <span class='ocrx_word' id='word_1_278' title='bbox 320 3227 404 3290; x_wconf 86' lang='grc' dir='ltr'>τίς</span> <span class='ocrx_word' id='word_1_279' title='bbox 436 3228 588 3281; x_wconf 74' lang='grc' dir='ltr'>ἐστιν</span> <span class='ocrx_word' id='word_1_280' title='bbox 613 3228 1004 3293; x_wconf 81' lang='grc' dir='ltr'>ἐνυπόστατος,</span> <span class='ocrx_word' id='word_1_281' title='bbox 1034 3229 1095 3296; x_wconf 78' lang='grc' dir='ltr'>ἐξ</span> <span class='ocrx_word' id='word_1_282' title='bbox 1122 3229 1290 3284; x_wconf 90' lang='grc' dir='ltr'>αὑτοῦ</span> <span class='ocrx_word' id='word_1_283' title='bbox 1319 3230 1662 3301; x_wconf 80' lang='grc' dir='ltr'>προελθοῦσα</span> <span class='ocrx_word' id='word_1_284' title='bbox 1688 3234 1838 3288; x_wconf 78' lang='grc' dir='ltr'>ἀπαο</span> 
     </span>
    </p>
   </div>
   <div class='ocr_carea' id='block_1_35' title="bbox 129 3315 1839 3392">
    <p class='ocr_par' dir='ltr' id='par_1_35' title="bbox 129 3315 1839 3392">
     <span class='ocr_line' id='line_1_35' title="bbox 129 3315 1839 3392; baseline 0.002 -21"><span class='ocrx_word' id='word_1_285' title='bbox 129 3316 246 3382; x_wconf 89' lang='grc' dir='ltr'>θῶς</span> <span class='ocrx_word' id='word_1_286' title='bbox 276 3315 370 3370; x_wconf 83' lang='grc' dir='ltr'>τοῦ</span> <span class='ocrx_word' id='word_1_287' title='bbox 405 3316 641 3387; x_wconf 89' lang='grc' dir='ltr'>Πατρός.</span> <span class='ocrx_word' id='word_1_288' title='bbox 668 3315 842 3370; x_wconf 90' lang='grc' dir='ltr'>Τοῦτο</span> <span class='ocrx_word' id='word_1_289' title='bbox 883 3317 1017 3388; x_wconf 83' lang='grc' dir='ltr'>γάρ,</span> <span class='ocrx_word' id='word_1_290' title='bbox 1052 3317 1129 3382; x_wconf 85' lang='grc' dir='ltr'>ὡς</span> <span class='ocrx_word' id='word_1_291' title='bbox 1173 3317 1346 3390; x_wconf 72' lang='grc' dir='ltr'>ἔφθην</span> <span class='ocrx_word' id='word_1_292' title='bbox 1372 3318 1563 3382; x_wconf 86' lang='grc' dir='ltr'>εἰπὼν,</span> <span class='ocrx_word' id='word_1_293' title='bbox 1612 3319 1704 3374; x_wconf 77' lang='grc' dir='ltr'>διὰ</span> <span class='ocrx_word' id='word_1_294' title='bbox 1738 3321 1839 3392; x_wconf 90' lang='grc' dir='ltr'>τῆς</span> 
     </span>
    </p>
   </div>
   <div class='ocr_carea' id='block_1_36' title="bbox 129 3402 1840 3477">
    <p class='ocr_par' dir='ltr' id='par_1_36' title="bbox 129 3402 1840 3477">
     <span class='ocr_line' id='line_1_36' title="bbox 129 3402 1840 3477; baseline 0.001 -18"><span class='ocrx_word' id='word_1_295' title='bbox 129 3403 229 3459; x_wconf 87' lang='grc' dir='ltr'>τοῦ</span> <span class='ocrx_word' id='word_1_296' title='bbox 264 3405 444 3472; x_wconf 83' lang='grc' dir='ltr'>Λόγου</span> <span class='ocrx_word' id='word_1_297' title='bbox 473 3402 847 3475; x_wconf 86' lang='grc' dir='ltr'>προσηγορίας</span> <span class='ocrx_word' id='word_1_298' title='bbox 871 3403 1163 3474; x_wconf 82' lang='grc' dir='ltr'>ἐδήλωσεν.</span> <span class='ocrx_word' id='word_1_299' title='bbox 1204 3406 1417 3477; x_wconf 82' lang='grc' dir='ltr'>Ὠσπερ</span> <span class='ocrx_word' id='word_1_300' title='bbox 1459 3402 1553 3461; x_wconf 83' lang='grc' dir='ltr'>οῦν</span> <span class='ocrx_word' id='word_1_301' title='bbox 1593 3408 1676 3474; x_wconf 89' lang='grc' dir='ltr'>τὸ,</span> <span class='ocrx_word' id='word_1_302' title='bbox 1736 3410 1840 3464; x_wconf 77' lang='grc' dir='ltr'>Ἐν</span> 
     </span>
    </p>
   </div>
   <div class='ocr_carea' id='block_1_37' title="bbox 126 3489 1840 3568">
    <p class='ocr_par' dir='ltr' id='par_1_37' title="bbox 126 3489 1840 3568">
     <span class='ocr_line' id='line_1_37' title="bbox 126 3489 1840 3568; baseline -0.001 -17"><span class='ocrx_word' id='word_1_303' title='bbox 126 3493 296 3564; x_wconf 74' lang='grc' dir='ltr'>ἀρχῇ</span> <span class='ocrx_word' id='word_1_304' title='bbox 325 3489 408 3566; x_wconf 75' lang='grc' dir='ltr'>ἦν</span> <span class='ocrx_word' id='word_1_305' title='bbox 443 3495 476 3546; x_wconf 86' lang='grc' dir='ltr'>ό</span> <span class='ocrx_word' id='word_1_306' title='bbox 499 3494 712 3561; x_wconf 80' lang='grc' dir='ltr'>Λόγος,</span> <span class='ocrx_word' id='word_1_307' title='bbox 740 3491 804 3545; x_wconf 90' lang='grc' dir='ltr'>τὸ</span> <span class='ocrx_word' id='word_1_308' title='bbox 825 3492 997 3546; x_wconf 77' lang='grc' dir='ltr'>ἀΐδιον</span> <span class='ocrx_word' id='word_1_309' title='bbox 1023 3493 1176 3564; x_wconf 87' lang='grc' dir='ltr'>δηλοῖ</span> <span class='ocrx_word' id='word_1_310' title='bbox 1190 3513 1205 3525; x_wconf 94' lang='grc'><strong>·</strong></span> <span class='ocrx_word' id='word_1_311' title='bbox 1238 3494 1382 3549; x_wconf 85' lang='grc' dir='ltr'>οῦτω</span> <span class='ocrx_word' id='word_1_312' title='bbox 1421 3495 1501 3560; x_wconf 85' lang='grc' dir='ltr'>τὸ,</span> <span class='ocrx_word' id='word_1_313' title='bbox 1538 3493 1731 3564; x_wconf 83' lang='grc' dir='ltr'>Οὗτος</span> <span class='ocrx_word' id='word_1_314' title='bbox 1756 3493 1840 3568; x_wconf 82' lang='grc' dir='ltr'>ἦν</span> 
     </span>
    </p>
   </div>
   <div class='ocr_carea' id='block_1_38' title="bbox 126 3580 1835 3659">
    <p class='ocr_par' dir='ltr' id='par_1_38' title="bbox 126 3580 1835 3659">
     <span class='ocr_line' id='line_1_38' title="bbox 126 3580 1835 3659; baseline 0.005 -25"><span class='ocrx_word' id='word_1_315' title='bbox 126 3585 202 3638; x_wconf 78' lang='grc' dir='ltr'>ὲν</span> <span class='ocrx_word' id='word_1_316' title='bbox 229 3580 392 3652; x_wconf 79' lang='grc' dir='ltr'>ἀρχῇ</span> <span class='ocrx_word' id='word_1_317' title='bbox 419 3581 573 3650; x_wconf 76' lang='grc' dir='ltr'>πρὸς</span> <span class='ocrx_word' id='word_1_318' title='bbox 598 3582 705 3634; x_wconf 83' lang='grc' dir='ltr'>τὸν</span> <span class='ocrx_word' id='word_1_319' title='bbox 741 3582 912 3645; x_wconf 79' lang='grc' dir='ltr'>Θεὸν,</span> <span class='ocrx_word' id='word_1_320' title='bbox 955 3582 1019 3635; x_wconf 90' lang='grc' dir='ltr'>τὸ</span> <span class='ocrx_word' id='word_1_321' title='bbox 1067 3583 1342 3638; x_wconf 78' lang='grc' dir='ltr'>συναίδιον</span> <span class='ocrx_word' id='word_1_322' title='bbox 1373 3585 1506 3656; x_wconf 79' lang='grc' dir='ltr'>ἡμῖν</span> <span class='ocrx_word' id='word_1_323' title='bbox 1548 3587 1835 3659; x_wconf 80' lang='grc' dir='ltr'>ἐνέφηνεν.</span> 
     </span>
    </p>
   </div>
   <div class='ocr_carea' id='block_1_39' title="bbox 131 3669 1836 3744">
    <p class='ocr_par' dir='ltr' id='par_1_39' title="bbox 131 3669 1836 3744">
     <span class='ocr_line' id='line_1_39' title="bbox 131 3669 1836 3744; baseline 0.003 -19"><span class='ocrx_word' id='word_1_324' title='bbox 131 3671 253 3726; x_wconf 83' lang='grc' dir='ltr'>Ἰνα</span> <span class='ocrx_word' id='word_1_325' title='bbox 286 3672 393 3742; x_wconf 85' lang='grc' dir='ltr'>γὰρ</span> <span class='ocrx_word' id='word_1_326' title='bbox 431 3670 528 3742; x_wconf 72' lang='grc' dir='ltr'>μὴ,</span> <span class='ocrx_word' id='word_1_327' title='bbox 561 3669 803 3734; x_wconf 83' lang='grc' dir='ltr'>ἀκούσας</span> <span class='ocrx_word' id='word_1_328' title='bbox 829 3671 912 3723; x_wconf 86' lang='grc' dir='ltr'>ὅτι</span> <span class='ocrx_word' id='word_1_329' title='bbox 949 3672 1053 3725; x_wconf 78' lang='grc' dir='ltr'>Ἐν</span> <span class='ocrx_word' id='word_1_330' title='bbox 1073 3671 1231 3742; x_wconf 80' lang='grc' dir='ltr'>ἀρχῇ</span> <span class='ocrx_word' id='word_1_331' title='bbox 1261 3669 1342 3742; x_wconf 84' lang='grc' dir='ltr'>ἦν</span> <span class='ocrx_word' id='word_1_332' title='bbox 1365 3676 1398 3726; x_wconf 91' lang='grc' dir='ltr'>ό</span> <span class='ocrx_word' id='word_1_333' title='bbox 1422 3676 1636 3744; x_wconf 79' lang='grc' dir='ltr'>Λόγος,</span> <span class='ocrx_word' id='word_1_334' title='bbox 1664 3673 1836 3731; x_wconf 73' lang='grc' dir='ltr'>ἀΐδιον</span> 
     </span>
    </p>
   </div>
   <div class='ocr_carea' id='block_1_40' title="bbox 130 3756 1837 3833">
    <p class='ocr_par' dir='ltr' id='par_1_40' title="bbox 130 3756 1837 3833">
     <span class='ocr_line' id='line_1_40' title="bbox 130 3756 1837 3833; baseline 0.002 -22"><span class='ocrx_word' id='word_1_335' title='bbox 130 3761 236 3831; x_wconf 81' lang='grc' dir='ltr'>μὲν</span> <span class='ocrx_word' id='word_1_336' title='bbox 251 3759 506 3830; x_wconf 72' lang='grc' dir='ltr'>νομίσῃς.</span> <span class='ocrx_word' id='word_1_337' title='bbox 535 3756 916 3829; x_wconf 83' lang='grc' dir='ltr'>πρεσϐυτέραν</span> <span class='ocrx_word' id='word_1_338' title='bbox 937 3758 994 3811; x_wconf 82' lang='grc' dir='ltr'>δὲ</span> <span class='ocrx_word' id='word_1_339' title='bbox 1013 3758 1348 3829; x_wconf 84' lang='grc' dir='ltr'>διαστήματί</span> <span class='ocrx_word' id='word_1_340' title='bbox 1371 3778 1477 3814; x_wconf 92' lang='grc' dir='ltr'>τινι</span> <span class='ocrx_word' id='word_1_341' title='bbox 1499 3760 1595 3814; x_wconf 89' lang='grc' dir='ltr'>τοῦ</span> <span class='ocrx_word' id='word_1_342' title='bbox 1621 3762 1837 3833; x_wconf 77' lang='grc' dir='ltr'>Πατρὸς</span> 
     </span>
    </p>
   </div>
   <div class='ocr_carea' id='block_1_41' title="bbox 124 3844 1837 3920">
    <p class='ocr_par' dir='ltr' id='par_1_41' title="bbox 124 3844 1837 3920">
     <span class='ocr_line' id='line_1_41' title="bbox 124 3844 1837 3920; baseline 0.002 -20"><span class='ocrx_word' id='word_1_343' title='bbox 124 3849 230 3919; x_wconf 84' lang='grc' dir='ltr'>τὴν</span> <span class='ocrx_word' id='word_1_344' title='bbox 261 3844 410 3917; x_wconf 81' lang='grc' dir='ltr'>ζωὴν</span> <span class='ocrx_word' id='word_1_345' title='bbox 443 3844 796 3916; x_wconf 81' lang='grc' dir='ltr'>ὑποπτεύσῃς</span> <span class='ocrx_word' id='word_1_346' title='bbox 827 3846 923 3898; x_wconf 78' lang='grc' dir='ltr'>καὶ</span> <span class='ocrx_word' id='word_1_347' title='bbox 956 3844 1115 3899; x_wconf 80' lang='grc' dir='ltr'>αἰῶνι</span> <span class='ocrx_word' id='word_1_348' title='bbox 1148 3847 1377 3910; x_wconf 80' lang='grc' dir='ltr'>πλείονι,</span> <span class='ocrx_word' id='word_1_349' title='bbox 1410 3849 1505 3902; x_wconf 80' lang='grc' dir='ltr'>καὶ</span> <span class='ocrx_word' id='word_1_350' title='bbox 1543 3849 1620 3920; x_wconf 82' lang='grc' dir='ltr'>τῷ</span> <span class='ocrx_word' id='word_1_351' title='bbox 1659 3852 1837 3904; x_wconf 82' lang='grc' dir='ltr'>Μονο-</span> 
     </span>
    </p>
   </div>
   <div class='ocr_carea' id='block_1_42' title="bbox 124 3933 1838 4007">
    <p class='ocr_par' dir='ltr' id='par_1_42' title="bbox 124 3933 1838 4007">
     <span class='ocr_line' id='line_1_42' title="bbox 124 3933 1838 4007; baseline 0.004 -19"><span class='ocrx_word' id='word_1_352' title='bbox 124 3940 280 4007; x_wconf 79' lang='grc' dir='ltr'>γενεῖ</span> <span class='ocrx_word' id='word_1_353' title='bbox 301 3934 410 4006; x_wconf 76' lang='grc' dir='ltr'>δῷς</span> <span class='ocrx_word' id='word_1_354' title='bbox 438 3933 632 4005; x_wconf 78' lang='grc' dir='ltr'>ἀρχὴν,</span> <span class='ocrx_word' id='word_1_355' title='bbox 665 3935 919 4004; x_wconf 77' lang='grc' dir='ltr'>ἐπήγαγε</span> <span class='ocrx_word' id='word_1_356' title='bbox 952 3934 1034 4001; x_wconf 88' lang='grc' dir='ltr'>τὸ,</span> <span class='ocrx_word' id='word_1_357' title='bbox 1071 3935 1153 3988; x_wconf 85' lang='grc' dir='ltr'>ὅτι</span> <span class='ocrx_word' id='word_1_358' title='bbox 1201 3935 1298 3988; x_wconf 77' lang='grc' dir='ltr'>ἐν</span> <span class='ocrx_word' id='word_1_359' title='bbox 1329 3936 1491 4006; x_wconf 69' lang='grc' dir='ltr'>ἀρχιῖ</span> <span class='ocrx_word' id='word_1_360' title='bbox 1535 3939 1687 4005; x_wconf 80' lang='grc' dir='ltr'>πρὸς</span> <span class='ocrx_word' id='word_1_361' title='bbox 1727 3939 1838 3994; x_wconf 85' lang='grc' dir='ltr'>τὸν</span> 
     </span>
    </p>
   </div>
   <div class='ocr_carea' id='block_1_43' title="bbox 127 4023 1835 4104">
    <p class='ocr_par' dir='ltr' id='par_1_43' title="bbox 127 4023 1835 4104">
     <span class='ocr_line' id='line_1_43' title="bbox 127 4023 1835 4104; baseline 0.002 -22"><span class='ocrx_word' id='word_1_362' title='bbox 127 4030 285 4082; x_wconf 69' lang='grc' dir='ltr'>θεὸν</span> <span class='ocrx_word' id='word_1_363' title='bbox 313 4023 414 4098; x_wconf 76' lang='grc' dir='ltr'>ἦν,</span> <span class='ocrx_word' id='word_1_364' title='bbox 453 4024 627 4088; x_wconf 84' lang='grc' dir='ltr'>οὑτως</span> <span class='ocrx_word' id='word_1_365' title='bbox 655 4025 842 4104; x_wconf 71' lang='grc' dir='ltr'>ἀΐδιος.</span> <span class='ocrx_word' id='word_1_366' title='bbox 870 4025 948 4089; x_wconf 84' lang='grc' dir='ltr'>ῶς</span> <span class='ocrx_word' id='word_1_367' title='bbox 973 4037 998 4065; x_wconf 77' lang='grc' dir='ltr'><strong><em>ο</em></strong></span> <span class='ocrx_word' id='word_1_368' title='bbox 1029 4026 1193 4090; x_wconf 88' lang='grc' dir='ltr'>αὑτὸς</span> <span class='ocrx_word' id='word_1_369' title='bbox 1223 4030 1252 4081; x_wconf 92' lang='lat'><em>6</em></span> <span class='ocrx_word' id='word_1_370' title='bbox 1277 4027 1470 4100; x_wconf 81' lang='grc' dir='ltr'>Πατήρ</span> <span class='ocrx_word' id='word_1_371' title='bbox 1490 4046 1503 4059; x_wconf 87' lang='grc'>·</span> <span class='ocrx_word' id='word_1_372' title='bbox 1539 4029 1601 4082; x_wconf 91' lang='grc' dir='ltr'>οὑ</span> <span class='ocrx_word' id='word_1_373' title='bbox 1626 4031 1734 4104; x_wconf 89' lang='lat'>7&amp;9</span> <span class='ocrx_word' id='word_1_374' title='bbox 1765 4027 1835 4104; x_wconf 79' lang='grc' dir='ltr'>ἦν</span> 
     </span>
    </p>
   </div>
   <div class='ocr_carea' id='block_1_44' title="bbox 125 4112 1832 4191">
    <p class='ocr_par' dir='ltr' id='par_1_44' title="bbox 125 4112 1832 4191">
     <span class='ocr_line' id='line_1_44' title="bbox 125 4112 1832 4191; baseline 0.002 -22"><span class='ocrx_word' id='word_1_375' title='bbox 125 4117 339 4188; x_wconf 72' lang='grc' dir='ltr'>ἕρημος</span> <span class='ocrx_word' id='word_1_376' title='bbox 373 4113 628 4167; x_wconf 80' lang='grc' dir='ltr'>οὐδέποτε</span> <span class='ocrx_word' id='word_1_377' title='bbox 657 4112 754 4166; x_wconf 91' lang='grc' dir='ltr'>τοῦ</span> <span class='ocrx_word' id='word_1_378' title='bbox 779 4113 980 4182; x_wconf 87' lang='grc' dir='ltr'>Λόγου,</span> <span class='ocrx_word' id='word_1_379' title='bbox 1014 4113 1131 4167; x_wconf 90' lang='grc' dir='ltr'>ἀλλ’</span> <span class='ocrx_word' id='word_1_380' title='bbox 1156 4115 1245 4169; x_wconf 72' lang='grc' dir='ltr'>ἀεὶ</span> <span class='ocrx_word' id='word_1_381' title='bbox 1270 4116 1405 4180; x_wconf 90' lang='grc' dir='ltr'>Θεὸς</span> <span class='ocrx_word' id='word_1_382' title='bbox 1431 4117 1569 4188; x_wconf 85' lang='grc' dir='ltr'>πρὸς</span> <span class='ocrx_word' id='word_1_383' title='bbox 1587 4118 1722 4172; x_wconf 79' lang='grc' dir='ltr'>Θεὸν</span> <span class='ocrx_word' id='word_1_384' title='bbox 1742 4114 1832 4191; x_wconf 77' lang='grc' dir='ltr'>ἦν,</span> 
     </span>
    </p>
   </div>
   <div class='ocr_carea' id='block_1_45' title="bbox 125 4198 1830 4274">
    <p class='ocr_par' dir='ltr' id='par_1_45' title="bbox 125 4198 1830 4274">
     <span class='ocr_line' id='line_1_45' title="bbox 125 4198 1830 4274; baseline 0.001 -16"><span class='ocrx_word' id='word_1_385' title='bbox 125 4208 187 4258; x_wconf 90' lang='grc' dir='ltr'>ἐν</span> <span class='ocrx_word' id='word_1_386' title='bbox 222 4203 529 4257; x_wconf 82' lang='grc' dir='ltr'>ὑποστάσει</span> <span class='ocrx_word' id='word_1_387' title='bbox 578 4201 763 4272; x_wconf 84' lang='grc' dir='ltr'>μέντοι</span> <span class='ocrx_word' id='word_1_388' title='bbox 794 4201 921 4272; x_wconf 78' lang='grc' dir='ltr'>ἰδίᾳ.</span> <span class='ocrx_word' id='word_1_389' title='bbox 950 4201 1075 4266; x_wconf 91' lang='grc' dir='ltr'>Πῶς</span> <span class='ocrx_word' id='word_1_390' title='bbox 1114 4198 1229 4270; x_wconf 82' lang='grc' dir='ltr'>οὖν,</span> <span class='ocrx_word' id='word_1_391' title='bbox 1279 4204 1467 4274; x_wconf 81' lang='grc' dir='ltr'>φησὶν,</span> <span class='ocrx_word' id='word_1_392' title='bbox 1513 4202 1684 4268; x_wconf 82' lang='grc' dir='ltr'>εἶπεν,</span> <span class='ocrx_word' id='word_1_393' title='bbox 1726 4208 1830 4261; x_wconf 74' lang='lat'><strong>61:-</strong></span> 
     </span>
    </p>
   </div>
   <div class='ocr_carea' id='block_1_46' title="bbox 140 4286 1834 4367">
    <p class='ocr_par' dir='ltr' id='par_1_46' title="bbox 140 4286 1834 4367">
     <span class='ocr_line' id='line_1_46' title="bbox 140 4286 1834 4367; baseline 0.002 -18"><span class='ocrx_word' id='word_1_394' title='bbox 140 4295 246 4349; x_wconf 81' lang='grc' dir='ltr'>Ἐν</span> <span class='ocrx_word' id='word_1_395' title='bbox 262 4291 345 4358; x_wconf 83' lang='grc' dir='ltr'>τῷ</span> <span class='ocrx_word' id='word_1_396' title='bbox 370 4294 582 4360; x_wconf 83' lang='grc' dir='ltr'>κόσμῳ</span> <span class='ocrx_word' id='word_1_397' title='bbox 612 4286 712 4367; x_wconf 78' lang='grc' dir='ltr'>ᾖν,</span> <span class='ocrx_word' id='word_1_398' title='bbox 748 4291 801 4344; x_wconf 84' lang='grc' dir='ltr'>εί</span> <span class='ocrx_word' id='word_1_399' title='bbox 829 4307 893 4360; x_wconf 85' lang='grc' dir='ltr'>γε</span> <span class='ocrx_word' id='word_1_400' title='bbox 941 4291 1080 4362; x_wconf 87' lang='grc' dir='ltr'>πρὸς</span> <span class='ocrx_word' id='word_1_401' title='bbox 1109 4293 1203 4345; x_wconf 89' lang='grc' dir='ltr'>τὸν</span> <span class='ocrx_word' id='word_1_402' title='bbox 1246 4293 1380 4347; x_wconf 89' lang='grc' dir='ltr'>Θεὸν</span> <span class='ocrx_word' id='word_1_403' title='bbox 1424 4290 1538 4366; x_wconf 59' lang='grc' dir='ltr'>ἧνς⁴</span> <span class='ocrx_word' id='word_1_404' title='bbox 1579 4297 1701 4350; x_wconf 87' lang='grc' dir='ltr'>Ὅτι</span> <span class='ocrx_word' id='word_1_405' title='bbox 1739 4300 1834 4352; x_wconf 72' lang='grc' dir='ltr'>καὶ</span> 
     </span>
    </p>
   </div>
   <div class='ocr_carea' id='block_1_47' title="bbox 129 4373 1832 4458">
    <p class='ocr_par' dir='ltr' id='par_1_47' title="bbox 129 4373 1832 4458">
     <span class='ocr_line' id='line_1_47' title="bbox 129 4373 1832 4458; baseline 0.004 -25"><span class='ocrx_word' id='word_1_406' title='bbox 287 4381 428 4453; x_wconf 87' lang='grc' dir='ltr'>πρὸς</span> <span class='ocrx_word' id='word_1_407' title='bbox 458 4379 552 4433; x_wconf 89' lang='grc' dir='ltr'>τὸν</span> <span class='ocrx_word' id='word_1_408' title='bbox 575 4378 711 4434; x_wconf 88' lang='grc' dir='ltr'>Θεὸν</span> <span class='ocrx_word' id='word_1_409' title='bbox 737 4374 807 4452; x_wconf 78' lang='grc' dir='ltr'>ἦν</span> <span class='ocrx_word' id='word_1_410' title='bbox 833 4383 903 4444; x_wconf 74' lang='grc' dir='ltr'>θ’,</span> <span class='ocrx_word' id='word_1_411' title='bbox 927 4382 1024 4434; x_wconf 74' lang='grc' dir='ltr'>καὶ</span> <span class='ocrx_word' id='word_1_412' title='bbox 1048 4383 1108 4434; x_wconf 80' lang='grc' dir='ltr'>ἐν</span> <span class='ocrx_word' id='word_1_413' title='bbox 1137 4380 1216 4453; x_wconf 82' lang='grc' dir='ltr'>τῷ</span> <span class='ocrx_word' id='word_1_414' title='bbox 1246 4383 1437 4454; x_wconf 83' lang='grc' dir='ltr'>κόσμῳ</span> <span class='ocrx_word' id='word_1_415' title='bbox 1465 4379 1552 4456; x_wconf 74' lang='grc' dir='ltr'>ἦν.</span> <span class='ocrx_word' id='word_1_416' title='bbox 1579 4385 1832 4458; x_wconf 83' lang='grc' dir='ltr'>Οὐδαμοῦ</span> 
     </span>
    </p>
   </div>
   <div class='ocr_carea' id='block_1_48' title="bbox 125 4467 1833 4548">
    <p class='ocr_par' dir='ltr' id='par_1_48' title="bbox 125 4467 1833 4548">
     <span class='ocr_line' id='line_1_48' title="bbox 125 4467 1833 4548; baseline 0.002 -22"><span class='ocrx_word' id='word_1_417' title='bbox 125 4473 239 4543; x_wconf 75' lang='lat'>7&amp;9</span> <span class='ocrx_word' id='word_1_418' title='bbox 271 4467 626 4538; x_wconf 89' lang='grc' dir='ltr'>περατοῦται,</span> <span class='ocrx_word' id='word_1_419' title='bbox 646 4468 772 4521; x_wconf 80' lang='grc' dir='ltr'>οὔτε</span> <span class='ocrx_word' id='word_1_420' title='bbox 797 4470 825 4521; x_wconf 88' lang='lat'><em>6</em></span> <span class='ocrx_word' id='word_1_421' title='bbox 856 4469 1064 4540; x_wconf 75' lang='grc' dir='ltr'>Πατὴρ,</span> <span class='ocrx_word' id='word_1_422' title='bbox 1087 4467 1212 4524; x_wconf 83' lang='grc' dir='ltr'>οὑτε</span> <span class='ocrx_word' id='word_1_423' title='bbox 1247 4474 1276 4525; x_wconf 94' lang='lat'>6</span> <span class='ocrx_word' id='word_1_424' title='bbox 1306 4472 1452 4537; x_wconf 83' lang='grc' dir='ltr'>Υίός.</span> <span class='ocrx_word' id='word_1_425' title='bbox 1490 4476 1560 4528; x_wconf 80' lang='lat' dir='ltr'>El</span> <span class='ocrx_word' id='word_1_426' title='bbox 1590 4474 1699 4548; x_wconf 88' lang='lat'>7&amp;9</span> <span class='ocrx_word' id='word_1_427' title='bbox 1723 4475 1833 4545; x_wconf 84' lang='grc' dir='ltr'>τῆς</span> 
     </span>
    </p>
   </div>
   <div class='ocr_carea' id='block_1_49' title="bbox 121 4557 1833 4633">
    <p class='ocr_par' dir='ltr' id='par_1_49' title="bbox 121 4557 1833 4633">
     <span class='ocr_line' id='line_1_49' title="bbox 121 4557 1833 4633; baseline 0.002 -18"><span class='ocrx_word' id='word_1_428' title='bbox 121 4559 571 4631; x_wconf 64' lang='grc' dir='ltr'>μεγαλωσύνης</span> <span class='ocrx_word' id='word_1_429' title='bbox 589 4557 778 4612; x_wconf 85' lang='grc' dir='ltr'>αὐτοῦ</span> <span class='ocrx_word' id='word_1_430' title='bbox 811 4559 924 4612; x_wconf 83' lang='grc' dir='ltr'>οὐκ</span> <span class='ocrx_word' id='word_1_431' title='bbox 963 4558 1098 4613; x_wconf 70' lang='grc' dir='ltr'>ἔστι</span> <span class='ocrx_word' id='word_1_432' title='bbox 1147 4561 1356 4629; x_wconf 79' lang='grc' dir='ltr'>πέρας,</span> <span class='ocrx_word' id='word_1_433' title='bbox 1393 4564 1503 4617; x_wconf 76' lang='grc' dir='ltr'>Καὶ</span> <span class='ocrx_word' id='word_1_434' title='bbox 1538 4563 1651 4633; x_wconf 83' lang='grc' dir='ltr'>τῆς</span> <span class='ocrx_word' id='word_1_435' title='bbox 1682 4582 1833 4620; x_wconf 89' lang='grc' dir='ltr'>συν-</span> 
     </span>
    </p>
   </div>
   <div class='ocr_carea' id='block_1_50' title="bbox 125 4645 1832 4726">
    <p class='ocr_par' dir='ltr' id='par_1_50' title="bbox 125 4645 1832 4726">
     <span class='ocr_line' id='line_1_50' title="bbox 125 4645 1832 4726; baseline -0.005 -22"><span class='ocrx_word' id='word_1_436' title='bbox 125 4652 318 4715; x_wconf 85' lang='grc' dir='ltr'>έσεως</span> <span class='ocrx_word' id='word_1_437' title='bbox 331 4645 523 4701; x_wconf 82' lang='grc' dir='ltr'>αὑτοῦ</span> <span class='ocrx_word' id='word_1_438' title='bbox 541 4647 655 4700; x_wconf 84' lang='grc' dir='ltr'>οὐκ</span> <span class='ocrx_word' id='word_1_439' title='bbox 677 4645 850 4700; x_wconf 72' lang='grc' dir='ltr'>ἔστιν</span> <span class='ocrx_word' id='word_1_440' title='bbox 869 4646 1117 4715; x_wconf 78' lang='grc' dir='ltr'>ἀριθμός</span> <span class='ocrx_word' id='word_1_441' title='bbox 1138 4666 1153 4680; x_wconf 75' lang='grc' dir='ltr'><strong><em>ο</em></strong></span> <span class='ocrx_word' id='word_1_442' title='bbox 1180 4649 1302 4703; x_wconf 84' lang='grc' dir='ltr'>οὑδέ</span> <span class='ocrx_word' id='word_1_443' title='bbox 1324 4653 1423 4722; x_wconf 81' lang='grc' dir='ltr'>τῆς</span> <span class='ocrx_word' id='word_1_444' title='bbox 1444 4652 1634 4715; x_wconf 84' lang='grc' dir='ltr'>οὐσίας</span> <span class='ocrx_word' id='word_1_445' title='bbox 1670 4653 1832 4726; x_wconf 68' lang='grc' dir='ltr'>εὕδη..</span> 
     </span>
    </p>
   </div>
   <div class='ocr_carea' id='block_1_51' title="bbox 124 4737 1833 4815">
    <p class='ocr_par' dir='ltr' id='par_1_51' title="bbox 124 4737 1833 4815">
     <span class='ocr_line' id='line_1_51' title="bbox 124 4737 1833 4815; baseline -0.019 1"><span class='ocrx_word' id='word_1_446' title='bbox 124 4743 216 4794; x_wconf 85' lang='grc' dir='ltr'>λον</span> <span class='ocrx_word' id='word_1_447' title='bbox 257 4740 341 4792; x_wconf 75' lang='grc' dir='ltr'>δτι</span> <span class='ocrx_word' id='word_1_448' title='bbox 382 4737 524 4808; x_wconf 76' lang='grc' dir='ltr'>ἀρχή</span> <span class='ocrx_word' id='word_1_449' title='bbox 587 4752 670 4799; x_wconf 82' lang='grc' dir='ltr'>τις</span> <span class='ocrx_word' id='word_1_450' title='bbox 731 4738 976 4807; x_wconf 82' lang='grc' dir='ltr'>χρονική.</span> <span class='ocrx_word' id='word_1_451' title='bbox 1029 4738 1328 4805; x_wconf 77' lang='grc' dir='ltr'>Ἤκουσας,</span> <span class='ocrx_word' id='word_1_452' title='bbox 1372 4741 1455 4793; x_wconf 79' lang='grc' dir='ltr'>ὅτι</span> <span class='ocrx_word' id='word_1_453' title='bbox 1527 4742 1623 4794; x_wconf 79' lang='grc' dir='ltr'>ἐν</span> <span class='ocrx_word' id='word_1_454' title='bbox 1670 4743 1833 4815; x_wconf 68' lang='grc' dir='ltr'>ἀρχῇ</span> 
     </span>
    </p>
   </div>
   <div class='ocr_carea' id='block_1_52' title="bbox 124 4823 1832 4898">
    <p class='ocr_par' dir='ltr' id='par_1_52' title="bbox 124 4823 1832 4898">
     <span class='ocr_line' id='line_1_52' title="bbox 124 4823 1832 4898; baseline 0.002 -15"><span class='ocrx_word' id='word_1_455' title='bbox 124 4828 424 4894; x_wconf 73' lang='grc' dir='ltr'>ἐποίησεν</span> <span class='ocrx_word' id='word_1_456' title='bbox 452 4829 484 4879; x_wconf 85' lang='grc' dir='ltr'>ό</span> <span class='ocrx_word' id='word_1_457' title='bbox 518 4823 658 4891; x_wconf 81' lang='grc' dir='ltr'>Θεὸς</span> <span class='ocrx_word' id='word_1_458' title='bbox 689 4825 798 4877; x_wconf 80' lang='grc' dir='ltr'>τὸν</span> <span class='ocrx_word' id='word_1_459' title='bbox 822 4824 1088 4892; x_wconf 64' lang='grc' dir='ltr'>οὐρανὸν</span> <span class='ocrx_word' id='word_1_460' title='bbox 1113 4826 1212 4880; x_wconf 82' lang='grc' dir='ltr'>καὶ</span> <span class='ocrx_word' id='word_1_461' title='bbox 1247 4827 1364 4896; x_wconf 84' lang='grc' dir='ltr'>τὴν</span> <span class='ocrx_word' id='word_1_462' title='bbox 1382 4828 1542 4898; x_wconf 73' lang='grc' dir='ltr'>γῆνς</span> <span class='ocrx_word' id='word_1_463' title='bbox 1581 4831 1646 4884; x_wconf 87' lang='grc' dir='ltr'>Τί</span> <span class='ocrx_word' id='word_1_464' title='bbox 1690 4837 1832 4898; x_wconf 82' lang='grc' dir='ltr'>νοεῖς</span> 
     </span>
    </p>
   </div>
   <div class='ocr_carea' id='block_1_53' title="bbox 126 4909 1830 4987">
    <p class='ocr_par' dir='ltr' id='par_1_53' title="bbox 126 4909 1830 4987">
     <span class='ocr_line' id='line_1_53' title="bbox 126 4909 1830 4987; baseline 0.005 -22"><span class='ocrx_word' id='word_1_465' title='bbox 126 4914 237 4969; x_wconf 84' lang='grc' dir='ltr'>ἀπὸ</span> <span class='ocrx_word' id='word_1_466' title='bbox 285 4913 387 4983; x_wconf 90' lang='grc' dir='ltr'>τῆς</span> <span class='ocrx_word' id='word_1_467' title='bbox 438 4911 611 4982; x_wconf 78' lang='grc' dir='ltr'>ἀρχῆς</span> <span class='ocrx_word' id='word_1_468' title='bbox 657 4909 895 4980; x_wconf 81' lang='grc' dir='ltr'>ταύτηςς</span> <span class='ocrx_word' id='word_1_469' title='bbox 940 4909 1177 4982; x_wconf 73' lang='grc' dir='ltr'>Εὔδηλον</span> <span class='ocrx_word' id='word_1_470' title='bbox 1216 4915 1299 4966; x_wconf 81' lang='grc' dir='ltr'>ὅτι</span> <span class='ocrx_word' id='word_1_471' title='bbox 1341 4915 1404 4967; x_wconf 85' lang='grc' dir='ltr'>τὸ</span> <span class='ocrx_word' id='word_1_472' title='bbox 1456 4917 1564 4987; x_wconf 84' lang='grc' dir='ltr'>πρὸ</span> <span class='ocrx_word' id='word_1_473' title='bbox 1609 4919 1830 4972; x_wconf 87' lang='grc' dir='ltr'>πάντων</span> 
     </span>
    </p>
   </div>
   <div class='ocr_carea' id='block_1_54' title="bbox 128 4997 1830 5077">
    <p class='ocr_par' dir='ltr' id='par_1_54' title="bbox 128 4997 1830 5077">
     <span class='ocr_line' id='line_1_54' title="bbox 128 4997 1830 5077; baseline 0.004 -22"><span class='ocrx_word' id='word_1_474' title='bbox 128 5000 389 5070; x_wconf 86' lang='grc' dir='ltr'>γενέσθαι</span> <span class='ocrx_word' id='word_1_475' title='bbox 424 4999 566 5052; x_wconf 85' lang='grc' dir='ltr'>αὑτά</span> <span class='ocrx_word' id='word_1_476' title='bbox 598 4997 708 5050; x_wconf 89' lang='grc' dir='ltr'>τῶν</span> <span class='ocrx_word' id='word_1_477' title='bbox 733 4998 964 5069; x_wconf 83' lang='grc' dir='ltr'>ὁρατῶν.</span> <span class='ocrx_word' id='word_1_478' title='bbox 1000 4999 1157 5054; x_wconf 84' lang='grc' dir='ltr'>Οῦτω</span> <span class='ocrx_word' id='word_1_479' title='bbox 1187 5003 1280 5055; x_wconf 78' lang='grc' dir='ltr'>καὶ</span> <span class='ocrx_word' id='word_1_480' title='bbox 1310 5005 1439 5074; x_wconf 83' lang='grc' dir='ltr'>περί</span> <span class='ocrx_word' id='word_1_481' title='bbox 1463 5004 1556 5058; x_wconf 91' lang='grc' dir='ltr'>τοῦ</span> <span class='ocrx_word' id='word_1_482' title='bbox 1585 5007 1830 5077; x_wconf 84' lang='grc' dir='ltr'>Μονογε-</span> 
     </span>
    </p>
   </div>
   <div class='ocr_carea' id='block_1_55' title="bbox 128 5083 1830 5160">
    <p class='ocr_par' dir='ltr' id='par_1_55' title="bbox 128 5083 1830 5160">
     <span class='ocr_line' id='line_1_55' title="bbox 128 5083 1830 5160; baseline 0.004 -16"><span class='ocrx_word' id='word_1_483' title='bbox 128 5086 521 5154; x_wconf 86' lang='grc' dir='ltr'>νοῦς.ἀκοὺων,</span> <span class='ocrx_word' id='word_1_484' title='bbox 552 5087 635 5140; x_wconf 82' lang='grc' dir='ltr'>ὃτι</span> <span class='ocrx_word' id='word_1_485' title='bbox 671 5086 776 5140; x_wconf 80' lang='grc' dir='ltr'>Ἔν</span> <span class='ocrx_word' id='word_1_486' title='bbox 809 5085 973 5156; x_wconf 76' lang='grc' dir='ltr'>ἀρχῇ</span> <span class='ocrx_word' id='word_1_487' title='bbox 998 5083 1098 5157; x_wconf 83' lang='grc' dir='ltr'>ἦν,</span> <span class='ocrx_word' id='word_1_488' title='bbox 1139 5091 1245 5160; x_wconf 86' lang='grc' dir='ltr'>πρὸ</span> <span class='ocrx_word' id='word_1_489' title='bbox 1276 5092 1496 5146; x_wconf 86' lang='grc' dir='ltr'>πάντων</span> <span class='ocrx_word' id='word_1_490' title='bbox 1529 5094 1694 5148; x_wconf 83' lang='grc' dir='ltr'>αὑτὸν</span> <span class='ocrx_word' id='word_1_491' title='bbox 1719 5099 1830 5151; x_wconf 84' lang='grc' dir='ltr'>νόει</span> 
     </span>
    </p>
   </div>
   <div class='ocr_carea' id='block_1_56' title="bbox 127 5175 1832 5251">
    <p class='ocr_par' dir='ltr' id='par_1_56' title="bbox 127 5175 1832 5251">
     <span class='ocr_line' id='line_1_56' title="bbox 127 5175 1832 5251; baseline 0.004 -19"><span class='ocrx_word' id='word_1_492' title='bbox 127 5180 237 5232; x_wconf 89' lang='grc' dir='ltr'>τῶν</span> <span class='ocrx_word' id='word_1_493' title='bbox 263 5176 474 5248; x_wconf 82' lang='grc' dir='ltr'>νοητῶν</span> <span class='ocrx_word' id='word_1_494' title='bbox 503 5176 599 5228; x_wconf 72' lang='grc' dir='ltr'>καὶ</span> <span class='ocrx_word' id='word_1_495' title='bbox 635 5175 742 5247; x_wconf 90' lang='grc' dir='ltr'>πρὸ</span> <span class='ocrx_word' id='word_1_496' title='bbox 779 5175 889 5229; x_wconf 88' lang='grc' dir='ltr'>τῶν</span> <span class='ocrx_word' id='word_1_497' title='bbox 925 5175 1160 5231; x_wconf 88' lang='grc' dir='ltr'>αἰώνων.</span> <span class='ocrx_word' id='word_1_498' title='bbox 1197 5180 1257 5233; x_wconf 87' lang='grc' dir='ltr'>Εἰ</span> <span class='ocrx_word' id='word_1_499' title='bbox 1281 5181 1339 5234; x_wconf 86' lang='grc' dir='ltr'>δὲ</span> <span class='ocrx_word' id='word_1_500' title='bbox 1371 5181 1520 5251; x_wconf 82' lang='grc' dir='ltr'>λέγοι</span> <span class='ocrx_word' id='word_1_501' title='bbox 1553 5201 1638 5248; x_wconf 89' lang='grc' dir='ltr'>τις</span> <span class='ocrx_word' id='word_1_502' title='bbox 1669 5198 1683 5213; x_wconf 80' lang='grc'>⁸</span> <span class='ocrx_word' id='word_1_503' title='bbox 1719 5186 1832 5239; x_wconf 76' lang='grc' dir='ltr'>Καὶ</span> 
     </span>
    </p>
   </div>
   <div class='ocr_carea' id='block_1_57' title="bbox 132 5258 1828 5340">
    <p class='ocr_par' dir='ltr' id='par_1_57' title="bbox 132 5258 1828 5340">
     <span class='ocr_line' id='line_1_57' title="bbox 132 5258 1828 5340; baseline 0.003 -24"><span class='ocrx_word' id='word_1_504' title='bbox 132 5265 249 5324; x_wconf 86' lang='grc' dir='ltr'>πῶς</span> <span class='ocrx_word' id='word_1_505' title='bbox 281 5265 451 5321; x_wconf 81' lang='grc' dir='ltr'>ἐστιν,</span> <span class='ocrx_word' id='word_1_506' title='bbox 500 5258 628 5312; x_wconf 84' lang='grc' dir='ltr'>Υίὸν</span> <span class='ocrx_word' id='word_1_507' title='bbox 659 5259 788 5312; x_wconf 79' lang='grc' dir='ltr'>ὄντα</span> <span class='ocrx_word' id='word_1_508' title='bbox 829 5259 905 5331; x_wconf 80' lang='grc' dir='ltr'>μὴ</span> <span class='ocrx_word' id='word_1_509' title='bbox 950 5259 1218 5334; x_wconf 87' lang='grc' dir='ltr'>νεώτερον</span> <span class='ocrx_word' id='word_1_510' title='bbox 1249 5261 1389 5317; x_wconf 87' lang='grc' dir='ltr'>εἶναι</span> <span class='ocrx_word' id='word_1_511' title='bbox 1431 5265 1525 5318; x_wconf 84' lang='grc' dir='ltr'>τοῦ</span> <span class='ocrx_word' id='word_1_512' title='bbox 1571 5268 1828 5340; x_wconf 86' lang='grc' dir='ltr'>Πατρός;</span> 
     </span>
    </p>
   </div>
   <div class='ocr_carea' id='block_1_58' title="bbox 129 5347 1831 5426">
    <p class='ocr_par' dir='ltr' id='par_1_58' title="bbox 129 5347 1831 5426">
     <span class='ocr_line' id='line_1_58' title="bbox 129 5347 1831 5426; baseline 0.008 -29"><span class='ocrx_word' id='word_1_513' title='bbox 129 5353 189 5405; x_wconf 77' lang='grc' dir='ltr'>τὸ</span> <span class='ocrx_word' id='word_1_514' title='bbox 221 5351 332 5420; x_wconf 76' lang='grc' dir='ltr'>γὰρ</span> <span class='ocrx_word' id='word_1_515' title='bbox 358 5348 422 5401; x_wconf 75' lang='grc' dir='ltr'>ἐκ</span> <span class='ocrx_word' id='word_1_516' title='bbox 444 5366 590 5412; x_wconf 88' lang='grc' dir='ltr'>τινος</span> <span class='ocrx_word' id='word_1_517' title='bbox 616 5347 698 5410; x_wconf 81' lang='grc' dir='ltr'>δν,</span> <span class='ocrx_word' id='word_1_518' title='bbox 745 5348 961 5419; x_wconf 85' lang='grc' dir='ltr'>ἀνάγκη</span> <span class='ocrx_word' id='word_1_519' title='bbox 1005 5352 1155 5403; x_wconf 82' lang='grc' dir='ltr'>πᾶσα</span> <span class='ocrx_word' id='word_1_520' title='bbox 1201 5350 1430 5426; x_wconf 80' lang='grc' dir='ltr'>ὕστερον</span> <span class='ocrx_word' id='word_1_521' title='bbox 1469 5349 1608 5408; x_wconf 82' lang='grc' dir='ltr'>εἶναι</span> <span class='ocrx_word' id='word_1_522' title='bbox 1643 5356 1739 5410; x_wconf 89' lang='grc' dir='ltr'>τοῦ</span> <span class='ocrx_word' id='word_1_523' title='bbox 1771 5358 1831 5425; x_wconf 79' lang='grc' dir='ltr'>ἐξ</span> 
     </span>
    </p>
   </div>
   <div class='ocr_carea' id='block_1_59' title="bbox 131 5435 1831 5511">
    <p class='ocr_par' dir='ltr' id='par_1_59' title="bbox 131 5435 1831 5511">
     <span class='ocr_line' id='line_1_59' title="bbox 131 5435 1831 5511; baseline 0.004 -19"><span class='ocrx_word' id='word_1_524' title='bbox 131 5435 190 5494; x_wconf 76' lang='grc' dir='ltr'>οὗ</span> <span class='ocrx_word' id='word_1_525' title='bbox 223 5443 394 5501; x_wconf 81' lang='grc' dir='ltr'>ἐστιν,</span> <span class='ocrx_word' id='word_1_526' title='bbox 428 5435 696 5507; x_wconf 83' lang='grc' dir='ltr'>ἐροῦμεν,</span> <span class='ocrx_word' id='word_1_527' title='bbox 749 5437 833 5489; x_wconf 81' lang='grc' dir='ltr'>ὅτι</span> <span class='ocrx_word' id='word_1_528' title='bbox 885 5437 1124 5508; x_wconf 88' lang='grc' dir='ltr'>μάλιστα</span> <span class='ocrx_word' id='word_1_529' title='bbox 1185 5442 1284 5510; x_wconf 78' lang='grc' dir='ltr'>μὲν</span> <span class='ocrx_word' id='word_1_530' title='bbox 1321 5441 1498 5496; x_wconf 86' lang='grc' dir='ltr'>ταῦτα</span> <span class='ocrx_word' id='word_1_531' title='bbox 1553 5443 1831 5511; x_wconf 86' lang='grc' dir='ltr'>λογισμῶν</span> 
     </span>
    </p>
   </div>
   <div class='ocr_carea' id='block_1_60' title="bbox 193 5632 951 5696">
    <p class='ocr_par' dir='ltr' id='par_1_60' title="bbox 193 5632 951 5696">
     <span class='ocr_line' id='line_1_60' title="bbox 193 5632 951 5696; baseline -0.003 -12"><span class='ocrx_word' id='word_1_532' title='bbox 193 5639 223 5666; x_wconf 74' lang='grc'>⁸⁸</span> <span class='ocrx_word' id='word_1_533' title='bbox 248 5634 345 5685; x_wconf 67' lang='lat' dir='ltr'>Alii</span> <span class='ocrx_word' id='word_1_534' title='bbox 381 5634 435 5682; x_wconf 76' lang='grc' dir='ltr'>ἐκ</span> <span class='ocrx_word' id='word_1_535' title='bbox 455 5632 629 5692; x_wconf 70' lang='grc' dir='ltr'>ταύτης</span> <span class='ocrx_word' id='word_1_536' title='bbox 648 5633 729 5683; x_wconf 82' lang='grc' dir='ltr'>οὖν</span> <span class='ocrx_word' id='word_1_537' title='bbox 747 5635 951 5696; x_wconf 74' lang='grc' dir='ltr'>ἀνάγων.</span> 
     </span>
    </p>
   </div>
   <div class='ocr_carea' id='block_1_61' title="bbox 195 5696 680 5757">
    <p class='ocr_par' dir='ltr' id='par_1_61' title="bbox 195 5696 680 5757">
     <span class='ocr_line' id='line_1_61' title="bbox 195 5696 680 5757; baseline -0.008 -12"><span class='ocrx_word' id='word_1_538' title='bbox 195 5703 220 5736; x_wconf 85' lang='grc' dir='ltr'>ι·</span> <span class='ocrx_word' id='word_1_539' title='bbox 245 5696 346 5745; x_wconf 69' lang='grc' dir='ltr'><strong>ΑΜ</strong></span> <span class='ocrx_word' id='word_1_540' title='bbox 368 5696 502 5757; x_wconf 77' lang='grc' dir='ltr'>ἀφεὶς</span> <span class='ocrx_word' id='word_1_541' title='bbox 521 5697 680 5757; x_wconf 79' lang='grc' dir='ltr'>αὑτός.</span> 
     </span>
    </p>
   </div>
   <div class='ocr_carea' id='block_1_62' title="bbox 196 5755 1700 5822">
    <p class='ocr_par' dir='ltr' id='par_1_62' title="bbox 196 5755 1700 5822">
     <span class='ocr_line' id='line_1_62' title="bbox 196 5755 1700 5822; baseline 0.007 -16"><span class='ocrx_word' id='word_1_542' title='bbox 196 5763 217 5790; x_wconf 72' lang='grc'><strong><em>⁸</em></strong></span> <span class='ocrx_word' id='word_1_543' title='bbox 245 5760 357 5822; x_wconf 61' lang='lat'><strong>$31.</strong></span> <span class='ocrx_word' id='word_1_544' title='bbox 382 5755 502 5820; x_wconf 72' lang='grc' dir='ltr'>μετὰ</span> <span class='ocrx_word' id='word_1_545' title='bbox 517 5755 680 5822; x_wconf 85' lang='grc' dir='ltr'>τοῦτο,</span> <span class='ocrx_word' id='word_1_546' title='bbox 710 5758 827 5808; x_wconf 77' lang='lat' dir='ltr'>Mor.</span> <span class='ocrx_word' id='word_1_547' title='bbox 855 5759 973 5820; x_wconf 85' lang='grc' dir='ltr'>μετᾶ</span> <span class='ocrx_word' id='word_1_548' title='bbox 1002 5759 1202 5822; x_wconf 78' lang='grc' dir='ltr'>τούτων,</span> <span class='ocrx_word' id='word_1_549' title='bbox 1229 5767 1283 5810; x_wconf 77' lang='lat' dir='ltr'><strong>et</strong></span> <span class='ocrx_word' id='word_1_550' title='bbox 1301 5765 1373 5812; x_wconf 83' lang='lat' dir='ltr'>sic</span> <span class='ocrx_word' id='word_1_551' title='bbox 1392 5778 1508 5815; x_wconf 77' lang='lat' dir='ltr'>mss.</span> <span class='ocrx_word' id='word_1_552' title='bbox 1537 5765 1700 5816; x_wconf 75' lang='lat' dir='ltr'><strong>mulli.</strong></span> 
     </span>
    </p>
   </div>
   <div class='ocr_carea' id='block_1_63' title="bbox 194 5821 855 5882">
    <p class='ocr_par' dir='ltr' id='par_1_63' title="bbox 194 5821 855 5882">
     <span class='ocr_line' id='line_1_63' title="bbox 194 5821 855 5882; baseline 0.002 -14"><span class='ocrx_word' id='word_1_553' title='bbox 194 5825 221 5861; x_wconf 69' lang='lat'><strong>¢</strong></span> <span class='ocrx_word' id='word_1_554' title='bbox 247 5821 454 5878; x_wconf 77' lang='lat' dir='ltr'>Quidam</span> <span class='ocrx_word' id='word_1_555' title='bbox 482 5821 562 5867; x_wconf 86' lang='grc' dir='ltr'>καί</span> <span class='ocrx_word' id='word_1_556' title='bbox 583 5822 855 5882; x_wconf 80' lang='grc' dir='ltr'>πράγματα.</span> 
     </span>
    </p>
   </div>
   <div class='ocr_carea' id='block_1_64' title="bbox 192 5881 1619 5949">
    <p class='ocr_par' dir='ltr' id='par_1_64' title="bbox 192 5881 1619 5949">
     <span class='ocr_line' id='line_1_64' title="bbox 192 5881 1619 5949; baseline 0.005 -19"><span class='ocrx_word' id='word_1_557' title='bbox 192 5883 367 5949; x_wconf 53' lang='lat' dir='ltr'>«Hyla</span> <span class='ocrx_word' id='word_1_558' title='bbox 399 5881 906 5949; x_wconf 30' lang='lat' dir='ltr'><strong>061:0:‘&amp;t6:0;‘61_1163v</strong></span> <span class='ocrx_word' id='word_1_559' title='bbox 929 5887 1008 5949; x_wconf 69' lang='grc' dir='ltr'>ὡς.</span> <span class='ocrx_word' id='word_1_560' title='bbox 1039 5885 1151 5934; x_wconf 66' lang='lat' dir='ltr'>Sav.</span> <span class='ocrx_word' id='word_1_561' title='bbox 1179 5888 1331 5946; x_wconf 71' lang='grc' dir='ltr'>οὕτως</span> <span class='ocrx_word' id='word_1_562' title='bbox 1352 5890 1503 5949; x_wconf 80' lang='grc' dir='ltr'>ἀίδιος</span> <span class='ocrx_word' id='word_1_563' title='bbox 1537 5899 1619 5948; x_wconf 80' lang='grc' dir='ltr'>ὡς.</span> 
     </span>
    </p>
   </div>
   <div class='ocr_carea' id='block_1_65' title="bbox 197 5942 1830 6017">
    <p class='ocr_par' dir='ltr' id='par_1_65' title="bbox 197 5942 1830 6017">
     <span class='ocr_line' id='line_1_65' title="bbox 197 5942 1830 6017; baseline 0.001 0"><span class='ocrx_word' id='word_1_564' title='bbox 197 5947 242 5982; x_wconf 70' lang='grc'><em>⁸⁸</em></span> <span class='ocrx_word' id='word_1_565' title='bbox 273 5942 441 6017; x_wconf 67' lang='lat'>&quot;09&quot;}</span> <span class='ocrx_word' id='word_1_566' title='bbox 474 5943 592 6017; x_wconf 62' lang='grc' dir='ltr'>πρὸς</span> <span class='ocrx_word' id='word_1_567' title='bbox 607 5944 689 5991; x_wconf 72' lang='grc' dir='ltr'>τὸν</span> <span class='ocrx_word' id='word_1_568' title='bbox 710 5945 910 6017; x_wconf 57' lang='grc' dir='ltr'>ἐξεδίῇν</span> <span class='ocrx_word' id='word_1_569' title='bbox 936 5948 992 6008; x_wconf 89' lang='grc'>(¹-</span> <span class='ocrx_word' id='word_1_570' title='bbox 1017 5949 1149 6017; x_wconf 69' lang='grc' dir='ltr'>πρὸς</span> <span class='ocrx_word' id='word_1_571' title='bbox 1171 5942 1407 6017; x_wconf 48' lang='grc' dir='ltr'>ῖὸῖηξὶεὸν</span> <span class='ocrx_word' id='word_1_572' title='bbox 1433 5942 1553 6017; x_wconf 53' lang='lat' dir='ltr'>ﬁt&quot;):</span> <span class='ocrx_word' id='word_1_573' title='bbox 1575 5942 1678 6013; x_wconf 72' lang='grc' dir='ltr'>ἦν).</span> <span class='ocrx_word' id='word_1_574' title='bbox 1697 5957 1830 6017; x_wconf 73' lang='grc' dir='ltr'>σμιοά</span> 
     </span>
    </p>
   </div>
   <div class='ocr_carea' id='block_1_66' title="bbox 138 6006 1827 6114">
    <p class='ocr_par' dir='ltr' id='par_1_66' title="bbox 138 6006 1827 6114">
     <span class='ocr_line' id='line_1_66' title="bbox 138 6006 1827 6114; baseline 0.01 -63"><span class='ocrx_word' id='word_1_575' title='bbox 138 6007 381 6114; x_wconf 54' lang='grc' dir='ltr'>ριίιηὶεκὶι</span> <span class='ocrx_word' id='word_1_576' title='bbox 420 6006 688 6065; x_wconf 58' lang='lat' dir='ltr'>interpres.</span> <span class='ocrx_word' id='word_1_577' title='bbox 717 6006 814 6055; x_wconf 66' lang='grc' dir='ltr'>Νος</span> <span class='ocrx_word' id='word_1_578' title='bbox 835 6006 950 6054; x_wconf 65' lang='lat' dir='ltr'>Sex&quot;</span> <span class='ocrx_word' id='word_1_579' title='bbox 978 6016 1025 6056; x_wconf 73' lang='grc' dir='ltr'>οι</span> <span class='ocrx_word' id='word_1_580' title='bbox 1059 6006 1183 6058; x_wconf 66' lang='lat' dir='ltr'>(&quot;odd</span> <span class='ocrx_word' id='word_1_581' title='bbox 1231 6013 1322 6059; x_wconf 64' lang='grc' dir='ltr'>τως</span> <span class='ocrx_word' id='word_1_582' title='bbox 1362 6025 1404 6060; x_wconf 65' lang='lat' dir='ltr'>vl</span> <span class='ocrx_word' id='word_1_583' title='bbox 1435 6006 1726 6068; x_wconf 55' lang='grc' dir='ltr'>τυὸεὸιίιὶιῖ</span> <span class='ocrx_word' id='word_1_584' title='bbox 1742 6031 1827 6067; x_wconf 77' lang='lat' dir='ltr'>su-</span> 
     </span>
     <span class='ocr_line' id='line_1_67' title="bbox 138 6081 418 6114; baseline -0.007 0"><span class='ocrx_word' id='word_1_585' title='bbox 138 6082 238 6114; x_wconf 69' lang='lat'><strong>11.115</strong></span> <span class='ocrx_word' id='word_1_586' title='bbox 323 6081 418 6113; x_wconf 77' lang='grc' dir='ltr'>οῑτ.</span> 
     </span>
    </p>
   </div>
   <div class='ocr_carea' id='block_1_67' title="bbox 131 6081 418 6117">
    <p class='ocr_par' dir='ltr' id='par_1_67' title="bbox 131 6081 418 6117">
     <span class='ocr_line' id='line_1_68' title="bbox 131 6081 418 6117; baseline -0.01 -2"><span class='ocrx_word' id='word_1_587' title='bbox 131 6082 238 6117; x_wconf 62' lang='grc' dir='ltr'>ιιιις</span> <span class='ocrx_word' id='word_1_588' title='bbox 285 6081 296 6114; x_wconf 88' lang='grc' dir='ltr'><strong>Ι</strong></span> <span class='ocrx_word' id='word_1_589' title='bbox 323 6081 418 6113; x_wconf 78' lang='grc' dir='ltr'>οιτ.</span> 
     </span>
    </p>
   </div>
   <div class='ocr_carea' id='block_1_68' title="bbox 1955 504 3671 578">
    <p class='ocr_par' dir='ltr' id='par_1_68' title="bbox 1955 504 3671 578">
     <span class='ocr_line' id='line_1_69' title="bbox 1955 504 3671 578; baseline -0.001 -17"><span class='ocrx_word' id='word_1_590' title='bbox 1955 504 2320 578; x_wconf 80' lang='grc' dir='ltr'>ἀνθρωπίνων</span> <span class='ocrx_word' id='word_1_591' title='bbox 2357 507 2377 547; x_wconf 75' lang='grc' dir='ltr'><strong><em>ΐ</em></strong></span> <span class='ocrx_word' id='word_1_592' title='bbox 2401 507 2540 562; x_wconf 82' lang='grc' dir='ltr'>ἐστί·</span> <span class='ocrx_word' id='word_1_593' title='bbox 2561 506 2657 562; x_wconf 77' lang='grc' dir='ltr'>καὶ</span> <span class='ocrx_word' id='word_1_594' title='bbox 2677 507 2707 560; x_wconf 83' lang='lat'><em>6</em></span> <span class='ocrx_word' id='word_1_595' title='bbox 2731 504 2893 561; x_wconf 89' lang='grc' dir='ltr'>τοῦτο</span> <span class='ocrx_word' id='word_1_596' title='bbox 2917 505 3121 578; x_wconf 77' lang='grc' dir='ltr'>ζητῶν,</span> <span class='ocrx_word' id='word_1_597' title='bbox 3149 507 3246 560; x_wconf 76' lang='grc' dir='ltr'>καὶ</span> <span class='ocrx_word' id='word_1_598' title='bbox 3267 505 3431 577; x_wconf 75' lang='grc' dir='ltr'>ἔτερα</span> <span class='ocrx_word' id='word_1_599' title='bbox 3464 506 3671 560; x_wconf 87' lang='grc' dir='ltr'>τούτων</span> 
     </span>
    </p>
   </div>
   <div class='ocr_carea' id='block_1_69' title="bbox 1956 592 3673 668">
    <p class='ocr_par' dir='ltr' id='par_1_69' title="bbox 1956 592 3673 668">
     <span class='ocr_line' id='line_1_70' title="bbox 1956 592 3673 668; baseline 0 -20"><span class='ocrx_word' id='word_1_600' title='bbox 1956 592 2288 668; x_wconf 84' lang='grc' dir='ltr'>ἀτοπώτερα</span> <span class='ocrx_word' id='word_1_601' title='bbox 2312 595 2570 668; x_wconf 76' lang='grc' dir='ltr'>ζητήσει·</span> <span class='ocrx_word' id='word_1_602' title='bbox 2604 595 2701 650; x_wconf 78' lang='grc' dir='ltr'>καὶ</span> <span class='ocrx_word' id='word_1_603' title='bbox 2726 592 2849 649; x_wconf 78' lang='grc' dir='ltr'>οὐδὲ</span> <span class='ocrx_word' id='word_1_604' title='bbox 2873 596 2942 667; x_wconf 69' lang='grc' dir='ltr'>τῇ</span> <span class='ocrx_word' id='word_1_605' title='bbox 2977 594 3117 666; x_wconf 74' lang='grc' dir='ltr'>ἀκοῇ</span> <span class='ocrx_word' id='word_1_606' title='bbox 3144 593 3216 647; x_wconf 86' lang='grc' dir='ltr'>τά</span> <span class='ocrx_word' id='word_1_607' title='bbox 3243 592 3469 648; x_wconf 87' lang='grc' dir='ltr'>τοιαῦτα</span> <span class='ocrx_word' id='word_1_608' title='bbox 3499 610 3673 667; x_wconf 85' lang='grc' dir='ltr'>παρα-</span> 
     </span>
    </p>
   </div>
   <div class='ocr_carea' id='block_1_70' title="bbox 1960 665 3671 755">
    <p class='ocr_par' dir='ltr' id='par_1_70' title="bbox 1960 665 3671 755">
     <span class='ocr_line' id='line_1_71' title="bbox 1960 665 3671 755; baseline -0.001 -17"><span class='ocrx_word' id='word_1_609' title='bbox 1960 665 2379 755; x_wconf 40' lang='grc' dir='ltr'>δέχεσθαι-έδειξ</span> <span class='ocrx_word' id='word_1_610' title='bbox 2401 665 2544 754; x_wconf 82' lang='grc' dir='ltr'>Περὶ</span> <span class='ocrx_word' id='word_1_611' title='bbox 2561 681 2698 736; x_wconf 89' lang='grc' dir='ltr'>Θεοῦ</span> <span class='ocrx_word' id='word_1_612' title='bbox 2727 680 2838 753; x_wconf 83' lang='lat'>7&amp;9</span> <span class='ocrx_word' id='word_1_613' title='bbox 2867 665 2963 735; x_wconf 79' lang='grc' dir='ltr'>νῦν</span> <span class='ocrx_word' id='word_1_614' title='bbox 2990 682 3124 753; x_wconf 74' lang='grc' dir='ltr'>ἡμῖν</span> <span class='ocrx_word' id='word_1_615' title='bbox 3155 683 3186 734; x_wconf 88' lang='lat'>6</span> <span class='ocrx_word' id='word_1_616' title='bbox 3213 680 3372 750; x_wconf 85' lang='grc' dir='ltr'>λόγος</span> <span class='ocrx_word' id='word_1_617' title='bbox 3406 665 3671 746; x_wconf 64' lang='grc' dir='ltr'>ἐστὶν,ήοὺ</span> 
     </span>
    </p>
   </div>
   <div class='ocr_carea' id='block_1_71' title="bbox 1960 769 3673 846">
    <p class='ocr_par' dir='ltr' id='par_1_71' title="bbox 1960 769 3673 846">
     <span class='ocr_line' id='line_1_72' title="bbox 1960 769 3673 846; baseline -0.001 -21"><span class='ocrx_word' id='word_1_618' title='bbox 1960 774 2092 846; x_wconf 74' lang='grc' dir='ltr'>περὶ</span> <span class='ocrx_word' id='word_1_619' title='bbox 2129 772 2232 845; x_wconf 85' lang='grc' dir='ltr'>τῆς</span> <span class='ocrx_word' id='word_1_620' title='bbox 2252 772 2366 826; x_wconf 91' lang='grc' dir='ltr'>τῶν</span> <span class='ocrx_word' id='word_1_621' title='bbox 2409 770 2722 844; x_wconf 75' lang='grc' dir='ltr'>ἀνθράητων</span> <span class='ocrx_word' id='word_1_622' title='bbox 2755 770 2994 841; x_wconf 85' lang='grc' dir='ltr'>φύσεως,</span> <span class='ocrx_word' id='word_1_623' title='bbox 3044 769 3417 841; x_wconf 73' lang='grc' dir='ltr'>ὑποκειμένης</span> <span class='ocrx_word' id='word_1_624' title='bbox 3456 770 3524 841; x_wconf 76' lang='grc' dir='ltr'>τῇ</span> <span class='ocrx_word' id='word_1_625' title='bbox 3560 769 3673 824; x_wconf 91' lang='grc' dir='ltr'>τῶν</span> 
     </span>
    </p>
   </div>
   <div class='ocr_carea' id='block_1_72' title="bbox 1958 855 3673 933">
    <p class='ocr_par' dir='ltr' id='par_1_72' title="bbox 1958 855 3673 933">
     <span class='ocr_line' id='line_1_73' title="bbox 1958 855 3673 933; baseline -0.001 -20"><span class='ocrx_word' id='word_1_626' title='bbox 1958 859 2242 933; x_wconf 86' lang='grc' dir='ltr'>λογισμῶν</span> <span class='ocrx_word' id='word_1_627' title='bbox 2272 857 2484 916; x_wconf 79' lang='grc' dir='ltr'>τούτων</span> <span class='ocrx_word' id='word_1_628' title='bbox 2520 859 2819 931; x_wconf 60' lang='grc' dir='ltr'>ἀκολουθίᾳ⁵</span> <span class='ocrx_word' id='word_1_629' title='bbox 2851 875 2910 912; x_wconf 86' lang='grc' dir='ltr'>τε</span> <span class='ocrx_word' id='word_1_630' title='bbox 2943 857 3040 912; x_wconf 79' lang='grc' dir='ltr'>καὶ</span> <span class='ocrx_word' id='word_1_631' title='bbox 3078 858 3321 932; x_wconf 82' lang='grc' dir='ltr'>ἀνάγκη.</span> <span class='ocrx_word' id='word_1_632' title='bbox 3367 857 3516 931; x_wconf 79' lang='grc' dir='ltr'>Πλὴν</span> <span class='ocrx_word' id='word_1_633' title='bbox 3554 855 3673 912; x_wconf 84' lang='grc' dir='ltr'>ἀλλ’</span> 
     </span>
    </p>
   </div>
   <div class='ocr_carea' id='block_1_73' title="bbox 1958 943 3675 1022">
    <p class='ocr_par' dir='ltr' id='par_1_73' title="bbox 1958 943 3675 1022">
     <span class='ocr_line' id='line_1_74' title="bbox 1958 943 3675 1022; baseline -0.002 -19"><span class='ocrx_word' id='word_1_634' title='bbox 1958 949 2104 1022; x_wconf 69' lang='grc' dir='ltr'>ὑπὲρ</span> <span class='ocrx_word' id='word_1_635' title='bbox 2132 948 2514 1022; x_wconf 82' lang='grc' dir='ltr'>πληροφορίας</span> <span class='ocrx_word' id='word_1_636' title='bbox 2542 947 2653 1002; x_wconf 90' lang='grc' dir='ltr'>τῶν</span> <span class='ocrx_word' id='word_1_637' title='bbox 2682 945 3099 1019; x_wconf 78' lang='grc' dir='ltr'>ἀσθενεστέρων</span> <span class='ocrx_word' id='word_1_638' title='bbox 3117 988 3132 1012; x_wconf 94' lang='grc'>,</span> <span class='ocrx_word' id='word_1_639' title='bbox 3185 946 3279 1001; x_wconf 82' lang='grc' dir='ltr'>καὶ</span> <span class='ocrx_word' id='word_1_640' title='bbox 3326 944 3466 1019; x_wconf 81' lang='grc' dir='ltr'>πρὸς</span> <span class='ocrx_word' id='word_1_641' title='bbox 3493 943 3675 1001; x_wconf 85' lang='grc' dir='ltr'>ταῦτα</span> 
     </span>
    </p>
   </div>
   <div class='ocr_carea' id='block_1_74' title="bbox 1956 1035 2215 1109">
    <p class='ocr_par' dir='ltr' id='par_1_74' title="bbox 1956 1035 2215 1109">
     <span class='ocr_line' id='line_1_75' title="bbox 1956 1035 2215 1109; baseline 0.004 -18"><span class='ocrx_word' id='word_1_642' title='bbox 1956 1035 2215 1109; x_wconf 80' lang='grc' dir='ltr'>ἐροῦμεν.</span> 
     </span>
    </p>
   </div>
   <div class='ocr_carea' id='block_1_75' title="bbox 2030 1122 3674 1198">
    <p class='ocr_par' dir='ltr' id='par_1_75' title="bbox 2030 1122 3674 1198">
     <span class='ocr_line' id='line_1_76' title="bbox 2030 1122 3674 1198; baseline -0.001 -16"><span class='ocrx_word' id='word_1_643' title='bbox 2030 1126 2099 1198; x_wconf 74' lang='grc' dir='ltr'>β’.</span> <span class='ocrx_word' id='word_1_644' title='bbox 2131 1124 2270 1182; x_wconf 66' lang='grc' dir='ltr'>Εἰπὲ</span> <span class='ocrx_word' id='word_1_645' title='bbox 2293 1125 2406 1198; x_wconf 90' lang='grc' dir='ltr'>γάρ</span> <span class='ocrx_word' id='word_1_646' title='bbox 2431 1141 2547 1197; x_wconf 81' lang='grc' dir='ltr'>μοι,</span> <span class='ocrx_word' id='word_1_647' title='bbox 2583 1122 2660 1178; x_wconf 88' lang='grc' dir='ltr'>Τὸ</span> <span class='ocrx_word' id='word_1_648' title='bbox 2681 1122 3028 1194; x_wconf 84' lang='grc' dir='ltr'>ἀπαύγασμα</span> <span class='ocrx_word' id='word_1_649' title='bbox 3062 1122 3157 1177; x_wconf 88' lang='grc' dir='ltr'>τοῦ</span> <span class='ocrx_word' id='word_1_650' title='bbox 3211 1122 3368 1195; x_wconf 79' lang='grc' dir='ltr'>ὴλίου</span> <span class='ocrx_word' id='word_1_651' title='bbox 3403 1122 3466 1190; x_wconf 79' lang='grc' dir='ltr'>ἐξ</span> <span class='ocrx_word' id='word_1_652' title='bbox 3496 1122 3674 1196; x_wconf 88' lang='grc' dir='ltr'>αὑτῆς</span> 
     </span>
    </p>
   </div>
   <div class='ocr_carea' id='block_1_76' title="bbox 1955 1211 3672 1288">
    <p class='ocr_par' dir='ltr' id='par_1_76' title="bbox 1955 1211 3672 1288">
     <span class='ocr_line' id='line_1_77' title="bbox 1955 1211 3672 1288; baseline -0.001 -19"><span class='ocrx_word' id='word_1_653' title='bbox 1955 1216 2171 1288; x_wconf 80' lang='grc' dir='ltr'>ἐκπηδᾷ</span> <span class='ocrx_word' id='word_1_654' title='bbox 2185 1211 2288 1288; x_wconf 86' lang='grc' dir='ltr'>τῆς</span> <span class='ocrx_word' id='word_1_655' title='bbox 2318 1214 2414 1270; x_wconf 85' lang='grc' dir='ltr'>τοῦ</span> <span class='ocrx_word' id='word_1_656' title='bbox 2438 1211 2594 1284; x_wconf 73' lang='grc' dir='ltr'>ἡλίου</span> <span class='ocrx_word' id='word_1_657' title='bbox 2611 1212 2850 1283; x_wconf 88' lang='grc' dir='ltr'>φύσεως,</span> <span class='ocrx_word' id='word_1_658' title='bbox 2879 1212 2914 1285; x_wconf 77' lang='grc' dir='ltr'>ἢ</span> <span class='ocrx_word' id='word_1_659' title='bbox 2941 1211 3166 1268; x_wconf 81' lang='grc' dir='ltr'>άλλοθέν</span> <span class='ocrx_word' id='word_1_660' title='bbox 3192 1211 3393 1280; x_wconf 85' lang='grc' dir='ltr'>ποθεν;</span> <span class='ocrx_word' id='word_1_661' title='bbox 3427 1212 3672 1286; x_wconf 76' lang='grc' dir='ltr'>Ἀνάγκη</span> 
     </span>
    </p>
   </div>
   <div class='ocr_carea' id='block_1_77' title="bbox 1956 1299 3674 1375">
    <p class='ocr_par' dir='ltr' id='par_1_77' title="bbox 1956 1299 3674 1375">
     <span class='ocr_line' id='line_1_78' title="bbox 1956 1299 3674 1375; baseline -0.001 -19"><span class='ocrx_word' id='word_1_662' title='bbox 1956 1303 2112 1358; x_wconf 78' lang='grc' dir='ltr'>πᾶσα</span> <span class='ocrx_word' id='word_1_663' title='bbox 2133 1300 2473 1375; x_wconf 77' lang='grc' dir='ltr'>ὁμολογῆσαι</span> <span class='ocrx_word' id='word_1_664' title='bbox 2509 1299 2603 1354; x_wconf 87' lang='grc' dir='ltr'>τὸν</span> <span class='ocrx_word' id='word_1_665' title='bbox 2635 1299 2713 1372; x_wconf 79' lang='grc' dir='ltr'>μὴ</span> <span class='ocrx_word' id='word_1_666' title='bbox 2743 1301 2838 1354; x_wconf 76' lang='grc' dir='ltr'>καὶ</span> <span class='ocrx_word' id='word_1_667' title='bbox 2880 1299 2980 1364; x_wconf 87' lang='grc' dir='ltr'>τάς</span> <span class='ocrx_word' id='word_1_668' title='bbox 3019 1299 3303 1372; x_wconf 73' lang='grc' dir='ltr'>αἰσθήσεις</span> <span class='ocrx_word' id='word_1_669' title='bbox 3333 1301 3674 1375; x_wconf 82' lang='grc' dir='ltr'>πεπηρωμέ-</span> 
     </span>
    </p>
   </div>
   <div class='ocr_carea' id='block_1_78' title="bbox 1954 1387 3671 1464">
    <p class='ocr_par' dir='ltr' id='par_1_78' title="bbox 1954 1387 3671 1464">
     <span class='ocr_line' id='line_1_79' title="bbox 1954 1387 3671 1464; baseline 0.002 -21"><span class='ocrx_word' id='word_1_670' title='bbox 1954 1407 2067 1455; x_wconf 87' lang='grc' dir='ltr'>νον,</span> <span class='ocrx_word' id='word_1_671' title='bbox 2100 1391 2187 1445; x_wconf 82' lang='grc' dir='ltr'>δτι</span> <span class='ocrx_word' id='word_1_672' title='bbox 2220 1389 2282 1457; x_wconf 79' lang='grc' dir='ltr'>ἐξ</span> <span class='ocrx_word' id='word_1_673' title='bbox 2313 1389 2509 1461; x_wconf 88' lang='grc' dir='ltr'>αὑτῆς.</span> <span class='ocrx_word' id='word_1_674' title='bbox 2547 1387 2691 1443; x_wconf 80' lang='grc' dir='ltr'>Ἀλλ’</span> <span class='ocrx_word' id='word_1_675' title='bbox 2713 1388 2865 1460; x_wconf 82' lang='grc' dir='ltr'>ὅμως</span> <span class='ocrx_word' id='word_1_676' title='bbox 2891 1390 2988 1444; x_wconf 81' lang='grc' dir='ltr'>καὶ</span> <span class='ocrx_word' id='word_1_677' title='bbox 3018 1387 3081 1456; x_wconf 80' lang='grc' dir='ltr'>ἐξ</span> <span class='ocrx_word' id='word_1_678' title='bbox 3100 1389 3268 1443; x_wconf 90' lang='grc' dir='ltr'>αὑτοῦ</span> <span class='ocrx_word' id='word_1_679' title='bbox 3295 1388 3357 1444; x_wconf 84' lang='grc' dir='ltr'>ὸν</span> <span class='ocrx_word' id='word_1_680' title='bbox 3390 1388 3486 1445; x_wconf 88' lang='grc' dir='ltr'>τοῦ</span> <span class='ocrx_word' id='word_1_681' title='bbox 3512 1389 3671 1464; x_wconf 59' lang='grc' dir='ltr'>⁴ίὶλίου</span> 
     </span>
    </p>
   </div>
   <div class='ocr_carea' id='block_1_79' title="bbox 1953 1470 3672 1550">
    <p class='ocr_par' dir='ltr' id='par_1_79' title="bbox 1953 1470 3672 1550">
     <span class='ocr_line' id='line_1_80' title="bbox 1953 1470 3672 1550; baseline -0.001 -17"><span class='ocrx_word' id='word_1_682' title='bbox 1953 1478 2015 1533; x_wconf 83' lang='grc' dir='ltr'>τὸ</span> <span class='ocrx_word' id='word_1_683' title='bbox 2047 1477 2415 1548; x_wconf 78' lang='grc' dir='ltr'>ἀπαύγασμα,</span> <span class='ocrx_word' id='word_1_684' title='bbox 2455 1477 2556 1532; x_wconf 84' lang='grc' dir='ltr'>οὑκ</span> <span class='ocrx_word' id='word_1_685' title='bbox 2581 1475 2646 1531; x_wconf 77' lang='grc' dir='ltr'>ἂν</span> <span class='ocrx_word' id='word_1_686' title='bbox 2678 1492 2812 1530; x_wconf 89' lang='grc' dir='ltr'>ποτε</span> <span class='ocrx_word' id='word_1_687' title='bbox 2850 1470 3080 1547; x_wconf 77' lang='grc' dir='ltr'>ὕστερον</span> <span class='ocrx_word' id='word_1_688' title='bbox 3107 1470 3253 1531; x_wconf 77' lang='grc' dir='ltr'>εἶναι</span> <span class='ocrx_word' id='word_1_689' title='bbox 3292 1476 3540 1549; x_wconf 80' lang='grc' dir='ltr'>φαίημεν</span> <span class='ocrx_word' id='word_1_690' title='bbox 3570 1477 3672 1550; x_wconf 86' lang='grc' dir='ltr'>τῆς</span> 
     </span>
    </p>
   </div>
   <div class='ocr_carea' id='block_1_80' title="bbox 1954 1564 3672 1639">
    <p class='ocr_par' dir='ltr' id='par_1_80' title="bbox 1954 1564 3672 1639">
     <span class='ocr_line' id='line_1_81' title="bbox 1954 1564 3672 1639; baseline 0.001 -19"><span class='ocrx_word' id='word_1_691' title='bbox 1954 1567 2190 1638; x_wconf 71' lang='grc' dir='ltr'>ἡλιακῆς</span> <span class='ocrx_word' id='word_1_692' title='bbox 2206 1566 2446 1636; x_wconf 77' lang='grc' dir='ltr'>φύσεως,</span> <span class='ocrx_word' id='word_1_693' title='bbox 2472 1564 2659 1636; x_wconf 82' lang='grc' dir='ltr'>ἐπειδὴ</span> <span class='ocrx_word' id='word_1_694' title='bbox 2689 1565 2827 1636; x_wconf 83' lang='grc' dir='ltr'>μηδὲ</span> <span class='ocrx_word' id='word_1_695' title='bbox 2855 1565 3026 1636; x_wconf 69' lang='grc' dir='ltr'>χωρὶς</span> <span class='ocrx_word' id='word_1_696' title='bbox 3043 1566 3487 1637; x_wconf 88' lang='grc' dir='ltr'>ἀπαυγάσματος</span> <span class='ocrx_word' id='word_1_697' title='bbox 3513 1565 3672 1639; x_wconf 72' lang='grc' dir='ltr'>ἥλιος</span> 
     </span>
    </p>
   </div>
   <div class='ocr_carea' id='block_1_81' title="bbox 1955 1653 3670 1728">
    <p class='ocr_par' dir='ltr' id='par_1_81' title="bbox 1955 1653 3670 1728">
     <span class='ocr_line' id='line_1_82' title="bbox 1955 1653 3670 1728; baseline -0.002 -19"><span class='ocrx_word' id='word_1_698' title='bbox 1955 1654 2133 1726; x_wconf 81' lang='grc' dir='ltr'>ἐφάνη</span> <span class='ocrx_word' id='word_1_699' title='bbox 2165 1654 2319 1710; x_wconf 85' lang='grc' dir='ltr'>ποτέ.</span> <span class='ocrx_word' id='word_1_700' title='bbox 2352 1654 2417 1707; x_wconf 73' lang='lat' dir='ltr'>El</span> <span class='ocrx_word' id='word_1_701' title='bbox 2445 1653 2504 1708; x_wconf 73' lang='grc' dir='ltr'>δὲ</span> <span class='ocrx_word' id='word_1_702' title='bbox 2530 1654 2625 1709; x_wconf 79' lang='grc' dir='ltr'>ἐπὶ</span> <span class='ocrx_word' id='word_1_703' title='bbox 2657 1653 2768 1708; x_wconf 92' lang='grc' dir='ltr'>τῶν</span> <span class='ocrx_word' id='word_1_704' title='bbox 2799 1655 3072 1724; x_wconf 77' lang='grc' dir='ltr'>σωμάτων</span> <span class='ocrx_word' id='word_1_705' title='bbox 3099 1653 3308 1709; x_wconf 86' lang='grc' dir='ltr'>τούτων</span> <span class='ocrx_word' id='word_1_706' title='bbox 3324 1653 3434 1708; x_wconf 91' lang='grc' dir='ltr'>τῶν</span> <span class='ocrx_word' id='word_1_707' title='bbox 3452 1653 3670 1728; x_wconf 89' lang='grc' dir='ltr'>όρατῶν</span> 
     </span>
    </p>
   </div>
   <div class='ocr_carea' id='block_1_82' title="bbox 1953 1736 3670 1817">
    <p class='ocr_par' dir='ltr' id='par_1_82' title="bbox 1953 1736 3670 1817">
     <span class='ocr_line' id='line_1_83' title="bbox 1953 1736 3670 1817; baseline 0.001 -22"><span class='ocrx_word' id='word_1_708' title='bbox 1953 1742 2050 1796; x_wconf 73' lang='grc' dir='ltr'>καὶ</span> <span class='ocrx_word' id='word_1_709' title='bbox 2082 1740 2383 1814; x_wconf 88' lang='grc' dir='ltr'>αἰσθητῶν,</span> <span class='ocrx_word' id='word_1_710' title='bbox 2431 1741 2528 1796; x_wconf 79' lang='grc' dir='ltr'>καὶ</span> <span class='ocrx_word' id='word_1_711' title='bbox 2568 1742 2638 1795; x_wconf 77' lang='grc' dir='ltr'>ἐκ</span> <span class='ocrx_word' id='word_1_712' title='bbox 2677 1739 2826 1806; x_wconf 87' lang='grc' dir='ltr'>τινὸς</span> <span class='ocrx_word' id='word_1_713' title='bbox 2857 1738 2940 1805; x_wconf 82' lang='grc' dir='ltr'>ὸν,</span> <span class='ocrx_word' id='word_1_714' title='bbox 2976 1740 3073 1794; x_wconf 76' lang='grc' dir='ltr'>καὶ</span> <span class='ocrx_word' id='word_1_715' title='bbox 3108 1741 3208 1817; x_wconf 74' lang='grc' dir='ltr'>οὐχ</span> <span class='ocrx_word' id='word_1_716' title='bbox 3243 1740 3476 1811; x_wconf 76' lang='grc' dir='ltr'>ὕστερον</span> <span class='ocrx_word' id='word_1_717' title='bbox 3511 1741 3572 1810; x_wconf 78' lang='grc' dir='ltr'>ἐξ</span> <span class='ocrx_word' id='word_1_718' title='bbox 3605 1736 3670 1797; x_wconf 76' lang='grc' dir='ltr'>οῦ</span> 
     </span>
    </p>
   </div>
   <div class='ocr_carea' id='block_1_83' title="bbox 1953 1827 3667 1906">
    <p class='ocr_par' dir='ltr' id='par_1_83' title="bbox 1953 1827 3667 1906">
     <span class='ocr_line' id='line_1_84' title="bbox 1953 1827 3667 1906; baseline 0.001 -24"><span class='ocrx_word' id='word_1_719' title='bbox 1953 1830 2102 1882; x_wconf 80' lang='grc' dir='ltr'>ἐστιν</span> <span class='ocrx_word' id='word_1_720' title='bbox 2132 1828 2308 1901; x_wconf 81' lang='grc' dir='ltr'>ἐφάνη</span> <span class='ocrx_word' id='word_1_721' title='bbox 2338 1845 2392 1883; x_wconf 91' lang='grc' dir='ltr'>τι</span> <span class='ocrx_word' id='word_1_722' title='bbox 2419 1827 2501 1895; x_wconf 83' lang='grc' dir='ltr'>δν,</span> <span class='ocrx_word' id='word_1_723' title='bbox 2524 1829 2578 1882; x_wconf 93' lang='grc' dir='ltr'>τί</span> <span class='ocrx_word' id='word_1_724' title='bbox 2599 1830 2856 1892; x_wconf 83' lang='grc' dir='ltr'>ἀπιστεῖς</span> <span class='ocrx_word' id='word_1_725' title='bbox 2874 1827 2968 1883; x_wconf 80' lang='grc' dir='ltr'>ἐπὶ</span> <span class='ocrx_word' id='word_1_726' title='bbox 2994 1829 3095 1902; x_wconf 87' lang='grc' dir='ltr'>τῆς</span> <span class='ocrx_word' id='word_1_727' title='bbox 3117 1829 3355 1901; x_wconf 83' lang='grc' dir='ltr'>ἀοράτου</span> <span class='ocrx_word' id='word_1_728' title='bbox 3370 1831 3466 1885; x_wconf 79' lang='grc' dir='ltr'>καὶ</span> <span class='ocrx_word' id='word_1_729' title='bbox 3490 1831 3667 1906; x_wconf 70' lang='grc' dir='ltr'>ἀρρή-</span> 
     </span>
    </p>
   </div>
   <div class='ocr_carea' id='block_1_84' title="bbox 1951 1916 3670 1996">
    <p class='ocr_par' dir='ltr' id='par_1_84' title="bbox 1951 1916 3670 1996">
     <span class='ocr_line' id='line_1_85' title="bbox 1951 1916 3670 1996; baseline 0.003 -27"><span class='ocrx_word' id='word_1_730' title='bbox 1951 1934 2046 1970; x_wconf 91' lang='grc' dir='ltr'>του</span> <span class='ocrx_word' id='word_1_731' title='bbox 2076 1917 2329 1987; x_wconf 86' lang='grc' dir='ltr'>φύσεως;</span> <span class='ocrx_word' id='word_1_732' title='bbox 2366 1918 2442 1972; x_wconf 88' lang='grc' dir='ltr'>Τὸ</span> <span class='ocrx_word' id='word_1_733' title='bbox 2472 1917 2608 1972; x_wconf 85' lang='grc' dir='ltr'>αὑτὸ</span> <span class='ocrx_word' id='word_1_734' title='bbox 2635 1917 2700 1987; x_wconf 76' lang='grc' dir='ltr'>δὴ</span> <span class='ocrx_word' id='word_1_735' title='bbox 2728 1916 2892 1972; x_wconf 89' lang='grc' dir='ltr'>τοῦτό</span> <span class='ocrx_word' id='word_1_736' title='bbox 2927 1918 3079 1973; x_wconf 73' lang='grc' dir='ltr'>ἐστιν</span> <span class='ocrx_word' id='word_1_737' title='bbox 3113 1917 3312 1985; x_wconf 82' lang='grc' dir='ltr'>οὑτως,</span> <span class='ocrx_word' id='word_1_738' title='bbox 3364 1921 3441 1985; x_wconf 84' lang='grc' dir='ltr'>ῶς</span> <span class='ocrx_word' id='word_1_739' title='bbox 3477 1919 3670 1996; x_wconf 77' lang='grc' dir='ltr'>ἐκείνῃ</span> 
     </span>
    </p>
   </div>
   <div class='ocr_carea' id='block_1_85' title="bbox 1949 2000 3668 2078">
    <p class='ocr_par' dir='ltr' id='par_1_85' title="bbox 1949 2000 3668 2078">
     <span class='ocr_line' id='line_1_86' title="bbox 1949 2000 3668 2078; baseline 0.002 -20"><span class='ocrx_word' id='word_1_740' title='bbox 1949 2007 2018 2077; x_wconf 76' lang='grc' dir='ltr'>τῇ</span> <span class='ocrx_word' id='word_1_741' title='bbox 2044 2005 2206 2078; x_wconf 76' lang='grc' dir='ltr'>οὑσίᾳ</span> <span class='ocrx_word' id='word_1_742' title='bbox 2240 2005 2458 2076; x_wconf 79' lang='grc' dir='ltr'>πρέπον</span> <span class='ocrx_word' id='word_1_743' title='bbox 2501 2000 2592 2078; x_wconf 77' lang='grc' dir='ltr'>ἦν.</span> <span class='ocrx_word' id='word_1_744' title='bbox 2643 2005 2744 2060; x_wconf 89' lang='grc' dir='ltr'>Διά</span> <span class='ocrx_word' id='word_1_745' title='bbox 2782 2006 2894 2078; x_wconf 88' lang='grc' dir='ltr'>γάρ</span> <span class='ocrx_word' id='word_1_746' title='bbox 2930 2023 3014 2060; x_wconf 89' lang='grc' dir='ltr'>τοι</span> <span class='ocrx_word' id='word_1_747' title='bbox 3057 2009 3219 2061; x_wconf 83' lang='grc' dir='ltr'>τοῦτο</span> <span class='ocrx_word' id='word_1_748' title='bbox 3259 2008 3356 2061; x_wconf 74' lang='grc' dir='ltr'>καὶ</span> <span class='ocrx_word' id='word_1_749' title='bbox 3386 2011 3415 2062; x_wconf 90' lang='lat'>6</span> <span class='ocrx_word' id='word_1_750' title='bbox 3451 2006 3668 2073; x_wconf 82' lang='grc' dir='ltr'>Παῦλος</span> 
     </span>
    </p>
   </div>
   <div class='ocr_carea' id='block_1_86' title="bbox 1951 2094 3667 2161">
    <p class='ocr_par' dir='ltr' id='par_1_86' title="bbox 1951 2094 3667 2161">
     <span class='ocr_line' id='line_1_87' title="bbox 1951 2094 3667 2161; baseline 0.003 -14"><span class='ocrx_word' id='word_1_751' title='bbox 1951 2095 2115 2148; x_wconf 84' lang='grc' dir='ltr'>αὑτὸν</span> <span class='ocrx_word' id='word_1_752' title='bbox 2145 2094 2322 2160; x_wconf 85' lang='grc' dir='ltr'>οὑτως</span> <span class='ocrx_word' id='word_1_753' title='bbox 2346 2095 2600 2155; x_wconf 83' lang='grc' dir='ltr'>ἐκάλεσε.</span> <span class='ocrx_word' id='word_1_754' title='bbox 2620 2095 2728 2150; x_wconf 69' lang='grc' dir='ltr'>’καὶ</span> <span class='ocrx_word' id='word_1_755' title='bbox 2758 2095 2822 2149; x_wconf 79' lang='grc' dir='ltr'>τὸ</span> <span class='ocrx_word' id='word_1_756' title='bbox 2858 2095 2920 2161; x_wconf 72' lang='grc' dir='ltr'>ἐξ</span> <span class='ocrx_word' id='word_1_757' title='bbox 2962 2096 3129 2150; x_wconf 90' lang='grc' dir='ltr'>αὑτοῦ</span> <span class='ocrx_word' id='word_1_758' title='bbox 3167 2098 3264 2151; x_wconf 77' lang='grc' dir='ltr'>καὶ</span> <span class='ocrx_word' id='word_1_759' title='bbox 3295 2098 3356 2152; x_wconf 86' lang='grc' dir='ltr'>τὸ</span> <span class='ocrx_word' id='word_1_760' title='bbox 3395 2098 3667 2154; x_wconf 76' lang='grc' dir='ltr'>συνατδιον</span> 
     </span>
    </p>
   </div>
   <div class='ocr_carea' id='block_1_87' title="bbox 1951 2182 3667 2258">
    <p class='ocr_par' dir='ltr' id='par_1_87' title="bbox 1951 2182 3667 2258">
     <span class='ocr_line' id='line_1_88' title="bbox 1951 2182 3667 2258; baseline 0.005 -22"><span class='ocrx_word' id='word_1_761' title='bbox 1951 2182 2258 2255; x_wconf 86' lang='grc' dir='ltr'>παριστῶν.</span> <span class='ocrx_word' id='word_1_762' title='bbox 2290 2183 2356 2237; x_wconf 89' lang='grc' dir='ltr'>Τί</span> <span class='ocrx_word' id='word_1_763' title='bbox 2383 2183 2441 2237; x_wconf 90' lang='grc' dir='ltr'>δέ</span> <span class='ocrx_word' id='word_1_764' title='bbox 2466 2199 2481 2250; x_wconf 92' lang='lat'>;</span> <span class='ocrx_word' id='word_1_765' title='bbox 2505 2182 2628 2237; x_wconf 87' lang='grc' dir='ltr'>εἰπέ</span> <span class='ocrx_word' id='word_1_766' title='bbox 2652 2201 2765 2255; x_wconf 92' lang='grc' dir='ltr'>μοι,</span> <span class='ocrx_word' id='word_1_767' title='bbox 2783 2185 2884 2255; x_wconf 88' lang='grc' dir='ltr'>οὑχ</span> <span class='ocrx_word' id='word_1_768' title='bbox 2905 2187 2955 2239; x_wconf 86' lang='grc' dir='ltr'>οἰ</span> <span class='ocrx_word' id='word_1_769' title='bbox 2983 2185 3184 2250; x_wconf 85' lang='grc' dir='ltr'>αἰῶνες</span> <span class='ocrx_word' id='word_1_770' title='bbox 3210 2185 3280 2240; x_wconf 90' lang='grc' dir='ltr'>δι’</span> <span class='ocrx_word' id='word_1_771' title='bbox 3310 2187 3480 2242; x_wconf 85' lang='grc' dir='ltr'>αὑτοῦ</span> <span class='ocrx_word' id='word_1_772' title='bbox 3502 2190 3667 2258; x_wconf 89' lang='grc' dir='ltr'>γεγό-</span> 
     </span>
    </p>
   </div>
   <div class='ocr_carea' id='block_1_88' title="bbox 1949 2269 3668 2351">
    <p class='ocr_par' dir='ltr' id='par_1_88' title="bbox 1949 2269 3668 2351">
     <span class='ocr_line' id='line_1_89' title="bbox 1949 2269 3668 2351; baseline 0.003 -25"><span class='ocrx_word' id='word_1_773' title='bbox 1949 2287 2105 2326; x_wconf 84' lang='grc' dir='ltr'>νασιν</span> <span class='ocrx_word' id='word_1_774' title='bbox 2135 2271 2380 2336; x_wconf 69' lang='grc' dir='ltr'>ἅπαντες</span> <span class='ocrx_word' id='word_1_775' title='bbox 2403 2269 2499 2326; x_wconf 82' lang='grc' dir='ltr'>καὶ</span> <span class='ocrx_word' id='word_1_776' title='bbox 2531 2271 2812 2344; x_wconf 85' lang='grc' dir='ltr'>διάστημα</span> <span class='ocrx_word' id='word_1_777' title='bbox 2837 2275 3018 2338; x_wconf 74' lang='grc' dir='ltr'>ἀπανς</span> <span class='ocrx_word' id='word_1_778' title='bbox 3060 2275 3304 2348; x_wconf 78' lang='grc' dir='ltr'>Ἀνάγκη</span> <span class='ocrx_word' id='word_1_779' title='bbox 3335 2278 3489 2332; x_wconf 78' lang='grc' dir='ltr'>πᾶσα</span> <span class='ocrx_word' id='word_1_780' title='bbox 3533 2280 3668 2351; x_wconf 81' lang='grc' dir='ltr'>ὁμο-</span> 
     </span>
    </p>
   </div>
   <div class='ocr_carea' id='block_1_89' title="bbox 1948 2357 3666 2436">
    <p class='ocr_par' dir='ltr' id='par_1_89' title="bbox 1948 2357 3666 2436">
     <span class='ocr_line' id='line_1_90' title="bbox 1948 2357 3666 2436; baseline 0.006 -25"><span class='ocrx_word' id='word_1_781' title='bbox 1948 2357 2184 2430; x_wconf 86' lang='grc' dir='ltr'>λογῆσαι</span> <span class='ocrx_word' id='word_1_782' title='bbox 2209 2359 2302 2414; x_wconf 89' lang='grc' dir='ltr'>τὸν</span> <span class='ocrx_word' id='word_1_783' title='bbox 2341 2360 2417 2431; x_wconf 74' lang='grc' dir='ltr'>μὴ</span> <span class='ocrx_word' id='word_1_784' title='bbox 2452 2361 2860 2432; x_wconf 86' lang='grc' dir='ltr'>παραπαίοντα.</span> <span class='ocrx_word' id='word_1_785' title='bbox 2909 2363 3123 2417; x_wconf 85' lang='grc' dir='ltr'>Οὑκοῦν</span> <span class='ocrx_word' id='word_1_786' title='bbox 3155 2364 3309 2418; x_wconf 75' lang='grc' dir='ltr'>οὐδὲν</span> <span class='ocrx_word' id='word_1_787' title='bbox 3334 2365 3502 2436; x_wconf 87' lang='grc' dir='ltr'>μέσον</span> <span class='ocrx_word' id='word_1_788' title='bbox 3533 2365 3666 2421; x_wconf 75' lang='grc' dir='ltr'>Υίοῦ</span> 
     </span>
    </p>
   </div>
   <div class='ocr_carea' id='block_1_90' title="bbox 1950 2446 3661 2523">
    <p class='ocr_par' dir='ltr' id='par_1_90' title="bbox 1950 2446 3661 2523">
     <span class='ocr_line' id='line_1_91' title="bbox 1950 2446 3661 2523; baseline 0.006 -22"><span class='ocrx_word' id='word_1_789' title='bbox 1950 2446 2044 2501; x_wconf 77' lang='grc' dir='ltr'>καὶ</span> <span class='ocrx_word' id='word_1_790' title='bbox 2086 2446 2320 2520; x_wconf 79' lang='grc' dir='ltr'>Πατρός.</span> <span class='ocrx_word' id='word_1_791' title='bbox 2346 2448 2410 2502; x_wconf 85' lang='grc' dir='ltr'>Εἰ</span> <span class='ocrx_word' id='word_1_792' title='bbox 2440 2447 2499 2501; x_wconf 83' lang='grc' dir='ltr'>δέ</span> <span class='ocrx_word' id='word_1_793' title='bbox 2542 2449 2717 2514; x_wconf 81' lang='grc' dir='ltr'>οὐδὲν,</span> <span class='ocrx_word' id='word_1_794' title='bbox 2743 2450 2844 2522; x_wconf 87' lang='grc' dir='ltr'>οὑχ</span> <span class='ocrx_word' id='word_1_795' title='bbox 2887 2450 3140 2523; x_wconf 80' lang='grc' dir='ltr'>ὕστερος,</span> <span class='ocrx_word' id='word_1_796' title='bbox 3178 2452 3321 2508; x_wconf 90' lang='grc' dir='ltr'>ἀλλά</span> <span class='ocrx_word' id='word_1_797' title='bbox 3368 2454 3661 2521; x_wconf 80' lang='grc' dir='ltr'>συναῖδιος.</span> 
     </span>
    </p>
   </div>
   <div class='ocr_carea' id='block_1_91' title="bbox 1949 2535 3669 2615">
    <p class='ocr_par' dir='ltr' id='par_1_91' title="bbox 1949 2535 3669 2615">
     <span class='ocr_line' id='line_1_92' title="bbox 1949 2535 3669 2615; baseline 0.006 -26"><span class='ocrx_word' id='word_1_798' title='bbox 1949 2536 2024 2590; x_wconf 81' lang='grc' dir='ltr'>Τὸ</span> <span class='ocrx_word' id='word_1_799' title='bbox 2056 2535 2167 2610; x_wconf 90' lang='lat'>7&amp;9</span> <span class='ocrx_word' id='word_1_800' title='bbox 2199 2537 2336 2605; x_wconf 72' lang='grc' dir='ltr'>πρὸ,</span> <span class='ocrx_word' id='word_1_801' title='bbox 2359 2536 2457 2592; x_wconf 66' lang='grc' dir='ltr'>καὶ</span> <span class='ocrx_word' id='word_1_802' title='bbox 2484 2537 2546 2592; x_wconf 78' lang='grc' dir='ltr'>τὸ</span> <span class='ocrx_word' id='word_1_803' title='bbox 2570 2536 2745 2609; x_wconf 80' lang='grc' dir='ltr'>μετὰ,</span> <span class='ocrx_word' id='word_1_804' title='bbox 2777 2539 2991 2611; x_wconf 84' lang='grc' dir='ltr'>χρόνων</span> <span class='ocrx_word' id='word_1_805' title='bbox 3036 2542 3176 2596; x_wconf 77' lang='grc' dir='ltr'>εἰσὶν</span> <span class='ocrx_word' id='word_1_806' title='bbox 3202 2542 3405 2597; x_wconf 76' lang='grc' dir='ltr'>ἔννοιαι</span> <span class='ocrx_word' id='word_1_807' title='bbox 3435 2543 3669 2615; x_wconf 87' lang='grc' dir='ltr'>δηλωτι-</span> 
     </span>
    </p>
   </div>
   <div class='ocr_carea' id='block_1_92' title="bbox 1949 2623 3667 2704">
    <p class='ocr_par' dir='ltr' id='par_1_92' title="bbox 1949 2623 3667 2704">
     <span class='ocr_line' id='line_1_93' title="bbox 1949 2623 3667 2704; baseline 0.007 -27"><span class='ocrx_word' id='word_1_808' title='bbox 1949 2623 2065 2678; x_wconf 85' lang='grc' dir='ltr'>καί.</span> <span class='ocrx_word' id='word_1_809' title='bbox 2097 2625 2286 2697; x_wconf 82' lang='grc' dir='ltr'>Χωρὶς</span> <span class='ocrx_word' id='word_1_810' title='bbox 2315 2624 2425 2698; x_wconf 75' lang='grc' dir='ltr'>γὰρ</span> <span class='ocrx_word' id='word_1_811' title='bbox 2455 2625 2655 2690; x_wconf 88' lang='grc' dir='ltr'>αίῶνος</span> <span class='ocrx_word' id='word_1_812' title='bbox 2696 2628 2730 2698; x_wconf 78' lang='grc' dir='ltr'>ἢ</span> <span class='ocrx_word' id='word_1_813' title='bbox 2778 2628 2974 2698; x_wconf 75' lang='grc' dir='ltr'>χρόνου</span> <span class='ocrx_word' id='word_1_814' title='bbox 3018 2630 3120 2683; x_wconf 87' lang='grc' dir='ltr'>οὑκ</span> <span class='ocrx_word' id='word_1_815' title='bbox 3165 2630 3232 2684; x_wconf 85' lang='grc' dir='ltr'>ἂν</span> <span class='ocrx_word' id='word_1_816' title='bbox 3278 2632 3538 2704; x_wconf 84' lang='grc' dir='ltr'>δυνηθείη</span> <span class='ocrx_word' id='word_1_817' title='bbox 3579 2650 3667 2697; x_wconf 84' lang='grc' dir='ltr'>τις</span> 
     </span>
    </p>
   </div>
   <div class='ocr_carea' id='block_1_93' title="bbox 1946 2712 3667 2787">
    <p class='ocr_par' dir='ltr' id='par_1_93' title="bbox 1946 2712 3667 2787">
     <span class='ocr_line' id='line_1_94' title="bbox 1946 2712 3667 2787; baseline 0.006 -22"><span class='ocrx_word' id='word_1_818' title='bbox 1946 2712 2123 2767; x_wconf 85' lang='grc' dir='ltr'>ταῦτα</span> <span class='ocrx_word' id='word_1_819' title='bbox 2144 2713 2338 2784; x_wconf 89' lang='grc' dir='ltr'>νοῆσαι</span> <span class='ocrx_word' id='word_1_820' title='bbox 2367 2713 2436 2768; x_wconf 91' lang='grc' dir='ltr'>τά</span> <span class='ocrx_word' id='word_1_821' title='bbox 2472 2713 2722 2787; x_wconf 77' lang='grc' dir='ltr'>ῥήματα.</span> <span class='ocrx_word' id='word_1_822' title='bbox 2756 2713 2978 2786; x_wconf 82' lang='grc' dir='ltr'>Χρόνων</span> <span class='ocrx_word' id='word_1_823' title='bbox 3005 2716 3064 2770; x_wconf 86' lang='grc' dir='ltr'>δὲ</span> <span class='ocrx_word' id='word_1_824' title='bbox 3093 2717 3187 2771; x_wconf 68' lang='grc' dir='ltr'>καὶ</span> <span class='ocrx_word' id='word_1_825' title='bbox 3221 2717 3439 2774; x_wconf 77' lang='grc' dir='ltr'>αἰώνων</span> <span class='ocrx_word' id='word_1_826' title='bbox 3467 2719 3667 2776; x_wconf 80' lang='grc' dir='ltr'>ἀνώτε-</span> 
     </span>
    </p>
   </div>
   <div class='ocr_carea' id='block_1_94' title="bbox 1950 2801 3663 2882">
    <p class='ocr_par' dir='ltr' id='par_1_94' title="bbox 1950 2801 3663 2882">
     <span class='ocr_line' id='line_1_95' title="bbox 1950 2801 3663 2882; baseline 0.008 -29"><span class='ocrx_word' id='word_1_827' title='bbox 1950 2817 2042 2870; x_wconf 91' lang='grc' dir='ltr'>ρος</span> <span class='ocrx_word' id='word_1_828' title='bbox 2070 2803 2099 2855; x_wconf 95' lang='lat'><em>6</em></span> <span class='ocrx_word' id='word_1_829' title='bbox 2123 2801 2278 2865; x_wconf 88' lang='grc' dir='ltr'>Θεός.</span> <span class='ocrx_word' id='word_1_830' title='bbox 2299 2803 2363 2856; x_wconf 87' lang='grc' dir='ltr'>Εἰ</span> <span class='ocrx_word' id='word_1_831' title='bbox 2386 2801 2444 2856; x_wconf 73' lang='grc' dir='ltr'>δὲ</span> <span class='ocrx_word' id='word_1_832' title='bbox 2462 2802 2603 2868; x_wconf 83' lang='grc' dir='ltr'>ὅλως</span> <span class='ocrx_word' id='word_1_833' title='bbox 2623 2802 2720 2859; x_wconf 87' lang='grc' dir='ltr'>τοῦ</span> <span class='ocrx_word' id='word_1_834' title='bbox 2753 2803 2885 2858; x_wconf 82' lang='grc' dir='ltr'>Υίοῦ</span> <span class='ocrx_word' id='word_1_835' title='bbox 2910 2806 3016 2877; x_wconf 68' lang='grc' dir='ltr'>φῂς</span> <span class='ocrx_word' id='word_1_836' title='bbox 3047 2805 3224 2878; x_wconf 74' lang='grc' dir='ltr'>ἀρχὴν</span> <span class='ocrx_word' id='word_1_837' title='bbox 3245 2809 3663 2882; x_wconf 83' lang='grc' dir='ltr'>κατειληφέναι.</span> 
     </span>
    </p>
   </div>
   <div class='ocr_carea' id='block_1_95' title="bbox 1944 2888 3666 2969">
    <p class='ocr_par' dir='ltr' id='par_1_95' title="bbox 1944 2888 3666 2969">
     <span class='ocr_line' id='line_1_96' title="bbox 1944 2888 3666 2969; baseline 0.005 -25"><span class='ocrx_word' id='word_1_838' title='bbox 1944 2890 2049 2962; x_wconf 84' lang='grc' dir='ltr'>ὅρα</span> <span class='ocrx_word' id='word_1_839' title='bbox 2077 2888 2154 2962; x_wconf 80' lang='grc' dir='ltr'>μὴ</span> <span class='ocrx_word' id='word_1_840' title='bbox 2181 2891 2276 2946; x_wconf 78' lang='grc' dir='ltr'>καὶ</span> <span class='ocrx_word' id='word_1_841' title='bbox 2308 2889 2400 2945; x_wconf 84' lang='grc' dir='ltr'>τὸν</span> <span class='ocrx_word' id='word_1_842' title='bbox 2427 2892 2651 2963; x_wconf 78' lang='grc' dir='ltr'>Πατέρα</span> <span class='ocrx_word' id='word_1_843' title='bbox 2672 2889 2780 2947; x_wconf 83' lang='grc' dir='ltr'>ὑπὸ</span> <span class='ocrx_word' id='word_1_844' title='bbox 2810 2893 2987 2966; x_wconf 76' lang='grc' dir='ltr'>ἀρχὴν</span> <span class='ocrx_word' id='word_1_845' title='bbox 3021 2896 3383 2969; x_wconf 72' lang='grc' dir='ltr'>ἀναγκασθῇς</span> <span class='ocrx_word' id='word_1_846' title='bbox 3431 2898 3666 2968; x_wconf 81' lang='grc' dir='ltr'>ἀγαγεῖν</span> 
     </span>
    </p>
   </div>
   <div class='ocr_carea' id='block_1_96' title="bbox 1945 2979 3665 3062">
    <p class='ocr_par' dir='ltr' id='par_1_96' title="bbox 1945 2979 3665 3062">
     <span class='ocr_line' id='line_1_97' title="bbox 1945 2979 3665 3062; baseline 0.006 -30"><span class='ocrx_word' id='word_1_847' title='bbox 1945 2981 2093 3034; x_wconf 81' lang='grc' dir='ltr'>κατὰ</span> <span class='ocrx_word' id='word_1_848' title='bbox 2111 2979 2302 3034; x_wconf 89' lang='grc' dir='ltr'>τοῦτον</span> <span class='ocrx_word' id='word_1_849' title='bbox 2323 2981 2418 3035; x_wconf 85' lang='grc' dir='ltr'>τὸν</span> <span class='ocrx_word' id='word_1_850' title='bbox 2451 2980 2611 3051; x_wconf 89' lang='grc' dir='ltr'>λόγον</span> <span class='ocrx_word' id='word_1_851' title='bbox 2657 2982 2751 3036; x_wconf 79' lang='grc' dir='ltr'>καὶ</span> <span class='ocrx_word' id='word_1_852' title='bbox 2790 2983 2881 3037; x_wconf 84' lang='grc' dir='ltr'>τὸν</span> <span class='ocrx_word' id='word_1_853' title='bbox 2924 2983 3210 3056; x_wconf 86' lang='grc' dir='ltr'>λογισμὸν,</span> <span class='ocrx_word' id='word_1_854' title='bbox 3273 2987 3665 3062; x_wconf 88' lang='grc' dir='ltr'>πρεσϐυτέραν</span> 
     </span>
    </p>
   </div>
   <div class='ocr_carea' id='block_1_97' title="bbox 1949 3065 3664 3146">
    <p class='ocr_par' dir='ltr' id='par_1_97' title="bbox 1949 3065 3664 3146">
     <span class='ocr_line' id='line_1_98' title="bbox 1949 3065 3664 3146; baseline 0.006 -24"><span class='ocrx_word' id='word_1_855' title='bbox 1949 3065 2070 3139; x_wconf 74' lang='grc' dir='ltr'>μὲν,</span> <span class='ocrx_word' id='word_1_856' title='bbox 2097 3067 2274 3140; x_wconf 80' lang='grc' dir='ltr'>ἀρχὴν</span> <span class='ocrx_word' id='word_1_857' title='bbox 2303 3068 2361 3122; x_wconf 78' lang='grc' dir='ltr'>δέ</span> <span class='ocrx_word' id='word_1_858' title='bbox 2390 3069 2564 3139; x_wconf 83' lang='grc' dir='ltr'>ὅμως.</span> <span class='ocrx_word' id='word_1_859' title='bbox 2615 3071 2753 3124; x_wconf 82' lang='grc' dir='ltr'>Εἰπέ</span> <span class='ocrx_word' id='word_1_860' title='bbox 2793 3070 2903 3143; x_wconf 91' lang='grc' dir='ltr'>γάρ</span> <span class='ocrx_word' id='word_1_861' title='bbox 2936 3089 3049 3143; x_wconf 90' lang='grc' dir='ltr'>μοι,</span> <span class='ocrx_word' id='word_1_862' title='bbox 3090 3072 3191 3145; x_wconf 88' lang='grc' dir='ltr'>οὑχ</span> <span class='ocrx_word' id='word_1_863' title='bbox 3216 3075 3346 3146; x_wconf 87' lang='grc' dir='ltr'>δρον</span> <span class='ocrx_word' id='word_1_864' title='bbox 3394 3075 3519 3130; x_wconf 89' lang='grc' dir='ltr'>τινά</span> <span class='ocrx_word' id='word_1_865' title='bbox 3566 3080 3664 3132; x_wconf 74' lang='grc' dir='ltr'>καὶ</span> 
     </span>
    </p>
   </div>
   <div class='ocr_carea' id='block_1_98' title="bbox 1943 3151 3747 3234">
    <p class='ocr_par' dir='ltr' id='par_1_98' title="bbox 1943 3151 3747 3234">
     <span class='ocr_line' id='line_1_99' title="bbox 1943 3151 3747 3234; baseline 0.006 -30"><span class='ocrx_word' id='word_1_866' title='bbox 1943 3151 2122 3222; x_wconf 78' lang='grc' dir='ltr'>ἀρχὴν</span> <span class='ocrx_word' id='word_1_867' title='bbox 2153 3151 2469 3222; x_wconf 79' lang='grc' dir='ltr'>προστιθεὶς</span> <span class='ocrx_word' id='word_1_868' title='bbox 2501 3154 2527 3194; x_wconf 70' lang='grc'><strong><em>⁸</em></strong></span> <span class='ocrx_word' id='word_1_869' title='bbox 2562 3152 2640 3224; x_wconf 78' lang='grc' dir='ltr'>τῷ</span> <span class='ocrx_word' id='word_1_870' title='bbox 2670 3151 2806 3224; x_wconf 84' lang='grc' dir='ltr'>Υἰῷ,</span> <span class='ocrx_word' id='word_1_871' title='bbox 2830 3156 2926 3208; x_wconf 77' lang='grc' dir='ltr'>καὶ</span> <span class='ocrx_word' id='word_1_872' title='bbox 2954 3153 3100 3210; x_wconf 83' lang='grc' dir='ltr'>οὑτω</span> <span class='ocrx_word' id='word_1_873' title='bbox 3129 3157 3336 3228; x_wconf 81' lang='grc' dir='ltr'>προῖὼν</span> <span class='ocrx_word' id='word_1_874' title='bbox 3363 3159 3460 3212; x_wconf 86' lang='grc' dir='ltr'>ἀπ’</span> <span class='ocrx_word' id='word_1_875' title='bbox 3489 3160 3666 3234; x_wconf 78' lang='grc' dir='ltr'>αὑτῆς</span> <span class='ocrx_word' id='word_1_876' title='bbox 3735 3220 3747 3229; x_wconf 57' lang='grc'>,</span> 
     </span>
    </p>
   </div>
   <div class='ocr_carea' id='block_1_99' title="bbox 1945 3235 3686 3316">
    <p class='ocr_par' dir='ltr' id='par_1_99' title="bbox 1945 3235 3686 3316">
     <span class='ocr_line' id='line_1_100' title="bbox 1945 3235 3686 3316; baseline 0.006 -28"><span class='ocrx_word' id='word_1_877' title='bbox 1945 3235 2040 3288; x_wconf 76' lang='grc' dir='ltr'>ἐπὶ</span> <span class='ocrx_word' id='word_1_878' title='bbox 2071 3235 2132 3287; x_wconf 83' lang='grc' dir='ltr'>τὸ</span> <span class='ocrx_word' id='word_1_879' title='bbox 2160 3235 2298 3316; x_wconf 78' lang='grc' dir='ltr'>ἀνω,</span> <span class='ocrx_word' id='word_1_880' title='bbox 2334 3235 2428 3290; x_wconf 88' lang='grc' dir='ltr'>τὸν</span> <span class='ocrx_word' id='word_1_881' title='bbox 2458 3237 2684 3309; x_wconf 81' lang='grc' dir='ltr'>Πατέρα</span> <span class='ocrx_word' id='word_1_882' title='bbox 2729 3240 2982 3309; x_wconf 77' lang='grc' dir='ltr'>προεῖναι</span> <span class='ocrx_word' id='word_1_883' title='bbox 3022 3238 3206 3308; x_wconf 86' lang='grc' dir='ltr'>λέγεις</span> <span class='ocrx_word' id='word_1_884' title='bbox 3233 3257 3249 3306; x_wconf 91' lang='lat'>;</span> <span class='ocrx_word' id='word_1_885' title='bbox 3289 3241 3529 3316; x_wconf 79' lang='grc' dir='ltr'>Εὔδηλον</span> <span class='ocrx_word' id='word_1_886' title='bbox 3554 3243 3686 3301; x_wconf 80' lang='grc' dir='ltr'>δτι.’</span> 
     </span>
    </p>
   </div>
   <div class='ocr_carea' id='block_1_100' title="bbox 1945 3315 3664 3402">
    <p class='ocr_par' dir='ltr' id='par_1_100' title="bbox 1945 3315 3664 3402">
     <span class='ocr_line' id='line_1_101' title="bbox 1945 3315 3664 3402; baseline 0.008 -30"><span class='ocrx_word' id='word_1_887' title='bbox 1945 3319 2084 3402; x_wconf 70' lang='grc' dir='ltr'>εἰπὲ</span> <span class='ocrx_word' id='word_1_888' title='bbox 2121 3315 2217 3374; x_wconf 77' lang='grc' dir='ltr'>οὖν</span> <span class='ocrx_word' id='word_1_889' title='bbox 2253 3336 2367 3390; x_wconf 85' lang='grc' dir='ltr'>μοι,</span> <span class='ocrx_word' id='word_1_890' title='bbox 2401 3319 2571 3374; x_wconf 88' lang='grc' dir='ltr'>πόσον</span> <span class='ocrx_word' id='word_1_891' title='bbox 2609 3322 2638 3373; x_wconf 90' lang='lat'>6</span> <span class='ocrx_word' id='word_1_892' title='bbox 2675 3321 2866 3394; x_wconf 80' lang='grc' dir='ltr'>Πατὴρ</span> <span class='ocrx_word' id='word_1_893' title='bbox 2899 3324 3288 3396; x_wconf 78' lang='grc' dir='ltr'>προὺπάρχεις</span> <span class='ocrx_word' id='word_1_894' title='bbox 3327 3315 3429 3382; x_wconf 77' lang='grc' dir='ltr'>’Ἂν</span> <span class='ocrx_word' id='word_1_895' title='bbox 3456 3345 3516 3383; x_wconf 92' lang='grc' dir='ltr'>τε</span> <span class='ocrx_word' id='word_1_896' title='bbox 3548 3329 3664 3402; x_wconf 81' lang='grc' dir='ltr'>γάρ</span> 
     </span>
    </p>
   </div>
   <div class='ocr_carea' id='block_1_101' title="bbox 1943 3401 3664 3486">
    <p class='ocr_par' dir='ltr' id='par_1_101' title="bbox 1943 3401 3664 3486">
     <span class='ocr_line' id='line_1_102' title="bbox 1943 3401 3664 3486; baseline 0.008 -32"><span class='ocrx_word' id='word_1_897' title='bbox 1943 3401 2148 3470; x_wconf 82' lang='grc' dir='ltr'>ὀλίγον,</span> <span class='ocrx_word' id='word_1_898' title='bbox 2175 3402 2242 3457; x_wconf 82' lang='grc' dir='ltr'>ἀν</span> <span class='ocrx_word' id='word_1_899' title='bbox 2271 3419 2331 3458; x_wconf 88' lang='grc' dir='ltr'>τε</span> <span class='ocrx_word' id='word_1_900' title='bbox 2365 3402 2503 3458; x_wconf 82' lang='grc' dir='ltr'>πολὺ</span> <span class='ocrx_word' id='word_1_901' title='bbox 2526 3403 2808 3477; x_wconf 85' lang='grc' dir='ltr'>διάστημα</span> <span class='ocrx_word' id='word_1_902' title='bbox 2835 3406 3022 3481; x_wconf 82' lang='grc' dir='ltr'>εἴπῃς,</span> <span class='ocrx_word' id='word_1_903' title='bbox 3066 3409 3175 3463; x_wconf 88' lang='grc' dir='ltr'>ὑπὸ</span> <span class='ocrx_word' id='word_1_904' title='bbox 3218 3411 3318 3482; x_wconf 78' lang='grc' dir='ltr'>τὴν</span> <span class='ocrx_word' id='word_1_905' title='bbox 3360 3412 3538 3486; x_wconf 80' lang='grc' dir='ltr'>ἀρχὴν</span> <span class='ocrx_word' id='word_1_906' title='bbox 3568 3401 3664 3469; x_wconf 83' lang='grc' dir='ltr'>τὸν</span> 
     </span>
    </p>
   </div>
   <div class='ocr_carea' id='block_1_102' title="bbox 1945 3489 3660 3574">
    <p class='ocr_par' dir='ltr' id='par_1_102' title="bbox 1945 3489 3660 3574">
     <span class='ocr_line' id='line_1_103' title="bbox 1945 3489 3660 3574; baseline 0.008 -31"><span class='ocrx_word' id='word_1_907' title='bbox 1945 3489 2168 3561; x_wconf 78' lang='grc' dir='ltr'>Πατέρα</span> <span class='ocrx_word' id='word_1_908' title='bbox 2199 3491 2429 3561; x_wconf 80' lang='grc' dir='ltr'>ῆγαγες.</span> <span class='ocrx_word' id='word_1_909' title='bbox 2456 3492 2758 3565; x_wconf 78' lang='grc' dir='ltr'>Μετρήσας</span> <span class='ocrx_word' id='word_1_910' title='bbox 2799 3494 2910 3566; x_wconf 92' lang='lat'>7&amp;9</span> <span class='ocrx_word' id='word_1_911' title='bbox 2955 3493 3183 3568; x_wconf 75' lang='grc' dir='ltr'>εὔδηλον</span> <span class='ocrx_word' id='word_1_912' title='bbox 3225 3500 3310 3552; x_wconf 78' lang='grc' dir='ltr'>ὅτι</span> <span class='ocrx_word' id='word_1_913' title='bbox 3353 3500 3418 3554; x_wconf 87' lang='grc' dir='ltr'>τὸ</span> <span class='ocrx_word' id='word_1_914' title='bbox 3469 3501 3660 3574; x_wconf 89' lang='grc' dir='ltr'>μέσον,</span> 
     </span>
    </p>
   </div>
   <div class='ocr_carea' id='block_1_103' title="bbox 1942 3578 3659 3660">
    <p class='ocr_par' dir='ltr' id='par_1_103' title="bbox 1942 3578 3659 3660">
     <span class='ocr_line' id='line_1_104' title="bbox 1942 3578 3659 3660; baseline 0.009 -29"><span class='ocrx_word' id='word_1_915' title='bbox 1942 3578 2120 3642; x_wconf 80' lang='grc' dir='ltr'>οὑτως</span> <span class='ocrx_word' id='word_1_916' title='bbox 2142 3578 2324 3649; x_wconf 83' lang='grc' dir='ltr'>ὀλίγον</span> <span class='ocrx_word' id='word_1_917' title='bbox 2360 3583 2507 3652; x_wconf 80' lang='grc' dir='ltr'>ἐρεῖς</span> <span class='ocrx_word' id='word_1_918' title='bbox 2529 3581 2562 3651; x_wconf 81' lang='grc' dir='ltr'>ῆ</span> <span class='ocrx_word' id='word_1_919' title='bbox 2596 3580 2731 3635; x_wconf 87' lang='grc' dir='ltr'>πολὺ</span> <span class='ocrx_word' id='word_1_920' title='bbox 2751 3599 2765 3613; x_wconf 88' lang='grc'><strong>·</strong></span> <span class='ocrx_word' id='word_1_921' title='bbox 2808 3583 3084 3656; x_wconf 84' lang='grc' dir='ltr'>μετρῆσαι</span> <span class='ocrx_word' id='word_1_922' title='bbox 3105 3585 3161 3640; x_wconf 84' lang='grc' dir='ltr'>δέ</span> <span class='ocrx_word' id='word_1_923' title='bbox 3189 3587 3292 3641; x_wconf 88' lang='grc' dir='ltr'>οῦκ</span> <span class='ocrx_word' id='word_1_924' title='bbox 3317 3587 3385 3643; x_wconf 79' lang='grc' dir='ltr'>ἂν</span> <span class='ocrx_word' id='word_1_925' title='bbox 3419 3589 3659 3660; x_wconf 82' lang='grc' dir='ltr'>γένοιτο,</span> 
     </span>
    </p>
   </div>
   <div class='ocr_carea' id='block_1_104' title="bbox 1947 3666 3662 3750">
    <p class='ocr_par' dir='ltr' id='par_1_104' title="bbox 1947 3666 3662 3750">
     <span class='ocr_line' id='line_1_105' title="bbox 1947 3666 3662 3750; baseline 0.009 -31"><span class='ocrx_word' id='word_1_926' title='bbox 1947 3666 2024 3738; x_wconf 80' lang='grc' dir='ltr'>μὴ</span> <span class='ocrx_word' id='word_1_927' title='bbox 2055 3668 2407 3738; x_wconf 78' lang='grc' dir='ltr'>ἑκατέρωθεν</span> <span class='ocrx_word' id='word_1_928' title='bbox 2432 3666 2604 3740; x_wconf 82' lang='grc' dir='ltr'>οὑσης</span> <span class='ocrx_word' id='word_1_929' title='bbox 2640 3667 2754 3742; x_wconf 68' lang='lat'>[‘19]</span> <span class='ocrx_word' id='word_1_930' title='bbox 2784 3671 2984 3743; x_wconf 82' lang='grc' dir='ltr'>ἀρχῆς.</span> <span class='ocrx_word' id='word_1_931' title='bbox 3020 3673 3189 3728; x_wconf 81' lang='grc' dir='ltr'>Ὥστε</span> <span class='ocrx_word' id='word_1_932' title='bbox 3235 3676 3332 3730; x_wconf 70' lang='grc' dir='ltr'>καὶ</span> <span class='ocrx_word' id='word_1_933' title='bbox 3375 3677 3455 3748; x_wconf 83' lang='grc' dir='ltr'>τῷ</span> <span class='ocrx_word' id='word_1_934' title='bbox 3480 3679 3662 3750; x_wconf 74' lang='grc' dir='ltr'>Πατρὶ</span> 
     </span>
    </p>
   </div>
   <div class='ocr_carea' id='block_1_105' title="bbox 1941 3755 3662 3832">
    <p class='ocr_par' dir='ltr' id='par_1_105' title="bbox 1941 3755 3662 3832">
     <span class='ocr_line' id='line_1_106' title="bbox 1941 3755 3662 3832; baseline 0.007 -23"><span class='ocrx_word' id='word_1_935' title='bbox 1941 3755 2184 3819; x_wconf 85' lang='grc' dir='ltr'>δέδωκας</span> <span class='ocrx_word' id='word_1_936' title='bbox 2215 3756 2415 3827; x_wconf 81' lang='grc' dir='ltr'>ἀρχὴν,</span> <span class='ocrx_word' id='word_1_937' title='bbox 2438 3757 2502 3810; x_wconf 88' lang='grc' dir='ltr'>τό</span> <span class='ocrx_word' id='word_1_938' title='bbox 2525 3774 2590 3827; x_wconf 90' lang='grc' dir='ltr'>γε</span> <span class='ocrx_word' id='word_1_939' title='bbox 2624 3759 2706 3822; x_wconf 88' lang='grc' dir='ltr'>εἰς</span> <span class='ocrx_word' id='word_1_940' title='bbox 2741 3759 2802 3813; x_wconf 81' lang='grc' dir='ltr'>σὲ</span> <span class='ocrx_word' id='word_1_941' title='bbox 2825 3755 2966 3832; x_wconf 81' lang='grc' dir='ltr'>ἧκον</span> <span class='ocrx_word' id='word_1_942' title='bbox 2992 3778 3004 3791; x_wconf 87' lang='grc'><strong>·</strong></span> <span class='ocrx_word' id='word_1_943' title='bbox 3042 3764 3137 3816; x_wconf 69' lang='grc' dir='ltr'>καί¹</span> <span class='ocrx_word' id='word_1_944' title='bbox 3161 3765 3265 3818; x_wconf 91' lang='grc' dir='ltr'>οὑκ</span> <span class='ocrx_word' id='word_1_945' title='bbox 3300 3765 3454 3823; x_wconf 77' lang='grc' dir='ltr'>ἔσται</span> <span class='ocrx_word' id='word_1_946' title='bbox 3471 3767 3662 3824; x_wconf 80' lang='grc' dir='ltr'>λοιπὸν</span> 
     </span>
    </p>
   </div>
   <div class='ocr_carea' id='block_1_106' title="bbox 1942 3839 3661 3925">
    <p class='ocr_par' dir='ltr' id='par_1_106' title="bbox 1942 3839 3661 3925">
     <span class='ocr_line' id='line_1_107' title="bbox 1942 3839 3661 3925; baseline 0.009 -33"><span class='ocrx_word' id='word_1_947' title='bbox 1942 3839 2065 3892; x_wconf 84' lang='grc' dir='ltr'>ούδέ</span> <span class='ocrx_word' id='word_1_948' title='bbox 2097 3841 2126 3892; x_wconf 92' lang='lat'><em>6</em></span> <span class='ocrx_word' id='word_1_949' title='bbox 2153 3839 2345 3910; x_wconf 83' lang='grc' dir='ltr'>Πατὴρ</span> <span class='ocrx_word' id='word_1_950' title='bbox 2391 3839 2637 3913; x_wconf 75' lang='grc' dir='ltr'>ἄναρχος</span> <span class='ocrx_word' id='word_1_951' title='bbox 2684 3841 2809 3896; x_wconf 81' lang='grc' dir='ltr'>καθ’</span> <span class='ocrx_word' id='word_1_952' title='bbox 2850 3844 3016 3914; x_wconf 74' lang='grc' dir='ltr'>ὑμᾶς.</span> <span class='ocrx_word' id='word_1_953' title='bbox 3063 3845 3229 3919; x_wconf 78' lang='grc' dir='ltr'>Ὁρᾷς</span> <span class='ocrx_word' id='word_1_954' title='bbox 3269 3849 3354 3902; x_wconf 89' lang='grc' dir='ltr'>ὃτι</span> <span class='ocrx_word' id='word_1_955' title='bbox 3392 3849 3456 3904; x_wconf 81' lang='grc' dir='ltr'>τὸ</span> <span class='ocrx_word' id='word_1_956' title='bbox 3504 3852 3661 3925; x_wconf 87' lang='grc' dir='ltr'>παρά</span> 
     </span>
    </p>
   </div>
   <div class='ocr_carea' id='block_1_107' title="bbox 1941 3927 3686 4013">
    <p class='ocr_par' dir='ltr' id='par_1_107' title="bbox 1941 3927 3686 4013">
     <span class='ocr_line' id='line_1_108' title="bbox 1941 3927 3686 4013; baseline 0.009 -33"><span class='ocrx_word' id='word_1_957' title='bbox 1941 3927 2037 4013; x_wconf 80' lang='grc' dir='ltr'>τοῦ</span> <span class='ocrx_word' id='word_1_958' title='bbox 2097 3927 2352 4013; x_wconf 82' lang='grc' dir='ltr'>Σωτῆρος</span> <span class='ocrx_word' id='word_1_959' title='bbox 2411 3927 2603 3999; x_wconf 81' lang='grc' dir='ltr'>λεχθὲν</span> <span class='ocrx_word' id='word_1_960' title='bbox 2651 3929 2854 4001; x_wconf 85' lang='grc' dir='ltr'>ἀληθές</span> <span class='ocrx_word' id='word_1_961' title='bbox 2899 3935 3038 3992; x_wconf 84' lang='grc' dir='ltr'>ἐστι.</span> <span class='ocrx_word' id='word_1_962' title='bbox 3095 3937 3190 3989; x_wconf 73' lang='grc' dir='ltr'>καὶ</span> <span class='ocrx_word' id='word_1_963' title='bbox 3230 3939 3513 4010; x_wconf 83' lang='grc' dir='ltr'>πανταχοῦ</span> <span class='ocrx_word' id='word_1_964' title='bbox 3558 3941 3686 4013; x_wconf 63' lang='grc' dir='ltr'>τὴ..</span> 
     </span>
    </p>
   </div>
   <div class='ocr_carea' id='block_1_108' title="bbox 1942 4010 3655 4095">
    <p class='ocr_par' dir='ltr' id='par_1_108' title="bbox 1942 4010 3655 4095">
     <span class='ocr_line' id='line_1_109' title="bbox 1942 4010 3655 4095; baseline 0.009 -32"><span class='ocrx_word' id='word_1_965' title='bbox 1942 4010 2175 4082; x_wconf 85' lang='grc' dir='ltr'>δύναμιν</span> <span class='ocrx_word' id='word_1_966' title='bbox 2201 4012 2538 4095; x_wconf 80' lang='grc' dir='ltr'>ἐνδείκνυται</span> <span class='ocrx_word' id='word_1_967' title='bbox 2563 4015 2665 4086; x_wconf 79' lang='grc' dir='ltr'>τὴν</span> <span class='ocrx_word' id='word_1_968' title='bbox 2691 4015 2860 4069; x_wconf 88' lang='grc' dir='ltr'>αὑτοῦ</span> <span class='ocrx_word' id='word_1_969' title='bbox 2883 4017 2946 4070; x_wconf 87' lang='grc' dir='ltr'>τὸ</span> <span class='ocrx_word' id='word_1_970' title='bbox 2970 4019 3036 4090; x_wconf 77' lang='grc' dir='ltr'>ρῆ</span> <span class='ocrx_word' id='word_1_971' title='bbox 3045 4037 3122 4091; x_wconf 91' lang='grc' dir='ltr'>μα</span> <span class='ocrx_word' id='word_1_972' title='bbox 3146 4037 3161 4086; x_wconf 92' lang='lat'>;</span> <span class='ocrx_word' id='word_1_973' title='bbox 3190 4023 3350 4076; x_wconf 87' lang='grc' dir='ltr'>Ποῖον</span> <span class='ocrx_word' id='word_1_974' title='bbox 3375 4023 3440 4095; x_wconf 80' lang='grc' dir='ltr'>δὴ</span> <span class='ocrx_word' id='word_1_975' title='bbox 3460 4010 3626 4080; x_wconf 85' lang='grc' dir='ltr'>τοῦτο</span> <span class='ocrx_word' id='word_1_976' title='bbox 3639 4045 3655 4088; x_wconf 88' lang='grc'>;</span> 
     </span>
    </p>
   </div>
   <div class='ocr_carea' id='block_1_109' title="bbox 1954 4094 3656 4173">
    <p class='ocr_par' dir='ltr' id='par_1_109' title="bbox 1954 4094 3656 4173">
     <span class='ocr_line' id='line_1_110' title="bbox 1954 4094 3656 4173; baseline 0.009 -26"><span class='ocrx_word' id='word_1_977' title='bbox 1954 4096 2017 4149; x_wconf 88' lang='lat'>&#39;0</span> <span class='ocrx_word' id='word_1_978' title='bbox 2040 4096 2128 4165; x_wconf 80' lang='grc' dir='ltr'>μὴ</span> <span class='ocrx_word' id='word_1_979' title='bbox 2159 4094 2345 4165; x_wconf 78' lang='grc' dir='ltr'>τιμῶν</span> <span class='ocrx_word' id='word_1_980' title='bbox 2376 4097 2488 4151; x_wconf 82' lang='grc' dir='ltr'>τὸν</span> <span class='ocrx_word' id='word_1_981' title='bbox 2516 4098 2674 4161; x_wconf 82' lang='grc' dir='ltr'>Υίὸν,</span> <span class='ocrx_word' id='word_1_982' title='bbox 2703 4101 2776 4153; x_wconf 86' lang='grc' dir='ltr'>οὐ</span> <span class='ocrx_word' id='word_1_983' title='bbox 2811 4098 2950 4170; x_wconf 79' lang='grc' dir='ltr'>τιμᾷ</span> <span class='ocrx_word' id='word_1_984' title='bbox 2970 4103 3080 4155; x_wconf 80' lang='grc' dir='ltr'>τὸν</span> <span class='ocrx_word' id='word_1_985' title='bbox 3107 4105 3363 4173; x_wconf 83' lang='grc' dir='ltr'>Πατέρα.</span> <span class='ocrx_word' id='word_1_986' title='bbox 3399 4094 3508 4161; x_wconf 75' lang='grc' dir='ltr'>Καὶ</span> <span class='ocrx_word' id='word_1_987' title='bbox 3537 4105 3656 4162; x_wconf 80' lang='grc' dir='ltr'>οἶδα</span> 
     </span>
    </p>
   </div>
   <div class='ocr_carea' id='block_1_110' title="bbox 1945 4182 3654 4267">
    <p class='ocr_par' dir='ltr' id='par_1_110' title="bbox 1945 4182 3654 4267">
     <span class='ocr_line' id='line_1_111' title="bbox 1945 4182 3654 4267; baseline 0.009 -33"><span class='ocrx_word' id='word_1_988' title='bbox 1945 4183 2045 4254; x_wconf 85' lang='grc' dir='ltr'>μὲν</span> <span class='ocrx_word' id='word_1_989' title='bbox 2075 4182 2294 4247; x_wconf 81' lang='grc' dir='ltr'>πολλοῖς</span> <span class='ocrx_word' id='word_1_990' title='bbox 2324 4183 2716 4263; x_wconf 85' lang='grc' dir='ltr'>ἀκατάληπτον</span> <span class='ocrx_word' id='word_1_991' title='bbox 2765 4185 2826 4240; x_wconf 79' lang='grc' dir='ltr'>ὃν</span> <span class='ocrx_word' id='word_1_992' title='bbox 2871 4188 2934 4241; x_wconf 86' lang='grc' dir='ltr'>τὸ</span> <span class='ocrx_word' id='word_1_993' title='bbox 2977 4188 3169 4260; x_wconf 83' lang='grc' dir='ltr'>λεχθέν</span> <span class='ocrx_word' id='word_1_994' title='bbox 3194 4209 3208 4222; x_wconf 86' lang='grc'><strong>·</strong></span> <span class='ocrx_word' id='word_1_995' title='bbox 3250 4192 3332 4246; x_wconf 87' lang='lat'>6:6</span> <span class='ocrx_word' id='word_1_996' title='bbox 3381 4193 3654 4267; x_wconf 84' lang='grc' dir='ltr'>πολλαχοῦ</span> 
     </span>
    </p>
   </div>
   <div class='ocr_carea' id='block_1_111' title="bbox 1942 4271 3652 4348">
    <p class='ocr_par' dir='ltr' id='par_1_111' title="bbox 1942 4271 3652 4348">
     <span class='ocr_line' id='line_1_112' title="bbox 1942 4271 3652 4348; baseline 0.008 -23"><span class='ocrx_word' id='word_1_997' title='bbox 1942 4272 2036 4325; x_wconf 76' lang='grc' dir='ltr'>καὶ</span> <span class='ocrx_word' id='word_1_998' title='bbox 2065 4272 2134 4326; x_wconf 74' lang='grc' dir='ltr'>τὰ</span> <span class='ocrx_word' id='word_1_999' title='bbox 2160 4271 2270 4326; x_wconf 88' lang='grc' dir='ltr'>άπὸ</span> <span class='ocrx_word' id='word_1_1000' title='bbox 2291 4271 2401 4325; x_wconf 91' lang='grc' dir='ltr'>τῶν</span> <span class='ocrx_word' id='word_1_1001' title='bbox 2422 4271 2706 4344; x_wconf 87' lang='grc' dir='ltr'>λογισμῶν</span> <span class='ocrx_word' id='word_1_1002' title='bbox 2732 4275 3157 4348; x_wconf 77' lang='grc' dir='ltr'>ἀναϐαλλόμεθα</span> <span class='ocrx_word' id='word_1_1003' title='bbox 3181 4284 3382 4346; x_wconf 87' lang='grc' dir='ltr'>κινεῖν,</span> <span class='ocrx_word' id='word_1_1004' title='bbox 3413 4284 3495 4337; x_wconf 79' lang='grc' dir='ltr'>ὅτι</span> <span class='ocrx_word' id='word_1_1005' title='bbox 3527 4285 3652 4338; x_wconf 74' lang='grc' dir='ltr'>οὔτε</span> 
     </span>
    </p>
   </div>
   <div class='ocr_carea' id='block_1_112' title="bbox 1942 4355 3652 4437">
    <p class='ocr_par' dir='ltr' id='par_1_112' title="bbox 1942 4355 3652 4437">
     <span class='ocr_line' id='line_1_113' title="bbox 1942 4355 3652 4437; baseline 0.009 -28"><span class='ocrx_word' id='word_1_1006' title='bbox 1942 4355 2379 4428; x_wconf 84' lang='grc' dir='ltr'>παρακολουθεῖν</span> <span class='ocrx_word' id='word_1_1007' title='bbox 2402 4357 2588 4422; x_wconf 85' lang='grc' dir='ltr'>αὑτοῖς</span> <span class='ocrx_word' id='word_1_1008' title='bbox 2623 4360 2652 4412; x_wconf 92' lang='grc' dir='ltr'>ό</span> <span class='ocrx_word' id='word_1_1009' title='bbox 2679 4358 2867 4424; x_wconf 89' lang='grc' dir='ltr'>λοιπὸς</span> <span class='ocrx_word' id='word_1_1010' title='bbox 2898 4360 3106 4416; x_wconf 82' lang='grc' dir='ltr'>δύναιτ’</span> <span class='ocrx_word' id='word_1_1011' title='bbox 3154 4364 3222 4418; x_wconf 85' lang='grc' dir='ltr'>ἂν</span> <span class='ocrx_word' id='word_1_1012' title='bbox 3256 4366 3456 4437; x_wconf 84' lang='grc' dir='ltr'>δῆμος·</span> <span class='ocrx_word' id='word_1_1013' title='bbox 3502 4368 3652 4434; x_wconf 83' lang='grc' dir='ltr'>οὑτε,</span> 
     </span>
    </p>
   </div>
   <div class='ocr_carea' id='block_1_113' title="bbox 1940 4439 3656 4518">
    <p class='ocr_par' dir='ltr' id='par_1_113' title="bbox 1940 4439 3656 4518">
     <span class='ocr_line' id='line_1_114' title="bbox 1940 4439 3656 4518; baseline 0.008 -26"><span class='ocrx_word' id='word_1_1014' title='bbox 1940 4443 1990 4492; x_wconf 83' lang='grc' dir='ltr'>εἰ</span> <span class='ocrx_word' id='word_1_1015' title='bbox 2013 4439 2572 4512; x_wconf 83' lang='grc' dir='ltr'>παρακολουθήσειεν,</span> <span class='ocrx_word' id='word_1_1016' title='bbox 2604 4441 2718 4513; x_wconf 75' lang='grc' dir='ltr'>ἔχει</span> <span class='ocrx_word' id='word_1_1017' title='bbox 2744 4459 2796 4495; x_wconf 92' lang='grc' dir='ltr'>τι</span> <span class='ocrx_word' id='word_1_1018' title='bbox 2834 4442 3053 4513; x_wconf 84' lang='grc' dir='ltr'>βέϐαιον</span> <span class='ocrx_word' id='word_1_1019' title='bbox 3098 4448 3194 4501; x_wconf 79' lang='grc' dir='ltr'>καὶ</span> <span class='ocrx_word' id='word_1_1020' title='bbox 3235 4450 3499 4518; x_wconf 82' lang='grc' dir='ltr'>ἀσφαλές.</span> <span class='ocrx_word' id='word_1_1021' title='bbox 3540 4458 3656 4509; x_wconf 83' lang='grc' dir='ltr'>Λο-</span> 
     </span>
    </p>
   </div>
   <div class='ocr_carea' id='block_1_114' title="bbox 1941 4530 3654 4609">
    <p class='ocr_par' dir='ltr' id='par_1_114' title="bbox 1941 4530 3654 4609">
     <span class='ocr_line' id='line_1_115' title="bbox 1941 4530 3654 4609; baseline 0.014 -35"><span class='ocrx_word' id='word_1_1022' title='bbox 1941 4530 2144 4598; x_wconf 71' lang='grc' dir='ltr'>γισμοὶ</span> <span class='ocrx_word' id='word_1_1023' title='bbox 2197 4530 2309 4601; x_wconf 75' lang='grc' dir='ltr'>γὰρ</span> <span class='ocrx_word' id='word_1_1024' title='bbox 2369 4530 2703 4599; x_wconf 77' lang='grc' dir='ltr'>ἀνθρώπων</span> <span class='ocrx_word' id='word_1_1025' title='bbox 2750 4531 2960 4598; x_wconf 64' lang='grc' dir='ltr'>δειλοί,</span> <span class='ocrx_word' id='word_1_1026' title='bbox 3020 4535 3120 4588; x_wconf 80' lang='grc' dir='ltr'>καί</span> <span class='ocrx_word' id='word_1_1027' title='bbox 3166 4537 3533 4609; x_wconf 61' lang='grc' dir='ltr'>ἐπισφαλεῖς</span> <span class='ocrx_word' id='word_1_1028' title='bbox 3591 4549 3654 4598; x_wconf 79' lang='grc' dir='ltr'>αἱ</span> 
     </span>
    </p>
   </div>
   <div class='ocr_carea' id='block_1_115' title="bbox 1939 4616 3651 4698">
    <p class='ocr_par' dir='ltr' id='par_1_115' title="bbox 1939 4616 3651 4698">
     <span class='ocr_line' id='line_1_116' title="bbox 1939 4616 3651 4698; baseline 0.003 -28"><span class='ocrx_word' id='word_1_1029' title='bbox 1939 4617 2201 4671; x_wconf 78' lang='grc' dir='ltr'>ἐπίνοιαι</span> <span class='ocrx_word' id='word_1_1030' title='bbox 2230 4616 2451 4671; x_wconf 82' lang='grc' dir='ltr'>αὐτῶν.</span> <span class='ocrx_word' id='word_1_1031' title='bbox 2495 4617 2697 4679; x_wconf 82' lang='grc' dir='ltr'>Ἡδέως</span> <span class='ocrx_word' id='word_1_1032' title='bbox 2731 4619 2777 4672; x_wconf 86' lang='lat'><strong>6‘</strong></span> <span class='ocrx_word' id='word_1_1033' title='bbox 2816 4619 2882 4674; x_wconf 83' lang='grc' dir='ltr'>ἂν</span> <span class='ocrx_word' id='word_1_1034' title='bbox 2925 4621 3151 4678; x_wconf 86' lang='grc' dir='ltr'>κάκεῖνο</span> <span class='ocrx_word' id='word_1_1035' title='bbox 3185 4626 3416 4698; x_wconf 86' lang='grc' dir='ltr'>ἐροίμην</span> <span class='ocrx_word' id='word_1_1036' title='bbox 3459 4631 3588 4696; x_wconf 75' lang='grc' dir='ltr'>τοὺς</span> <span class='ocrx_word' id='word_1_1037' title='bbox 3619 4634 3651 4675; x_wconf 73' lang='grc' dir='ltr'>ιι</span> 
     </span>
    </p>
   </div>
   <div class='ocr_carea' id='block_1_116' title="bbox 1939 4705 3653 4796">
    <p class='ocr_par' dir='ltr' id='par_1_116' title="bbox 1939 4705 3653 4796">
     <span class='ocr_line' id='line_1_117' title="bbox 1939 4705 3653 4796; baseline 0.005 -37"><span class='ocrx_word' id='word_1_1038' title='bbox 1939 4705 2320 4774; x_wconf 82' lang='grc' dir='ltr'>ἀντιλέγοντας</span> <span class='ocrx_word' id='word_1_1039' title='bbox 2355 4708 2510 4777; x_wconf 78' lang='grc' dir='ltr'>ἡμῖν,</span> <span class='ocrx_word' id='word_1_1040' title='bbox 2545 4707 2600 4758; x_wconf 92' lang='grc' dir='ltr'>τί</span> <span class='ocrx_word' id='word_1_1041' title='bbox 2633 4707 2765 4761; x_wconf 82' lang='grc' dir='ltr'>ποτέ</span> <span class='ocrx_word' id='word_1_1042' title='bbox 2804 4710 2922 4763; x_wconf 84' lang='grc' dir='ltr'>ἐστι</span> <span class='ocrx_word' id='word_1_1043' title='bbox 2964 4710 3027 4764; x_wconf 82' lang='grc' dir='ltr'>τὸ</span> <span class='ocrx_word' id='word_1_1044' title='bbox 3078 4713 3231 4796; x_wconf 82' lang='grc' dir='ltr'>παρά</span> <span class='ocrx_word' id='word_1_1045' title='bbox 3273 4715 3352 4786; x_wconf 80' lang='grc' dir='ltr'>τῷ</span> <span class='ocrx_word' id='word_1_1046' title='bbox 3392 4723 3653 4796; x_wconf 69' lang='grc' dir='ltr'>προφήτῃ</span> 
     </span>
    </p>
   </div>
   <div class='ocr_carea' id='block_1_117' title="bbox 1938 4783 3652 4880">
    <p class='ocr_par' dir='ltr' id='par_1_117' title="bbox 1938 4783 3652 4880">
     <span class='ocr_line' id='line_1_118' title="bbox 1938 4783 3652 4880; baseline 0.013 -35"><span class='ocrx_word' id='word_1_1047' title='bbox 1938 4795 2251 4880; x_wconf 80' lang='grc' dir='ltr'>λεγόμενον,</span> <span class='ocrx_word' id='word_1_1048' title='bbox 2288 4795 2372 4860; x_wconf 85' lang='grc' dir='ltr'>τὸ,</span> <span class='ocrx_word' id='word_1_1049' title='bbox 2430 4797 2820 4880; x_wconf 78' lang='grc' dir='ltr'>Ἐμπροσθέν</span> <span class='ocrx_word' id='word_1_1050' title='bbox 2860 4817 2983 4869; x_wconf 82' lang='grc' dir='ltr'>μου</span> <span class='ocrx_word' id='word_1_1051' title='bbox 3022 4803 3134 4856; x_wconf 82' lang='grc' dir='ltr'>οὐκ</span> <span class='ocrx_word' id='word_1_1052' title='bbox 3161 4783 3408 4874; x_wconf 58' lang='grc' dir='ltr'>ἐγένετο</span> <span class='ocrx_word' id='word_1_1053' title='bbox 3438 4783 3652 4880; x_wconf 47' lang='grc' dir='ltr'>’ἀλέοξ</span> 
     </span>
    </p>
   </div>
   <div class='ocr_carea' id='block_1_118' title="bbox 1942 4879 3651 4967">
    <p class='ocr_par' dir='ltr' id='par_1_118' title="bbox 1942 4879 3651 4967">
     <span class='ocr_line' id='line_1_119' title="bbox 1942 4879 3651 4967; baseline 0.016 -44"><span class='ocrx_word' id='word_1_1054' title='bbox 1942 4879 2129 4967; x_wconf 35' lang='grc' dir='ltr'>θιῖὀςέ,</span> <span class='ocrx_word' id='word_1_1055' title='bbox 2185 4879 2283 4967; x_wconf 62' lang='grc' dir='ltr'>καὶ</span> <span class='ocrx_word' id='word_1_1056' title='bbox 2339 4880 2472 4967; x_wconf 58' lang='grc' dir='ltr'>μετ’</span> <span class='ocrx_word' id='word_1_1057' title='bbox 2525 4879 2652 4967; x_wconf 49' lang='grc' dir='ltr'>ἐμὲ-</span> <span class='ocrx_word' id='word_1_1058' title='bbox 2676 4884 2789 4936; x_wconf 66' lang='grc' dir='ltr'>οὐκ</span> <span class='ocrx_word' id='word_1_1059' title='bbox 2832 4883 3049 4948; x_wconf 75' lang='grc' dir='ltr'>ἐστινς</span> <span class='ocrx_word' id='word_1_1060' title='bbox 3104 4886 3168 4940; x_wconf 85' lang='grc' dir='ltr'>Εί</span> <span class='ocrx_word' id='word_1_1061' title='bbox 3213 4887 3324 4960; x_wconf 84' lang='grc' dir='ltr'>γὰρ</span> <span class='ocrx_word' id='word_1_1062' title='bbox 3380 4879 3651 4967; x_wconf 86' lang='grc' dir='ltr'>νεώτερος</span> 
     </span>
    </p>
   </div>
   <div class='ocr_carea' id='block_1_119' title="bbox 1938 4962 3650 5042">
    <p class='ocr_par' dir='ltr' id='par_1_119' title="bbox 1938 4962 3650 5042">
     <span class='ocr_line' id='line_1_120' title="bbox 1938 4962 3650 5042; baseline 0.011 -27"><span class='ocrx_word' id='word_1_1063' title='bbox 1938 4962 2033 5016; x_wconf 86' lang='grc' dir='ltr'>τοῦ</span> <span class='ocrx_word' id='word_1_1064' title='bbox 2075 4963 2337 5035; x_wconf 81' lang='grc' dir='ltr'>Πατρὺςό</span> <span class='ocrx_word' id='word_1_1065' title='bbox 2366 4963 2516 5030; x_wconf 79' lang='grc' dir='ltr'>Υἱὸς,</span> <span class='ocrx_word' id='word_1_1066' title='bbox 2577 4965 2694 5029; x_wconf 81' lang='grc' dir='ltr'>πῶς</span> <span class='ocrx_word' id='word_1_1067' title='bbox 2746 4982 2902 5037; x_wconf 72' lang='grc' dir='ltr'>φησι,</span> <span class='ocrx_word' id='word_1_1068' title='bbox 2938 4972 3076 5023; x_wconf 79' lang='grc' dir='ltr'>Μετ’</span> <span class='ocrx_word' id='word_1_1069' title='bbox 3118 4971 3226 5040; x_wconf 85' lang='grc' dir='ltr'>ἐμὲ</span> <span class='ocrx_word' id='word_1_1070' title='bbox 3271 4976 3385 5029; x_wconf 72' lang='grc' dir='ltr'>οὐκ</span> <span class='ocrx_word' id='word_1_1071' title='bbox 3440 4962 3650 5042; x_wconf 71' lang='grc' dir='ltr'>ἔστινς</span> 
     </span>
    </p>
   </div>
   <div class='ocr_carea' id='block_1_120' title="bbox 1936 5043 3650 5136">
    <p class='ocr_par' dir='ltr' id='par_1_120' title="bbox 1936 5043 3650 5136">
     <span class='ocr_line' id='line_1_121' title="bbox 1936 5043 3650 5136; baseline 0.006 -34"><span class='ocrx_word' id='word_1_1072' title='bbox 1936 5043 2086 5119; x_wconf 71' lang='grc' dir='ltr'>Ἀρα</span> <span class='ocrx_word' id='word_1_1073' title='bbox 2145 5043 2240 5101; x_wconf 81' lang='grc' dir='ltr'>οὖν</span> <span class='ocrx_word' id='word_1_1074' title='bbox 2293 5049 2622 5120; x_wconf 82' lang='grc' dir='ltr'>ἀναιρήσετε</span> <span class='ocrx_word' id='word_1_1075' title='bbox 2674 5050 2770 5103; x_wconf 73' lang='grc' dir='ltr'>καὶ</span> <span class='ocrx_word' id='word_1_1076' title='bbox 2815 5050 2983 5105; x_wconf 85' lang='grc' dir='ltr'>αὑτοῦ</span> <span class='ocrx_word' id='word_1_1077' title='bbox 3019 5053 3115 5107; x_wconf 91' lang='grc' dir='ltr'>τοῦ</span> <span class='ocrx_word' id='word_1_1078' title='bbox 3157 5057 3501 5126; x_wconf 86' lang='grc' dir='ltr'>Μονογενοῦς</span> <span class='ocrx_word' id='word_1_1079' title='bbox 3547 5064 3650 5136; x_wconf 81' lang='grc' dir='ltr'>τὴν</span> 
     </span>
    </p>
   </div>
   <div class='ocr_carea' id='block_1_121' title="bbox 1937 5131 3648 5214">
    <p class='ocr_par' dir='ltr' id='par_1_121' title="bbox 1937 5131 3648 5214">
     <span class='ocr_line' id='line_1_122' title="bbox 1937 5131 3648 5214; baseline 0.002 -30"><span class='ocrx_word' id='word_1_1080' title='bbox 1937 5131 2166 5214; x_wconf 81' lang='grc' dir='ltr'>οὑσίαν;</span> <span class='ocrx_word' id='word_1_1081' title='bbox 2213 5131 2456 5202; x_wconf 82' lang='grc' dir='ltr'>Ἀνάγκη</span> <span class='ocrx_word' id='word_1_1082' title='bbox 2498 5132 2674 5204; x_wconf 88' lang='grc' dir='ltr'>γάρῆ</span> <span class='ocrx_word' id='word_1_1083' title='bbox 2714 5133 2874 5186; x_wconf 87' lang='grc' dir='ltr'>τοῦτο</span> <span class='ocrx_word' id='word_1_1084' title='bbox 2919 5135 3149 5208; x_wconf 80' lang='grc' dir='ltr'>τολμᾷν,</span> <span class='ocrx_word' id='word_1_1085' title='bbox 3198 5140 3231 5208; x_wconf 84' lang='grc' dir='ltr'>ῆ</span> <span class='ocrx_word' id='word_1_1086' title='bbox 3277 5142 3408 5211; x_wconf 87' lang='grc' dir='ltr'>μίαν</span> <span class='ocrx_word' id='word_1_1087' title='bbox 3463 5131 3648 5214; x_wconf 68' lang='grc' dir='ltr'>παρά-</span> 
     </span>
    </p>
   </div>
   <div class='ocr_carea' id='block_1_122' title="bbox 1938 5213 3649 5299">
    <p class='ocr_par' dir='ltr' id='par_1_122' title="bbox 1938 5213 3649 5299">
     <span class='ocr_line' id='line_1_123' title="bbox 1938 5213 3649 5299; baseline 0.01 -31"><span class='ocrx_word' id='word_1_1088' title='bbox 1938 5213 2195 5280; x_wconf 77' lang='grc' dir='ltr'>δέξασθαι</span> <span class='ocrx_word' id='word_1_1089' title='bbox 2253 5215 2352 5287; x_wconf 79' lang='grc' dir='ltr'>τὴν</span> <span class='ocrx_word' id='word_1_1090' title='bbox 2401 5217 2634 5287; x_wconf 82' lang='grc' dir='ltr'>θεότητα</span> <span class='ocrx_word' id='word_1_1091' title='bbox 2691 5220 2749 5271; x_wconf 83' lang='grc' dir='ltr'>ἐν</span> <span class='ocrx_word' id='word_1_1092' title='bbox 2791 5219 2898 5291; x_wconf 76' lang='grc' dir='ltr'>ἰδίᾳ</span> <span class='ocrx_word' id='word_1_1093' title='bbox 2949 5221 3249 5277; x_wconf 85' lang='grc' dir='ltr'>ὑποστάσει</span> <span class='ocrx_word' id='word_1_1094' title='bbox 3299 5228 3512 5299; x_wconf 83' lang='grc' dir='ltr'>Πατρὸς</span> <span class='ocrx_word' id='word_1_1095' title='bbox 3547 5213 3649 5285; x_wconf 78' lang='grc' dir='ltr'>καὶ</span> 
     </span>
    </p>
   </div>
   <div class='ocr_carea' id='block_1_123' title="bbox 1940 5301 3648 5390">
    <p class='ocr_par' dir='ltr' id='par_1_123' title="bbox 1940 5301 3648 5390">
     <span class='ocr_line' id='line_1_124' title="bbox 1940 5301 3648 5390; baseline 0.009 -34"><span class='ocrx_word' id='word_1_1096' title='bbox 1940 5301 2094 5356; x_wconf 83' lang='grc' dir='ltr'>Υἱοῦ.</span> <span class='ocrx_word' id='word_1_1097' title='bbox 2142 5302 2256 5357; x_wconf 89' lang='grc' dir='ltr'>Ποῦ</span> <span class='ocrx_word' id='word_1_1098' title='bbox 2281 5303 2337 5357; x_wconf 85' lang='grc' dir='ltr'>δὲ</span> <span class='ocrx_word' id='word_1_1099' title='bbox 2363 5304 2502 5368; x_wconf 86' lang='grc' dir='ltr'>ὅλως</span> <span class='ocrx_word' id='word_1_1100' title='bbox 2532 5305 2614 5370; x_wconf 86' lang='grc' dir='ltr'>τὸ,</span> <span class='ocrx_word' id='word_1_1101' title='bbox 2653 5305 2858 5360; x_wconf 82' lang='grc' dir='ltr'>Πάντα</span> <span class='ocrx_word' id='word_1_1102' title='bbox 2884 5307 2961 5361; x_wconf 74' lang='grc' dir='ltr'>δι’</span> <span class='ocrx_word' id='word_1_1103' title='bbox 2993 5311 3182 5366; x_wconf 81' lang='grc' dir='ltr'>αὐτοῦ</span> <span class='ocrx_word' id='word_1_1104' title='bbox 3217 5312 3479 5384; x_wconf 76' lang='grc' dir='ltr'>ἐγένετο.</span> <span class='ocrx_word' id='word_1_1105' title='bbox 3515 5317 3648 5390; x_wconf 85' lang='grc' dir='ltr'>ἀλη-</span> 
     </span>
    </p>
   </div>
   <div class='ocr_carea' id='block_1_124' title="bbox 1937 5391 3650 5470">
    <p class='ocr_par' dir='ltr' id='par_1_124' title="bbox 1937 5391 3650 5470">
     <span class='ocr_line' id='line_1_125' title="bbox 1937 5391 3650 5470; baseline 0.01 -26"><span class='ocrx_word' id='word_1_1106' title='bbox 1937 5391 2065 5456; x_wconf 85' lang='grc' dir='ltr'>θές;</span> <span class='ocrx_word' id='word_1_1107' title='bbox 2096 5393 2159 5444; x_wconf 81' lang='grc' dir='ltr'>Εἰ</span> <span class='ocrx_word' id='word_1_1108' title='bbox 2184 5391 2293 5464; x_wconf 88' lang='grc' dir='ltr'>γάρ</span> <span class='ocrx_word' id='word_1_1109' title='bbox 2321 5394 2470 5446; x_wconf 81' lang='grc' dir='ltr'>ἐστιν</span> <span class='ocrx_word' id='word_1_1110' title='bbox 2498 5392 2633 5447; x_wconf 88' lang='grc' dir='ltr'>αίὼν</span> <span class='ocrx_word' id='word_1_1111' title='bbox 2661 5395 2826 5450; x_wconf 89' lang='grc' dir='ltr'>αὑτοῦ</span> <span class='ocrx_word' id='word_1_1112' title='bbox 2876 5397 3285 5470; x_wconf 84' lang='grc' dir='ltr'>πρεσϐύτερος,</span> <span class='ocrx_word' id='word_1_1113' title='bbox 3329 5404 3449 5468; x_wconf 90' lang='grc' dir='ltr'>πῶς</span> <span class='ocrx_word' id='word_1_1114' title='bbox 3477 5405 3546 5460; x_wconf 81' lang='grc' dir='ltr'>ἂν</span> <span class='ocrx_word' id='word_1_1115' title='bbox 3585 5409 3650 5461; x_wconf 81' lang='grc' dir='ltr'>τὸ</span> 
     </span>
    </p>
   </div>
   <div class='ocr_carea' id='block_1_125' title="bbox 1939 5479 3648 5564">
    <p class='ocr_par' dir='ltr' id='par_1_125' title="bbox 1939 5479 3648 5564">
     <span class='ocr_line' id='line_1_126' title="bbox 1939 5479 3648 5564; baseline 0.009 -32"><span class='ocrx_word' id='word_1_1116' title='bbox 1939 5479 2047 5551; x_wconf 87' lang='grc' dir='ltr'>πρὸ</span> <span class='ocrx_word' id='word_1_1117' title='bbox 2076 5479 2266 5542; x_wconf 86' lang='grc' dir='ltr'>αὑτοῦ,</span> <span class='ocrx_word' id='word_1_1118' title='bbox 2289 5479 2356 5534; x_wconf 87' lang='grc' dir='ltr'>δι’</span> <span class='ocrx_word' id='word_1_1119' title='bbox 2380 5480 2549 5535; x_wconf 84' lang='grc' dir='ltr'>αὑτοῦ</span> <span class='ocrx_word' id='word_1_1120' title='bbox 2590 5484 2958 5554; x_wconf 85' lang='grc' dir='ltr'>γεγενημένον</span> <span class='ocrx_word' id='word_1_1121' title='bbox 2990 5488 3112 5558; x_wconf 81' lang='grc' dir='ltr'>εῑη;</span> <span class='ocrx_word' id='word_1_1122' title='bbox 3168 5486 3365 5561; x_wconf 79' lang='grc' dir='ltr'>Ὁρᾶτε</span> <span class='ocrx_word' id='word_1_1123' title='bbox 3394 5495 3476 5557; x_wconf 89' lang='grc' dir='ltr'>εἰς</span> <span class='ocrx_word' id='word_1_1124' title='bbox 3511 5495 3648 5564; x_wconf 81' lang='grc' dir='ltr'>ὅσην</span> 
     </span>
    </p>
   </div>
   <div class='ocr_carea' id='block_1_126' title="bbox 1935 5567 3650 5653">
    <p class='ocr_par' dir='ltr' id='par_1_126' title="bbox 1935 5567 3650 5653">
     <span class='ocr_line' id='line_1_127' title="bbox 1935 5567 3650 5653; baseline 0.01 -33"><span class='ocrx_word' id='word_1_1125' title='bbox 1935 5567 2142 5640; x_wconf 88' lang='grc' dir='ltr'>τόλμαν</span> <span class='ocrx_word' id='word_1_1126' title='bbox 2190 5569 2390 5634; x_wconf 87' lang='grc' dir='ltr'>αὑτοὺς</span> <span class='ocrx_word' id='word_1_1127' title='bbox 2439 5570 2591 5637; x_wconf 76' lang='grc' dir='ltr'>ἅπαξ</span> <span class='ocrx_word' id='word_1_1128' title='bbox 2645 5574 3122 5648; x_wconf 86' lang='grc' dir='ltr'>παρακινηθείσης</span> <span class='ocrx_word' id='word_1_1129' title='bbox 3161 5580 3264 5650; x_wconf 79' lang='grc' dir='ltr'>τῆς</span> <span class='ocrx_word' id='word_1_1130' title='bbox 3311 5581 3571 5653; x_wconf 86' lang='grc' dir='ltr'>ἀληθείας</span> <span class='ocrx_word' id='word_1_1131' title='bbox 3617 5589 3650 5638; x_wconf 91' lang='lat'><em>6</em></span> 
     </span>
    </p>
   </div>
   <div class='ocr_carea' id='block_1_127' title="bbox 1936 5655 3644 5742">
    <p class='ocr_par' dir='ltr' id='par_1_127' title="bbox 1936 5655 3644 5742">
     <span class='ocr_line' id='line_1_128' title="bbox 1936 5655 3644 5742; baseline 0.009 -33"><span class='ocrx_word' id='word_1_1132' title='bbox 1936 5655 2094 5727; x_wconf 82' lang='grc' dir='ltr'>λόγος</span> <span class='ocrx_word' id='word_1_1133' title='bbox 2123 5656 2363 5727; x_wconf 78' lang='grc' dir='ltr'>ἐξήγαγε</span> <span class='ocrx_word' id='word_1_1134' title='bbox 2389 5677 2403 5725; x_wconf 90' lang='grc'><strong>;</strong></span> <span class='ocrx_word' id='word_1_1135' title='bbox 2431 5661 2583 5713; x_wconf 88' lang='grc' dir='ltr'>Διατί</span> <span class='ocrx_word' id='word_1_1136' title='bbox 2609 5659 2721 5732; x_wconf 78' lang='grc' dir='ltr'>γὰρ</span> <span class='ocrx_word' id='word_1_1137' title='bbox 2743 5662 2846 5715; x_wconf 81' lang='grc' dir='ltr'>οὑκ</span> <span class='ocrx_word' id='word_1_1138' title='bbox 2874 5659 3028 5717; x_wconf 85' lang='grc' dir='ltr'>εἶπεν</span> <span class='ocrx_word' id='word_1_1139' title='bbox 3066 5665 3096 5716; x_wconf 90' lang='lat'><em>6</em></span> <span class='ocrx_word' id='word_1_1140' title='bbox 3117 5666 3537 5742; x_wconf 76' lang='grc' dir='ltr'>εὑαγγελιστὴς,</span> <span class='ocrx_word' id='word_1_1141' title='bbox 3561 5673 3644 5726; x_wconf 78' lang='grc' dir='ltr'>ὅτι</span> 
     </span>
    </p>
   </div>
   <div class='ocr_carea' id='block_1_128' title="bbox 1937 5744 3646 5827">
    <p class='ocr_par' dir='ltr' id='par_1_128' title="bbox 1937 5744 3646 5827">
     <span class='ocr_line' id='line_1_129' title="bbox 1937 5744 3646 5827; baseline 0.01 -30"><span class='ocrx_word' id='word_1_1142' title='bbox 1937 5744 1999 5809; x_wconf 77' lang='grc' dir='ltr'>ἐξ</span> <span class='ocrx_word' id='word_1_1143' title='bbox 2037 5749 2139 5799; x_wconf 83' lang='grc' dir='ltr'>οὐκ</span> <span class='ocrx_word' id='word_1_1144' title='bbox 2177 5745 2349 5801; x_wconf 76' lang='grc' dir='ltr'>ὄντων</span> <span class='ocrx_word' id='word_1_1145' title='bbox 2397 5749 2636 5816; x_wconf 84' lang='grc' dir='ltr'>ἐγένετο,</span> <span class='ocrx_word' id='word_1_1146' title='bbox 2689 5749 2945 5827; x_wconf 83' lang='grc' dir='ltr'>καθάπερ</span> <span class='ocrx_word' id='word_1_1147' title='bbox 2967 5753 3096 5823; x_wconf 74' lang='grc' dir='ltr'>περὶ</span> <span class='ocrx_word' id='word_1_1148' title='bbox 3124 5755 3346 5810; x_wconf 86' lang='grc' dir='ltr'>πάντων</span> <span class='ocrx_word' id='word_1_1149' title='bbox 3372 5761 3401 5810; x_wconf 91' lang='lat'><em>6</em></span> <span class='ocrx_word' id='word_1_1150' title='bbox 3432 5759 3646 5824; x_wconf 83' lang='grc' dir='ltr'>Παῦλος</span> 
     </span>
    </p>
   </div>
   <div class='ocr_carea' id='block_1_129' title="bbox 1934 5833 3646 5915">
    <p class='ocr_par' dir='ltr' id='par_1_129' title="bbox 1934 5833 3646 5915">
     <span class='ocr_line' id='line_1_130' title="bbox 1934 5833 3646 5915; baseline 0.011 -31"><span class='ocrx_word' id='word_1_1151' title='bbox 1934 5833 2323 5901; x_wconf 82' lang='grc' dir='ltr'>ἀποφαίνεται,</span> <span class='ocrx_word' id='word_1_1152' title='bbox 2348 5834 2524 5904; x_wconf 87' lang='grc' dir='ltr'>λέγων</span> <span class='ocrx_word' id='word_1_1153' title='bbox 2558 5836 2622 5889; x_wconf 87' lang='grc' dir='ltr'>οῦ</span> <span class='ocrx_word' id='word_1_1154' title='bbox 2634 5854 2754 5901; x_wconf 79' lang='grc' dir='ltr'>τως,</span> <span class='ocrx_word' id='word_1_1155' title='bbox 2775 5839 2828 5902; x_wconf 82' lang='grc'>’0</span> <span class='ocrx_word' id='word_1_1156' title='bbox 2859 5839 3133 5906; x_wconf 65' lang='grc' dir='ltr'>καλέσας</span> <span class='ocrx_word' id='word_1_1157' title='bbox 3175 5845 3246 5895; x_wconf 81' lang='grc' dir='ltr'>τὰ</span> <span class='ocrx_word' id='word_1_1158' title='bbox 3273 5848 3361 5911; x_wconf 77' lang='grc' dir='ltr'>μὴ</span> <span class='ocrx_word' id='word_1_1159' title='bbox 3392 5846 3539 5908; x_wconf 77' lang='grc' dir='ltr'>ὄντα</span> <span class='ocrx_word' id='word_1_1160' title='bbox 3564 5850 3646 5915; x_wconf 81' lang='grc' dir='ltr'>ὡς</span> 
     </span>
    </p>
   </div>
   <div class='ocr_carea' id='block_1_130' title="bbox 2007 5954 2826 6023">
    <p class='ocr_par' dir='ltr' id='par_1_130' title="bbox 2007 5954 2826 6023">
     <span class='ocr_line' id='line_1_131' title="bbox 2007 5954 2826 6023; baseline 0.01 -21"><span class='ocrx_word' id='word_1_1161' title='bbox 2007 5954 2030 6023; x_wconf 68' lang='grc' dir='ltr'>ς</span> <span class='ocrx_word' id='word_1_1162' title='bbox 2054 5954 2262 6023; x_wconf 65' lang='lat' dir='ltr'>Quidam</span> <span class='ocrx_word' id='word_1_1163' title='bbox 2281 5957 2526 6023; x_wconf 70' lang='grc' dir='ltr'>λογισμῶν</span> <span class='ocrx_word' id='word_1_1164' title='bbox 2549 5960 2826 6023; x_wconf 78' lang='grc' dir='ltr'>ἀνθρώπων.</span> 
     </span>
    </p>
   </div>
   <div class='ocr_carea' id='block_1_131' title="bbox 2005 6019 3638 6095">
    <p class='ocr_par' dir='ltr' id='par_1_131' title="bbox 2005 6019 3638 6095">
     <span class='ocr_line' id='line_1_132' title="bbox 2005 6019 3638 6095; baseline 0.005 -22"><span class='ocrx_word' id='word_1_1165' title='bbox 2005 6020 2031 6095; x_wconf 54' lang='grc' dir='ltr'><strong><em>ξ</em></strong></span> <span class='ocrx_word' id='word_1_1166' title='bbox 2057 6019 2548 6095; x_wconf 30' lang='grc' dir='ltr'>ςζξίςζιηηῆπροτιθείςπ</span> <span class='ocrx_word' id='word_1_1167' title='bbox 2580 6019 2809 6082; x_wconf 69' lang='grc' dir='ltr'>ΙίιΪιιειυῐο</span> <span class='ocrx_word' id='word_1_1168' title='bbox 2835 6029 3208 6095; x_wconf 45' lang='grc' dir='ltr'>ρον-[ιοηηιιίιί</span> <span class='ocrx_word' id='word_1_1169' title='bbox 3234 6033 3448 6095; x_wconf 70' lang='grc' dir='ltr'>προϊέναι</span> <span class='ocrx_word' id='word_1_1170' title='bbox 3470 6035 3638 6095; x_wconf 67' lang='grc' dir='ltr'>λέγει-ε,</span> 
     </span>
    </p>
   </div>
   <div class='ocr_carea' id='block_1_132' title="bbox 2010 6080 3640 6160">
    <p class='ocr_par' dir='ltr' id='par_1_132' title="bbox 2010 6080 3640 6160">
     <span class='ocr_line' id='line_1_133' title="bbox 2010 6080 3640 6160; baseline 0.008 -34"><span class='ocrx_word' id='word_1_1171' title='bbox 2010 6084 2019 6097; x_wconf 79' lang='grc'>⁸</span> <span class='ocrx_word' id='word_1_1172' title='bbox 2059 6082 2139 6129; x_wconf 58' lang='lat' dir='ltr'>Hic</span> <span class='ocrx_word' id='word_1_1173' title='bbox 2163 6080 2311 6130; x_wconf 69' lang='lat' dir='ltr'>Sum.</span> <span class='ocrx_word' id='word_1_1174' title='bbox 2341 6080 2388 6129; x_wconf 62' lang='grc' dir='ltr'>ιτί</span> <span class='ocrx_word' id='word_1_1175' title='bbox 2416 6085 2622 6132; x_wconf 56' lang='lat' dir='ltr'>maxima</span> <span class='ocrx_word' id='word_1_1176' title='bbox 2650 6080 2898 6146; x_wconf 57' lang='grc' dir='ltr'>ιλιιτξηὶές.</span> <span class='ocrx_word' id='word_1_1177' title='bbox 2951 6090 3120 6139; x_wconf 74' lang='lat' dir='ltr'>Morel.</span> <span class='ocrx_word' id='word_1_1178' title='bbox 3153 6080 3350 6155; x_wconf 63' lang='grc' dir='ltr'>ἐροίμην</span> <span class='ocrx_word' id='word_1_1179' title='bbox 3373 6096 3488 6160; x_wconf 68' lang='grc' dir='ltr'>πρὸς</span> 
     </span>
    </p>
   </div>
  </div>
