4064 6436
178 411 249 473 t9
674 359 678 368 ’
1318 384 1410 482 tu
1442 395 1760 457 ιοΑΝΝειι

1887 385 2033 451 ΜΙΙ...
2076 393 2164 451 ιν.
2207 395 2279 452 al.
2323 395 2429 452 ill.‘

175 529 660 604 interrogaverim,
707 525 836 595 quid
879 526 950 582 sit
993 520 1126 579 illud
1175 536 1205 575 a
1232 517 1494 590 propheta
1539 517 1788 572 dictum:

3463 398 3536 454 50

1910 515 2027 568 culo
2054 523 2103 569 et
2132 529 2293 584 usque
2318 515 2371 568 in
2400 513 2648 569 sa'rnlum
2671 525 2726 568 tu
2756 531 2809 572 es
2838 507 3014 589 (Psal.
3047 515 3141 573 89.
3184 514 3244 590 3)
3275 534 3288 570 :
3338 531 3405 570 an
3450 521 3534 570 Ιιις

176 601 310 678 Ante
359 601 438 676 me
484 635 588 675 non
632 620 732 691 fuit
779 617 914 672 alias
962 613 1142 678 Deus,
1200 620 1247 666 et
1293 619 1404 680 post
1451 626 1531 664 me
1557 625 1658 662 non
1699 608 1797 662 erit
1911 604 2090 660 verbis
2120 606 2383 662 terminos
2415 605 2514 677 ipsi
2561 605 2754 676 ponit?
2796 601 3191 680 Nequaquam;
3240 607 3339 664 sed
3369 617 3531 663 κιαι·-

174 712 337 783 (lani.
365 711 458 768 ιδ.
491 711 624 779 10)?
655 710 785 765 Nam
808 709 852 764 si
879 707 1065 777 junior
1097 713 1182 759 est
1228 702 1388 757 Patre
1433 700 1623 765 Filius,
1653 701 1787 769 quu-

175 803 340 859 modo
372 803 536 868 dicit,
576 800 700 856 Post
733 817 810 854 me
852 816 952 853 non
998 797 1141 852 erit!
1168 793 1306 851 Num
1359 809 1490 865 ergo
1522 791 1791 862 Uuigeniti

169 896 534 952 substantiam
567 895 804 950 tolletis?
836 892 1072 946 Necesse
1101 890 1248 945 enim
1277 898 1361 944 est
1402 896 1494 941 aut
1520 902 1586 942 eo
1627 885 1794 940 auda-

167 989 273 1043 ci.t~
289 987 608 1060 procedere,
629 995 722 1041 aut
743 999 904 1039 uuam
925 982 1212 1037 admittere
1231 980 1565 1035 divinitatem
1594 978 1647 1032 in
1665 992 1790 1046 pro-

174 1080 289 1148 pria
322 1079 597 1152 bypostusi
630 1077 802 1132 Patris
827 1074 899 1131 et'
923 1074 1065 1131 Filii.
1099 1071 1385 1141 Quomodo
1411 1082 1589 1125 autem
1621 1070 1787 1135 illud,

167 1169 367 1224 Omnia
397 1187 485 1241 per
512 1170 683 1240 ipsum
703 1170 846 1239 facta
871 1176 992 1222 sunt
1014 1162 1182 1236 (Joan
1237 1165 1289 1221 1.
1323 1165 1358 1220 ὅ
1385 1165 1425 1233 ),
1455 1179 1640 1218 verum
1670 1161 1790 1218 est?

169 1264 308 1320 Nam
357 1266 399 1319 si
447 1279 618 1318 :uvutn
667 1271 752 1318 est
786 1261 880 1316 illo
925 1260 1219 1330 antiquius,
1249 1256 1524 1329 quomodo
1551 1256 1602 1312 id
1643 1255 1787 1327 quod

164 1367 298 1412 ante
321 1357 471 1411 illum
498 1364 580 1412 cst
600 1397 615 1422 ,
643 1369 740 1426 per
763 1355 937 1425 ipsum
969 1348 1172 1407 factum
1201 1350 1401 1407 fuerit?
1427 1349 1706 1405 Videtisne
1732 1348 1786 1404 in

165 1457 426 1517 quantam
460 1439 817 1503 temeritatem
850 1444 1021 1502 semel
1051 1442 1262 1514 abiecta
1291 1444 1522 1500 veritate
1558 1455 1780 1513 proces-

165 1537 378 1594 serint?
406 1537 516 1594 Cur
549 1554 656 1594 non
686 1536 822 1593 dixit
845 1535 1198 1608 evangelista,
1246 1534 1422 1606 ipsum
1457 1550 1526 1590 ex
1557 1549 1662 1590 non
1688 1549 1786 1590 ex-

167 1632 440 1687 stantibus
486 1631 683 1688 factum
729 1647 889 1695 esse.
943 1641 1000 1686 ut
1047 1629 1118 1686 de
1163 1629 1418 1686 omnibus
1452 1628 1651 1683 Paulus
1701 1627 1785 1682 bis

166 1724 350 1779 verbis
389 1723 586 1779 asserit
614 1739 628 1776 :
662 1723 762 1789 Qui
791 1723 987 1777 vocavit
1015 1738 1074 1776 ea
1103 1736 1220 1793 qua
1245 1736 1350 1775 non
1378 1728 1501 1773 sunt
1543 1729 1786 1790 tanquam

164 1834 227 1871 ea
269 1833 386 1886 qua!
410 1826 530 1873 sunt
568 1823 598 1890 .(
629 1815 779 1872 Rom.
811 1816 862 1872 ι.
898 1816 956 1872 l7
995 1814 1050 1887 );
1081 1813 1176 1870 sed
1206 1813 1374 1880 dicit,
1422 1809 1490 1867 lu
1531 1811 1786 1882 principio

162 1909 314 1964 erat!
330 1909 434 1966 hoc
447 1909 594 1966 enim
613 1907 944 1964 contrarium
964 1915 1051 1962 est
1066 1906 1139 1961 illi
1160 1921 1175 1973 ;
1197 1903 1392 1975 acjure
1417 1903 1625 1958 merito.
1641 1902 1784 1957 Deus

162 2002 313 2056 cnim
334 2015 510 2072 neque
531 2000 610 2067 ﬁt,
635 2015 809 2070 neque
830 1998 959 2070 quid
1004 2013 1065 2054 se
1079 1997 1353 2068 antiquius
1371 1995 1567 2060 liabet;
1594 2011 1781 2052 verum

163 2093 285 2149 ba-c
307 2091 587 2164 gentilium
615 2091 777 2148 verba
815 2098 962 2146 sunt.
1007 2090 1103 2146 Dic
1126 2097 1184 2144 et
1213 2086 1510 2164 illud_mibi
1538 2105 1552 2142 :
1584 2089 1779 2142 Annon

160 2181 369 2239 dixeris
393 2190 698 2239 creatorem
743 2182 941 2238 creatis
978 2179 1236 2253 operibus
1277 2177 1781 2250 incomparabiliter

159 2273 607 2331 excellentiorem
634 2273 796 2330 esse?
825 2274 960 2330 Cum
1001 2287 1136 2344 ergo
1173 2271 1306 2343 ipsis
1331 2271 1508 2326 simile
1554 2269 1694 2327 foret
1723 2269 1775 2325 id

159 2365 306 2439 quod
331 2382 404 2422 ex
435 2381 543 2422 non
570 2366 905 2423 exstantibus
930 2374 1076 2422 esset
1097 2406 1113 2429 ,
1156 2365 1246 2420 ubi
1275 2372 1422 2421 esset
1449 2363 1537 2419 illa
1569 2363 1783 2419 incom-

163 2458 421 2528 [nubilis
444 2456 804 2518 excellentia?
831 2457 974 2526 Quid
999 2465 1180 2513 autem
1212 2465 1296 2513 est
1319 2455 1480 2522 illud,
1514 2455 1628 2528 Ego
1669 2455 1753 2528 pri

159 2567 296 2618 mas,
337 2560 386 2606 et
410 2567 503 2622 ego
530 2559 645 2621 post
671 2549 801 2616 hac,
835 2558 913 2616 et,
943 2551 1077 2606 Ante
1103 2567 1181 2605 me
1207 2567 1311 2605 non
1341 2551 1442 2622 fuit
1467 2550 1606 2606 alius
1632 2549 1778 2617 Dens

159 2641 316 2714 (lsai.
344 2640 436 2699 41.
466 2643 522 2698 ι.
552 2653 602 2698 et
629 2643 718 2700 ιδ.
756 2642 887 2715 10)?
913 2642 1047 2699 Nam
1078 2643 1124 2698 si
1158 2642 1324 2698 Filius
1355 2659 1461 2699 non
1493 2645 1563 2698 sit
1587 2659 1653 2700 ex
1684 2659 1778 2700 ea-

156 2734 286 2792 dem
312 2735 617 2792 substantia
640 2778 656 2804 ,
680 2737 817 2792 alius
838 2745 922 2792 est
968 2736 1148 2802 Deus;
1191 2735 1238 2792 si
1285 2751 1396 2792 non
1434 2746 1773 2803 coarternus,

157 2837 245 2884 est
284 2838 406 2898 post
433 2827 587 2884 illum
621 2847 636 2885 :
679 2842 744 2884 ac
769 2827 816 2884 si
841 2845 950 2885 non
977 2843 1046 2885 ex
1074 2827 1375 2883 substantia
1417 2828 1650 2899 prodiit,
1680 2841 1777 2900 pa-

158 2924 265 2976 lam
292 2930 378 2978 est
402 2922 576 2993 ipsum
606 2923 804 2979 factum
833 2938 977 2980 esse.
1010 2922 1167 2993 Quod
1196 2923 1244 2978 si
1282 2922 1522 2979 dixerint
1563 2922 1680 2979 lure
1706 2923 1772 2979 ad

156 3014 518 3071 dill'erentiam
564 3014 831 3072 idolorum
872 3016 1016 3072 dicta
1071 3015 1236 3072 luisse
1262 3055 1282 3084 ,
1331 3015 1608 3087 quomodo
1663 3032 1771 3071 non

155 3106 459 3163 concedent
500 3106 569 3162 ad
615 3105 976 3164 diderentiam
1031 3107 1299 3165 idolorum
1348 3107 1524 3164 solum
1578 3123 1767 3163 verum

161 3198 332 3254 Deum
361 3197 507 3254 dicit
535 3198 688 3268 Quod
715 3199 760 3254 si
792 3198 898 3255 hoc
921 3199 1087 3256 etiam
1115 3198 1183 3256 ad
1205 3198 1566 3257 dili'ercntiam
1591 3200 1768 3258 idolo.

156 3307 278 3345 rum
308 3289 510 3346 dictum
558 3291 664 3356 sit,
696 3292 973 3363 quomodo
1017 3300 1186 3348 totam
1229 3293 1555 3349 sententiam
1600 3294 1770 3349 inter-

157 3382 461 3452 pretabcris
479 3383 504 3436 ’ἒ
537 3379 664 3437 Post
690 3398 770 3437 me
793 3383 960 3448 enim,
991 3382 1196 3452 inquit,
1221 3399 1326 3438 non
1349 3392 1424 3439 est
1448 3382 1583 3439 alius
1603 3381 1768 3439 Deus.

158 3473 278 3528 Non
306 3473 532 3545 ejiciens
577 3474 773 3530 Filium
823 3474 926 3531 hoc
954 3473 1122 3542 dicit,
1155 3474 1250 3531 sed
1293 3475 1596 3545 signiﬁcat,
1629 3474 1773 3531 Deus

156 3567 388 3622 idolicns
417 3574 539 3638 post
569 3581 658 3623 me
705 3582 814 3622 non
859 3577 978 3632 est;
1029 3583 1136 3622 non
1166 3567 1308 3638 quod
1337 3565 1511 3622 Filius
1539 3581 1646 3622 non
1676 3567 1765 3622 sit.

158 3659 335 3714 ltitiam
356 3700 373 3724 ,
404 3660 635 3730 inquies.
661 3658 799 3729 Quid
845 3659 1039 3732 igitur?
1067 3659 1195 3714 illud
1214 3701 1230 3727 ,
1277 3660 1409 3714 Ante
1437 3675 1518 3714 me
1541 3676 1644 3713 non
1671 3659 1772 3731 fuit

161 3751 302 3806 alius
332 3751 475 3806 Dens
497 3792 513 3816 ,
547 3751 618 3807 ita
643 3751 877 3823 accipies
903 3793 919 3817 ,
959 3751 1102 3822 quod
1151 3767 1349 3823 nempe
1379 3751 1605 3808 idolicus
1635 3751 1771 3806 deus

158 3859 265 3899 non
298 3841 494 3909 fuerit;
531 3855 585 3898 at
613 3842 776 3899 fuerit
803 3845 997 3900 saltem
1029 3855 1154 3900 ante
1175 3860 1300 3900 eum
1330 3844 1542 3899 Filius?
1569 3843 1770 3916 Ecquis

155 3935 372 3992 dienam
419 3937 537 3992 ba-c
566 3937 796 3992 dixerit?
846 3937 925 3992 Ne
953 3939 1131 4008 ipsum
1158 3937 1377 4009 quidem
1409 3937 1682 3993 diabolum
1715 3937 1768 3992 id

156 4037 288 4099 puto
317 4028 586 4083 dicturum
617 4041 760 4083 esse.
791 4029 1044 4098 Alioquin
1072 4039 1275 4092 autem,
1305 4029 1352 4083 si
1381 4045 1486 4083 non
1516 4036 1599 4083 est
1625 4042 1768 4083 core-

156 4131 345 4175 tcrnns
376 4118 518 4174 Patri
541 4161 556 4184 ,
586 4120 859 4187 quomodo
886 4120 1148 4174 inﬁnitam
1181 4120 1300 4189 ejus
1328 4121 1490 4174 viuum
1519 4120 1768 4176 dixeris?

155 4210 289 4267 Nam
319 4211 365 4266 si
395 4211 712 4283 principium
761 4211 1003 4267 anterius
1041 4211 1233 4277 habet;
1268 4213 1483 4269 etiamsi
1525 4212 1769 4268 inﬁnitus

153 4303 259 4365 sit,
313 4316 422 4357 non
465 4311 643 4357 tamen
695 4303 992 4359 immensus
1033 4303 1138 4359 erit
1190 4321 1203 4359 :
1253 4306 1576 4360 immensum
1620 4304 1765 4360 enim

153 4395 412 4464 utrinque
465 4393 786 4450 immensum
838 4410 962 4451 esse
1005 4404 1255 4465 oportet;
1307 4395 1361 4451 id
1409 4396 1552 4466 quod
1602 4397 1765 4452 etiam

155 4487 357 4544 Paulus
400 4487 683 4543 declarans
707 4487 921 4544 dicebat
950 4505 964 4544 :
997 4486 1175 4558 Neque
1201 4489 1512 4559 principium
1542 4489 1765 4555 dierum,

153 4597 316 4650 neque
345 4580 498 4651 finem
527 4581 645 4635 sine
667 4579 856 4636 habens
885 4581 904 4654 (
931 4579 1091 4636 Hebr.
1125 4581 1179 4636 7.
1209 4581 1244 4637 3
1268 4582 1308 4652 ),
1342 4592 1395 4637 et
1427 4583 1690 4653 principio
1711 4592 1767 4638 ct

153 4675 261 4728 line
291 4688 479 4729 carere
503 4673 788 4729 declarans
812 4713 826 4728 .
855 4674 1324 4741 Quemadmodum
1348 4677 1492 4731 enim
1526 4676 1650 4743 hoc,
1684 4678 1764 4733 sic

153 4782 331 4837 neque
377 4765 506 4820 illud
556 4764 718 4820 ﬁnem
751 4765 947 4833 liabet;
975 4781 1099 4821 cum
1138 4782 1314 4838 neque
1362 4769 1448 4823 hic
1496 4767 1617 4824 ﬁnis
1655 4770 1764 4835 sit,

152 4872 334 4930 neque
364 4856 474 4912 illic
510 4857 741 4912 initium.

225 4951 282 5005 5.
337 4945 558 5003 Verbum
583 4948 629 5003 si
666 4949 768 5002 vita
792 4958 888 5014 est,
919 4959 1164 5005 unum
1191 4949 1526 5021 est.0bjettio
1556 4951 1761 5007 hereti-

150 5057 331 5096 corum
361 5056 378 5094 :
413 5039 578 5096 Filitrs
604 5047 718 5103 Θεὸς
759 5041 947 5096 dicitur
984 5042 1097 5097 sine
1121 5043 1361 5105 articulo.
1391 5043 1667 5113 refutatur.
1694 5075 1767 5085 —

147 5132 441 5214 Quomodo
466 5141 646 5188 autem
675 5148 800 5188 cum
828 5134 935 5189 vita
962 5133 1055 5198 sit,
1078 5134 1238 5191 fuerit
1266 5143 1480 5205 tempus
1505 5153 1628 5192 cum
1656 5154 1763 5192 non

151 5225 336 5281 esset?
382 5223 501 5280 Vita
543 5225 697 5281 enim.
731 5242 967 5302 semper,
997 5241 1064 5282 ac
1109 5229 1227 5284 sine
1258 5229 1524 5302 principio
1553 5241 1611 5286 ct
1657 5233 1766 5287 line

149 5332 276 5373 esse
304 5332 467 5372 nemo
495 5333 600 5371 non
629 5301 952 5381 fateatur,si
976 5319 1068 5375 ille
1097 5335 1225 5376 vere
1247 5323 1354 5376 vita
1376 5301 1468 5389 sit,
1487 5331 1546 5377 ut
1575 5339 1764 5380 revera

150 5419 258 5464 est.
291 5409 351 5464 Si
379 5424 509 5464 vero
536 5408 634 5464 fuit
659 5409 953 5495 aliquarido
989 5425 1115 5466 cum
1146 5427 1253 5468 non
1292 5423 1460 5479 esset,
1488 5416 1766 5485 quomodo

153 5503 264 5557 vita
294 5500 526 5555 aliorum
566 5501 659 5567 sit,
686 5516 807 5572 quae
836 5503 1126 5573 aliquando
1155 5520 1261 5558 non
1297 5505 1437 5559 fuit?
1480 5505 1766 5574 Quomodo

156 5597 341 5667 igitur,
376 5595 570 5664 inquit,
600 5593 846 5650 Joannes
865 5595 1188 5666 principium
1233 5598 1411 5667 posuit
1456 5597 1662 5661 dicens.
1696 5598 1764 5655 In

160 5688 414 5758 principio
437 5686 590 5741 eratt’
616 5687 773 5744 Illinc
792 5688 930 5754 voci,
963 5705 1170 5758 qmcso,
1193 5689 1256 5743 In
1283 5691 1560 5762 principio,
1585 5702 1639 5746 ct
1665 5693 1763 5757 illi,

163 5778 312 5842 Erat,
358 5779 628 5845 attendis;
676 5789 733 5834 et
773 5779 944 5847 illam,
988 5779 1206 5837 Verbum
1232 5793 1360 5847 erat,
1387 5799 1492 5840 non
1525 5787 1768 5856 cogitas“!

156 5872 294 5942 Qu’d
328 5889 474 5940 vero,
508 5873 727 5945 quando
781 5874 848 5929 dc
898 5879 1052 5931 Patre
1086 5876 1216 5931 dicit
1249 5877 1508 5948 prapbcta
1541 5895 1552 5931 :
1599 5879 1641 5932 Α
1669 5895 1765 5935 ια’-

1906 697 2130 754 nitatem
2161 698 2454 770 signiﬁcat.
2501 697 2738 770 ldipsum
2772 699 2862 756 hic
2889 701 3091 771 cogita.
3120 696 3237 756 Non
3269 702 3533 757 terminos

1905 806 2113 861 ponens
2159 792 2230 846 ita
2260 791 2518 864 loquutus
2547 802 2676 850 est:
2712 808 2891 866 neque
2931 796 3081 850 enim
3130 794 3288 864 dixit,
3320 795 3534 852 Princi-

1904 885 2049 955 pium
2079 887 2304 954 babult;
2331 888 2450 948 sed.
2483 887 2550 942 In
2580 889 2837 963 principio
2857 899 3014 954 erat;
3056 888 3158 946 bac
3185 903 3338 957 voce,
3374 889 3526 956 Erat,

1903 985 1956 1033 te
1983 977 2265 1035 deducens
2293 990 2351 1034 ut
2384 981 2580 1036 Filium
2611 984 2734 1038 sine
2763 983 3031 1054 principio
3065 998 3194 1040 esse
3231 983 3525 1055 cogitares.

1901 1070 1996 1134 At,
2043 1071 2279 1143 inquies,
2313 1072 2476 1128 Pater
2504 1088 2628 1130 cum
2671 1073 2903 1131 articulo
2931 1074 3152 1139 dicitur,
3186 1073 3352 1130 Filius
3396 1089 3528 1130 vero

1898 1162 2014 1217 sine
2031 1163 2263 1220 articulo
2274 1164 2380 1236 (a).
2399 1164 2540 1234 Quid
2562 1179 2694 1235 ergo
2714 1181 2840 1222 cum
2864 1166 3148 1236 apostolus
3165 1165 3320 1232 dicit,
3344 1163 3524 1237 ιαςηι

1902 1252 1998 1308 Dei
2024 1264 2071 1310 et
2103 1255 2390 1311 Saluatoris
2438 1256 2604 1310 nostri
2641 1253 2770 1312 Jssn
2820 1255 3013 1312 Christi
3041 1255 3170 1327 (Tit.
3202 1255 3256 1311 2.
3289 1257 3418 1328 13);
3469 1265 3526 1311 et

1896 1362 2134 1410 rursum,
2171 1347 2275 1416 Qui
2301 1358 2376 1402 est
2401 1365 2558 1417 super
2583 1348 2758 1402 omnia
2795 1347 2940 1404 Deus
2961 1348 3150 1424 (Rom.
3177 1348 3236 1404 9.
3266 1347 3364 1419 b)?
3393 1360 3525 1405 erce

1897 1451 2131 1507 namque
2157 1437 2246 1494 Itic
2275 1425 2394 1495 sine
2417 1438 2650 1495 articulo
2674 1430 2870 1495 Filium
2905 1440 3248 1497 memoravit.
3281 1439 3524 1512 ldipsnur

1895 1531 1963 1587 de
1994 1531 2156 1587 Patre
2180 1531 2461 1588 observes.
2493 1529 2630 1587 Nam
2657 1531 2723 1586 ad
2755 1530 3138 1602 Philippenscs
3163 1531 3413 1588 scribens
3438 1531 3519 1586 sie

1893 1624 1970 1678 ait
1997 1640 2012 1678 :
2037 1622 2145 1691 Qui
2169 1638 2287 1678 eam
2325 1625 2378 1679 in
2406 1627 2575 1696 {omni
2603 1623 2702 1679 Dei
2729 1633 2879 1692 esset,
2903 1634 3008 1680 non
3035 1624 3274 1696 rapinam
3297 1625 3521 1679 arbitra-

1894 1725 1978 1773 tus
2000 1725 2075 1772 est
2095 1733 2206 1773 esse
2226 1733 2282 1772 se
2303 1708 2557 1788 aqualem
2585 1717 2695 1773 Deo
2737 1716 3000 1789 (Philipp.
3021 1718 3078 1773 2.
3101 1715 3162 1792 6)
3185 1735 3200 1775 :
3227 1727 3283 1773 et
3304 1718 3375 1778 ad
3410 1717 3519 1773 lto.

1893 1817 2119 1865 manes:
2146 1806 2330 1864 Gratia
2353 1808 2492 1864 nobis
2517 1818 2566 1865 et
2589 1827 2694 1880 pax
2717 1827 2750 1864 α
2775 1809 2888 1866 Deo
2911 1807 3075 1865 Patre
3091 1809 3301 1876 nostro,
3330 1819 3383 1867 et
3405 1808 3517 1864 De-

1891 1904 2030 1956 mino
2057 1901 2185 1958 Iesu
2210 1900 2418 1959 Christo
2455 1901 2620 1976 (Rom
2671 1903 2723 1958 ί.
2753 1900 2830 1974 7).
2867 1902 3122 1974 Alioquin
3154 1917 3290 1959 vero
3318 1916 3515 1973 supero

1890 2009 2185 2049 vacaneum
2205 1993 2396 2052 luisset
2421 1994 2509 2051 bic
2529 1995 2819 2050 articulum
2845 2009 3327 2064 Immnemcutn
3349 2009 3526 2064 supra

1891 2084 2206 2156 frequenter
2222 2087 2505 2159 appositus
2531 2086 2712 2142 fuerit.
2733 2085 3210 2154 Quemadmodum
3225 2087 3370 2142 enim
3389 2103 3512 2142 cum

1885 2177 1958 2234 de
1990 2179 2154 2235 Patre
2190 2179 2346 2247 dicit,
2380 2179 2710 2252 Spiritum
2739 2177 3093 2254 Dens-(Iona.
3122 2180 3177 2237 ι.
3203 2179 3298 2250 24)
3325 2197 3341 2247 ;
3384 2182 3518 2252 quia

1888 2260 2154 2329 articulus
2181 2272 2404 2344 Spiritui
2462 2288 2570 2328 non
2617 2273 2948 2346 praepositus
2974 2283 3081 2340 est,
3113 2289 3222 2328 non
3274 2273 3398 2329 ideo
3426 2273 3511 2325 in-

1886 2380 2212 2435 corporeum
2259 2380 2386 2422 esse
2429 2365 2598 2422 Deum
2650 2373 2914 2436 negamus
2941 2383 2959 2422 ε
2990 2365 3072 2421 sic
3116 2375 3172 2422 et
3216 2364 3322 2421 hoc
3368 2365 3510 2426 loco.

1885 2458 2101 2514 etiamsi
2147 2455 2286 2514 Filio
2313 2459 2576 2514 articulus
2631 2474 2737 2515 non
2772 2467 3141 2530 prazponatur,
3173 2473 3282 2514 non
3332 2458 3511 2522 minus

1887 2558 2070 2608 tamen
2091 2548 2238 2608 Deus
2259 2561 2342 2608 est
2364 2550 2558 2609 Filius.
2576 2551 2694 2621 Qua
2721 2566 2855 2609 vero
2879 2551 2949 2609 de
2967 2565 3132 2609 causa
3148 2552 3174 2606 τ
3200 2551 3337 2608 Cum
3363 2551 3512 2608 enim

1887 2645 2060 2703 Deum
2086 2657 2143 2703 et
2169 2645 2340 2703 Deum
2371 2646 2530 2715 dixit,
2554 2646 2763 2702 nullum
2796 2644 3001 2702 indicat
3023 2644 3185 2702 nobis
3208 2644 3512 2703 divinitatis

1883 2737 2212 2804 discrimen;
2273 2739 2386 2794 imo
2435 2753 2665 2810 prorsus
2719 2747 2934 2795 contra.
2989 2737 3127 2795 Cum
3157 2738 3303 2794 enim
3358 2738 3510 2808 prius

1882 2829 2136 2897 dixisset,
2167 2827 2236 2885 Et
2262 2828 2402 2884 Dens
2425 2839 2537 2886 erat
2569 2827 2813 2892 Verbum,
2840 2845 2911 2886 ne
2932 2829 3063 2901 quis
3083 2837 3300 2903 putaret
3326 2829 3504 2884 ruino-

1882 2935 1998 2978 rcm
2028 2934 2151 2979 esse
2177 2920 2298 2978 Filii
2327 2920 2688 2992 divinitatem,
2711 2923 2892 2978 statim
2915 2935 3058 2979 vera
3078 2917 3374 2979 divinitatis
3388 2922 3510 2992 ejus

1881 3012 2204 3069 documenta
2236 3011 2462 3084 profert;
2484 3016 2844 3072 azternitatem
2865 3026 3060 3085 nempe
3089 3013 3171 3069 sic
3195 3028 3511 3076 resumens,

1886 3103 1988 3158 Hic
2033 3116 2145 3160 erat
2197 3123 2231 3160 ιι
2275 3105 2530 3176 principio
2591 3106 2736 3176 apud
2799 3106 2969 3162 Deum
3016 3105 3225 3178 (lotm.
3278 3106 3332 3162 Ι.
3383 3103 3512 3176 2);

1879 3198 2101 3255 creandi
2132 3199 2239 3254 vim
2279 3215 2402 3255 cum
2443 3199 2614 3268 addit,
2647 3200 2836 3254 Omnia
2868 3215 2958 3269 per
2982 3199 3155 3272 ipsum
3189 3201 3328 3270 facta
3355 3208 3508 3262 sunt,

1878 3303 1925 3348 et
1953 3294 2064 3348 sine
2082 3293 2196 3360 ipso
2216 3296 2410 3365 factum
2439 3301 2514 3348 est
2544 3292 2676 3346 nihil
2705 3291 2843 3359 quod
2870 3293 3065 3362 factum
3093 3300 3166 3347 est
3196 3289 3366 3360 (Ibid.
3400 3293 3457 3360 5)
3487 3309 3497 3342 :

1880 3383 1933 3439 id
1954 3383 2102 3455 quod
2125 3384 2360 3440 maxime
2379 3383 2539 3440 Pater
2562 3384 2682 3453 ejus
2709 3399 2806 3454 per
2834 3382 3126 3454 prophetas
3145 3384 3356 3457 ubique
3375 3385 3506 3440 sub-—

1880 3476 2096 3531 stantia:
2127 3476 2248 3546 ejus
2291 3485 2672 3547 argumentum
2701 3489 2823 3532 esse
2863 3475 3015 3530 dicit.
3066 3475 3146 3530 Ac
3191 3473 3508 3546 frequentet»

1882 3569 1984 3626 hoc
2009 3568 2493 3626 demonstrationis
2519 3583 2693 3642 genus
2719 3567 3004 3640 propheta:
3027 3575 3252 3624 versant
3273 3583 3294 3622 ι
3325 3581 3512 3636 neque

1880 3662 1946 3717 ad
1977 3662 2082 3718 hoc
2106 3663 2307 3728 solum,
2340 3662 2437 3719 sed
2464 3671 2524 3718 ut
2546 3663 2712 3719 etiam
2741 3660 3012 3717 idolorum
3042 3659 3252 3716 cultum
3283 3657 3496 3714 tollant.

1880 3753 2016 3808 Nam
2060 3755 2155 3821 dii,
2204 3755 2398 3824 inquit,
2428 3755 2518 3826 qui
2563 3753 2749 3810 caelum
2796 3762 2844 3811 et
2872 3761 3065 3809 terram
3093 3769 3199 3806 non
3246 3750 3509 3821 fecerant,

1881 3855 2093 3916 pereant
2119 3843 2258 3916 (Jer.
2295 3846 2386 3903 10.
2413 3846 2542 3918 ll);
2576 3861 2642 3902 ac
2670 3860 2908 3912 rursum,
2937 3843 3054 3918 Ego
3083 3861 3240 3900 manu
3266 3852 3385 3898 inea
3406 3858 3498 3897 ea:-

1878 3936 2018 3990 tendi
2063 3935 2248 3991 celum
2286 3935 2570 4006 (1805.“4.
2601 3934 2737 4010 2i):
2779 3936 3191 4006 ostendensque
3219 3933 3350 3989 illud
3376 3947 3514 3988 essc-

1878 4029 2176 4084 divinitatis
2206 4039 2612 4100 argumentum,
2642 4029 2696 4084 id
2722 4028 2925 4099 ubique
2965 4029 3136 4099 ponit.
3167 4026 3289 4098 Ipse
3313 4035 3514 4080 auten»

1878 4123 2233 4192 evangelista,
2268 4122 2355 4177 bis
2396 4130 2506 4176 nun
2533 4130 2838 4178 contentus
2868 4121 3070 4188 verbis,
3099 4121 3266 4175 vitam
3321 4118 3497 4186 ipsum

1880 4214 2090 4270 vocavit
2117 4223 2174 4269 et
2204 4215 2399 4269 lucem.
2427 4213 2485 4269 Si
2529 4213 2712 4284 itaque
2753 4227 2972 4282 semper
3010 4227 3135 4266 cum
3166 4211 3328 4265 Patre
3354 4219 3494 4269 erat,

1876 4307 1922 4360 si
1943 4306 2126 4362 etiinia
2151 4305 2270 4376 ipse
2289 4304 2556 4368 condidit,
2588 4304 2842 4375 produxit
2866 4315 2920 4359 et
2941 4302 3184 4359 continet
3205 4301 3331 4372 (boc
3347 4301 3493 4360 enitn

1882 4413 1979 4467 per
2006 4398 2171 4454 vitam
2202 4397 2588 4469 signiﬁcavit),
2616 4397 2663 4453 si
2690 4397 2873 4452 omnia
2901 4396 3209 4461 illuminat;
3259 4395 3383 4466 quis
3424 4394 3500 4449 ita

1876 4490 2076 4547 stultus
2099 4492 2205 4547 erit
2234 4492 2292 4546 ut
2316 4489 2483 4558 dicat,
2516 4491 2908 4563 evangelistam
2939 4491 3059 4547 hanc
3084 4489 3248 4545 verba
3277 4500 3334 4552 ut
3358 4489 3498 4544 divi-

1879 4584 2103 4640 nitatem
2135 4586 2254 4655 ejus
2298 4584 2575 4640 minueret
2623 4584 2932 4649 induxisse,
2966 4583 3164 4654 quibus
3213 4582 3499 4654 aequalitas

1878 4677 2187 4749 paritasque
2209 4677 2580 4753 demonstrari
2613 4679 2864 4748 poterat?
2891 4677 2992 4742 Ne,
3025 4692 3236 4748 quaeso,
3269 4677 3512 4732 conlun‘

1875 4770 2070 4824 dmnus
2099 4780 2405 4826 creaturam
2440 4787 2564 4825 cum
2593 4771 2876 4838 Creatore,
2909 4785 2978 4826 ne
3007 4786 3108 4826 nos
3148 4785 3366 4842 quoque
3397 4787 3494 4824 au-

1876 4861 2091 4916 diamus
2122 4878 2137 4917 :
2170 4861 2451 4917 Coluerunt
2478 4871 2768 4918 creaturam
2810 4879 2920 4934 pra!
2945 4863 3188 4920 Creatore
3228 4861 3409 4935 (Rom.
3446 4865 3512 4919 l..

1873 4954 1990 5026 ‘25).
2018 4955 2241 5011 Etiamsi
2266 4955 2413 5011 enim
2442 4956 2510 5011 de
2537 4956 2688 5012 caelis
2729 4955 2850 5013 haec
2890 4955 3246 5028 intelligenda
3271 4955 3460 5010 dicant
3487 4974 3502 5008 :

1874 5056 2114 5106 attamen
2135 5045 2205 5102 de
2227 5046 2312 5102 bis
2342 5035 2823 5122 loquensomnino
2853 5047 3132 5120 prohibuit
3151 5063 3222 5104 ne
3246 5056 3512 5104 creatum

1876 5141 2107 5204 colatur,
2138 5141 2229 5210 qui
2277 5143 2562 5212 gentilium
2593 5158 2748 5198 error
2773 5151 2879 5198 est.

1949 5235 2004 5289 4.
2048 5235 2090 5287 Α
2117 5235 2357 5288 serritute
2383 5235 2640 5290 idolorum
2685 5250 2782 5288 nos
2821 5231 3335 5289 liberavit'Cltristus.
3385 5232 3504 5287 Do»

1875 5336 2048 5398 gmnta
2082 5343 2184 5381 non
2213 5337 2427 5395 prositut
2455 5327 2527 5380 ad
2554 5327 2790 5393 salutem,
2813 5327 2858 5382 si
2888 5329 2991 5380 vita
3018 5329 3084 5380 sit
3109 5339 3376 5399 corrupta.
3410 5327 3504 5380 Im

1875 5418 2105 5474 celeriter
2142 5419 2532 5489 exstinguenda.
2583 5418 2788 5478 Laudes
2830 5421 3096 5475 hominum
3128 5421 3207 5476 vel
3235 5437 3301 5475 ea:
3325 5422 3495 5494 gratio

1942 5577 2015 5636 (α)
2041 5581 2138 5624 ttoc
2183 5577 2386 5636 respicit
2403 5574 2522 5626 illud
2555 5574 2828 5638 Evangelii,
2855 5590 2917 5626 ,Δ
2943 5585 2965 5638 t
2989 5589 3102 5638 ιιτκ
3125 5581 3169 5636 ἦν
3188 5589 3276 5638 πρὸς
3310 5587 3374 5632 τὸν
3398 5586 3500 5632 etis

1875 5651 1938 5689 ut
1961 5649 2052 5694 οιδς
2065 5643 2109 5696 ἦν
2134 5647 2156 5687 t
2185 5651 2312 5698 Λόγος,
2331 5638 2416 5687 ubi
2452 5651 2518 5689 es.
2549 5652 2643 5690 eis.
2663 5636 2776 5688 cum
2794 5636 3003 5689 articulo
3037 5636 3224 5689 dicitur
3242 5637 3310 5688 de
3342 5645 3499 5692 Patre,

1876 5715 1932 5749 ..ι
1955 5713 2038 5766 τεὸς
2059 5705 2104 5758 ἦ.
2126 5700 2237 5766 sine
2253 5700 2538 5766 araictdode
2553 5701 2689 5752 Filio.
2710 5701 2847 5766 unde
2861 5701 3143 5766 arguebant
3161 5701 3319 5762 impie
3337 5698 3503 5766 Ariani

1877 5771 1930 5811 et
1965 5763 2187 5811 Anouuei
2214 5795 2228 5819 ,
2264 5760 2434 5812 Filium
2461 5765 2558 5812 non
2584 5775 2700 5813 esse
2724 5762 2889 5813 Deum
2913 5760 3042 5814 item.
3065 5760 3276 5822 Patroni,
3303 5760 3392 5812 sed
3416 5776 3505 5810 ηιμ

1878 5838 2071 5890 norem,
2099 5837 2193 5873 nec
2229 5828 2429 5887 proprie
2451 5825 2613 5876 Deum
2646 5839 2656 5875 :
2682 5825 2813 5890 quod
2840 5827 3101 5877 contrariis
3126 5823 3376 5890 exempli:
3395 5839 3504 5876 cui»

1882 5889 2001 5938 t‘utat
2036 5887 2426 5950 lituysustomus.
