4064 6436
590 384 653 446 Μ
1332 382 1389 442 8.
1427 381 1708 440 JO.\N.\’lS
1744 372 2226 437 CllRYSOSTOSlI
2268 373 2586 431 ARCHIEP.
2628 374 3170 437 CONSTANTINOP.
3836 370 3909 431 ω

598 506 866 574 prodeunt,
895 503 977 562 uel
996 516 1058 556 ex
1101 501 1220 567 odio
1270 508 1538 571 negantur.
1562 527 1636 539 —
1655 496 1734 552 Ne
1765 498 1944 566 itaque
1985 491 2175 562 hujus-

593 594 732 650 modi
767 591 1129 648 maledictiont
1163 608 1259 645 nos
1281 591 1651 659 subjiciamus.
1685 587 1813 642 ideo
1841 586 1983 640 venit
2011 582 2179 638 Filius

596 686 709 753 Dei,
737 694 791 739 ut
819 699 915 739 nos
941 684 1010 737 ab
1035 682 1137 738 hoc
1165 688 1312 737 cultu
1339 690 1588 744 erueret;
1636 679 1756 734 ideo
1780 677 1917 733 servi
1951 676 2176 729 formam

592 779 813 845 accc-pit,
837 784 894 830 ιιι
924 790 1023 830 nos
1042 775 1110 828 ab
1141 775 1228 829 illa
1251 775 1509 831 servitute
1538 772 1829 835 liberaret;
1860 768 1977 823 ideo
2007 766 2177 835 sputis

592 873 646 922 et
676 868 917 938 colaphis
967 868 1371 935 dehonestatus,
1404 866 1529 921 ideo
1554 875 1782 921 mortem
1816 861 2175 932 turpissimam

591 973 778 1028 passus
803 967 905 1013 est.
934 958 1031 1022 Ne,
1050 973 1254 1029 quaeso,
1280 958 1395 1013 haec
1424 958 1606 1012 omnia
1634 956 1843 1010 inutilia
1868 953 2174 1019 reddamus,

595 1065 769 1121 neque
812 1067 1028 1108 rursum
1078 1050 1144 1104 ad
1199 1050 1478 1120 pristinam
1511 1048 1796 1103 redeamus
1825 1047 2174 1117 impietatem,

592 1145 701 1199 imo
731 1145 782 1197 in
814 1142 972 1213 longe
995 1144 1293 1214 graviorem
1324 1160 1337 1195 :
1380 1156 1486 1197 non
1514 1142 1659 1198 enim
1690 1140 1892 1211 aequale
1916 1148 2000 1194 est
2028 1153 2179 1194 crea-

587 1245 758 1288 turam
780 1235 977 1300 colere,
994 1244 1047 1291 et
1069 1236 1240 1305 ipsum
1259 1235 1571 1291 Creatorem
1585 1234 1650 1287 ad
1667 1242 2032 1288 creaturarum
2055 1231 2175 1286 vili-

593 1332 781 1389 tatem,
811 1336 1069 1395 quantum
1116 1327 1169 1382 in
1198 1326 1354 1381 nobis
1397 1334 1500 1390 est,
1531 1325 1856 1395 deprimere.
1898 1322 2031 1376 Nam
2065 1323 2177 1392 ipse

590 1426 767 1471 manet
806 1417 981 1487 qualis
1019 1419 1123 1481 est,
1152 1417 1234 1471 Tu
1269 1427 1438 1471 autem
1479 1416 1611 1469 idem
1659 1416 1769 1485 ipse
1802 1430 1875 1477 es,
1913 1413 2104 1483 inquit,
2131 1420 2178 1466 et

588 1509 714 1562 anni
744 1509 819 1561 tui
865 1526 967 1563 non
1000 1508 1233 1578 deﬁcient
1280 1505 1455 1579 (Psnl.
1498 1506 1619 1562 101.
1653 1506 1767 1575 28).
1800 1505 2176 1562 Glorificemus

593 1600 747 1666 igitur
776 1616 920 1664 eum,
947 1581 1077 1652 sicut
1112 1600 1422 1669 accepimus
1443 1613 1472 1652 a
1506 1598 1745 1669 patribus
1770 1616 1787 1652 :
1814 1597 2177 1668 glorifleemus

587 1705 709 1745 eum
736 1702 791 1746 et
821 1692 923 1747 fide
946 1701 1001 1746 et
1020 1692 1307 1763 erroribus,
1335 1690 1466 1745 nihil
1496 1692 1639 1745 enim
1669 1690 1828 1745 nobis
1853 1689 1918 1745 ad
1948 1690 2173 1744 salutem

588 1796 815 1852 |r0sunt
841 1787 1087 1858 dogmata
1114 1787 1219 1855 pia,
1238 1787 1282 1839 si
1316 1785 1423 1839 vita
1442 1783 2175 1855 sitcorrupta.Quamobre-m

591 1883 734 1935 illam
758 1882 1143 1936 concinnemns
1162 1880 1229 1936 ad
1251 1881 1343 1937 Dei
1364 1879 1801 1951 placitum,omni
1824 1877 2174 1947 turpitudine,

590 1977 871 2047 injustitia,
904 1976 1124 2030 avaritia
1170 1976 1327 2045 longe
1374 1975 1583 2041 abacta,
1616 1982 1888 2042 tamquam
1941 1972 2178 2040 hospites

588 2078 645 2122 et
681 2070 921 2131 advenat,
955 2074 1011 2121 et
1038 2083 1067 2120 a
1101 2067 1453 2137 pratsentibus
1496 2066 1651 2135 longe
1676 2064 1855 2118 alicui.
1886 2063 1941 2119 Si
1967 2063 2178 2117 divitias

586 2159 708 2229 quis
734 2159 929 2212 multas
958 2159 1153 2213 habeat
1182 2167 1236 2212 et
1267 2156 1486 2226 praedia,
1515 2156 1594 2210 sic
1624 2156 1688 2210 iis
1716 2163 1915 2219 utatur,
1940 2163 1996 2207 ut
2026 2167 2178 2222 pere-

587 2250 774 2319 grinus
800 2248 889 2319 qui
936 2249 1095 2318 paulo
1146 2258 1265 2317 post
1295 2248 1418 2303 velit
1451 2247 1584 2301 nolit
1613 2245 1946 2302 discessurus
1987 2253 2091 2299 est.
2120 2244 2176 2299 Si

585 2342 705 2411 quis
721 2342 788 2395 ab
802 2341 913 2394 alio
927 2341 1112 2410 injuria
1134 2340 1289 2394 kesus
1306 2341 1405 2405 sit,
1419 2355 1487 2394 ne
1502 2338 1876 2393 immortaliter
1890 2338 2173 2402 irascatur,

588 2433 696 2485 imo
727 2447 793 2486 nc
834 2432 1013 2501 aliquo
1038 2431 1252 2501 quidem
1286 2442 1525 2500 tempore
1556 2448 1574 2485 ι
1618 2444 1722 2483 non
1755 2428 1874 2500 plus
1903 2428 2045 2484 enim
2072 2444 2177 2483 uno

584 2522 674 2577 die
705 2522 859 2575 nobis
897 2521 963 2575 ad
996 2523 1132 2575 iram
1172 2522 1441 2575 concessit
1475 2521 1760 2590 Apostolus
1790 2537 1803 2573 :
1836 2518 1949 2584 Sol,
1982 2521 2173 2589 inquit,

585 2630 686 2667 non
719 2613 916 2667 occidat
945 2630 1098 2681 super
1129 2613 1450 2667 iracundiam
1480 2623 1693 2667 vestram
1731 2611 1946 2684 (Ep/aes.
1980 2613 2034 2669 4.
2056 2612 2173 2683 26).

587 2705 653 2759 Et
672 2706 792 2773 jure
814 2705 1027 2774 quidem
1060 2723 1073 2758 :
1114 2704 1405 2774 optandum
1441 2706 1638 2775 quippe
1666 2712 1772 2769 est,
1796 2714 1853 2760 et
1878 2706 1962 2759 vis
1994 2706 2173 2760 caveri

589 2804 786 2863 potest,
819 2805 872 2849 ut
902 2811 967 2850 ne
996 2796 1053 2849 in
1098 2804 1204 2849 tam
1251 2796 1462 2851 modico
1510 2798 1687 2866 spatio
1710 2797 1835 2867 quid
1888 2798 2172 2852 molestum

584 2886 809 2940 accidat.
836 2886 893 2941 Si
917 2895 1095 2941 autem
1123 2902 1228 2941 nox
1261 2903 1358 2941 nos
1381 2887 1765 2957 apprehendat,
1788 2903 1873 2942 res
1900 2889 2175 2957 graviores

582 2979 839 3043 evadunt,
870 2981 1126 3034 memoria
1171 2980 1438 3049 ingentem
1468 2980 1627 3035 nobis
1660 2982 1834 3048 ignem
1866 2982 2171 3051 colligente,

584 3071 845 3139 nobisque
875 3085 971 3139 per
1016 3064 1275 3140 temporis
1320 3071 1549 3141 spatium
1600 3071 1715 3125 haec
1744 3073 1990 3127 acerbius
2019 3089 2174 3127 scru-

585 3162 841 3217 tantibus.
902 3164 1201 3233 Antequam
1232 3178 1362 3234 ergo
1390 3165 1556 3218 otium
1608 3164 1911 3233 hujusmodi
1942 3180 2173 3233 Occupe-

583 3268 722 3317 mus,
754 3263 807 3307 et
852 3254 1307 3309 vehementiorem
1365 3254 1724 3309 accendamus
1775 3272 1998 3326 rogum,
2025 3258 2175 3325 jubet

584 3344 783 3398 malum
807 3354 1150 3413 pratvertere,
1180 3355 1235 3400 et
1262 3347 1626 3416 exstinguere.
1649 3347 1951 3403 Vehemens
1976 3350 2173 3419 quippe

583 3447 667 3489 est
696 3438 788 3490 irae
824 3448 1020 3499 motus,
1051 3439 1303 3507 omnique
1335 3439 1544 3494 flamma
1574 3443 1799 3494 acutius.
1831 3441 1953 3495 Ideo
1978 3444 2173 3498 celeri-

586 3539 693 3583 tate
725 3531 883 3583 multa
914 3532 1065 3585 nobis
1091 3542 1170 3585 est
1200 3547 1351 3601 opus,
1384 3543 1438 3585 ut
1462 3520 1728 3587 flammam
1763 3546 2170 3603 prmvertamus,

588 3638 684 3676 nec
706 3622 943 3676 sinamus
967 3638 1267 3693 assurgere.
1294 3624 1392 3678 Hie
1417 3624 1613 3693 quippe
1639 3626 1857 3679 morbus
1883 3627 2169 3681 multorum

582 3728 740 3767 ransa
774 3716 1033 3769 malorum
1066 3715 1316 3770 efficitur.
1350 3718 1544 3771 Domos
1587 3720 1730 3772 enim
1786 3728 1925 3773 totas
1954 3722 2169 3782 evertit,

584 3817 796 3861 veteres
844 3807 1002 3860 solvit
1044 3809 1478 3875 consuetudines,
1511 3824 1615 3863 non
1662 3811 2019 3867 consolabiles
2061 3822 2171 3867 tra-

581 3897 787 3959 goedias
816 3899 965 3952 brevi
1006 3912 1245 3968 tempore
1284 3916 1346 3955 ac
1396 3909 1668 3955 momento
1695 3902 1851 3971 parit.
1886 3903 2017 3958 Nam
2050 3903 2169 3958 Μο-

582 4003 802 4045 mentum
831 3994 1018 4063 furoris
1044 3996 1171 4065 ejus,
1203 3997 1353 4049 ruina
1377 3997 1488 4067 ejus
1528 3995 1714 4065 (Ereti.
1745 3998 1797 4050 i.
1826 3997 1943 4065 22),
1976 3997 2165 4066 inquit.

580 4083 656 4137 Nc
687 4085 863 4154 itaque
904 4084 1068 4140 feram
1118 4086 1252 4141 hanc
1298 4088 1418 4143 sine
1465 4089 1615 4143 freno
1663 4089 1925 4155 sinamus,
1952 4090 2044 4144 sed
2076 4104 2168 4145 ea-

582 4192 725 4228 mum
757 4177 853 4245 ipsi
879 4177 1111 4248 undique
1142 4179 1511 4247 fortissimum,
1536 4180 1695 4236 futuri
1723 4182 1907 4251 judicii
1941 4193 2165 4251 metum,

581 4272 898 4337 injiciamus.
926 4270 1058 4329 Cum
1083 4282 1133 4325 te
1162 4274 1365 4327 amicus
1387 4275 1607 4341 lteserit,
1626 4286 1717 4328 aut
1742 4275 2017 4329 familiaris
2039 4291 2165 4331 eon-

583 4366 851 4430 citaverit,
886 4366 1060 4435 cogita
1108 4377 1305 4435 quanta
1356 4382 1481 4437 erga
1535 4367 1702 4423 Deum
1759 4370 2090 4438 peccaveris,
2116 4378 2171 4425 et

586 4457 859 4526 perpende
891 4468 943 4511 te
973 4459 1015 4511 si
1048 4458 1376 4513 moderatius
1405 4474 1527 4513 cum
1556 4460 1645 4514 illo
1676 4474 1823 4529 agas,
1869 4461 2050 4518 mitius
2074 4462 2167 4517 tibi

573 4549 832 4619 judicium
861 4549 987 4605 illttd
1018 4552 1363 4607 constituere.
1385 4551 1518 4606 Nam
1544 4554 1638 4620 ait,
1670 4552 1899 4623 Dimitte,
1922 4563 1971 4607 et
1996 4555 2169 4608 dimit-

577 4652 708 4694 tetur
734 4642 870 4696 vobis
899 4640 1048 4712 (an.
1086 4642 1140 4697 6.
1171 4644 1297 4714 37);
1345 4646 1633 4713 statimque
1660 4646 1879 4699 morbus
1906 4646 2162 4711 aufugiel.

577 4735 655 4786 Ad
684 4734 798 4788 haec
825 4735 1131 4790 consideres
1159 4736 1341 4800 velim,
1373 4752 1499 4789 num
1534 4736 1819 4805 aliquando
1850 4739 1901 4791 in
1931 4738 2164 4793 furorem

580 4833 750 4887 actus,
788 4836 839 4878 te
864 4827 1228 4890 continueris;
1263 4837 1315 4881 et
1341 4844 1466 4881 num
1494 4828 1781 4897 aliquando
1812 4831 1972 4884 etiam
2001 4831 2068 4885 ab
2090 4833 2164 4885 ira

576 4918 830 4986 abreptus
875 4917 1036 4973 fueris
1066 4936 1079 4973 :
1115 4929 1460 4990 utrorumque
1496 4923 1896 4991 comparatione
1954 4932 2163 4993 tempo-

577 5026 717 5070 rum,
749 5010 813 5061 ad
845 5011 1272 5066 emendationem
1326 5013 1479 5067 valde
1523 5013 1813 5083 juvaberis.
1870 5015 1966 5070 Dic
2021 5018 2162 5071 enim

575 5102 726 5166 mihi,
758 5103 1095 5170 quandonam
1131 5108 1354 5173 teipsqu
1384 5105 1631 5170 laudasti,
1654 5122 1775 5162 cum
1805 5108 1874 5160 ab
1898 5108 1972 5162 ira
2004 5124 2163 5179 supe-

575 5206 721 5249 ratus
751 5211 830 5260 es,
856 5212 921 5249 an
948 5213 1068 5251 cum
1100 5198 1401 5267 superasti?
1444 5199 1633 5251 Annon
1658 5215 1779 5252 cum
1809 5201 2041 5268 primum
2073 5218 2161 5255 ac-

572 5288 723 5351 cidit,
751 5304 845 5341 nos
874 5290 1217 5346 vehementer
1237 5292 1563 5357 incusamus,
1581 5292 1971 5354 erubescimus.
1996 5295 2159 5349 etiam

577 5380 793 5433 nemine
823 5390 1097 5448 arguente,
1125 5397 1187 5435 ac
1233 5386 1395 5436 multa
1433 5398 1532 5438 nos
1558 5396 1610 5439 et
1641 5385 1926 5440 verborum
1974 5395 2028 5440 et
2068 5402 2162 5457 ge'

572 5486 772 5529 storum
823 5474 966 5528 subit
1014 5475 1359 5543 ptenitcntia?
1410 5493 1530 5533 cum
1577 5488 1754 5533 autem
1802 5496 2153 5547 superamus,

567 5567 880 5633 gaudemus.
933 5576 987 5620 et
1038 5568 1187 5636 quasi
1234 5570 1463 5625 victores
1509 5571 1877 5627 exsultamus?
1923 5573 2155 5627 Victoria

568 5659 708 5711 enim
759 5667 948 5712 contra
985 5660 1115 5712 iram
1148 5670 1249 5725 est,
1281 5676 1384 5715 non
1416 5677 1535 5715 cum
1587 5677 1683 5732 par
1714 5663 1825 5731 pari
1874 5662 2157 5719 referimus

568 5748 715 5816 (haec
758 5750 954 5818 quippe
1003 5756 1239 5805 cxtrcina
1292 5752 1469 5808 clades
1519 5754 1657 5825 est),
1690 5754 1782 5809 sed
1830 5769 1951 5809 cum
2002 5772 2156 5827 atquo

573 5842 747 5896 animo
779 5846 955 5898 omnia
1000 5847 1228 5915 patimur
1259 5856 1311 5901 et
1354 5847 1616 5903 audimus.
1670 5849 1781 5905 lloc
1824 5848 2019 5921 quippe
2069 5862 2153 5909 est

2292 490 2631 556 superiorem
2658 506 2800 557 esse,
2829 508 2935 549 non
2984 496 3122 548 mala
3171 491 3395 561 inferre,
3422 492 3519 550 sed
3566 493 3706 550 mala
3762 492 3903 563 path

2290 578 2422 636 Cum
2471 583 2718 639 irasceris
2765 586 2945 656 igitur,
2992 600 3060 640 ne
3110 584 3302 641 dicas:
3348 586 3579 643 Prorsus
3629 586 3905 641 obsistam

2288 688 2410 743 ego,
2441 689 2663 745 prorsus
2691 676 2886 731 irruam
2920 679 2971 733 in
3002 678 3152 733 illum
3181 696 3194 730 :
3238 692 3412 749 neque
3452 677 3808 735 monentibus
3847 686 3909 733 ut

2288 764 2421 820 iram
2453 767 2708 823 eohibeas
2739 768 2941 824 dixeris
2974 788 2990 825 :
3033 769 3150 825 Non
3192 769 3367 840 patiar
3392 780 3451 824 ut
3481 780 3769 841 postquam
3811 770 3907 825 ilio

2288 856 2419 911 mihi
2452 857 2701 923 illuserit,
2732 859 2948 929 impune
2970 858 3149 914 abeat.
3183 858 3369 928 Neque
3396 861 3542 918 enim
3574 869 3630 915 te
3656 875 3905 930 unquam

2289 948 2552 1013 irridebit,
2586 950 2688 1005 nisi
2716 950 2931 1020 quando
2958 949 3025 1006 ad
3054 949 3343 1005 vindictam
3371 959 3423 1005 te
3447 950 3783 1005 contuleris:
3818 950 3905 1005 sin

2287 1049 2341 1095 te
2369 1041 2681 1110 quiescente
2732 1042 2992 1108 irriserit,
3025 1050 3084 1096 ut
3113 1041 3312 1096 stultus
3358 1040 3411 1095 id
3461 1049 3602 1111 aget.
3639 1041 3723 1096 Tn
3769 1054 3907 1097 vero

2286 1146 2408 1186 cum
2439 1133 2653 1197 viceris,
2675 1149 2743 1189 ne
2772 1148 2979 1204 quaeras
3007 1133 3235 1204 gloriam
3265 1147 3294 1186 a
3324 1133 3527 1200 stultis,
3548 1132 3643 1187 sed
3671 1149 3741 1189 ea
3768 1146 3906 1188 cono

2286 1232 2468 1278 tentus
2492 1236 2627 1289 esto,
2661 1241 2818 1295 quam
2845 1239 2875 1279 a
2903 1225 3237 1293 sapientibus
3267 1224 3747 1293 assequeris..lmo
3770 1238 3903 1279 vero

2285 1330 2383 1369 cur
2412 1317 2507 1370 tibi
2566 1331 2791 1385 parvum
2835 1315 2963 1372 illud
3013 1330 3077 1371 ac
3129 1316 3237 1372 vile
3291 1316 3559 1373 theatrum
3612 1317 3903 1372 hominum

2284 1408 2595 1461 Cuttsliluo?
2623 1407 2704 1461 Ad
2733 1407 2899 1462 Deum
2928 1408 3107 1462 statim
3134 1406 3370 1478 respice,
3401 1418 3456 1462 et
3483 1408 3598 1477 ipse
3630 1417 3683 1461 te
3713 1407 3903 1461 lauda-

2284 1497 2362 1551 bit
2387 1514 2400 1549 :
2432 1512 2539 1567 quo
2567 1498 2819 1553 laudante
2847 1512 3006 1553 nemo
3035 1498 3198 1554 debet
3226 1498 3298 1553 ab
3326 1498 3644 1553 hominibus
3662 1499 3899 1570 gloriam

2284 1604 2546 1658 quaerere.
2577 1589 2867 1647 Hominum
2897 1590 3096 1660 quippe
3121 1588 3311 1645 laudes
3350 1590 3671 1662 plerumque
3712 1592 3802 1647 vel
3833 1608 3898 1645 es

2283 1681 2453 1750 gratia
2486 1680 2773 1751 prodeunt,
2795 1684 2879 1735 vel
2908 1696 2974 1735 ex
3000 1680 3126 1735 odio
3157 1691 3453 1750 negantur;
3486 1682 3732 1754 nihilque
3765 1683 3898 1738 lucri

2284 1770 2544 1827 afertmt:
2575 1772 2667 1827 Dei
2694 1787 2824 1828 vero
2847 1770 3107 1843 judicium
3134 1771 3233 1826 hac
3267 1772 3688 1843 intequabilitate
3716 1784 3901 1841 vacat,

2288 1864 2619 1934 multamque
2643 1864 2859 1919 laudato
2882 1862 3041 1918 atl'ert
3082 1863 3386 1919 utilitatem.
3416 1863 3569 1921 lianc
3590 1865 3758 1936 igitur
3780 1866 3899 1921 lau-

2286 1955 2408 2011 dem
2442 1972 2754 2025 sequamur.

2358 2048 2409 2102 5.
2441 2047 2525 2102 Ea:
2541 2048 2775 2102 iracundi
2799 2049 3038 2118 imagine,
3068 2059 3313 2118 quantum
3344 2050 3536 2104 malum
3564 2050 3629 2105 sit
3658 2051 3741 2103 ira
3774 2068 3899 2118 pro-

2284 2137 2452 2191 batur.
2486 2137 2675 2192 Contra
2704 2155 2788 2193 cos
2816 2139 2905 2209 qui
2932 2140 3277 2209 superstitiose
3322 2150 3550 2211 tempora
3601 2141 3904 2198 observant.

2283 2256 2355 2268 —-
2381 2228 2543 2285 Visne
2568 2229 2778 2286 discere
2809 2241 3067 2301 quantum
3113 2232 3185 2286 sit
3230 2233 3429 2287 malum
3484 2234 3599 2288 ira?
3641 2234 3902 2291 Przeseus

2285 2329 2403 2376 esto
2431 2320 2558 2376 dum
2590 2322 2679 2375 alii
2706 2323 2951 2378 rixantur
2988 2324 3039 2377 in
3072 2321 3214 2378 foro.
3246 2323 3432 2395 Neque
3457 2326 3603 2382 enim
3633 2326 3687 2381 in
3720 2329 3901 2397 teipsn

2288 2412 2669 2483 turpitudinem
2723 2415 2867 2469 ilLam
2914 2424 3019 2469 tam
3070 2415 3225 2471 facile
3260 2416 3673 2486 deprehendes,
3708 2423 3900 2473 animo

2288 2520 2481 2574 nempe
2515 2513 2643 2560 tunc
2670 2505 2907 2561 tenebris
2933 2514 2990 2560 et
3019 2506 3280 2561 ebrietate
3319 2508 3609 2574 obvoluto;
3639 2510 3735 2564 sed
3768 2526 3895 2565 etun

2287 2596 2363 2652 ira
2392 2613 2589 2653 vacuus
2615 2615 2676 2654 es
2698 2640 2712 2666 ,
2738 2609 2863 2653 tunc
2896 2599 2945 2652 in
2975 2599 3096 2653 aliis
3124 2610 3210 2653 tua
3239 2602 3644 2671 contemplare;
3672 2604 3899 2673 quando

2280 2688 2539 2758 judicium
2568 2699 2720 2745 tuum
2746 2701 3061 2761 corruptum
3095 2706 3201 2747 non
3227 2701 3329 2747 est.
3363 2692 3496 2749 Vide
3520 2694 3646 2748 mihi
3674 2697 3901 2752 turbam

2284 2781 2767 2845 eircumtlucntem,
2810 2792 2863 2837 et
2909 2783 3098 2849 iratos,
3146 2798 3210 2839 ac
3247 2785 3291 2839 si
3321 2784 3581 2851 furerent,
3630 2787 3680 2840 in
3712 2789 3901 2842 media

2287 2874 2513 2943 turpiter
2548 2883 2789 2945 agentes.
2811 2874 2951 2930 Cttm
2974 2877 3117 2930 enim
3146 2876 3221 2930 ira
3252 2877 3306 2930 in
3336 2874 3553 2946 pectore
3584 2877 3893 2935 enervi-scit

2282 2977 2336 3019 et
2367 2965 2652 3033 efferatur,
2681 2983 2746 3023 os
2771 2969 2945 3039 ignem
2975 2970 3175 3039 spirat,
3208 2970 3349 3024 oculi
3390 2970 3563 3041 ignem
3596 2973 3855 3027 emittunt
3878 3017 3895 3037 ,

2286 3056 2500 3111 inflatur
2529 3058 2764 3129 undique
2807 3060 3012 3124 vttlltts,
3058 3061 3415 3130 incomposite
3453 3077 3643 3117 manus
3674 3063 3894 3133 jactan-

2286 3159 2393 3217 tur,
2426 3152 2650 3207 ridicule
2680 3152 2849 3222 pedes
2876 3154 3166 3220 exsiliunt,
3200 3164 3255 3209 et
3287 3155 3547 3209 insultant
3574 3157 3722 3212 litem
3754 3158 3895 3212 diri-

2284 3256 2433 3297 mere
2470 3244 2825 3309 conantibus;
2868 3245 2998 3299 nihil
3031 3246 3149 3299 irati
3180 3245 3437 3323 diﬂ'erunt
3480 3263 3509 3301 a
3543 3248 3850 3305 furentibus
3874 3295 3891 3314 ,

2282 3349 2402 3389 eum
2438 3336 2550 3389 luce
2580 3337 2759 3390 omnia
2807 3338 2952 3391 nullo
3000 3339 3206 3407 praediti
3255 3354 3417 3393 sensu
3450 3351 3747 3409 peragunt;
3782 3343 3899 3397 itno

2283 3445 2349 3485 ne
2375 3430 2444 3484 ab
2468 3432 2633 3486 asinis
2659 3432 2979 3501 agrestibus,
3004 3433 3367 3497 calcitrantes,
3394 3433 3724 3489 mordentes.
3749 3436 3898 3492 Sane

2282 3522 2363 3575 vir
2392 3522 2679 3576 iracundus
2707 3522 2948 3578 modeste
2976 3538 3140 3594 agere
3172 3523 3359 3579 nescit.
3391 3524 3592 3579 Deinde
3617 3534 3738 3594 post
3765 3536 3892 3581 tan-

2282 3625 2393 3669 tum
2434 3616 2723 3670 excitatum
2751 3617 2949 3683 risum,
2984 3617 3072 3670 ubi
3102 3615 3319 3670 domum
3364 3616 3657 3679 redierint,
3710 3618 3776 3671 ad
3832 3635 3895 3675 se

2282 3708 2487 3761 reversi
2511 3748 2525 3771 ,
2556 3706 2745 3762 dolore
2772 3707 2928 3763 simul
2958 3723 3020 3761 ae
3050 3720 3197 3762 metu
3224 3708 3493 3777 agitantur
3518 3726 3533 3774 ;
3558 3709 3743 3762 animo
3771 3712 3894 3765 vol-

2279 3813 2465 3857 ventes
2491 3842 2508 3869 ,
2548 3803 2767 3872 quinam
2818 3804 2947 3856 rixa:
2976 3812 3273 3871 prmsentes
3320 3802 3541 3857 fuerint.
3592 3803 3894 3875 Postquam

2279 3896 2420 3949 enim
2450 3911 2545 3950 ceu
2577 3893 2817 3949 furentes
2843 3896 2909 3950 de
2936 3896 3305 3965 spectantibus
3332 3897 3464 3950 nihil
3491 3896 3890 3967 cogitaverant,

2277 3989 2660 4057 resipiscentes
2706 3996 2891 4056 postea
2938 4003 3120 4041 secum
3171 3998 3459 4058 reputant,
3512 4006 3639 4044 num
3686 3992 3889 4055 amici,

2278 4096 2405 4135 num
2438 4081 2637 4135 inimici
2664 4091 2999 4150 spectatores
3030 4081 3251 4135 fuerint.
3278 4081 3409 4136 Nam
3445 4082 3666 4151 perinde
3698 4092 3882 4138 utros~

2279 4188 2383 4241 que
2415 4181 2701 4237 metuunt;
2734 4173 2854 4225 illos
2875 4215 2889 4237 ,
2935 4182 2992 4225 ut
3018 4188 3077 4227 se
3117 4172 3486 4242 improbantes
3517 4174 3891 4247 majoremun

2278 4264 2568 4319 inferentes
2597 4265 2884 4334 pudorem;
2921 4265 3051 4331 hos,
3088 4275 3145 4319 ut
3172 4266 3239 4320 de
3266 4283 3362 4320 sua
3394 4268 3728 4337 turpitudine
3757 4287 3890 4341 gau-

2275 4360 2485 4416 dentes.
2520 4361 2669 4427 Quod
2718 4362 2760 4415 si
2807 4361 2872 4415 ad
2919 4362 3102 4430 plagas
3133 4376 3301 4429 usque
3350 4371 3563 4417 mutuas
3608 4364 3720 4417 rixa
3755 4380 3889 4435 pro-

2277 4454 2499 4523 ruperit,
2537 4463 2646 4506 tum
2679 4461 2856 4508 metus
2885 4456 3121 4523 gravior,
3154 4468 3220 4507 ne
3253 4452 3377 4522 quid
3410 4452 3650 4510 deterius
3680 4457 3883 4512 verbe-

2273 4554 2390 4601 rato
2417 4546 2658 4610 accidat,
2710 4561 2777 4600 ne
2823 4546 3159 4615 subsequens
3192 4545 3355 4599 febris
3384 4556 3612 4601 mortem
3646 4547 3885 4616 inferat,

2273 4637 2359 4692 vel
2400 4646 2577 4691 tumor
2624 4648 2810 4691 euratu
2855 4637 3088 4691 difficilis
3131 4637 3182 4690 in
3230 4647 3530 4693 extremum
3580 4640 3885 4711 periculum

2278 4730 2547 4798 conjiciat.
2592 4730 2731 4797 Quid
2777 4731 2919 4783 enim
2974 4730 3103 4783 mihi
3158 4745 3329 4800 pugna
3384 4746 3519 4799 opus
3564 4734 3722 4787 erat?
3752 4735 3881 4804 quid

2274 4823 2613 4878 contumeliis
2640 4831 2695 4877 et
2716 4824 2888 4877 rixis?
2920 4831 3141 4893 pereant
3175 4833 3230 4878 et
3256 4823 3369 4878 haec
3396 4834 3450 4878 et
3478 4825 3588 4878 illa.
3620 4825 3883 4899 Tuncque

2274 4916 2524 4969 omnibus
2555 4914 2703 4970 hisce
2733 4915 2891 4969 fluxis
2920 4914 3082 4970 rebus
3124 4902 3485 4983 maledicunt,
3516 4932 3637 4987 quae
3665 4919 3878 4975 rixandi

2270 5026 2428 5066 causa
2460 5010 2627 5066 fuere.
2661 5010 3068 5079 lnsipientiores
3109 5025 3239 5063 vero
3273 5018 3329 5063 et
3373 5010 3635 5079 malignos
3666 5012 3877 5068 dmino-

2272 5119 2401 5169 nas,
2444 5112 2497 5157 et
2539 5103 2725 5157 horam
2778 5111 3097 5173 tempusque
3127 5102 3502 5157 criminantur.
3540 5104 3736 5159 Verum
3767 5122 3873 5161 non

2276 5196 2403 5251 liora
2438 5196 2574 5250 mala
2621 5196 2673 5250 in
2716 5211 2875 5250 causa
2920 5204 3036 5259 est;
3091 5194 3234 5248 nulla
3279 5195 3475 5265 quippe
3522 5194 3651 5249 liora
3685 5199 3873 5253 mala:

2268 5306 2442 5359 neque
2464 5290 2579 5344 hinc
2615 5305 2643 5343 a
2673 5290 2909 5359 maligno
2939 5289 3187 5343 daemone
3214 5290 3649 5358 proficiscuntur,
3678 5293 3772 5346 Sed
3804 5310 3874 5349 ex

2268 5383 2503 5453 nequitia
2556 5383 2863 5436 rixantium.
2900 5380 2964 5435 lli
3010 5396 3241 5452 namque
3285 5392 3339 5436 et
3377 5384 3651 5437 dzemonas
3697 5395 3874 5440 attra-

2268 5476 2422 5543 hunt,
2451 5484 2505 5532 et
2536 5476 2638 5530 sibi
2672 5477 2802 5547 ipsis
2833 5475 2970 5530 mala
3003 5474 3258 5531 inferunt.
3287 5474 3392 5529 Sed
3421 5490 3514 5530 cor
3537 5476 3871 5546 intumescit,

2268 5570 2473 5640 inquies
2498 5613 2512 5637 ,
2546 5580 2600 5624 et
2626 5584 2655 5623 a
2684 5565 3030 5623 contumeliis
3058 5567 3374 5623 mordetur?
3398 5568 3451 5621 ld
3486 5576 3539 5621 et
3564 5584 3662 5635 ego
3692 5574 3815 5622 lmvi
3855 5593 3869 5629 ;

2268 5664 2493 5735 ideoque
2523 5664 2689 5718 miror
2716 5678 2810 5717 eos
2840 5663 2929 5732 qui
2975 5661 3174 5715 malam
3208 5660 3347 5715 hanc
3390 5658 3557 5714 feram
3587 5675 3868 5719 coercent.

2264 5760 2320 5811 Si
2355 5759 2496 5813 enim
2540 5758 2765 5813 velimus
2790 5799 2805 5823 ,
2839 5772 3124 5826 possumus
3152 5756 3395 5810 morbum
3428 5755 3722 5825 depellere.
3757 5756 3869 5813 (Zur

2266 5854 2406 5909 enim
2434 5868 2552 5909 cum
2586 5852 2853 5922 principes
2884 5851 2978 5905 viri
3006 5868 3101 5904 nos
3130 5851 3456 5904 eoatuuwlm
3492 5848 3737 5903 alliciunt
3767 5891 3781 5913 ,
3817 5852 3868 5906 id
