  <div class='ocr_page' id='page_1' title='image "/cluster/home/n/w/nwhite01/storage/ocr_20150623/59/ien.35556001660869/060.png"; bbox 0 0 4064 6470; ppageno 0'>
   <div class='ocr_carea' id='block_1_1' title="bbox 185 417 1841 481">
    <p class='ocr_par' dir='ltr' id='par_1_1' title="bbox 185 418 1841 481">
     <span class='ocr_line' id='line_1_1' title="bbox 185 418 1841 481; baseline -0.003 -2"><span class='ocrx_word' id='word_1_1' title='bbox 185 429 269 481; x_wconf 70' lang='grc' dir='ltr'><strong>ῖίῖ</strong></span> <span class='ocrx_word' id='word_1_2' title='bbox 1371 421 1434 476; x_wconf 73' lang='lat' dir='ltr'><strong>IN</strong></span> <span class='ocrx_word' id='word_1_3' title='bbox 1473 418 1786 476; x_wconf 70' lang='lat' dir='ltr'><strong>JOANNEM</strong></span> <span class='ocrx_word' id='word_1_4' title='bbox 1833 421 1841 474; x_wconf 92' lang='grc' dir='ltr'><strong>Ι</strong></span> 
     </span>
    </p>
   </div>
   <div class='ocr_carea' id='block_1_2' title="bbox 1945 417 3558 481">
    <p class='ocr_par' dir='ltr' id='par_1_2' title="bbox 1945 417 3558 477">
     <span class='ocr_line' id='line_1_2' title="bbox 1945 417 3558 477; baseline -0.001 -4"><span class='ocrx_word' id='word_1_5' title='bbox 1945 420 2061 477; x_wconf 76' lang='lat' dir='ltr'><strong>lliL.</strong></span> <span class='ocrx_word' id='word_1_6' title='bbox 2111 423 2170 477; x_wconf 82' lang='lat'><strong>\&#39;.</strong></span> <span class='ocrx_word' id='word_1_7' title='bbox 2215 423 2285 477; x_wconf 85' lang='lat' dir='ltr'><strong>al.</strong></span> <span class='ocrx_word' id='word_1_8' title='bbox 2330 421 2416 476; x_wconf 77' lang='grc' dir='ltr'><strong>ιν.</strong></span> <span class='ocrx_word' id='word_1_9' title='bbox 3487 417 3558 472; x_wconf 71' lang='grc' dir='ltr'>δι</span> 
     </span>
    </p>
   </div>
   <div class='ocr_carea' id='block_1_3' title="bbox 185 539 1847 612">
    <p class='ocr_par' dir='ltr' id='par_1_3' title="bbox 185 539 1847 612">
     <span class='ocr_line' id='line_1_3' title="bbox 185 539 1847 612; baseline -0.002 -17"><span class='ocrx_word' id='word_1_10' title='bbox 185 557 318 596; x_wconf 71' lang='lat' dir='ltr'><strong>rum</strong></span> <span class='ocrx_word' id='word_1_11' title='bbox 376 541 640 612; x_wconf 80' lang='lat' dir='ltr'><strong>agimus?</strong></span> <span class='ocrx_word' id='word_1_12' title='bbox 688 554 870 594; x_wconf 80' lang='lat' dir='ltr'><strong>nonne</strong></span> <span class='ocrx_word' id='word_1_13' title='bbox 914 539 1037 608; x_wconf 89' lang='lat' dir='ltr'><strong>quia</strong></span> <span class='ocrx_word' id='word_1_14' title='bbox 1086 539 1280 603; x_wconf 91' lang='lat' dir='ltr'><strong>timor,</strong></span> <span class='ocrx_word' id='word_1_15' title='bbox 1331 555 1438 592; x_wconf 91' lang='lat' dir='ltr'><strong>non</strong></span> <span class='ocrx_word' id='word_1_16' title='bbox 1480 540 1657 592; x_wconf 90' lang='lat' dir='ltr'><strong>minor</strong></span> <span class='ocrx_word' id='word_1_17' title='bbox 1686 555 1847 608; x_wconf 88' lang='lat' dir='ltr'><strong>quam</strong></span> 
     </span>
    </p>
   </div>
   <div class='ocr_carea' id='block_1_4' title="bbox 191 630 1851 700">
    <p class='ocr_par' dir='ltr' id='par_1_4' title="bbox 191 630 1851 700">
     <span class='ocr_line' id='line_1_4' title="bbox 191 630 1851 700; baseline 0 -16"><span class='ocrx_word' id='word_1_18' title='bbox 191 634 312 698; x_wconf 85' lang='lat' dir='ltr'><strong>ira,</strong></span> <span class='ocrx_word' id='word_1_19' title='bbox 357 649 478 687; x_wconf 82' lang='lat' dir='ltr'><strong>nos</strong></span> <span class='ocrx_word' id='word_1_20' title='bbox 507 632 767 695; x_wconf 86' lang='lat' dir='ltr'><strong>deterret,</strong></span> <span class='ocrx_word' id='word_1_21' title='bbox 800 646 898 685; x_wconf 91' lang='lat' dir='ltr'><strong>nec</strong></span> <span class='ocrx_word' id='word_1_22' title='bbox 927 631 1013 684; x_wconf 98' lang='lat' dir='ltr'><strong>vel</strong></span> <span class='ocrx_word' id='word_1_23' title='bbox 1045 646 1073 683; x_wconf 90' lang='lat' dir='ltr'><strong>a</strong></span> <span class='ocrx_word' id='word_1_24' title='bbox 1109 630 1370 699; x_wconf 85' lang='lat' dir='ltr'><strong>principio</strong></span> <span class='ocrx_word' id='word_1_25' title='bbox 1402 631 1532 683; x_wconf 84' lang='lat' dir='ltr'><strong>iram</strong></span> <span class='ocrx_word' id='word_1_26' title='bbox 1565 645 1851 700; x_wconf 81' lang='lat' dir='ltr'><strong>erumpere</strong></span> 
     </span>
    </p>
   </div>
   <div class='ocr_carea' id='block_1_5' title="bbox 185 722 1851 793">
    <p class='ocr_par' dir='ltr' id='par_1_5' title="bbox 185 722 1851 793">
     <span class='ocr_line' id='line_1_5' title="bbox 185 722 1851 793; baseline -0.002 -15"><span class='ocrx_word' id='word_1_27' title='bbox 185 726 397 781; x_wconf 76' lang='lat' dir='ltr'><strong>sinit?</strong></span> <span class='ocrx_word' id='word_1_28' title='bbox 455 726 565 780; x_wconf 86' lang='lat' dir='ltr'><strong>Cur</strong></span> <span class='ocrx_word' id='word_1_29' title='bbox 609 741 771 793; x_wconf 88' lang='lat' dir='ltr'><strong>porro</strong></span> <span class='ocrx_word' id='word_1_30' title='bbox 825 725 963 778; x_wconf 81' lang='lat' dir='ltr'><strong>servi</strong></span> <span class='ocrx_word' id='word_1_31' title='bbox 1015 740 1044 775; x_wconf 90' lang='lat' dir='ltr'><strong>a</strong></span> <span class='ocrx_word' id='word_1_32' title='bbox 1098 722 1256 776; x_wconf 91' lang='lat' dir='ltr'><strong>nobis</strong></span> <span class='ocrx_word' id='word_1_33' title='bbox 1306 722 1456 776; x_wconf 83' lang='lat' dir='ltr'><strong>mille</strong></span> <span class='ocrx_word' id='word_1_34' title='bbox 1510 722 1851 777; x_wconf 84' lang='lat' dir='ltr'><strong>centumeliis</strong></span> 
     </span>
    </p>
   </div>
   <div class='ocr_carea' id='block_1_6' title="bbox 191 814 1848 882">
    <p class='ocr_par' dir='ltr' id='par_1_6' title="bbox 191 814 1848 882">
     <span class='ocr_line' id='line_1_6' title="bbox 191 814 1848 882; baseline -0.002 -12"><span class='ocrx_word' id='word_1_35' title='bbox 191 832 342 872; x_wconf 76' lang='lat' dir='ltr'><strong>anet</strong></span> <span class='ocrx_word' id='word_1_36' title='bbox 363 819 454 870; x_wconf 73' lang='grc' dir='ltr'><strong>τιιί</strong></span> <span class='ocrx_word' id='word_1_37' title='bbox 482 861 496 880; x_wconf 82' lang='lat'><strong>,</strong></span> <span class='ocrx_word' id='word_1_38' title='bbox 530 818 707 870; x_wconf 88' lang='lat' dir='ltr'><strong>omnia</strong></span> <span class='ocrx_word' id='word_1_39' title='bbox 741 817 881 870; x_wconf 74' lang='lat' dir='ltr'><strong>taciti</strong></span> <span class='ocrx_word' id='word_1_40' title='bbox 917 815 1132 868; x_wconf 77' lang='lat' dir='ltr'><strong>ferunt?</strong></span> <span class='ocrx_word' id='word_1_41' title='bbox 1163 829 1343 868; x_wconf 82' lang='lat' dir='ltr'><strong>nonne</strong></span> <span class='ocrx_word' id='word_1_42' title='bbox 1388 815 1514 882; x_wconf 88' lang='lat' dir='ltr'><strong>quia</strong></span> <span class='ocrx_word' id='word_1_43' title='bbox 1545 825 1596 866; x_wconf 83' lang='lat' dir='ltr'><strong>et</strong></span> <span class='ocrx_word' id='word_1_44' title='bbox 1628 814 1726 882; x_wconf 86' lang='lat' dir='ltr'><strong>ipsi</strong></span> <span class='ocrx_word' id='word_1_45' title='bbox 1750 829 1848 867; x_wconf 89' lang='lat' dir='ltr'><strong>eo-</strong></span> 
     </span>
    </p>
   </div>
   <div class='ocr_carea' id='block_1_7' title="bbox 187 905 1847 976">
    <p class='ocr_par' dir='ltr' id='par_1_7' title="bbox 187 905 1847 976">
     <span class='ocr_line' id='line_1_7' title="bbox 187 905 1847 976; baseline -0.001 -18"><span class='ocrx_word' id='word_1_46' title='bbox 187 909 335 962; x_wconf 79' lang='lat' dir='ltr'><strong>dem</strong></span> <span class='ocrx_word' id='word_1_47' title='bbox 395 909 622 963; x_wconf 78' lang='lat' dir='ltr'><strong>vinculo</strong></span> <span class='ocrx_word' id='word_1_48' title='bbox 670 905 938 976; x_wconf 80' lang='lat' dir='ltr'><strong>ligantur?</strong></span> <span class='ocrx_word' id='word_1_49' title='bbox 970 905 1048 958; x_wconf 92' lang='lat' dir='ltr'><strong>Tu</strong></span> <span class='ocrx_word' id='word_1_50' title='bbox 1091 919 1220 958; x_wconf 85' lang='lat' dir='ltr'><strong>vero</strong></span> <span class='ocrx_word' id='word_1_51' title='bbox 1249 920 1319 958; x_wconf 88' lang='lat' dir='ltr'><strong>ne</strong></span> <span class='ocrx_word' id='word_1_52' title='bbox 1357 907 1533 959; x_wconf 85' lang='lat' dir='ltr'><strong>solum</strong></span> <span class='ocrx_word' id='word_1_53' title='bbox 1565 905 1658 960; x_wconf 88' lang='lat' dir='ltr'><strong>Dei</strong></span> <span class='ocrx_word' id='word_1_54' title='bbox 1689 907 1847 957; x_wconf 70' lang='lat' dir='ltr'><strong>timo~</strong></span> 
     </span>
    </p>
   </div>
   <div class='ocr_carea' id='block_1_8' title="bbox 192 997 1850 1072">
    <p class='ocr_par' dir='ltr' id='par_1_8' title="bbox 192 997 1850 1072">
     <span class='ocr_line' id='line_1_8' title="bbox 192 997 1850 1072; baseline -0.003 -18"><span class='ocrx_word' id='word_1_55' title='bbox 192 1017 330 1055; x_wconf 80' lang='lat' dir='ltr'><strong>rem</strong></span> <span class='ocrx_word' id='word_1_56' title='bbox 384 1005 624 1072; x_wconf 84' lang='lat' dir='ltr'><strong>cogites,</strong></span> <span class='ocrx_word' id='word_1_57' title='bbox 672 1001 764 1053; x_wconf 87' lang='lat' dir='ltr'><strong>sed</strong></span> <span class='ocrx_word' id='word_1_58' title='bbox 820 1000 982 1053; x_wconf 82' lang='lat' dir='ltr'><strong>etiam</strong></span> <span class='ocrx_word' id='word_1_59' title='bbox 1033 1010 1084 1053; x_wconf 89' lang='lat' dir='ltr'><strong>te</strong></span> <span class='ocrx_word' id='word_1_60' title='bbox 1132 1009 1258 1052; x_wconf 91' lang='lat' dir='ltr'><strong>tunc</strong></span> <span class='ocrx_word' id='word_1_61' title='bbox 1307 1014 1336 1052; x_wconf 91' lang='lat' dir='ltr'><strong>a</strong></span> <span class='ocrx_word' id='word_1_62' title='bbox 1367 998 1476 1051; x_wconf 91' lang='lat' dir='ltr'><strong>Deo</strong></span> <span class='ocrx_word' id='word_1_63' title='bbox 1505 997 1850 1053; x_wconf 61' lang='lat' dir='ltr'><strong>contumeliis</strong></span> 
     </span>
    </p>
   </div>
   <div class='ocr_carea' id='block_1_9' title="bbox 190 1089 1844 1163">
    <p class='ocr_par' dir='ltr' id='par_1_9' title="bbox 190 1089 1844 1163">
     <span class='ocr_line' id='line_1_9' title="bbox 190 1089 1844 1163; baseline -0.001 -19"><span class='ocrx_word' id='word_1_64' title='bbox 190 1093 362 1146; x_wconf 68' lang='lat' dir='ltr'><strong>aﬂit’i</strong></span> <span class='ocrx_word' id='word_1_65' title='bbox 403 1137 420 1154; x_wconf 87' lang='lat'><strong>,</strong></span> <span class='ocrx_word' id='word_1_66' title='bbox 455 1095 543 1163; x_wconf 84' lang='lat' dir='ltr'><strong>qui</strong></span> <span class='ocrx_word' id='word_1_67' title='bbox 570 1093 721 1160; x_wconf 85' lang='lat' dir='ltr'><strong>jubet</strong></span> <span class='ocrx_word' id='word_1_68' title='bbox 768 1102 819 1145; x_wconf 91' lang='lat' dir='ltr'><strong>te</strong></span> <span class='ocrx_word' id='word_1_69' title='bbox 855 1099 1066 1154; x_wconf 79' lang='lat' dir='ltr'><strong>tacere,</strong></span> <span class='ocrx_word' id='word_1_70' title='bbox 1105 1100 1160 1146; x_wconf 90' lang='lat' dir='ltr'><strong>et</strong></span> <span class='ocrx_word' id='word_1_71' title='bbox 1184 1090 1362 1144; x_wconf 83' lang='lat' dir='ltr'><strong>omnia</strong></span> <span class='ocrx_word' id='word_1_72' title='bbox 1390 1090 1656 1160; x_wconf 88' lang='lat' dir='ltr'><strong>patienter</strong></span> <span class='ocrx_word' id='word_1_73' title='bbox 1685 1089 1844 1143; x_wconf 76' lang='lat' dir='ltr'><strong>feres.</strong></span> 
     </span>
    </p>
   </div>
   <div class='ocr_carea' id='block_1_10' title="bbox 195 1181 1851 1249">
    <p class='ocr_par' dir='ltr' id='par_1_10' title="bbox 195 1181 1851 1249">
     <span class='ocr_line' id='line_1_10' title="bbox 195 1181 1851 1249; baseline -0.001 -13"><span class='ocrx_word' id='word_1_74' title='bbox 195 1185 307 1239; x_wconf 82' lang='lat' dir='ltr'><strong>hic</strong></span> <span class='ocrx_word' id='word_1_75' title='bbox 367 1195 432 1239; x_wconf 83' lang='lat' dir='ltr'><strong>te</strong></span> <span class='ocrx_word' id='word_1_76' title='bbox 484 1184 769 1239; x_wconf 81' lang='lat' dir='ltr'><strong>lacessenti</strong></span> <span class='ocrx_word' id='word_1_77' title='bbox 806 1183 987 1249; x_wconf 84' lang='lat' dir='ltr'><strong>:Quid</strong></span> <span class='ocrx_word' id='word_1_78' title='bbox 1031 1182 1222 1237; x_wconf 73' lang='lat' dir='ltr'><strong>faciam</strong></span> <span class='ocrx_word' id='word_1_79' title='bbox 1277 1182 1411 1243; x_wconf 84' lang='lat' dir='ltr'><strong>libi;</strong></span> <span class='ocrx_word' id='word_1_80' title='bbox 1461 1182 1598 1236; x_wconf 86' lang='lat' dir='ltr'><strong>alius</strong></span> <span class='ocrx_word' id='word_1_81' title='bbox 1630 1181 1758 1234; x_wconf 91' lang='lat' dir='ltr'><strong>mihi</strong></span> <span class='ocrx_word' id='word_1_82' title='bbox 1795 1192 1851 1235; x_wconf 85' lang='lat' dir='ltr'><strong>et</strong></span> 
     </span>
    </p>
   </div>
   <div class='ocr_carea' id='block_1_11' title="bbox 193 1272 1849 1346">
    <p class='ocr_par' dir='ltr' id='par_1_11' title="bbox 193 1272 1849 1346">
     <span class='ocr_line' id='line_1_11' title="bbox 193 1272 1849 1346; baseline -0.002 -17"><span class='ocrx_word' id='word_1_83' title='bbox 193 1293 456 1330; x_wconf 88' lang='lat' dir='ltr'><strong>manum</strong></span> <span class='ocrx_word' id='word_1_84' title='bbox 488 1285 543 1330; x_wconf 88' lang='lat' dir='ltr'><strong>et</strong></span> <span class='ocrx_word' id='word_1_85' title='bbox 572 1277 806 1346; x_wconf 89' lang='lat' dir='ltr'><strong>linguam</strong></span> <span class='ocrx_word' id='word_1_86' title='bbox 833 1275 1091 1330; x_wconf 82' lang='lat' dir='ltr'><strong>cohibet:</strong></span> <span class='ocrx_word' id='word_1_87' title='bbox 1118 1275 1331 1344; x_wconf 90' lang='lat' dir='ltr'><strong>eritque</strong></span> <span class='ocrx_word' id='word_1_88' title='bbox 1359 1272 1564 1327; x_wconf 84' lang='lat' dir='ltr'><strong>dictum</strong></span> <span class='ocrx_word' id='word_1_89' title='bbox 1599 1272 1728 1327; x_wconf 89' lang='lat' dir='ltr'><strong>illud</strong></span> <span class='ocrx_word' id='word_1_90' title='bbox 1752 1313 1766 1335; x_wconf 94' lang='lat'><strong>,</strong></span> <span class='ocrx_word' id='word_1_91' title='bbox 1794 1282 1849 1327; x_wconf 92' lang='lat' dir='ltr'><strong>et</strong></span> 
     </span>
    </p>
   </div>
   <div class='ocr_carea' id='block_1_12' title="bbox 192 1365 1848 1438">
    <p class='ocr_par' dir='ltr' id='par_1_12' title="bbox 192 1365 1848 1438">
     <span class='ocr_line' id='line_1_12' title="bbox 192 1365 1848 1438; baseline -0.001 -17"><span class='ocrx_word' id='word_1_92' title='bbox 192 1369 304 1424; x_wconf 89' lang='lat' dir='ltr'><strong>tibi</strong></span> <span class='ocrx_word' id='word_1_93' title='bbox 362 1378 433 1423; x_wconf 89' lang='lat' dir='ltr'><strong>ct</strong></span> <span class='ocrx_word' id='word_1_94' title='bbox 463 1369 562 1437; x_wconf 83' lang='lat' dir='ltr'><strong>ipsi</strong></span> <span class='ocrx_word' id='word_1_95' title='bbox 596 1368 952 1438; x_wconf 65' lang='lat' dir='ltr'><strong>philosophiae</strong></span> <span class='ocrx_word' id='word_1_96' title='bbox 984 1367 1232 1422; x_wconf 84' lang='lat' dir='ltr'><strong>materia.</strong></span> <span class='ocrx_word' id='word_1_97' title='bbox 1260 1365 1421 1421; x_wconf 84' lang='lat' dir='ltr'><strong>Nunc&#39;</strong></span> <span class='ocrx_word' id='word_1_98' title='bbox 1451 1375 1633 1438; x_wconf 89' lang='lat' dir='ltr'><strong>autem</strong></span> <span class='ocrx_word' id='word_1_99' title='bbox 1676 1365 1848 1419; x_wconf 86' lang='lat' dir='ltr'><strong>homi-</strong></span> 
     </span>
    </p>
   </div>
   <div class='ocr_carea' id='block_1_13' title="bbox 190 1458 1849 1529">
    <p class='ocr_par' dir='ltr' id='par_1_13' title="bbox 190 1458 1849 1529">
     <span class='ocr_line' id='line_1_13' title="bbox 190 1458 1849 1529; baseline 0.001 -19"><span class='ocrx_word' id='word_1_100' title='bbox 190 1475 346 1513; x_wconf 85' lang='lat' dir='ltr'><strong>num</strong></span> <span class='ocrx_word' id='word_1_101' title='bbox 379 1461 562 1529; x_wconf 85' lang='lat' dir='ltr'><strong>gratia</strong></span> <span class='ocrx_word' id='word_1_102' title='bbox 592 1461 754 1515; x_wconf 90' lang='lat' dir='ltr'><strong>etiam</strong></span> <span class='ocrx_word' id='word_1_103' title='bbox 782 1459 1141 1514; x_wconf 66' lang='lat' dir='ltr'><strong>intolerabilia</strong></span> <span class='ocrx_word' id='word_1_104' title='bbox 1173 1458 1398 1514; x_wconf 77' lang='lat' dir='ltr'><strong>ferimus</strong></span> <span class='ocrx_word' id='word_1_105' title='bbox 1421 1501 1436 1524; x_wconf 95' lang='lat'><strong>,</strong></span> <span class='ocrx_word' id='word_1_106' title='bbox 1465 1467 1518 1513; x_wconf 88' lang='lat' dir='ltr'><strong>et</strong></span> <span class='ocrx_word' id='word_1_107' title='bbox 1545 1459 1608 1512; x_wconf 91' lang='lat' dir='ltr'><strong>iis</strong></span> <span class='ocrx_word' id='word_1_108' title='bbox 1633 1460 1721 1527; x_wconf 85' lang='lat' dir='ltr'><strong>qui</strong></span> <span class='ocrx_word' id='word_1_109' title='bbox 1751 1472 1849 1512; x_wconf 91' lang='lat' dir='ltr'><strong>nos</strong></span> 
     </span>
    </p>
   </div>
   <div class='ocr_carea' id='block_1_14' title="bbox 193 1551 1844 1618">
    <p class='ocr_par' dir='ltr' id='par_1_14' title="bbox 193 1551 1844 1618">
     <span class='ocr_line' id='line_1_14' title="bbox 193 1551 1844 1618; baseline -0.001 -15"><span class='ocrx_word' id='word_1_110' title='bbox 193 1552 511 1606; x_wconf 81' lang='lat' dir='ltr'><strong>lacessunt</strong></span> <span class='ocrx_word' id='word_1_111' title='bbox 537 1567 680 1618; x_wconf 73' lang='lat' dir='ltr'><strong>Stepe</strong></span> <span class='ocrx_word' id='word_1_112' title='bbox 715 1552 944 1606; x_wconf 84' lang='lat' dir='ltr'><strong>dicimus</strong></span> <span class='ocrx_word' id='word_1_113' title='bbox 976 1570 989 1607; x_wconf 89' lang='lat'>:</span> <span class='ocrx_word' id='word_1_114' title='bbox 1023 1552 1117 1607; x_wconf 90' lang='lat' dir='ltr'><strong>lllc</strong></span> <span class='ocrx_word' id='word_1_115' title='bbox 1146 1567 1230 1606; x_wconf 92' lang='lat' dir='ltr'><strong>me</strong></span> <span class='ocrx_word' id='word_1_116' title='bbox 1259 1551 1529 1605; x_wconf 80' lang='lat' dir='ltr'><strong>lacessivit</strong></span> <span class='ocrx_word' id='word_1_117' title='bbox 1555 1591 1570 1616; x_wconf 91' lang='lat'><strong>,</strong></span> <span class='ocrx_word' id='word_1_118' title='bbox 1614 1566 1720 1604; x_wconf 91' lang='lat' dir='ltr'><strong>non</strong></span> <span class='ocrx_word' id='word_1_119' title='bbox 1747 1559 1799 1604; x_wconf 91' lang='lat' dir='ltr'><strong>tu</strong></span> <span class='ocrx_word' id='word_1_120' title='bbox 1831 1568 1844 1603; x_wconf 89' lang='lat'><strong>:</strong></span> 
     </span>
    </p>
   </div>
   <div class='ocr_carea' id='block_1_15' title="bbox 195 1642 1852 1713">
    <p class='ocr_par' dir='ltr' id='par_1_15' title="bbox 195 1642 1852 1713">
     <span class='ocr_line' id='line_1_15' title="bbox 195 1642 1852 1713; baseline 0 -18"><span class='ocrx_word' id='word_1_121' title='bbox 195 1644 328 1697; x_wconf 71' lang='lat' dir='ltr'><strong>De.)</strong></span> <span class='ocrx_word' id='word_1_122' title='bbox 357 1654 554 1698; x_wconf 82' lang='lat' dir='ltr'><strong>autem</strong></span> <span class='ocrx_word' id='word_1_123' title='bbox 583 1659 651 1698; x_wconf 93' lang='lat' dir='ltr'><strong>ne</strong></span> <span class='ocrx_word' id='word_1_124' title='bbox 680 1659 861 1712; x_wconf 88' lang='lat' dir='ltr'><strong>parem</strong></span> <span class='ocrx_word' id='word_1_125' title='bbox 908 1643 1125 1713; x_wconf 83' lang='lat' dir='ltr'><strong>quidem</strong></span> <span class='ocrx_word' id='word_1_126' title='bbox 1173 1643 1532 1697; x_wconf 77' lang='lat' dir='ltr'><strong>reverentiam</strong></span> <span class='ocrx_word' id='word_1_127' title='bbox 1570 1642 1852 1697; x_wconf 80' lang='lat' dir='ltr'><strong>exhibebi-</strong></span> 
     </span>
    </p>
   </div>
   <div class='ocr_carea' id='block_1_16' title="bbox 193 1737 1845 1806">
    <p class='ocr_par' dir='ltr' id='par_1_16' title="bbox 193 1737 1845 1806">
     <span class='ocr_line' id='line_1_16' title="bbox 193 1737 1845 1806; baseline 0.001 -16"><span class='ocrx_word' id='word_1_128' title='bbox 193 1738 380 1790; x_wconf 84' lang='lat' dir='ltr'><strong>tntts?</strong></span> <span class='ocrx_word' id='word_1_129' title='bbox 407 1737 590 1806; x_wconf 79' lang='lat' dir='ltr'><strong>Ecqua</strong></span> <span class='ocrx_word' id='word_1_130' title='bbox 619 1737 771 1791; x_wconf 84' lang='lat' dir='ltr'><strong>nobis</strong></span> <span class='ocrx_word' id='word_1_131' title='bbox 799 1737 900 1792; x_wconf 89' lang='lat' dir='ltr'><strong>erit</strong></span> <span class='ocrx_word' id='word_1_132' title='bbox 929 1737 1120 1792; x_wconf 84' lang='lat' dir='ltr'><strong>venia?</strong></span> <span class='ocrx_word' id='word_1_133' title='bbox 1142 1737 1350 1792; x_wconf 79' lang='lat' dir='ltr'><strong>Anima:</strong></span> <span class='ocrx_word' id='word_1_134' title='bbox 1369 1747 1564 1790; x_wconf 66' lang='lat' dir='ltr'><strong>nostra&#39;</strong></span> <span class='ocrx_word' id='word_1_135' title='bbox 1584 1737 1845 1792; x_wconf 82' lang='lat' dir='ltr'><strong>dicamus:</strong></span> 
     </span>
    </p>
   </div>
   <div class='ocr_carea' id='block_1_17' title="bbox 194 1829 1847 1899">
    <p class='ocr_par' dir='ltr' id='par_1_17' title="bbox 194 1829 1847 1899">
     <span class='ocr_line' id='line_1_17' title="bbox 194 1829 1847 1899; baseline -0.001 -15"><span class='ocrx_word' id='word_1_136' title='bbox 194 1830 363 1884; x_wconf 84' lang='lat' dir='ltr'><strong>Deus</strong></span> <span class='ocrx_word' id='word_1_137' title='bbox 393 1844 499 1884; x_wconf 89' lang='lat' dir='ltr'><strong>nos</strong></span> <span class='ocrx_word' id='word_1_138' title='bbox 525 1845 668 1884; x_wconf 89' lang='lat' dir='ltr'><strong>nunc</strong></span> <span class='ocrx_word' id='word_1_139' title='bbox 690 1829 925 1896; x_wconf 88' lang='lat' dir='ltr'><strong>lacessit,</strong></span> <span class='ocrx_word' id='word_1_140' title='bbox 950 1831 1037 1899; x_wconf 88' lang='lat' dir='ltr'><strong>qui</strong></span> <span class='ocrx_word' id='word_1_141' title='bbox 1063 1845 1252 1884; x_wconf 89' lang='lat' dir='ltr'><strong>manus</strong></span> <span class='ocrx_word' id='word_1_142' title='bbox 1273 1840 1485 1884; x_wconf 89' lang='lat' dir='ltr'><strong>nostras</strong></span> <span class='ocrx_word' id='word_1_143' title='bbox 1514 1829 1758 1884; x_wconf 88' lang='lat' dir='ltr'><strong>cohibet:</strong></span> <span class='ocrx_word' id='word_1_144' title='bbox 1781 1844 1847 1882; x_wconf 93' lang='lat' dir='ltr'><strong>nc</strong></span> 
     </span>
    </p>
   </div>
   <div class='ocr_carea' id='block_1_18' title="bbox 193 1922 1843 1990">
    <p class='ocr_par' dir='ltr' id='par_1_18' title="bbox 193 1922 1843 1990">
     <span class='ocr_line' id='line_1_18' title="bbox 193 1922 1843 1990; baseline 0.001 -16"><span class='ocrx_word' id='word_1_145' title='bbox 193 1922 569 1987; x_wconf 88' lang='lat' dir='ltr'><strong>insiliamus,</strong></span> <span class='ocrx_word' id='word_1_146' title='bbox 611 1937 710 1976; x_wconf 91' lang='lat' dir='ltr'><strong>nec</strong></span> <span class='ocrx_word' id='word_1_147' title='bbox 757 1923 968 1977; x_wconf 89' lang='lat' dir='ltr'><strong>minore</strong></span> <span class='ocrx_word' id='word_1_148' title='bbox 1001 1922 1170 1977; x_wconf 88' lang='lat' dir='ltr'><strong>Deum</strong></span> <span class='ocrx_word' id='word_1_149' title='bbox 1205 1938 1364 1990; x_wconf 92' lang='lat' dir='ltr'><strong>quam</strong></span> <span class='ocrx_word' id='word_1_150' title='bbox 1400 1923 1645 1976; x_wconf 80' lang='lat' dir='ltr'><strong>bootim-s</strong></span> <span class='ocrx_word' id='word_1_151' title='bbox 1685 1922 1843 1976; x_wconf 86' lang='lat' dir='ltr'><strong>obsc-</strong></span> 
     </span>
    </p>
   </div>
   <div class='ocr_carea' id='block_1_19' title="bbox 189 2001 1846 2082">
    <p class='ocr_par' dir='ltr' id='par_1_19' title="bbox 189 2001 1846 2082">
     <span class='ocr_line' id='line_1_19' title="bbox 189 2001 1846 2082; baseline 0 -20"><span class='ocrx_word' id='word_1_152' title='bbox 189 2013 446 2080; x_wconf 80' lang='lat' dir='ltr'><strong>qttenlia</strong></span> <span class='ocrx_word' id='word_1_153' title='bbox 499 2001 912 2082; x_wconf 53' lang='lat' dir='ltr'><strong>prosequamur.</strong></span> <span class='ocrx_word' id='word_1_154' title='bbox 943 2012 1022 2066; x_wconf 69' lang='lat' dir='ltr'><strong>Ad</strong></span> <span class='ocrx_word' id='word_1_155' title='bbox 1057 2013 1158 2067; x_wconf 85' lang='lat' dir='ltr'><strong>hoc</strong></span> <span class='ocrx_word' id='word_1_156' title='bbox 1184 2014 1405 2066; x_wconf 77' lang='lat' dir='ltr'><strong>verbum</strong></span> <span class='ocrx_word' id='word_1_157' title='bbox 1441 2011 1846 2067; x_wconf 73' lang='lat' dir='ltr'><strong>exhorruistis?</strong></span> 
     </span>
    </p>
   </div>
   <div class='ocr_carea' id='block_1_20' title="bbox 188 2103 1839 2174">
    <p class='ocr_par' dir='ltr' id='par_1_20' title="bbox 188 2103 1839 2174">
     <span class='ocr_line' id='line_1_20' title="bbox 188 2103 1839 2174; baseline 0.001 -17"><span class='ocrx_word' id='word_1_158' title='bbox 188 2104 312 2157; x_wconf 82' lang='lat' dir='ltr'><strong>Sed</strong></span> <span class='ocrx_word' id='word_1_159' title='bbox 369 2119 483 2156; x_wconf 85' lang='lat' dir='ltr'><strong>non</strong></span> <span class='ocrx_word' id='word_1_160' title='bbox 541 2111 745 2157; x_wconf 90' lang='lat' dir='ltr'><strong>tantum</strong></span> <span class='ocrx_word' id='word_1_161' title='bbox 777 2103 844 2158; x_wconf 88' lang='lat' dir='ltr'><strong>ad</strong></span> <span class='ocrx_word' id='word_1_162' title='bbox 893 2105 1075 2168; x_wconf 88' lang='lat' dir='ltr'><strong>verba,</strong></span> <span class='ocrx_word' id='word_1_163' title='bbox 1109 2103 1204 2158; x_wconf 81' lang='lat' dir='ltr'><strong>sed</strong></span> <span class='ocrx_word' id='word_1_164' title='bbox 1253 2105 1414 2158; x_wconf 87' lang='lat' dir='ltr'><strong>etiam</strong></span> <span class='ocrx_word' id='word_1_165' title='bbox 1449 2106 1514 2158; x_wconf 91' lang='lat' dir='ltr'><strong>ad</strong></span> <span class='ocrx_word' id='word_1_166' title='bbox 1544 2121 1679 2174; x_wconf 86' lang='lat' dir='ltr'><strong>Opus</strong></span> <span class='ocrx_word' id='word_1_167' title='bbox 1707 2107 1839 2158; x_wconf 76' lang='lat' dir='ltr'><strong>vos‘</strong></span> 
     </span>
    </p>
   </div>
   <div class='ocr_carea' id='block_1_21' title="bbox 191 2194 1840 2266">
    <p class='ocr_par' dir='ltr' id='par_1_21' title="bbox 191 2194 1840 2266">
     <span class='ocr_line' id='line_1_21' title="bbox 191 2194 1840 2266; baseline 0.002 -20"><span class='ocrx_word' id='word_1_168' title='bbox 191 2196 618 2249; x_wconf 63' lang='lat' dir='ltr'><strong>exhorrescere</strong></span> <span class='ocrx_word' id='word_1_169' title='bbox 645 2197 823 2263; x_wconf 87' lang='lat' dir='ltr'><strong>cupio.</strong></span> <span class='ocrx_word' id='word_1_170' title='bbox 853 2194 1020 2250; x_wconf 81' lang='lat' dir='ltr'><strong>Jussit</strong></span> <span class='ocrx_word' id='word_1_171' title='bbox 1054 2195 1197 2249; x_wconf 87' lang='lat' dir='ltr'><strong>Deus</strong></span> <span class='ocrx_word' id='word_1_172' title='bbox 1227 2210 1327 2249; x_wconf 90' lang='lat' dir='ltr'><strong>nos</strong></span> <span class='ocrx_word' id='word_1_173' title='bbox 1353 2196 1490 2266; x_wconf 84' lang='lat' dir='ltr'><strong>cohq</strong></span> <span class='ocrx_word' id='word_1_174' title='bbox 1513 2196 1596 2249; x_wconf 83' lang='lat' dir='ltr'><strong>his</strong></span> <span class='ocrx_word' id='word_1_175' title='bbox 1635 2210 1806 2250; x_wconf 76' lang='lat' dir='ltr'><strong>Cil&#39;StlS</strong></span> <span class='ocrx_word' id='word_1_176' title='bbox 1827 2237 1840 2261; x_wconf 92' lang='lat'><strong>,</strong></span> 
     </span>
    </p>
   </div>
   <div class='ocr_carea' id='block_1_22' title="bbox 271 2371 1098 2434">
    <p class='ocr_par' dir='ltr' id='par_1_22' title="bbox 271 2371 1098 2434">
     <span class='ocr_line' id='line_1_22' title="bbox 271 2371 1098 2434; baseline 0.01 -17"><span class='ocrx_word' id='word_1_177' title='bbox 271 2373 289 2403; x_wconf 78' lang='grc' dir='ltr'><strong>ι</strong></span> <span class='ocrx_word' id='word_1_178' title='bbox 335 2371 432 2420; x_wconf 79' lang='grc' dir='ltr'><strong>ΑΙΞὶ</strong></span> <span class='ocrx_word' id='word_1_179' title='bbox 460 2372 660 2433; x_wconf 78' lang='lat' dir='ltr'><strong>habent,</strong></span> <span class='ocrx_word' id='word_1_180' title='bbox 689 2386 794 2432; x_wconf 81' lang='lat' dir='ltr'><strong>nos,</strong></span> <span class='ocrx_word' id='word_1_181' title='bbox 822 2372 952 2434; x_wconf 85' lang='lat' dir='ltr'><strong>loco,</strong></span> <span class='ocrx_word' id='word_1_182' title='bbox 980 2387 1098 2425; x_wconf 72' lang='grc' dir='ltr'>ιω.-</span> 
     </span>
    </p>
   </div>
   <div class='ocr_carea' id='block_1_23' title="bbox 1951 535 3561 608">
    <p class='ocr_par' dir='ltr' id='par_1_23' title="bbox 1951 535 3561 608">
     <span class='ocr_line' id='line_1_23' title="bbox 1951 535 3561 608; baseline 0.003 -18"><span class='ocrx_word' id='word_1_183' title='bbox 1951 553 2059 592; x_wconf 90' lang='lat' dir='ltr'><strong>non</strong></span> <span class='ocrx_word' id='word_1_184' title='bbox 2093 538 2252 593; x_wconf 91' lang='lat' dir='ltr'><strong>modo</strong></span> <span class='ocrx_word' id='word_1_185' title='bbox 2283 539 2440 604; x_wconf 78' lang='lat' dir='ltr'><strong>let-re,</strong></span> <span class='ocrx_word' id='word_1_186' title='bbox 2475 536 2569 591; x_wconf 84' lang='lat' dir='ltr'><strong>sed</strong></span> <span class='ocrx_word' id='word_1_187' title='bbox 2599 537 2763 591; x_wconf 83' lang='lat' dir='ltr'><strong>etiam</strong></span> <span class='ocrx_word' id='word_1_188' title='bbox 2791 536 2856 591; x_wconf 87' lang='lat' dir='ltr'><strong>ad</strong></span> <span class='ocrx_word' id='word_1_189' title='bbox 2883 535 3034 606; x_wconf 55' lang='lat' dir='ltr'><strong>pt&#39;jus</strong></span> <span class='ocrx_word' id='word_1_190' title='bbox 3056 536 3326 606; x_wconf 80' lang='lat' dir='ltr'><strong>quidpiam</strong></span> <span class='ocrx_word' id='word_1_191' title='bbox 3359 541 3561 608; x_wconf 65' lang='lat' dir='ltr'><strong>patien~</strong></span> 
     </span>
    </p>
   </div>
   <div class='ocr_carea' id='block_1_24' title="bbox 1949 629 3560 687">
    <p class='ocr_par' dir='ltr' id='par_1_24' title="bbox 1949 629 3560 687">
     <span class='ocr_line' id='line_1_24' title="bbox 1949 629 3560 687; baseline 0.002 -4"><span class='ocrx_word' id='word_1_192' title='bbox 1949 629 2078 683; x_wconf 85' lang='lat' dir='ltr'><strong>dum</strong></span> <span class='ocrx_word' id='word_1_193' title='bbox 2109 645 2210 684; x_wconf 86' lang='lat' dir='ltr'><strong>nos</strong></span> <span class='ocrx_word' id='word_1_194' title='bbox 2253 630 2470 684; x_wconf 68' lang='lat' dir='ltr'><strong>offerre.</strong></span> <span class='ocrx_word' id='word_1_195' title='bbox 2503 630 2610 684; x_wconf 65' lang='lat' dir='ltr'><strong>Nos</strong></span> <span class='ocrx_word' id='word_1_196' title='bbox 2639 641 2818 685; x_wconf 88' lang='lat' dir='ltr'><strong>autem</strong></span> <span class='ocrx_word' id='word_1_197' title='bbox 2850 646 2974 684; x_wconf 85' lang='lat' dir='ltr'><strong>cum</strong></span> <span class='ocrx_word' id='word_1_198' title='bbox 3005 640 3148 684; x_wconf 89' lang='lat' dir='ltr'><strong>tanta</strong></span> <span class='ocrx_word' id='word_1_199' title='bbox 3180 630 3433 686; x_wconf 75' lang='lat' dir='ltr'><strong>violentia</strong></span> <span class='ocrx_word' id='word_1_200' title='bbox 3461 636 3560 687; x_wconf 87' lang='lat' dir='ltr'><strong>oh-</strong></span> 
     </span>
    </p>
   </div>
   <div class='ocr_carea' id='block_1_25' title="bbox 1944 721 3562 792">
    <p class='ocr_par' dir='ltr' id='par_1_25' title="bbox 1944 721 3562 792">
     <span class='ocr_line' id='line_1_25' title="bbox 1944 721 3562 792; baseline 0.004 -20"><span class='ocrx_word' id='word_1_201' title='bbox 1944 721 2203 784; x_wconf 80' lang='lat' dir='ltr'><strong>sistimns,</strong></span> <span class='ocrx_word' id='word_1_202' title='bbox 2254 733 2306 774; x_wconf 90' lang='lat' dir='ltr'><strong>ut</strong></span> <span class='ocrx_word' id='word_1_203' title='bbox 2357 737 2464 774; x_wconf 88' lang='lat' dir='ltr'><strong>non</strong></span> <span class='ocrx_word' id='word_1_204' title='bbox 2505 721 2665 775; x_wconf 89' lang='lat' dir='ltr'><strong>modo</strong></span> <span class='ocrx_word' id='word_1_205' title='bbox 2695 737 2792 775; x_wconf 90' lang='lat' dir='ltr'><strong>nos</strong></span> <span class='ocrx_word' id='word_1_206' title='bbox 2819 721 2886 775; x_wconf 91' lang='lat' dir='ltr'><strong>ad</strong></span> <span class='ocrx_word' id='word_1_207' title='bbox 2928 722 3068 776; x_wconf 88' lang='lat' dir='ltr'><strong>male</strong></span> <span class='ocrx_word' id='word_1_208' title='bbox 3114 723 3427 792; x_wconf 88' lang='lat' dir='ltr'><strong>patiendmn</strong></span> <span class='ocrx_word' id='word_1_209' title='bbox 3457 742 3562 778; x_wconf 87' lang='lat' dir='ltr'><strong>non</strong></span> 
     </span>
    </p>
   </div>
   <div class='ocr_carea' id='block_1_26' title="bbox 1945 810 3565 883">
    <p class='ocr_par' dir='ltr' id='par_1_26' title="bbox 1945 810 3565 883">
     <span class='ocr_line' id='line_1_26' title="bbox 1945 810 3565 883; baseline 0.003 -20"><span class='ocrx_word' id='word_1_210' title='bbox 1945 811 2276 873; x_wconf 76' lang='lat' dir='ltr'><strong>olli-ramus,</strong></span> <span class='ocrx_word' id='word_1_211' title='bbox 2323 810 2416 865; x_wconf 86' lang='lat' dir='ltr'><strong>sed</strong></span> <span class='ocrx_word' id='word_1_212' title='bbox 2472 813 2632 866; x_wconf 88' lang='lat' dir='ltr'><strong>etiam</strong></span> <span class='ocrx_word' id='word_1_213' title='bbox 2680 826 2780 866; x_wconf 88' lang='lat' dir='ltr'><strong>nos</strong></span> <span class='ocrx_word' id='word_1_214' title='bbox 2834 811 3197 877; x_wconf 79' lang='lat' dir='ltr'><strong>ulciscantur;</strong></span> <span class='ocrx_word' id='word_1_215' title='bbox 3255 814 3362 868; x_wconf 88' lang='lat' dir='ltr'><strong>imo</strong></span> <span class='ocrx_word' id='word_1_216' title='bbox 3419 829 3565 883; x_wconf 79' lang='lat' dir='ltr'><strong>Sa-pe</strong></span> 
     </span>
    </p>
   </div>
   <div class='ocr_carea' id='block_1_27' title="bbox 1947 902 3556 976">
    <p class='ocr_par' dir='ltr' id='par_1_27' title="bbox 1947 902 3556 976">
     <span class='ocr_line' id='line_1_27' title="bbox 1947 902 3556 976; baseline 0.004 -24"><span class='ocrx_word' id='word_1_217' title='bbox 1947 902 2152 971; x_wconf 83' lang='lat' dir='ltr'><strong>priores</strong></span> <span class='ocrx_word' id='word_1_218' title='bbox 2208 919 2401 957; x_wconf 88' lang='lat' dir='ltr'><strong>manus</strong></span> <span class='ocrx_word' id='word_1_219' title='bbox 2452 902 2768 971; x_wconf 80' lang='lat' dir='ltr'><strong>inferamus,</strong></span> <span class='ocrx_word' id='word_1_220' title='bbox 2819 921 3026 974; x_wconf 88' lang='lat' dir='ltr'><strong>nosque</strong></span> <span class='ocrx_word' id='word_1_221' title='bbox 3076 906 3217 961; x_wconf 86' lang='lat' dir='ltr'><strong>vinci</strong></span> <span class='ocrx_word' id='word_1_222' title='bbox 3268 919 3514 976; x_wconf 65' lang='lat' dir='ltr'><strong>putemus</strong></span> <span class='ocrx_word' id='word_1_223' title='bbox 3545 953 3556 968; x_wconf 83' lang='grc'><em>,</em></span> 
     </span>
    </p>
   </div>
   <div class='ocr_carea' id='block_1_28' title="bbox 1945 995 3555 1070">
    <p class='ocr_par' dir='ltr' id='par_1_28' title="bbox 1945 995 3555 1070">
     <span class='ocr_line' id='line_1_28' title="bbox 1945 995 3555 1070; baseline 0.002 -22"><span class='ocrx_word' id='word_1_224' title='bbox 1945 995 2046 1048; x_wconf 83' lang='lat' dir='ltr'><strong>nisi</strong></span> <span class='ocrx_word' id='word_1_225' title='bbox 2083 996 2299 1063; x_wconf 88' lang='lat' dir='ltr'><strong>paribus</strong></span> <span class='ocrx_word' id='word_1_226' title='bbox 2331 996 2653 1051; x_wconf 77' lang='lat' dir='ltr'><strong>afﬁciamus.</strong></span> <span class='ocrx_word' id='word_1_227' title='bbox 2705 997 2837 1052; x_wconf 82' lang='lat' dir='ltr'><strong>Nam</strong></span> <span class='ocrx_word' id='word_1_228' title='bbox 2882 998 3011 1052; x_wconf 89' lang='lat' dir='ltr'><strong>illud</strong></span> <span class='ocrx_word' id='word_1_229' title='bbox 3052 1000 3272 1068; x_wconf 77' lang='lat' dir='ltr'><strong>gravius</strong></span> <span class='ocrx_word' id='word_1_230' title='bbox 3299 1012 3380 1054; x_wconf 72' lang='grc' dir='ltr'><strong>εει</strong></span> <span class='ocrx_word' id='word_1_231' title='bbox 3414 1004 3555 1070; x_wconf 83' lang='lat' dir='ltr'><strong>quod</strong></span> 
     </span>
    </p>
   </div>
   <div class='ocr_carea' id='block_1_29' title="bbox 1944 1088 3563 1161">
    <p class='ocr_par' dir='ltr' id='par_1_29' title="bbox 1944 1088 3563 1161">
     <span class='ocr_line' id='line_1_29' title="bbox 1944 1088 3563 1161; baseline 0.004 -21"><span class='ocrx_word' id='word_1_232' title='bbox 1944 1101 2043 1141; x_wconf 80' lang='lat' dir='ltr'><strong>nos</strong></span> <span class='ocrx_word' id='word_1_233' title='bbox 2072 1088 2284 1142; x_wconf 75' lang='lat' dir='ltr'><strong>vincere</strong></span> <span class='ocrx_word' id='word_1_234' title='bbox 2310 1089 2703 1153; x_wconf 78' lang='lat' dir='ltr'><strong>existimemus,</strong></span> <span class='ocrx_word' id='word_1_235' title='bbox 2735 1091 2950 1161; x_wconf 85' lang='lat' dir='ltr'><strong>quando</strong></span> <span class='ocrx_word' id='word_1_236' title='bbox 2977 1104 3220 1146; x_wconf 80' lang='lat' dir='ltr'><strong>extrema</strong></span> <span class='ocrx_word' id='word_1_237' title='bbox 3247 1093 3400 1146; x_wconf 87' lang='lat' dir='ltr'><strong>clade</strong></span> <span class='ocrx_word' id='word_1_238' title='bbox 3443 1095 3563 1148; x_wconf 77' lang='lat' dir='ltr'><strong>alli-</strong></span> 
     </span>
    </p>
   </div>
   <div class='ocr_carea' id='block_1_30' title="bbox 1940 1181 3559 1255">
    <p class='ocr_par' dir='ltr' id='par_1_30' title="bbox 1940 1181 3559 1255">
     <span class='ocr_line' id='line_1_30' title="bbox 1940 1181 3559 1255; baseline 0.003 -22"><span class='ocrx_word' id='word_1_239' title='bbox 1940 1181 2136 1244; x_wconf 83' lang='lat' dir='ltr'><strong>cimnr,</strong></span> <span class='ocrx_word' id='word_1_240' title='bbox 2169 1191 2223 1234; x_wconf 88' lang='lat' dir='ltr'><strong>et</strong></span> <span class='ocrx_word' id='word_1_241' title='bbox 2257 1181 2400 1235; x_wconf 92' lang='lat' dir='ltr'><strong>humi</strong></span> <span class='ocrx_word' id='word_1_242' title='bbox 2432 1185 2688 1251; x_wconf 71' lang='lat' dir='ltr'><strong>prostrati</strong></span> <span class='ocrx_word' id='word_1_243' title='bbox 2717 1184 2997 1254; x_wconf 87' lang='lat' dir='ltr'><strong>jaccmus;</strong></span> <span class='ocrx_word' id='word_1_244' title='bbox 3029 1199 3091 1240; x_wconf 90' lang='lat' dir='ltr'><strong>ac</strong></span> <span class='ocrx_word' id='word_1_245' title='bbox 3131 1185 3280 1240; x_wconf 89' lang='lat' dir='ltr'><strong>mille</strong></span> <span class='ocrx_word' id='word_1_246' title='bbox 3327 1188 3559 1255; x_wconf 78' lang='lat' dir='ltr'><strong>acceptis</strong></span> 
     </span>
    </p>
   </div>
   <div class='ocr_carea' id='block_1_31' title="bbox 1943 1273 3560 1347">
    <p class='ocr_par' dir='ltr' id='par_1_31' title="bbox 1943 1273 3560 1347">
     <span class='ocr_line' id='line_1_31' title="bbox 1943 1273 3560 1347; baseline 0.006 -22"><span class='ocrx_word' id='word_1_247' title='bbox 1943 1289 1971 1325; x_wconf 88' lang='lat' dir='ltr'><strong>a</strong></span> <span class='ocrx_word' id='word_1_248' title='bbox 2020 1273 2235 1328; x_wconf 83' lang='lat' dir='ltr'><strong>diabolo</strong></span> <span class='ocrx_word' id='word_1_249' title='bbox 2287 1275 2620 1341; x_wconf 84' lang='lat' dir='ltr'><strong>vulneribus,</strong></span> <span class='ocrx_word' id='word_1_250' title='bbox 2673 1277 2741 1332; x_wconf 88' lang='lat' dir='ltr'><strong>de</strong></span> <span class='ocrx_word' id='word_1_251' title='bbox 2783 1277 2875 1332; x_wconf 92' lang='lat' dir='ltr'><strong>illo</strong></span> <span class='ocrx_word' id='word_1_252' title='bbox 2922 1278 3202 1332; x_wconf 87' lang='lat' dir='ltr'><strong>victoriam</strong></span> <span class='ocrx_word' id='word_1_253' title='bbox 3249 1287 3560 1347; x_wconf 84' lang='lat' dir='ltr'><strong>reportasse</strong></span> 
     </span>
    </p>
   </div>
   <div class='ocr_carea' id='block_1_32' title="bbox 1939 1365 3557 1439">
    <p class='ocr_par' dir='ltr' id='par_1_32' title="bbox 1939 1365 3557 1439">
     <span class='ocr_line' id='line_1_32' title="bbox 1939 1365 3557 1439; baseline 0.003 -20"><span class='ocrx_word' id='word_1_254' title='bbox 1939 1365 2236 1421; x_wconf 87' lang='lat' dir='ltr'><strong>credamus.</strong></span> <span class='ocrx_word' id='word_1_255' title='bbox 2273 1367 2662 1435; x_wconf 84' lang='lat' dir='ltr'><strong>Quamobrem,</strong></span> <span class='ocrx_word' id='word_1_256' title='bbox 2683 1385 2832 1437; x_wconf 87' lang='lat' dir='ltr'><strong>rogo,</strong></span> <span class='ocrx_word' id='word_1_257' title='bbox 2857 1368 3133 1424; x_wconf 83' lang='lat' dir='ltr'><strong>discamus</strong></span> <span class='ocrx_word' id='word_1_258' title='bbox 3157 1369 3278 1438; x_wconf 85' lang='lat' dir='ltr'><strong>quis</strong></span> <span class='ocrx_word' id='word_1_259' title='bbox 3299 1369 3369 1423; x_wconf 89' lang='lat' dir='ltr'><strong>sit</strong></span> <span class='ocrx_word' id='word_1_260' title='bbox 3398 1369 3557 1439; x_wconf 82' lang='lat' dir='ltr'><strong>hujus</strong></span> 
     </span>
    </p>
   </div>
   <div class='ocr_carea' id='block_1_33' title="bbox 1944 1457 3558 1530">
    <p class='ocr_par' dir='ltr' id='par_1_33' title="bbox 1944 1457 3558 1530">
     <span class='ocr_line' id='line_1_33' title="bbox 1944 1457 3558 1530; baseline 0.002 -20"><span class='ocrx_word' id='word_1_261' title='bbox 1944 1457 2183 1512; x_wconf 68' lang='lat' dir='ltr'><strong>victoria)</strong></span> <span class='ocrx_word' id='word_1_262' title='bbox 2227 1459 2452 1522; x_wconf 82' lang='lat' dir='ltr'><strong>modus,</strong></span> <span class='ocrx_word' id='word_1_263' title='bbox 2502 1468 2557 1515; x_wconf 89' lang='lat' dir='ltr'><strong>et</strong></span> <span class='ocrx_word' id='word_1_264' title='bbox 2586 1459 2726 1514; x_wconf 87' lang='lat' dir='ltr'><strong>hanc</strong></span> <span class='ocrx_word' id='word_1_265' title='bbox 2770 1475 2979 1514; x_wconf 89' lang='lat' dir='ltr'><strong>morum</strong></span> <span class='ocrx_word' id='word_1_266' title='bbox 3013 1461 3252 1530; x_wconf 85' lang='lat' dir='ltr'><strong>speciem</strong></span> <span class='ocrx_word' id='word_1_267' title='bbox 3281 1461 3558 1515; x_wconf 82' lang='lat' dir='ltr'><strong>adeamus.</strong></span> 
     </span>
    </p>
   </div>
   <div class='ocr_carea' id='block_1_34' title="bbox 1941 1549 3558 1622">
    <p class='ocr_par' dir='ltr' id='par_1_34' title="bbox 1941 1549 3558 1622">
     <span class='ocr_line' id='line_1_34' title="bbox 1941 1549 3558 1622; baseline 0.003 -20"><span class='ocrx_word' id='word_1_268' title='bbox 1941 1549 2219 1619; x_wconf 82' lang='lat' dir='ltr'><strong>Siquidem</strong></span> <span class='ocrx_word' id='word_1_269' title='bbox 2270 1554 2410 1606; x_wconf 86' lang='lat' dir='ltr'><strong>male</strong></span> <span class='ocrx_word' id='word_1_270' title='bbox 2458 1553 2601 1621; x_wconf 86' lang='lat' dir='ltr'><strong>pati,</strong></span> <span class='ocrx_word' id='word_1_271' title='bbox 2635 1552 2866 1622; x_wconf 72' lang='lat' dir='ltr'><strong>idipsum</strong></span> <span class='ocrx_word' id='word_1_272' title='bbox 2915 1560 2998 1606; x_wconf 90' lang='lat' dir='ltr'><strong>est</strong></span> <span class='ocrx_word' id='word_1_273' title='bbox 3025 1552 3167 1622; x_wconf 89' lang='lat' dir='ltr'><strong>quod</strong></span> <span class='ocrx_word' id='word_1_274' title='bbox 3194 1554 3466 1608; x_wconf 89' lang='lat' dir='ltr'><strong>coronari.</strong></span> <span class='ocrx_word' id='word_1_275' title='bbox 3500 1554 3558 1607; x_wconf 81' lang='lat' dir='ltr'><strong>Si</strong></span> 
     </span>
    </p>
   </div>
   <div class='ocr_carea' id='block_1_35' title="bbox 1940 1645 3558 1714">
    <p class='ocr_par' dir='ltr' id='par_1_35' title="bbox 1940 1645 3558 1714">
     <span class='ocr_line' id='line_1_35' title="bbox 1940 1645 3558 1714; baseline 0.001 -16"><span class='ocrx_word' id='word_1_276' title='bbox 1940 1660 2071 1714; x_wconf 86' lang='lat' dir='ltr'><strong>ergo</strong></span> <span class='ocrx_word' id='word_1_277' title='bbox 2101 1645 2353 1698; x_wconf 87' lang='lat' dir='ltr'><strong>volumus</strong></span> <span class='ocrx_word' id='word_1_278' title='bbox 2385 1661 2486 1699; x_wconf 86' lang='lat' dir='ltr'><strong>nos</strong></span> <span class='ocrx_word' id='word_1_279' title='bbox 2513 1661 2542 1699; x_wconf 94' lang='lat' dir='ltr'><strong>a</strong></span> <span class='ocrx_word' id='word_1_280' title='bbox 2573 1645 2683 1700; x_wconf 89' lang='lat' dir='ltr'><strong>Deo</strong></span> <span class='ocrx_word' id='word_1_281' title='bbox 2724 1646 2958 1700; x_wconf 82' lang='lat' dir='ltr'><strong>victores</strong></span> <span class='ocrx_word' id='word_1_282' title='bbox 2991 1645 3314 1712; x_wconf 85' lang='lat' dir='ltr'><strong>proclamari</strong></span> <span class='ocrx_word' id='word_1_283' title='bbox 3336 1687 3350 1710; x_wconf 97' lang='lat'><strong>,</strong></span> <span class='ocrx_word' id='word_1_284' title='bbox 3386 1645 3438 1699; x_wconf 92' lang='lat' dir='ltr'><strong>in</strong></span> <span class='ocrx_word' id='word_1_285' title='bbox 3473 1646 3558 1700; x_wconf 74' lang='lat' dir='ltr'><strong>his</strong></span> 
     </span>
    </p>
   </div>
   <div class='ocr_carea' id='block_1_36' title="bbox 1941 1734 3564 1806">
    <p class='ocr_par' dir='ltr' id='par_1_36' title="bbox 1941 1734 3564 1806">
     <span class='ocr_line' id='line_1_36' title="bbox 1941 1734 3564 1806; baseline 0 -16"><span class='ocrx_word' id='word_1_286' title='bbox 1941 1735 2332 1791; x_wconf 84' lang='lat' dir='ltr'><strong>certaminibus</strong></span> <span class='ocrx_word' id='word_1_287' title='bbox 2383 1753 2450 1791; x_wconf 86' lang='lat' dir='ltr'><strong>ne</strong></span> <span class='ocrx_word' id='word_1_288' title='bbox 2501 1737 2674 1806; x_wconf 90' lang='lat' dir='ltr'><strong>legem</strong></span> <span class='ocrx_word' id='word_1_289' title='bbox 2722 1737 3060 1792; x_wconf 70' lang='lat' dir='ltr'><strong>smcnlarinm</strong></span> <span class='ocrx_word' id='word_1_290' title='bbox 3092 1734 3323 1806; x_wconf 83' lang='lat' dir='ltr'><strong>agonum</strong></span> <span class='ocrx_word' id='word_1_291' title='bbox 3376 1752 3564 1791; x_wconf 84' lang='lat' dir='ltr'><strong>serve-</strong></span> 
     </span>
    </p>
   </div>
   <div class='ocr_carea' id='block_1_37' title="bbox 1941 1827 3561 1900">
    <p class='ocr_par' dir='ltr' id='par_1_37' title="bbox 1941 1827 3561 1900">
     <span class='ocr_line' id='line_1_37' title="bbox 1941 1827 3561 1900; baseline 0.001 -20"><span class='ocrx_word' id='word_1_292' title='bbox 1941 1843 2080 1890; x_wconf 91' lang='lat' dir='ltr'><strong>mus,</strong></span> <span class='ocrx_word' id='word_1_293' title='bbox 2113 1827 2208 1881; x_wconf 85' lang='lat' dir='ltr'><strong>sed</strong></span> <span class='ocrx_word' id='word_1_294' title='bbox 2246 1829 2418 1900; x_wconf 78' lang='lat' dir='ltr'><strong>legem</strong></span> <span class='ocrx_word' id='word_1_295' title='bbox 2451 1843 2479 1880; x_wconf 92' lang='lat' dir='ltr'><strong>a</strong></span> <span class='ocrx_word' id='word_1_296' title='bbox 2509 1828 2620 1883; x_wconf 88' lang='lat' dir='ltr'><strong>Deo</strong></span> <span class='ocrx_word' id='word_1_297' title='bbox 2652 1844 2750 1898; x_wconf 90' lang='lat' dir='ltr'><strong>pro</strong></span> <span class='ocrx_word' id='word_1_298' title='bbox 2781 1829 2864 1883; x_wconf 91' lang='lat' dir='ltr'><strong>his</strong></span> <span class='ocrx_word' id='word_1_299' title='bbox 2890 1829 3274 1883; x_wconf 81' lang='lat' dir='ltr'><strong>certaminibus</strong></span> <span class='ocrx_word' id='word_1_300' title='bbox 3305 1832 3561 1899; x_wconf 88' lang='lat' dir='ltr'><strong>positam,</strong></span> 
     </span>
    </p>
   </div>
   <div class='ocr_carea' id='block_1_38' title="bbox 1943 1918 3565 1988">
    <p class='ocr_par' dir='ltr' id='par_1_38' title="bbox 1943 1918 3565 1988">
     <span class='ocr_line' id='line_1_38' title="bbox 1943 1918 3565 1988; baseline 0.002 -18"><span class='ocrx_word' id='word_1_301' title='bbox 1943 1927 2003 1972; x_wconf 91' lang='lat' dir='ltr'><strong>ut</strong></span> <span class='ocrx_word' id='word_1_302' title='bbox 2041 1919 2220 1972; x_wconf 87' lang='lat' dir='ltr'><strong>omnia</strong></span> <span class='ocrx_word' id='word_1_303' title='bbox 2252 1934 2406 1988; x_wconf 65' lang='lat' dir='ltr'><strong>atquo</strong></span> <span class='ocrx_word' id='word_1_304' title='bbox 2438 1919 2619 1974; x_wconf 91' lang='lat' dir='ltr'><strong>animo</strong></span> <span class='ocrx_word' id='word_1_305' title='bbox 2643 1918 2898 1974; x_wconf 79' lang='lat' dir='ltr'><strong>feramus.</strong></span> <span class='ocrx_word' id='word_1_306' title='bbox 2929 1918 3004 1974; x_wconf 90' lang='lat' dir='ltr'><strong>lta</strong></span> <span class='ocrx_word' id='word_1_307' title='bbox 3035 1920 3180 1974; x_wconf 88' lang='lat' dir='ltr'><strong>enim</strong></span> <span class='ocrx_word' id='word_1_308' title='bbox 3211 1929 3264 1973; x_wconf 92' lang='lat' dir='ltr'><strong>et</strong></span> <span class='ocrx_word' id='word_1_309' title='bbox 3306 1919 3565 1973; x_wconf 70' lang='lat' dir='ltr'><strong>adversa-</strong></span> 
     </span>
    </p>
   </div>
   <div class='ocr_carea' id='block_1_39' title="bbox 1944 2013 3562 2084">
    <p class='ocr_par' dir='ltr' id='par_1_39' title="bbox 1944 2013 3562 2084">
     <span class='ocr_line' id='line_1_39' title="bbox 1944 2013 3562 2084; baseline 0 -18"><span class='ocrx_word' id='word_1_310' title='bbox 1944 2013 2056 2066; x_wconf 87' lang='lat' dir='ltr'><strong>rios</strong></span> <span class='ocrx_word' id='word_1_311' title='bbox 2107 2021 2160 2067; x_wconf 88' lang='lat' dir='ltr'><strong>et</strong></span> <span class='ocrx_word' id='word_1_312' title='bbox 2210 2013 2496 2080; x_wconf 71' lang='lat' dir='ltr'><strong>prmsentia</strong></span> <span class='ocrx_word' id='word_1_313' title='bbox 2527 2013 2705 2066; x_wconf 85' lang='lat' dir='ltr'><strong>onmia</strong></span> <span class='ocrx_word' id='word_1_314' title='bbox 2738 2013 3137 2084; x_wconf 83' lang='lat' dir='ltr'><strong>superabimus,</strong></span> <span class='ocrx_word' id='word_1_315' title='bbox 3190 2022 3246 2067; x_wconf 86' lang='lat' dir='ltr'><strong>et</strong></span> <span class='ocrx_word' id='word_1_316' title='bbox 3297 2013 3562 2083; x_wconf 89' lang='lat' dir='ltr'><strong>promissa</strong></span> 
     </span>
    </p>
   </div>
   <div class='ocr_carea' id='block_1_40' title="bbox 1938 2103 3536 2180">
    <p class='ocr_par' dir='ltr' id='par_1_40' title="bbox 1938 2103 3536 2180">
     <span class='ocr_line' id='line_1_40' title="bbox 1938 2103 3536 2180; baseline 0.001 -25"><span class='ocrx_word' id='word_1_317' title='bbox 1938 2117 2337 2171; x_wconf 83' lang='lat' dir='ltr'><strong>consequemur</strong></span> <span class='ocrx_word' id='word_1_318' title='bbox 2377 2103 2523 2180; x_wconf 71' lang='lat' dir='ltr'><strong>liona</strong></span> <span class='ocrx_word' id='word_1_319' title='bbox 2552 2145 2568 2171; x_wconf 92' lang='lat'><strong>,</strong></span> <span class='ocrx_word' id='word_1_320' title='bbox 2615 2106 2789 2172; x_wconf 85' lang='lat' dir='ltr'><strong>gratia</strong></span> <span class='ocrx_word' id='word_1_321' title='bbox 2833 2110 2888 2158; x_wconf 87' lang='lat' dir='ltr'><strong>et</strong></span> <span class='ocrx_word' id='word_1_322' title='bbox 2940 2104 3271 2174; x_wconf 89' lang='lat' dir='ltr'><strong>benignitate</strong></span> <span class='ocrx_word' id='word_1_323' title='bbox 3327 2105 3536 2158; x_wconf 86' lang='lat' dir='ltr'><strong>Domini</strong></span> 
     </span>
    </p>
   </div>
   <div class='ocr_carea' id='block_1_41' title="bbox 1940 2181 3566 2266">
    <p class='ocr_par' dir='ltr' id='par_1_41' title="bbox 1940 2181 3566 2266">
     <span class='ocr_line' id='line_1_41' title="bbox 1940 2181 3566 2266; baseline 0.003 -20"><span class='ocrx_word' id='word_1_324' title='bbox 1940 2181 2106 2252; x_wconf 75' lang='lat' dir='ltr'><strong>nostri</strong></span> <span class='ocrx_word' id='word_1_325' title='bbox 2135 2193 2263 2248; x_wconf 84' lang='lat' dir='ltr'><strong>Jeso</strong></span> <span class='ocrx_word' id='word_1_326' title='bbox 2296 2195 2531 2258; x_wconf 85' lang='lat' dir='ltr'><strong>Christi,</strong></span> <span class='ocrx_word' id='word_1_327' title='bbox 2565 2210 2662 2265; x_wconf 81' lang='lat' dir='ltr'><strong>per</strong></span> <span class='ocrx_word' id='word_1_328' title='bbox 2693 2211 2852 2265; x_wconf 88' lang='lat' dir='ltr'><strong>quem</strong></span> <span class='ocrx_word' id='word_1_329' title='bbox 2881 2205 2938 2251; x_wconf 88' lang='lat' dir='ltr'><strong>et</strong></span> <span class='ocrx_word' id='word_1_330' title='bbox 2972 2211 3096 2251; x_wconf 90' lang='lat' dir='ltr'><strong>cum</strong></span> <span class='ocrx_word' id='word_1_331' title='bbox 3123 2212 3231 2266; x_wconf 92' lang='lat' dir='ltr'><strong>quo</strong></span> <span class='ocrx_word' id='word_1_332' title='bbox 3260 2197 3402 2251; x_wconf 89' lang='lat' dir='ltr'><strong>Patri</strong></span> <span class='ocrx_word' id='word_1_333' title='bbox 3432 2239 3446 2264; x_wconf 93' lang='lat'><strong>,</strong></span> <span class='ocrx_word' id='word_1_334' title='bbox 3491 2199 3566 2251; x_wconf 85' lang='lat' dir='ltr'><strong>si-</strong></span> 
     </span>
    </p>
   </div>
   <div class='ocr_carea' id='block_1_42' title="bbox 1920 2269 3560 2360">
    <p class='ocr_par' dir='ltr' id='par_1_42' title="bbox 1920 2269 3560 2360">
     <span class='ocr_line' id='line_1_42' title="bbox 1920 2269 3560 2360; baseline 0.003 -22"><span class='ocrx_word' id='word_1_335' title='bbox 1920 2269 2162 2354; x_wconf 80' lang='lat' dir='ltr'><strong>mulque</strong></span> <span class='ocrx_word' id='word_1_336' title='bbox 2208 2286 2430 2355; x_wconf 89' lang='lat' dir='ltr'><strong>Spiritui</strong></span> <span class='ocrx_word' id='word_1_337' title='bbox 2479 2298 2702 2352; x_wconf 89' lang='lat' dir='ltr'><strong>sancto,</strong></span> <span class='ocrx_word' id='word_1_338' title='bbox 2747 2289 2956 2360; x_wconf 88' lang='lat' dir='ltr'><strong>gloria,</strong></span> <span class='ocrx_word' id='word_1_339' title='bbox 3006 2289 3329 2359; x_wconf 88' lang='lat' dir='ltr'><strong>imperium,</strong></span> <span class='ocrx_word' id='word_1_340' title='bbox 3365 2289 3560 2355; x_wconf 91' lang='lat' dir='ltr'><strong>honor,</strong></span> 
     </span>
    </p>
   </div>
   <div class='ocr_carea' id='block_1_43' title="bbox 1943 2380 3425 2445">
    <p class='ocr_par' dir='ltr' id='par_1_43' title="bbox 1943 2380 3425 2445">
     <span class='ocr_line' id='line_1_43' title="bbox 1943 2380 3425 2445; baseline 0.003 -17"><span class='ocrx_word' id='word_1_341' title='bbox 1943 2391 2086 2429; x_wconf 91' lang='lat' dir='ltr'><strong>nunc</strong></span> <span class='ocrx_word' id='word_1_342' title='bbox 2107 2387 2158 2432; x_wconf 91' lang='lat' dir='ltr'><strong>ct</strong></span> <span class='ocrx_word' id='word_1_343' title='bbox 2186 2391 2422 2445; x_wconf 83' lang='lat' dir='ltr'><strong>semper,</strong></span> <span class='ocrx_word' id='word_1_344' title='bbox 2453 2389 2507 2433; x_wconf 85' lang='lat' dir='ltr'><strong>et</strong></span> <span class='ocrx_word' id='word_1_345' title='bbox 2537 2381 2586 2431; x_wconf 90' lang='lat' dir='ltr'><strong>in</strong></span> <span class='ocrx_word' id='word_1_346' title='bbox 2616 2380 2811 2433; x_wconf 67' lang='lat' dir='ltr'><strong>satcula</strong></span> <span class='ocrx_word' id='word_1_347' title='bbox 2842 2380 3189 2434; x_wconf 68' lang='lat' dir='ltr'><strong>smealorum.</strong></span> <span class='ocrx_word' id='word_1_348' title='bbox 3227 2382 3425 2436; x_wconf 89' lang='lat' dir='ltr'><strong>Amen.</strong></span> 
     </span>
    </p>
   </div>
   <div class='ocr_carea' id='block_1_44' title="bbox 203 2493 3566 2530">
    <p class='ocr_par' dir='ltr' id='par_1_44' title="bbox 203 2493 3566 2530">
     <span class='ocr_line' id='line_1_44' title="bbox 203 2493 3566 2530; baseline 0.003 -22"><span class='ocrx_word' id='word_1_349' title='bbox 203 2493 3566 2530; x_wconf 70' lang='lat'><strong>___..___._.___.____________________________________</strong></span> 
     </span>
    </p>
   </div>
   <div class='ocr_carea' id='block_1_45' title="bbox 1664 2600 2134 2665">
    <p class='ocr_par' dir='ltr' id='par_1_45' title="bbox 1664 2600 2134 2665">
     <span class='ocr_line' id='line_1_45' title="bbox 1664 2600 2134 2665; baseline 0.011 -4"><span class='ocrx_word' id='word_1_350' title='bbox 1664 2600 2012 2664; x_wconf 70' lang='lat' dir='ltr'><strong>HOMILIA</strong></span> <span class='ocrx_word' id='word_1_351' title='bbox 2059 2605 2134 2665; x_wconf 84' lang='lat' dir='ltr'><strong>V.</strong></span> 
     </span>
    </p>
   </div>
   <div class='ocr_carea' id='block_1_46' title="bbox 196 2729 1841 2814">
    <p class='ocr_par' dir='ltr' id='par_1_46' title="bbox 196 2729 1841 2814">
     <span class='ocr_line' id='line_1_46' title="bbox 196 2729 1841 2814; baseline 0.008 -30"><span class='ocrx_word' id='word_1_352' title='bbox 196 2733 342 2786; x_wconf 58' lang='lat' dir='ltr'><strong>Car.</strong></span> <span class='ocrx_word' id='word_1_353' title='bbox 386 2732 424 2786; x_wconf 91' lang='grc'><strong>1.</strong></span> <span class='ocrx_word' id='word_1_354' title='bbox 465 2750 511 2784; x_wconf 86' lang='lat' dir='ltr'><strong>v.</strong></span> <span class='ocrx_word' id='word_1_355' title='bbox 546 2729 600 2789; x_wconf 77' lang='lat'><strong>3.</strong></span> <span class='ocrx_word' id='word_1_356' title='bbox 639 2734 824 2788; x_wconf 81' lang='lat' dir='ltr'><strong>Omnia</strong></span> <span class='ocrx_word' id='word_1_357' title='bbox 848 2753 939 2806; x_wconf 76' lang='lat' dir='ltr'><strong>per</strong></span> <span class='ocrx_word' id='word_1_358' title='bbox 966 2737 1130 2805; x_wconf 76' lang='lat' dir='ltr'><strong>ipsum</strong></span> <span class='ocrx_word' id='word_1_359' title='bbox 1164 2740 1302 2806; x_wconf 78' lang='lat' dir='ltr'><strong>facta</strong></span> <span class='ocrx_word' id='word_1_360' title='bbox 1332 2749 1449 2793; x_wconf 81' lang='lat' dir='ltr'><strong>sunt</strong></span> <span class='ocrx_word' id='word_1_361' title='bbox 1470 2781 1483 2801; x_wconf 90' lang='lat'><strong>,</strong></span> <span class='ocrx_word' id='word_1_362' title='bbox 1516 2750 1564 2793; x_wconf 77' lang='lat' dir='ltr'><strong>ct</strong></span> <span class='ocrx_word' id='word_1_363' title='bbox 1595 2743 1703 2796; x_wconf 76' lang='lat' dir='ltr'><strong>sine</strong></span> <span class='ocrx_word' id='word_1_364' title='bbox 1730 2744 1841 2814; x_wconf 78' lang='lat' dir='ltr'><strong>ipso</strong></span> 
     </span>
    </p>
   </div>
   <div class='ocr_carea' id='block_1_47' title="bbox 563 2827 1512 2898">
    <p class='ocr_par' dir='ltr' id='par_1_47' title="bbox 563 2827 1512 2898">
     <span class='ocr_line' id='line_1_47' title="bbox 563 2827 1512 2898; baseline 0.013 -26"><span class='ocrx_word' id='word_1_365' title='bbox 563 2828 752 2896; x_wconf 74' lang='lat' dir='ltr'><strong>factum</strong></span> <span class='ocrx_word' id='word_1_366' title='bbox 781 2839 851 2879; x_wconf 76' lang='lat' dir='ltr'><strong>est</strong></span> <span class='ocrx_word' id='word_1_367' title='bbox 881 2827 1010 2881; x_wconf 88' lang='lat' dir='ltr'><strong>nihil</strong></span> <span class='ocrx_word' id='word_1_368' title='bbox 1035 2829 1170 2897; x_wconf 80' lang='lat' dir='ltr'><strong>quod</strong></span> <span class='ocrx_word' id='word_1_369' title='bbox 1197 2828 1392 2898; x_wconf 73' lang='lat' dir='ltr'><strong>factum</strong></span> <span class='ocrx_word' id='word_1_370' title='bbox 1419 2838 1512 2885; x_wconf 75' lang='lat' dir='ltr'><strong>est.</strong></span> 
     </span>
    </p>
   </div>
   <div class='ocr_carea' id='block_1_48' title="bbox 283 2958 1836 3029">
    <p class='ocr_par' dir='ltr' id='par_1_48' title="bbox 283 2958 1836 3029">
     <span class='ocr_line' id='line_1_48' title="bbox 283 2958 1836 3029; baseline 0.006 -16"><span class='ocrx_word' id='word_1_371' title='bbox 283 2961 339 3013; x_wconf 84' lang='grc' dir='ltr'>ι.</span> <span class='ocrx_word' id='word_1_372' title='bbox 377 2958 587 3029; x_wconf 69' lang='lat' dir='ltr'><strong>Moyses</strong></span> <span class='ocrx_word' id='word_1_373' title='bbox 617 2960 892 3015; x_wconf 82' lang='lat' dir='ltr'><strong>historiam</strong></span> <span class='ocrx_word' id='word_1_374' title='bbox 927 2962 1136 3018; x_wconf 85' lang='lat' dir='ltr'><strong>Veteris</strong></span> <span class='ocrx_word' id='word_1_375' title='bbox 1166 2964 1496 3020; x_wconf 82' lang='lat' dir='ltr'><strong>Testzuneuti</strong></span> <span class='ocrx_word' id='word_1_376' title='bbox 1546 2983 1577 3022; x_wconf 88' lang='lat' dir='ltr'><strong>a</strong></span> <span class='ocrx_word' id='word_1_377' title='bbox 1623 2970 1836 3025; x_wconf 89' lang='lat' dir='ltr'><strong>sensili-</strong></span> 
     </span>
    </p>
   </div>
   <div class='ocr_carea' id='block_1_49' title="bbox 205 3052 1835 3124">
    <p class='ocr_par' dir='ltr' id='par_1_49' title="bbox 205 3052 1835 3124">
     <span class='ocr_line' id='line_1_49' title="bbox 205 3052 1835 3124; baseline 0.007 -22"><span class='ocrx_word' id='word_1_378' title='bbox 205 3053 313 3103; x_wconf 85' lang='lat' dir='ltr'><strong>bus</strong></span> <span class='ocrx_word' id='word_1_379' title='bbox 371 3052 530 3105; x_wconf 89' lang='lat' dir='ltr'><strong>nobis</strong></span> <span class='ocrx_word' id='word_1_380' title='bbox 573 3053 815 3118; x_wconf 89' lang='lat' dir='ltr'><strong>orditur,</strong></span> <span class='ocrx_word' id='word_1_381' title='bbox 850 3063 902 3108; x_wconf 90' lang='lat' dir='ltr'><strong>et</strong></span> <span class='ocrx_word' id='word_1_382' title='bbox 947 3073 1007 3108; x_wconf 86' lang='lat' dir='ltr'><strong>ea</strong></span> <span class='ocrx_word' id='word_1_383' title='bbox 1063 3055 1305 3124; x_wconf 89' lang='lat' dir='ltr'><strong>pluribus</strong></span> <span class='ocrx_word' id='word_1_384' title='bbox 1349 3070 1629 3112; x_wconf 87' lang='lat' dir='ltr'><strong>enumerat</strong></span> <span class='ocrx_word' id='word_1_385' title='bbox 1664 3078 1678 3112; x_wconf 91' lang='lat'><strong>:</strong></span> <span class='ocrx_word' id='word_1_386' title='bbox 1714 3079 1835 3114; x_wconf 87' lang='lat' dir='ltr'><strong>nam</strong></span> 
     </span>
    </p>
   </div>
   <div class='ocr_carea' id='block_1_50' title="bbox 201 3139 1835 3222">
    <p class='ocr_par' dir='ltr' id='par_1_50' title="bbox 201 3139 1835 3222">
     <span class='ocr_line' id='line_1_50' title="bbox 201 3139 1835 3222; baseline 0.01 -32"><span class='ocrx_word' id='word_1_387' title='bbox 201 3141 305 3202; x_wconf 85' lang='lat' dir='ltr'><strong>ait,</strong></span> <span class='ocrx_word' id='word_1_388' title='bbox 348 3139 418 3192; x_wconf 83' lang='lat' dir='ltr'><strong>In</strong></span> <span class='ocrx_word' id='word_1_389' title='bbox 448 3142 698 3212; x_wconf 82' lang='lat' dir='ltr'><strong>principio</strong></span> <span class='ocrx_word' id='word_1_390' title='bbox 722 3144 842 3210; x_wconf 82' lang='lat' dir='ltr'><strong>fecit</strong></span> <span class='ocrx_word' id='word_1_391' title='bbox 875 3142 1009 3200; x_wconf 75' lang='lat' dir='ltr'><strong>Dens</strong></span> <span class='ocrx_word' id='word_1_392' title='bbox 1038 3145 1282 3200; x_wconf 81' lang='lat' dir='ltr'><strong>rwluntct</strong></span> <span class='ocrx_word' id='word_1_393' title='bbox 1304 3159 1490 3201; x_wconf 77' lang='lat' dir='ltr'><strong>teri-mn</strong></span> <span class='ocrx_word' id='word_1_394' title='bbox 1510 3148 1665 3217; x_wconf 78' lang='lat' dir='ltr'><strong>(Gen.</strong></span> <span class='ocrx_word' id='word_1_395' title='bbox 1695 3152 1740 3206; x_wconf 90' lang='grc'><strong>1.</strong></span> <span class='ocrx_word' id='word_1_396' title='bbox 1766 3153 1835 3222; x_wconf 79' lang='lat' dir='ltr'><strong>l}:</strong></span> 
     </span>
    </p>
   </div>
   <div class='ocr_carea' id='block_1_51' title="bbox 204 3231 1836 3314">
    <p class='ocr_par' dir='ltr' id='par_1_51' title="bbox 204 3231 1836 3314">
     <span class='ocr_line' id='line_1_51' title="bbox 204 3231 1836 3314; baseline 0.009 -34"><span class='ocrx_word' id='word_1_397' title='bbox 204 3231 420 3286; x_wconf 76' lang='lat' dir='ltr'><strong>deinde</strong></span> <span class='ocrx_word' id='word_1_398' title='bbox 449 3233 633 3299; x_wconf 83' lang='lat' dir='ltr'><strong>adjicit</strong></span> <span class='ocrx_word' id='word_1_399' title='bbox 663 3233 838 3288; x_wconf 86' lang='lat' dir='ltr'><strong>lucem</strong></span> <span class='ocrx_word' id='word_1_400' title='bbox 884 3233 1077 3291; x_wconf 77' lang='lat' dir='ltr'><strong>factam</strong></span> <span class='ocrx_word' id='word_1_401' title='bbox 1104 3278 1118 3299; x_wconf 96' lang='lat'><strong>,</strong></span> <span class='ocrx_word' id='word_1_402' title='bbox 1162 3239 1456 3292; x_wconf 86' lang='lat' dir='ltr'><strong>secundum</strong></span> <span class='ocrx_word' id='word_1_403' title='bbox 1493 3242 1683 3295; x_wconf 84' lang='lat' dir='ltr'><strong>ca-lum</strong></span> <span class='ocrx_word' id='word_1_404' title='bbox 1712 3245 1790 3314; x_wconf 75' lang='grc' dir='ltr'><strong>(τι)</strong></span> <span class='ocrx_word' id='word_1_405' title='bbox 1819 3284 1836 3310; x_wconf 87' lang='grc'><em>,</em></span> 
     </span>
    </p>
   </div>
   <div class='ocr_carea' id='block_1_52' title="bbox 203 3324 1839 3403">
    <p class='ocr_par' dir='ltr' id='par_1_52' title="bbox 203 3324 1839 3403">
     <span class='ocr_line' id='line_1_52' title="bbox 203 3324 1839 3403; baseline 0.01 -29"><span class='ocrx_word' id='word_1_406' title='bbox 203 3324 504 3378; x_wconf 82' lang='lat' dir='ltr'><strong>stellarum</strong></span> <span class='ocrx_word' id='word_1_407' title='bbox 538 3336 780 3380; x_wconf 86' lang='lat' dir='ltr'><strong>naturam</strong></span> <span class='ocrx_word' id='word_1_408' title='bbox 811 3369 824 3392; x_wconf 95' lang='lat'><strong>,</strong></span> <span class='ocrx_word' id='word_1_409' title='bbox 853 3331 1135 3398; x_wconf 87' lang='lat' dir='ltr'><strong>onmigcna</strong></span> <span class='ocrx_word' id='word_1_410' title='bbox 1161 3332 1474 3388; x_wconf 84' lang='lat' dir='ltr'><strong>animalium</strong></span> <span class='ocrx_word' id='word_1_411' title='bbox 1504 3350 1700 3403; x_wconf 79' lang='lat' dir='ltr'><strong>genera</strong></span> <span class='ocrx_word' id='word_1_412' title='bbox 1722 3378 1735 3399; x_wconf 96' lang='lat'><strong>,</strong></span> <span class='ocrx_word' id='word_1_413' title='bbox 1771 3352 1839 3391; x_wconf 85' lang='lat' dir='ltr'><strong>ne</strong></span> 
     </span>
    </p>
   </div>
   <div class='ocr_carea' id='block_1_53' title="bbox 207 3417 1835 3491">
    <p class='ocr_par' dir='ltr' id='par_1_53' title="bbox 207 3417 1835 3491">
     <span class='ocr_line' id='line_1_53' title="bbox 207 3417 1835 3491; baseline 0.009 -23"><span class='ocrx_word' id='word_1_414' title='bbox 207 3417 428 3486; x_wconf 83' lang='lat' dir='ltr'><strong>singula</strong></span> <span class='ocrx_word' id='word_1_415' title='bbox 497 3430 884 3487; x_wconf 78' lang='lat' dir='ltr'><strong>prosequentes</strong></span> <span class='ocrx_word' id='word_1_416' title='bbox 948 3421 1218 3491; x_wconf 78' lang='lat' dir='ltr'><strong>longiores</strong></span> <span class='ocrx_word' id='word_1_417' title='bbox 1263 3425 1455 3479; x_wconf 91' lang='lat' dir='ltr'><strong>simus.</strong></span> <span class='ocrx_word' id='word_1_418' title='bbox 1508 3427 1605 3481; x_wconf 90' lang='lat' dir='ltr'><strong>llic</strong></span> <span class='ocrx_word' id='word_1_419' title='bbox 1653 3439 1835 3482; x_wconf 64' lang='lat' dir='ltr'><strong>autc-nt</strong></span> 
     </span>
    </p>
   </div>
   <div class='ocr_carea' id='block_1_54' title="bbox 207 3509 1834 3585">
    <p class='ocr_par' dir='ltr' id='par_1_54' title="bbox 207 3509 1834 3585">
     <span class='ocr_line' id='line_1_54' title="bbox 207 3509 1834 3585; baseline 0.009 -25"><span class='ocrx_word' id='word_1_420' title='bbox 207 3509 549 3579; x_wconf 78' lang='lat' dir='ltr'><strong>evangelista</strong></span> <span class='ocrx_word' id='word_1_421' title='bbox 595 3527 700 3563; x_wconf 91' lang='lat' dir='ltr'><strong>uno</strong></span> <span class='ocrx_word' id='word_1_422' title='bbox 747 3512 912 3566; x_wconf 85' lang='lat' dir='ltr'><strong>verbo</strong></span> <span class='ocrx_word' id='word_1_423' title='bbox 957 3515 1334 3585; x_wconf 77' lang='lat' dir='ltr'><strong>complectitur</strong></span> <span class='ocrx_word' id='word_1_424' title='bbox 1376 3518 1553 3572; x_wconf 84' lang='lat' dir='ltr'><strong>omnia</strong></span> <span class='ocrx_word' id='word_1_425' title='bbox 1580 3561 1592 3581; x_wconf 97' lang='lat'><strong>,</strong></span> <span class='ocrx_word' id='word_1_426' title='bbox 1646 3531 1696 3574; x_wconf 89' lang='lat' dir='ltr'><strong>et</strong></span> <span class='ocrx_word' id='word_1_427' title='bbox 1744 3521 1834 3574; x_wconf 82' lang='lat' dir='ltr'><strong>illa</strong></span> 
     </span>
    </p>
   </div>
   <div class='ocr_carea' id='block_1_55' title="bbox 211 3600 1837 3679">
    <p class='ocr_par' dir='ltr' id='par_1_55' title="bbox 211 3600 1837 3679">
     <span class='ocr_line' id='line_1_55' title="bbox 211 3600 1837 3679; baseline 0.009 -27"><span class='ocrx_word' id='word_1_428' title='bbox 211 3613 419 3668; x_wconf 87' lang='lat' dir='ltr'><strong>nempe</strong></span> <span class='ocrx_word' id='word_1_429' title='bbox 448 3609 504 3654; x_wconf 93' lang='lat' dir='ltr'><strong>et</strong></span> <span class='ocrx_word' id='word_1_430' title='bbox 531 3600 636 3654; x_wconf 85' lang='lat' dir='ltr'><strong>illis</strong></span> <span class='ocrx_word' id='word_1_431' title='bbox 661 3605 963 3671; x_wconf 84' lang='lat' dir='ltr'><strong>superiora.</strong></span> <span class='ocrx_word' id='word_1_432' title='bbox 999 3605 1064 3658; x_wconf 79' lang='lat' dir='ltr'><strong>Et</strong></span> <span class='ocrx_word' id='word_1_433' title='bbox 1088 3607 1210 3675; x_wconf 84' lang='lat' dir='ltr'><strong>jure</strong></span> <span class='ocrx_word' id='word_1_434' title='bbox 1255 3620 1433 3674; x_wconf 78' lang='lat' dir='ltr'><strong>certe,</strong></span> <span class='ocrx_word' id='word_1_435' title='bbox 1467 3612 1590 3679; x_wconf 85' lang='lat' dir='ltr'><strong>quia</strong></span> <span class='ocrx_word' id='word_1_436' title='bbox 1623 3612 1708 3665; x_wconf 90' lang='lat' dir='ltr'><strong>illa</strong></span> <span class='ocrx_word' id='word_1_437' title='bbox 1739 3630 1837 3666; x_wconf 82' lang='lat' dir='ltr'><strong>au-</strong></span> 
     </span>
    </p>
   </div>
   <div class='ocr_carea' id='block_1_56' title="bbox 209 3691 1836 3773">
    <p class='ocr_par' dir='ltr' id='par_1_56' title="bbox 209 3691 1836 3773">
     <span class='ocr_line' id='line_1_56' title="bbox 209 3691 1836 3773; baseline 0.013 -36"><span class='ocrx_word' id='word_1_438' title='bbox 209 3691 486 3746; x_wconf 87' lang='lat' dir='ltr'><strong>ditoribus</strong></span> <span class='ocrx_word' id='word_1_439' title='bbox 515 3704 640 3746; x_wconf 86' lang='lat' dir='ltr'><strong>n0Ia</strong></span> <span class='ocrx_word' id='word_1_440' title='bbox 666 3706 813 3758; x_wconf 89' lang='lat' dir='ltr'><strong>sunt,</strong></span> <span class='ocrx_word' id='word_1_441' title='bbox 843 3705 898 3749; x_wconf 89' lang='lat' dir='ltr'><strong>et</strong></span> <span class='ocrx_word' id='word_1_442' title='bbox 929 3697 1040 3766; x_wconf 88' lang='lat' dir='ltr'><strong>ipse</strong></span> <span class='ocrx_word' id='word_1_443' title='bbox 1073 3698 1140 3751; x_wconf 89' lang='lat' dir='ltr'><strong>ad</strong></span> <span class='ocrx_word' id='word_1_444' title='bbox 1171 3702 1516 3767; x_wconf 79' lang='lat' dir='ltr'><strong>przestantius</strong></span> <span class='ocrx_word' id='word_1_445' title='bbox 1543 3717 1836 3773; x_wconf 87' lang='lat' dir='ltr'><strong>argumen-</strong></span> 
     </span>
    </p>
   </div>
   <div class='ocr_carea' id='block_1_57' title="bbox 214 3790 1836 3865">
    <p class='ocr_par' dir='ltr' id='par_1_57' title="bbox 214 3790 1836 3865">
     <span class='ocr_line' id='line_1_57' title="bbox 214 3790 1836 3865; baseline 0.012 -34"><span class='ocrx_word' id='word_1_446' title='bbox 214 3790 332 3836; x_wconf 88' lang='lat' dir='ltr'><strong>tum</strong></span> <span class='ocrx_word' id='word_1_447' title='bbox 362 3793 637 3852; x_wconf 86' lang='lat' dir='ltr'><strong>properat,</strong></span> <span class='ocrx_word' id='word_1_448' title='bbox 665 3801 728 3839; x_wconf 91' lang='lat' dir='ltr'><strong>ac</strong></span> <span class='ocrx_word' id='word_1_449' title='bbox 764 3794 932 3840; x_wconf 88' lang='lat' dir='ltr'><strong>totum</strong></span> <span class='ocrx_word' id='word_1_450' title='bbox 960 3804 1096 3858; x_wconf 89' lang='lat' dir='ltr'><strong>opus</strong></span> <span class='ocrx_word' id='word_1_451' title='bbox 1125 3791 1451 3860; x_wconf 76' lang='lat' dir='ltr'><strong>aggreditur,</strong></span> <span class='ocrx_word' id='word_1_452' title='bbox 1485 3811 1591 3849; x_wconf 91' lang='lat' dir='ltr'><strong>non</strong></span> <span class='ocrx_word' id='word_1_453' title='bbox 1618 3795 1836 3865; x_wconf 84' lang='lat' dir='ltr'><strong>deope-</strong></span> 
     </span>
    </p>
   </div>
   <div class='ocr_carea' id='block_1_58' title="bbox 214 3871 1838 3946">
    <p class='ocr_par' dir='ltr' id='par_1_58' title="bbox 214 3871 1838 3946">
     <span class='ocr_line' id='line_1_58' title="bbox 214 3871 1838 3946; baseline 0.012 -22"><span class='ocrx_word' id='word_1_454' title='bbox 214 3871 402 3940; x_wconf 83' lang='lat' dir='ltr'><strong>ribus,</strong></span> <span class='ocrx_word' id='word_1_455' title='bbox 458 3874 552 3928; x_wconf 87' lang='lat' dir='ltr'><strong>sed</strong></span> <span class='ocrx_word' id='word_1_456' title='bbox 607 3875 675 3930; x_wconf 86' lang='lat' dir='ltr'><strong>de</strong></span> <span class='ocrx_word' id='word_1_457' title='bbox 733 3875 939 3946; x_wconf 86' lang='lat' dir='ltr'><strong>Opitlce</strong></span> <span class='ocrx_word' id='word_1_458' title='bbox 996 3889 1049 3933; x_wconf 85' lang='lat' dir='ltr'><strong>et</strong></span> <span class='ocrx_word' id='word_1_459' title='bbox 1105 3879 1364 3936; x_wconf 83' lang='lat' dir='ltr'><strong>Creatore</strong></span> <span class='ocrx_word' id='word_1_460' title='bbox 1409 3883 1676 3942; x_wconf 88' lang='lat' dir='ltr'><strong>dicturus.</strong></span> <span class='ocrx_word' id='word_1_461' title='bbox 1713 3887 1838 3943; x_wconf 89' lang='lat' dir='ltr'><strong>ldco</strong></span> 
     </span>
    </p>
   </div>
   <div class='ocr_carea' id='block_1_59' title="bbox 215 3965 1837 4051">
    <p class='ocr_par' dir='ltr' id='par_1_59' title="bbox 215 3965 1837 4051">
     <span class='ocr_line' id='line_1_59' title="bbox 215 3965 1837 4051; baseline 0.01 -34"><span class='ocrx_word' id='word_1_462' title='bbox 215 3965 433 4038; x_wconf 76' lang='lat' dir='ltr'><strong>Moyses</strong></span> <span class='ocrx_word' id='word_1_463' title='bbox 461 3968 675 4038; x_wconf 88' lang='lat' dir='ltr'><strong>quidem</strong></span> <span class='ocrx_word' id='word_1_464' title='bbox 704 4011 716 4034; x_wconf 96' lang='lat'><strong>,</strong></span> <span class='ocrx_word' id='word_1_465' title='bbox 749 3971 848 4023; x_wconf 88' lang='lat' dir='ltr'><strong>etsi</strong></span> <span class='ocrx_word' id='word_1_466' title='bbox 877 3973 1140 4027; x_wconf 88' lang='lat' dir='ltr'><strong>minorem</strong></span> <span class='ocrx_word' id='word_1_467' title='bbox 1179 3977 1468 4030; x_wconf 88' lang='lat' dir='ltr'><strong>creationis</strong></span> <span class='ocrx_word' id='word_1_468' title='bbox 1498 3987 1702 4046; x_wconf 88' lang='lat' dir='ltr'><strong>partem</strong></span> <span class='ocrx_word' id='word_1_469' title='bbox 1741 3996 1837 4051; x_wconf 62' lang='lat' dir='ltr'><strong>ago</strong></span> 
     </span>
    </p>
   </div>
   <div class='ocr_carea' id='block_1_60' title="bbox 213 4057 1835 4138">
    <p class='ocr_par' dir='ltr' id='par_1_60' title="bbox 213 4057 1835 4138">
     <span class='ocr_line' id='line_1_60' title="bbox 213 4057 1835 4138; baseline 0.01 -30"><span class='ocrx_word' id='word_1_470' title='bbox 213 4057 499 4125; x_wconf 83' lang='lat' dir='ltr'><strong>grediatur</strong></span> <span class='ocrx_word' id='word_1_471' title='bbox 528 4060 544 4126; x_wconf 95' lang='lat'><strong>(</strong></span> <span class='ocrx_word' id='word_1_472' title='bbox 573 4059 704 4112; x_wconf 87' lang='lat' dir='ltr'><strong>nihil</strong></span> <span class='ocrx_word' id='word_1_473' title='bbox 752 4061 894 4116; x_wconf 92' lang='lat' dir='ltr'><strong>enim</strong></span> <span class='ocrx_word' id='word_1_474' title='bbox 938 4063 1092 4118; x_wconf 90' lang='lat' dir='ltr'><strong>nobis</strong></span> <span class='ocrx_word' id='word_1_475' title='bbox 1113 4064 1181 4118; x_wconf 91' lang='lat' dir='ltr'><strong>de</strong></span> <span class='ocrx_word' id='word_1_476' title='bbox 1211 4065 1569 4123; x_wconf 79' lang='lat' dir='ltr'><strong>invisibilihus</strong></span> <span class='ocrx_word' id='word_1_477' title='bbox 1602 4080 1835 4138; x_wconf 80' lang='lat' dir='ltr'><strong>potesta-</strong></span> 
     </span>
    </p>
   </div>
   <div class='ocr_carea' id='block_1_61' title="bbox 217 4152 1834 4233">
    <p class='ocr_par' dir='ltr' id='par_1_61' title="bbox 217 4152 1834 4233">
     <span class='ocr_line' id='line_1_61' title="bbox 217 4152 1834 4233; baseline 0.012 -33"><span class='ocrx_word' id='word_1_478' title='bbox 217 4152 363 4206; x_wconf 86' lang='lat' dir='ltr'><strong>tibus</strong></span> <span class='ocrx_word' id='word_1_479' title='bbox 405 4153 644 4206; x_wconf 89' lang='lat' dir='ltr'><strong>narravit</strong></span> <span class='ocrx_word' id='word_1_480' title='bbox 671 4154 687 4223; x_wconf 95' lang='lat'>)</span> <span class='ocrx_word' id='word_1_481' title='bbox 714 4195 728 4219; x_wconf 95' lang='lat'><strong>,</strong></span> <span class='ocrx_word' id='word_1_482' title='bbox 779 4156 830 4208; x_wconf 86' lang='lat' dir='ltr'><strong>iu</strong></span> <span class='ocrx_word' id='word_1_483' title='bbox 866 4155 973 4208; x_wconf 89' lang='lat' dir='ltr'><strong>illis</strong></span> <span class='ocrx_word' id='word_1_484' title='bbox 999 4167 1254 4212; x_wconf 87' lang='lat' dir='ltr'><strong>versatur</strong></span> <span class='ocrx_word' id='word_1_485' title='bbox 1285 4177 1298 4212; x_wconf 92' lang='lat'><strong>:</strong></span> <span class='ocrx_word' id='word_1_486' title='bbox 1338 4160 1423 4214; x_wconf 90' lang='lat' dir='ltr'><strong>hic</strong></span> <span class='ocrx_word' id='word_1_487' title='bbox 1454 4178 1583 4216; x_wconf 80' lang='lat' dir='ltr'><strong>vero</strong></span> <span class='ocrx_word' id='word_1_488' title='bbox 1605 4203 1619 4228; x_wconf 91' lang='lat'><strong>,</strong></span> <span class='ocrx_word' id='word_1_489' title='bbox 1650 4166 1740 4233; x_wconf 90' lang='lat' dir='ltr'><strong>qui</strong></span> <span class='ocrx_word' id='word_1_490' title='bbox 1769 4165 1834 4219; x_wconf 85' lang='lat' dir='ltr'><strong>ad</strong></span> 
     </span>
    </p>
   </div>
   <div class='ocr_carea' id='block_1_62' title="bbox 219 4242 1836 4323">
    <p class='ocr_par' dir='ltr' id='par_1_62' title="bbox 219 4242 1836 4323">
     <span class='ocr_line' id='line_1_62' title="bbox 219 4242 1836 4323; baseline 0.008 -27"><span class='ocrx_word' id='word_1_491' title='bbox 219 4244 396 4313; x_wconf 86' lang='lat' dir='ltr'><strong>ipsum</strong></span> <span class='ocrx_word' id='word_1_492' title='bbox 453 4242 768 4300; x_wconf 87' lang='lat' dir='ltr'><strong>Creatorem</strong></span> <span class='ocrx_word' id='word_1_493' title='bbox 818 4248 1114 4304; x_wconf 87' lang='lat' dir='ltr'><strong>ascendere</strong></span> <span class='ocrx_word' id='word_1_494' title='bbox 1170 4250 1425 4319; x_wconf 79' lang='lat' dir='ltr'><strong>festinat,</strong></span> <span class='ocrx_word' id='word_1_495' title='bbox 1478 4254 1602 4323; x_wconf 91' lang='lat' dir='ltr'><strong>jurc</strong></span> <span class='ocrx_word' id='word_1_496' title='bbox 1656 4257 1836 4310; x_wconf 89' lang='lat' dir='ltr'><strong>omnia</strong></span> 
     </span>
    </p>
   </div>
   <div class='ocr_carea' id='block_1_63' title="bbox 219 4339 1837 4419">
    <p class='ocr_par' dir='ltr' id='par_1_63' title="bbox 219 4339 1837 4419">
     <span class='ocr_line' id='line_1_63' title="bbox 219 4339 1837 4419; baseline 0.009 -30"><span class='ocrx_word' id='word_1_497' title='bbox 219 4340 588 4405; x_wconf 72' lang='lat' dir='ltr'><strong>prmtercurrit</strong></span> <span class='ocrx_word' id='word_1_498' title='bbox 609 4382 624 4404; x_wconf 96' lang='lat'><strong>,</strong></span> <span class='ocrx_word' id='word_1_499' title='bbox 654 4347 711 4394; x_wconf 92' lang='lat' dir='ltr'><strong>et</strong></span> <span class='ocrx_word' id='word_1_500' title='bbox 753 4339 868 4395; x_wconf 81' lang='lat' dir='ltr'><strong>lure</strong></span> <span class='ocrx_word' id='word_1_501' title='bbox 892 4356 1012 4411; x_wconf 77' lang='lat' dir='ltr'><strong>qua:</strong></span> <span class='ocrx_word' id='word_1_502' title='bbox 1062 4342 1152 4398; x_wconf 90' lang='lat' dir='ltr'><strong>ille</strong></span> <span class='ocrx_word' id='word_1_503' title='bbox 1191 4343 1364 4413; x_wconf 83' lang='lat' dir='ltr'><strong>dixit,</strong></span> <span class='ocrx_word' id='word_1_504' title='bbox 1398 4355 1451 4400; x_wconf 88' lang='lat' dir='ltr'><strong>et</strong></span> <span class='ocrx_word' id='word_1_505' title='bbox 1481 4364 1540 4401; x_wconf 87' lang='lat' dir='ltr'><strong>ea</strong></span> <span class='ocrx_word' id='word_1_506' title='bbox 1573 4365 1692 4418; x_wconf 74' lang='lat' dir='ltr'><strong>qua:</strong></span> <span class='ocrx_word' id='word_1_507' title='bbox 1723 4349 1837 4419; x_wconf 89' lang='lat' dir='ltr'><strong>ipse</strong></span> 
     </span>
    </p>
   </div>
   <div class='ocr_carea' id='block_1_64' title="bbox 220 4432 1839 4512">
    <p class='ocr_par' dir='ltr' id='par_1_64' title="bbox 220 4432 1839 4512">
     <span class='ocr_line' id='line_1_64' title="bbox 220 4432 1839 4512; baseline 0.009 -30"><span class='ocrx_word' id='word_1_508' title='bbox 220 4432 421 4497; x_wconf 86' lang='lat' dir='ltr'><strong>laeuit,</strong></span> <span class='ocrx_word' id='word_1_509' title='bbox 470 4434 653 4501; x_wconf 87' lang='lat' dir='ltr'><strong>paucis</strong></span> <span class='ocrx_word' id='word_1_510' title='bbox 693 4435 1110 4503; x_wconf 89' lang='lat' dir='ltr'><strong>complectitur,</strong></span> <span class='ocrx_word' id='word_1_511' title='bbox 1148 4436 1334 4492; x_wconf 80' lang='lat' dir='ltr'><strong>Omnia</strong></span> <span class='ocrx_word' id='word_1_512' title='bbox 1377 4458 1467 4510; x_wconf 81' lang='lat' dir='ltr'><strong>per</strong></span> <span class='ocrx_word' id='word_1_513' title='bbox 1507 4443 1672 4512; x_wconf 81' lang='lat' dir='ltr'><strong>ipsum</strong></span> <span class='ocrx_word' id='word_1_514' title='bbox 1701 4444 1839 4512; x_wconf 78' lang='lat' dir='ltr'><strong>facta</strong></span> 
     </span>
    </p>
   </div>
   <div class='ocr_carea' id='block_1_65' title="bbox 217 4523 1836 4603">
    <p class='ocr_par' dir='ltr' id='par_1_65' title="bbox 217 4523 1836 4603">
     <span class='ocr_line' id='line_1_65' title="bbox 217 4523 1836 4603; baseline 0.01 -28"><span class='ocrx_word' id='word_1_515' title='bbox 217 4534 357 4578; x_wconf 72' lang='lat' dir='ltr'><strong>sunt.</strong></span> <span class='ocrx_word' id='word_1_516' title='bbox 392 4523 470 4578; x_wconf 82' lang='lat' dir='ltr'><strong>Ne</strong></span> <span class='ocrx_word' id='word_1_517' title='bbox 499 4540 626 4579; x_wconf 89' lang='lat' dir='ltr'><strong>vero</strong></span> <span class='ocrx_word' id='word_1_518' title='bbox 660 4534 813 4594; x_wconf 86' lang='lat' dir='ltr'><strong>putes</strong></span> <span class='ocrx_word' id='word_1_519' title='bbox 841 4526 1014 4595; x_wconf 89' lang='lat' dir='ltr'><strong>ipsum</strong></span> <span class='ocrx_word' id='word_1_520' title='bbox 1046 4543 1107 4582; x_wconf 90' lang='lat' dir='ltr'><strong>ea</strong></span> <span class='ocrx_word' id='word_1_521' title='bbox 1143 4539 1344 4583; x_wconf 88' lang='lat' dir='ltr'><strong>tantmn</strong></span> <span class='ocrx_word' id='word_1_522' title='bbox 1374 4548 1682 4588; x_wconf 90' lang='lat' dir='ltr'><strong>memorare</strong></span> <span class='ocrx_word' id='word_1_523' title='bbox 1716 4552 1836 4603; x_wconf 72' lang='lat' dir='ltr'><strong>qua:</strong></span> 
     </span>
    </p>
   </div>
   <div class='ocr_carea' id='block_1_66' title="bbox 220 4613 1836 4696">
    <p class='ocr_par' dir='ltr' id='par_1_66' title="bbox 220 4613 1836 4696">
     <span class='ocr_line' id='line_1_66' title="bbox 220 4613 1836 4696; baseline 0.007 -28"><span class='ocrx_word' id='word_1_524' title='bbox 220 4613 435 4687; x_wconf 70' lang='lat' dir='ltr'><strong>Moyses</strong></span> <span class='ocrx_word' id='word_1_525' title='bbox 461 4618 730 4682; x_wconf 88' lang='lat' dir='ltr'><strong>narravit,</strong></span> <span class='ocrx_word' id='word_1_526' title='bbox 760 4619 1067 4689; x_wconf 84' lang='lat' dir='ltr'><strong>subjungit,</strong></span> <span class='ocrx_word' id='word_1_527' title='bbox 1106 4620 1172 4674; x_wconf 80' lang='lat' dir='ltr'><strong>Et</strong></span> <span class='ocrx_word' id='word_1_528' title='bbox 1212 4624 1322 4676; x_wconf 80' lang='lat' dir='ltr'><strong>sim:</strong></span> <span class='ocrx_word' id='word_1_529' title='bbox 1367 4624 1476 4694; x_wconf 74' lang='lat' dir='ltr'><strong>ipso</strong></span> <span class='ocrx_word' id='word_1_530' title='bbox 1523 4627 1716 4696; x_wconf 77' lang='lat' dir='ltr'><strong>fuclnnt</strong></span> <span class='ocrx_word' id='word_1_531' title='bbox 1763 4639 1836 4682; x_wconf 86' lang='lat' dir='ltr'><strong>est</strong></span> 
     </span>
    </p>
   </div>
   <div class='ocr_carea' id='block_1_67' title="bbox 220 4711 1884 4783">
    <p class='ocr_par' dir='ltr' id='par_1_67' title="bbox 220 4711 1884 4783">
     <span class='ocr_line' id='line_1_67' title="bbox 220 4711 1884 4783; baseline 0.01 -24"><span class='ocrx_word' id='word_1_532' title='bbox 220 4711 351 4764; x_wconf 88' lang='lat' dir='ltr'><strong>nihil</strong></span> <span class='ocrx_word' id='word_1_533' title='bbox 371 4711 509 4781; x_wconf 79' lang='lat' dir='ltr'><strong>quod</strong></span> <span class='ocrx_word' id='word_1_534' title='bbox 537 4715 768 4782; x_wconf 81' lang='lat' dir='ltr'><strong>factum:</strong></span> <span class='ocrx_word' id='word_1_535' title='bbox 799 4713 901 4769; x_wconf 91' lang='lat' dir='ltr'><strong>hoc</strong></span> <span class='ocrx_word' id='word_1_536' title='bbox 928 4724 1040 4779; x_wconf 84' lang='lat' dir='ltr'><strong>est,</strong></span> <span class='ocrx_word' id='word_1_537' title='bbox 1078 4716 1156 4771; x_wconf 65' lang='lat' dir='ltr'><strong>lix</strong></span> <span class='ocrx_word' id='word_1_538' title='bbox 1188 4717 1350 4772; x_wconf 90' lang='lat' dir='ltr'><strong>rebus</strong></span> <span class='ocrx_word' id='word_1_539' title='bbox 1384 4720 1556 4783; x_wconf 87' lang='lat' dir='ltr'><strong>lactis,</strong></span> <span class='ocrx_word' id='word_1_540' title='bbox 1585 4721 1699 4775; x_wconf 85' lang='lat' dir='ltr'><strong>sive</strong></span> <span class='ocrx_word' id='word_1_541' title='bbox 1731 4723 1835 4776; x_wconf 87' lang='lat' dir='ltr'><strong>sub</strong></span> <span class='ocrx_word' id='word_1_542' title='bbox 1873 4743 1884 4751; x_wconf 82' lang='grc'><strong>·</strong></span> 
     </span>
    </p>
   </div>
   <div class='ocr_carea' id='block_1_68' title="bbox 220 4806 1836 4878">
    <p class='ocr_par' dir='ltr' id='par_1_68' title="bbox 220 4806 1836 4878">
     <span class='ocr_line' id='line_1_68' title="bbox 220 4806 1836 4878; baseline 0.008 -23"><span class='ocrx_word' id='word_1_543' title='bbox 220 4815 535 4875; x_wconf 83' lang='lat' dir='ltr'><strong>aspectum,</strong></span> <span class='ocrx_word' id='word_1_544' title='bbox 568 4806 683 4861; x_wconf 84' lang='lat' dir='ltr'><strong>sive</strong></span> <span class='ocrx_word' id='word_1_545' title='bbox 710 4807 809 4862; x_wconf 86' lang='lat' dir='ltr'><strong>sob</strong></span> <span class='ocrx_word' id='word_1_546' title='bbox 839 4809 1168 4863; x_wconf 86' lang='lat' dir='ltr'><strong>intellectum</strong></span> <span class='ocrx_word' id='word_1_547' title='bbox 1203 4819 1407 4863; x_wconf 88' lang='lat' dir='ltr'><strong>tantum</strong></span> <span class='ocrx_word' id='word_1_548' title='bbox 1435 4812 1631 4866; x_wconf 88' lang='lat' dir='ltr'><strong>cadant</strong></span> <span class='ocrx_word' id='word_1_549' title='bbox 1657 4855 1671 4878; x_wconf 91' lang='lat'><strong>,</strong></span> <span class='ocrx_word' id='word_1_550' title='bbox 1705 4815 1836 4868; x_wconf 89' lang='lat' dir='ltr'><strong>nihil</strong></span> 
     </span>
    </p>
   </div>
   <div class='ocr_carea' id='block_1_69' title="bbox 220 4897 1839 4976">
    <p class='ocr_par' dir='ltr' id='par_1_69' title="bbox 220 4897 1839 4976">
     <span class='ocr_line' id='line_1_69' title="bbox 220 4897 1839 4976; baseline 0.007 -25"><span class='ocrx_word' id='word_1_551' title='bbox 220 4898 336 4954; x_wconf 81' lang='lat' dir='ltr'><strong>sine</strong></span> <span class='ocrx_word' id='word_1_552' title='bbox 367 4897 488 4954; x_wconf 83' lang='lat' dir='ltr'><strong>Filii</strong></span> <span class='ocrx_word' id='word_1_553' title='bbox 535 4900 730 4954; x_wconf 80' lang='lat' dir='ltr'><strong>virtute</strong></span> <span class='ocrx_word' id='word_1_554' title='bbox 759 4901 1078 4970; x_wconf 83' lang='lat' dir='ltr'><strong>productum</strong></span> <span class='ocrx_word' id='word_1_555' title='bbox 1126 4915 1228 4958; x_wconf 85' lang='lat' dir='ltr'><strong>est.</strong></span> <span class='ocrx_word' id='word_1_556' title='bbox 1278 4903 1464 4974; x_wconf 83' lang='lat' dir='ltr'><strong>Neque</strong></span> <span class='ocrx_word' id='word_1_557' title='bbox 1509 4906 1652 4960; x_wconf 90' lang='lat' dir='ltr'><strong>enim</strong></span> <span class='ocrx_word' id='word_1_558' title='bbox 1697 4924 1839 4976; x_wconf 88' lang='lat' dir='ltr'><strong>pun-</strong></span> 
     </span>
    </p>
   </div>
   <div class='ocr_carea' id='block_1_70' title="bbox 223 4994 1834 5063">
    <p class='ocr_par' dir='ltr' id='par_1_70' title="bbox 223 4994 1834 5063">
     <span class='ocr_line' id='line_1_70' title="bbox 223 4994 1834 5063; baseline 0.007 -20"><span class='ocrx_word' id='word_1_559' title='bbox 223 5003 368 5046; x_wconf 79' lang='lat' dir='ltr'><strong>ctum</strong></span> <span class='ocrx_word' id='word_1_560' title='bbox 395 5008 729 5063; x_wconf 86' lang='lat' dir='ltr'><strong>apponemus</strong></span> <span class='ocrx_word' id='word_1_561' title='bbox 752 5005 874 5062; x_wconf 90' lang='lat' dir='ltr'><strong>post</strong></span> <span class='ocrx_word' id='word_1_562' title='bbox 897 4995 1049 5061; x_wconf 91' lang='lat' dir='ltr'><strong>illud,</strong></span> <span class='ocrx_word' id='word_1_563' title='bbox 1071 4994 1240 5062; x_wconf 81' lang='lat' dir='ltr'><strong>Nihil,</strong></span> <span class='ocrx_word' id='word_1_564' title='bbox 1270 5008 1322 5050; x_wconf 89' lang='lat' dir='ltr'><strong>ut</strong></span> <span class='ocrx_word' id='word_1_565' title='bbox 1345 4997 1584 5054; x_wconf 82' lang='lat' dir='ltr'><strong>lneretici</strong></span> <span class='ocrx_word' id='word_1_566' title='bbox 1611 5002 1834 5056; x_wconf 76' lang='lat' dir='ltr'><strong>faciunt.</strong></span> 
     </span>
    </p>
   </div>
   <div class='ocr_carea' id='block_1_71' title="bbox 226 5080 1838 5156">
    <p class='ocr_par' dir='ltr' id='par_1_71' title="bbox 226 5080 1838 5156">
     <span class='ocr_line' id='line_1_71' title="bbox 226 5080 1838 5156; baseline 0.008 -21"><span class='ocrx_word' id='word_1_567' title='bbox 226 5080 301 5138; x_wconf 82' lang='lat' dir='ltr'><strong>illi</strong></span> <span class='ocrx_word' id='word_1_568' title='bbox 332 5085 476 5140; x_wconf 87' lang='lat' dir='ltr'><strong>enim</strong></span> <span class='ocrx_word' id='word_1_569' title='bbox 507 5101 628 5140; x_wconf 91' lang='lat' dir='ltr'><strong>cum</strong></span> <span class='ocrx_word' id='word_1_570' title='bbox 672 5088 840 5141; x_wconf 88' lang='lat' dir='ltr'><strong>velint</strong></span> <span class='ocrx_word' id='word_1_571' title='bbox 873 5087 1131 5156; x_wconf 90' lang='lat' dir='ltr'><strong>Spiritum</strong></span> <span class='ocrx_word' id='word_1_572' title='bbox 1164 5099 1404 5144; x_wconf 87' lang='lat' dir='ltr'><strong>creatum</strong></span> <span class='ocrx_word' id='word_1_573' title='bbox 1435 5105 1558 5146; x_wconf 89' lang='lat' dir='ltr'><strong>esse</strong></span> <span class='ocrx_word' id='word_1_574' title='bbox 1581 5131 1598 5151; x_wconf 92' lang='lat'><strong>.</strong></span> <span class='ocrx_word' id='word_1_575' title='bbox 1643 5093 1713 5147; x_wconf 90' lang='lat' dir='ltr'><strong>ita</strong></span> <span class='ocrx_word' id='word_1_576' title='bbox 1761 5093 1838 5149; x_wconf 53' lang='lat' dir='ltr'><strong>le-</strong></span> 
     </span>
    </p>
   </div>
   <div class='ocr_carea' id='block_1_72' title="bbox 226 5178 1840 5251">
    <p class='ocr_par' dir='ltr' id='par_1_72' title="bbox 226 5178 1840 5251">
     <span class='ocr_line' id='line_1_72' title="bbox 226 5178 1840 5251; baseline 0.007 -22"><span class='ocrx_word' id='word_1_577' title='bbox 226 5186 355 5244; x_wconf 77' lang='lat' dir='ltr'><strong>gum</strong></span> <span class='ocrx_word' id='word_1_578' title='bbox 388 5195 401 5231; x_wconf 91' lang='lat'>:</span> <span class='ocrx_word' id='word_1_579' title='bbox 442 5178 595 5244; x_wconf 84' lang='lat' dir='ltr'><strong>Quod</strong></span> <span class='ocrx_word' id='word_1_580' title='bbox 618 5178 812 5246; x_wconf 83' lang='lat' dir='ltr'><strong>factum</strong></span> <span class='ocrx_word' id='word_1_581' title='bbox 847 5191 940 5244; x_wconf 78' lang='lat' dir='ltr'><strong>eu,</strong></span> <span class='ocrx_word' id='word_1_582' title='bbox 977 5181 1029 5233; x_wconf 86' lang='lat' dir='ltr'><strong>in</strong></span> <span class='ocrx_word' id='word_1_583' title='bbox 1059 5181 1170 5251; x_wconf 77' lang='lat' dir='ltr'><strong>ipso</strong></span> <span class='ocrx_word' id='word_1_584' title='bbox 1213 5184 1313 5235; x_wconf 81' lang='lat' dir='ltr'><strong>vita</strong></span> <span class='ocrx_word' id='word_1_585' title='bbox 1352 5193 1481 5237; x_wconf 69' lang='lat' dir='ltr'><strong>erat.</strong></span> <span class='ocrx_word' id='word_1_586' title='bbox 1517 5190 1586 5238; x_wconf 79' lang='lat' dir='ltr'><strong>At</strong></span> <span class='ocrx_word' id='word_1_587' title='bbox 1612 5186 1690 5239; x_wconf 89' lang='lat' dir='ltr'><strong>sic</strong></span> <span class='ocrx_word' id='word_1_588' title='bbox 1724 5188 1840 5242; x_wconf 74' lang='lat' dir='ltr'><strong>ltzl&#39;c</strong></span> 
     </span>
    </p>
   </div>
   <div class='ocr_carea' id='block_1_73' title="bbox 227 5269 1836 5340">
    <p class='ocr_par' dir='ltr' id='par_1_73' title="bbox 227 5269 1836 5340">
     <span class='ocr_line' id='line_1_73' title="bbox 227 5269 1836 5340; baseline 0.008 -23"><span class='ocrx_word' id='word_1_589' title='bbox 227 5269 371 5323; x_wconf 89' lang='lat' dir='ltr'><strong>nullo</strong></span> <span class='ocrx_word' id='word_1_590' title='bbox 417 5270 578 5323; x_wconf 89' lang='lat' dir='ltr'><strong>modo</strong></span> <span class='ocrx_word' id='word_1_591' title='bbox 611 5270 835 5340; x_wconf 88' lang='lat' dir='ltr'><strong>intelligi</strong></span> <span class='ocrx_word' id='word_1_592' title='bbox 883 5282 1151 5340; x_wconf 78' lang='lat' dir='ltr'><strong>paterunt.</strong></span> <span class='ocrx_word' id='word_1_593' title='bbox 1206 5273 1387 5327; x_wconf 79' lang='lat' dir='ltr'><strong>Primo</strong></span> <span class='ocrx_word' id='word_1_594' title='bbox 1430 5275 1572 5329; x_wconf 90' lang='lat' dir='ltr'><strong>enim</strong></span> <span class='ocrx_word' id='word_1_595' title='bbox 1609 5275 1696 5330; x_wconf 93' lang='lat' dir='ltr'><strong>hic</strong></span> <span class='ocrx_word' id='word_1_596' title='bbox 1730 5292 1836 5330; x_wconf 91' lang='lat' dir='ltr'><strong>non</strong></span> 
     </span>
    </p>
   </div>
   <div class='ocr_carea' id='block_1_74' title="bbox 228 5362 1835 5436">
    <p class='ocr_par' dir='ltr' id='par_1_74' title="bbox 228 5362 1835 5436">
     <span class='ocr_line' id='line_1_74' title="bbox 228 5362 1835 5436; baseline 0.008 -25"><span class='ocrx_word' id='word_1_597' title='bbox 228 5373 522 5432; x_wconf 74' lang='lat' dir='ltr'><strong>Opportuna</strong></span> <span class='ocrx_word' id='word_1_598' title='bbox 554 5362 787 5431; x_wconf 87' lang='lat' dir='ltr'><strong>Spiritus</strong></span> <span class='ocrx_word' id='word_1_599' title='bbox 814 5365 1017 5419; x_wconf 89' lang='lat' dir='ltr'><strong>mentio</strong></span> <span class='ocrx_word' id='word_1_600' title='bbox 1052 5375 1235 5420; x_wconf 87' lang='lat' dir='ltr'><strong>esset:</strong></span> <span class='ocrx_word' id='word_1_601' title='bbox 1268 5366 1410 5436; x_wconf 88' lang='lat' dir='ltr'><strong>quod</strong></span> <span class='ocrx_word' id='word_1_602' title='bbox 1449 5369 1490 5421; x_wconf 93' lang='lat' dir='ltr'><strong>si</strong></span> <span class='ocrx_word' id='word_1_603' title='bbox 1536 5369 1750 5422; x_wconf 86' lang='lat' dir='ltr'><strong>tandem</strong></span> <span class='ocrx_word' id='word_1_604' title='bbox 1785 5370 1835 5424; x_wconf 91' lang='lat' dir='ltr'><strong>id</strong></span> 
     </span>
    </p>
   </div>
   <div class='ocr_carea' id='block_1_75' title="bbox 232 5455 1836 5529">
    <p class='ocr_par' dir='ltr' id='par_1_75' title="bbox 232 5455 1836 5529">
     <span class='ocr_line' id='line_1_75' title="bbox 232 5455 1836 5529; baseline 0.005 -24"><span class='ocrx_word' id='word_1_605' title='bbox 232 5455 500 5518; x_wconf 84' lang='lat' dir='ltr'><strong>voluisset,</strong></span> <span class='ocrx_word' id='word_1_606' title='bbox 528 5469 626 5509; x_wconf 90' lang='lat' dir='ltr'><strong>cur</strong></span> <span class='ocrx_word' id='word_1_607' title='bbox 656 5465 763 5510; x_wconf 81' lang='lat' dir='ltr'><strong>tam</strong></span> <span class='ocrx_word' id='word_1_608' title='bbox 794 5456 1024 5512; x_wconf 88' lang='lat' dir='ltr'><strong>obscure</strong></span> <span class='ocrx_word' id='word_1_609' title='bbox 1052 5458 1305 5529; x_wconf 89' lang='lat' dir='ltr'><strong>loquutus</strong></span> <span class='ocrx_word' id='word_1_610' title='bbox 1324 5459 1507 5512; x_wconf 82' lang='lat' dir='ltr'><strong>esset?</strong></span> <span class='ocrx_word' id='word_1_611' title='bbox 1532 5459 1672 5513; x_wconf 90' lang='lat' dir='ltr'><strong>unde</strong></span> <span class='ocrx_word' id='word_1_612' title='bbox 1694 5460 1836 5514; x_wconf 92' lang='lat' dir='ltr'><strong>enim</strong></span> 
     </span>
    </p>
   </div>
   <div class='ocr_carea' id='block_1_76' title="bbox 230 5546 1836 5620">
    <p class='ocr_par' dir='ltr' id='par_1_76' title="bbox 230 5546 1836 5620">
     <span class='ocr_line' id='line_1_76' title="bbox 230 5546 1836 5620; baseline 0.007 -24"><span class='ocrx_word' id='word_1_613' title='bbox 230 5555 435 5599; x_wconf 82' lang='lat' dir='ltr'><strong>constat</strong></span> <span class='ocrx_word' id='word_1_614' title='bbox 478 5546 582 5600; x_wconf 85' lang='lat' dir='ltr'><strong>hoc</strong></span> <span class='ocrx_word' id='word_1_615' title='bbox 621 5549 689 5601; x_wconf 90' lang='lat' dir='ltr'><strong>de</strong></span> <span class='ocrx_word' id='word_1_616' title='bbox 717 5547 916 5615; x_wconf 88' lang='lat' dir='ltr'><strong>Spiritu</strong></span> <span class='ocrx_word' id='word_1_617' title='bbox 948 5549 1148 5603; x_wconf 88' lang='lat' dir='ltr'><strong>dictum</strong></span> <span class='ocrx_word' id='word_1_618' title='bbox 1180 5549 1338 5604; x_wconf 84' lang='lat' dir='ltr'><strong>esse?</strong></span> <span class='ocrx_word' id='word_1_619' title='bbox 1365 5551 1614 5620; x_wconf 86' lang='lat' dir='ltr'><strong>Alioquin</strong></span> <span class='ocrx_word' id='word_1_620' title='bbox 1656 5563 1836 5607; x_wconf 87' lang='lat' dir='ltr'><strong>autent</strong></span> 
     </span>
    </p>
   </div>
   <div class='ocr_carea' id='block_1_77' title="bbox 231 5637 1834 5712">
    <p class='ocr_par' dir='ltr' id='par_1_77' title="bbox 231 5637 1834 5712">
     <span class='ocr_line' id='line_1_77' title="bbox 231 5637 1834 5712; baseline 0.006 -26"><span class='ocrx_word' id='word_1_621' title='bbox 231 5637 520 5691; x_wconf 77' lang='lat' dir='ltr'><strong>secundum</strong></span> <span class='ocrx_word' id='word_1_622' title='bbox 551 5638 689 5692; x_wconf 87' lang='lat' dir='ltr'><strong>hanc</strong></span> <span class='ocrx_word' id='word_1_623' title='bbox 711 5640 908 5693; x_wconf 88' lang='lat' dir='ltr'><strong>seriem</strong></span> <span class='ocrx_word' id='word_1_624' title='bbox 937 5642 1338 5709; x_wconf 88' lang='lat' dir='ltr'><strong>compericmus</strong></span> <span class='ocrx_word' id='word_1_625' title='bbox 1359 5684 1372 5705; x_wconf 90' lang='lat'><strong>,</strong></span> <span class='ocrx_word' id='word_1_626' title='bbox 1400 5657 1505 5695; x_wconf 89' lang='lat' dir='ltr'><strong>non</strong></span> <span class='ocrx_word' id='word_1_627' title='bbox 1531 5642 1791 5712; x_wconf 89' lang='lat' dir='ltr'><strong>Spiritum</strong></span> <span class='ocrx_word' id='word_1_628' title='bbox 1820 5684 1834 5708; x_wconf 93' lang='lat'><strong>,</strong></span> 
     </span>
    </p>
   </div>
   <div class='ocr_carea' id='block_1_78' title="bbox 232 5730 1834 5805">
    <p class='ocr_par' dir='ltr' id='par_1_78' title="bbox 232 5730 1834 5805">
     <span class='ocr_line' id='line_1_78' title="bbox 232 5730 1834 5805; baseline 0.005 -23"><span class='ocrx_word' id='word_1_629' title='bbox 232 5730 316 5783; x_wconf 81' lang='lat' dir='ltr'><strong>sed</strong></span> <span class='ocrx_word' id='word_1_630' title='bbox 365 5730 539 5800; x_wconf 86' lang='lat' dir='ltr'><strong>ipsum</strong></span> <span class='ocrx_word' id='word_1_631' title='bbox 587 5730 784 5786; x_wconf 85' lang='lat' dir='ltr'><strong>Filium</strong></span> <span class='ocrx_word' id='word_1_632' title='bbox 818 5747 912 5803; x_wconf 84' lang='lat' dir='ltr'><strong>per</strong></span> <span class='ocrx_word' id='word_1_633' title='bbox 941 5733 1175 5805; x_wconf 39' lang='lat' dir='ltr'><strong>seipautn</strong></span> <span class='ocrx_word' id='word_1_634' title='bbox 1216 5733 1414 5789; x_wconf 81' lang='lat' dir='ltr'><strong>lactant</strong></span> <span class='ocrx_word' id='word_1_635' title='bbox 1459 5751 1600 5792; x_wconf 86' lang='lat' dir='ltr'><strong>esse.</strong></span> <span class='ocrx_word' id='word_1_636' title='bbox 1637 5733 1834 5791; x_wconf 85' lang='lat' dir='ltr'><strong>Verum</strong></span> 
     </span>
    </p>
   </div>
   <div class='ocr_carea' id='block_1_79' title="bbox 291 5866 983 5928">
    <p class='ocr_par' dir='ltr' id='par_1_79' title="bbox 291 5866 983 5928">
     <span class='ocr_line' id='line_1_79' title="bbox 291 5866 983 5928; baseline 0.012 -16"><span class='ocrx_word' id='word_1_637' title='bbox 291 5867 362 5928; x_wconf 68' lang='lat' dir='ltr'><strong>tu)</strong></span> <span class='ocrx_word' id='word_1_638' title='bbox 397 5866 450 5915; x_wconf 86' lang='lat' dir='ltr'><strong>ld</strong></span> <span class='ocrx_word' id='word_1_639' title='bbox 487 5875 582 5927; x_wconf 83' lang='lat' dir='ltr'><strong>est,</strong></span> <span class='ocrx_word' id='word_1_640' title='bbox 603 5866 983 5919; x_wconf 76' lang='lat' dir='ltr'><strong>ﬁrmamentum.</strong></span> 
     </span>
    </p>
   </div>
   <div class='ocr_carea' id='block_1_80' title="bbox 1955 2749 3562 2826">
    <p class='ocr_par' dir='ltr' id='par_1_80' title="bbox 1955 2749 3562 2826">
     <span class='ocr_line' id='line_1_80' title="bbox 1955 2749 3562 2826; baseline 0.007 -28"><span class='ocrx_word' id='word_1_641' title='bbox 1955 2749 2237 2816; x_wconf 70' lang='grc' dir='ltr'>τιιιιιιιιιίιυ,</span> <span class='ocrx_word' id='word_1_642' title='bbox 2269 2768 2334 2804; x_wconf 86' lang='lat' dir='ltr'><strong>ne</strong></span> <span class='ocrx_word' id='word_1_643' title='bbox 2364 2767 2459 2806; x_wconf 80' lang='lat' dir='ltr'><strong>vos</strong></span> <span class='ocrx_word' id='word_1_644' title='bbox 2491 2753 2590 2806; x_wconf 90' lang='lat' dir='ltr'><strong>hoc</strong></span> <span class='ocrx_word' id='word_1_645' title='bbox 2619 2753 2823 2809; x_wconf 88' lang='lat' dir='ltr'><strong>dictum</strong></span> <span class='ocrx_word' id='word_1_646' title='bbox 2845 2753 3094 2823; x_wconf 70' lang='lat' dir='ltr'><strong>effugiat;</strong></span> <span class='ocrx_word' id='word_1_647' title='bbox 3127 2766 3181 2809; x_wconf 89' lang='lat' dir='ltr'><strong>et</strong></span> <span class='ocrx_word' id='word_1_648' title='bbox 3204 2771 3304 2826; x_wconf 85' lang='lat' dir='ltr'><strong>age</strong></span> <span class='ocrx_word' id='word_1_649' title='bbox 3347 2755 3562 2810; x_wconf 90' lang='lat' dir='ltr'><strong>interim</strong></span> 
     </span>
    </p>
   </div>
   <div class='ocr_carea' id='block_1_81' title="bbox 1948 2841 3567 2916">
    <p class='ocr_par' dir='ltr' id='par_1_81' title="bbox 1948 2841 3567 2916">
     <span class='ocr_line' id='line_1_81' title="bbox 1948 2841 3567 2916; baseline 0.003 -23"><span class='ocrx_word' id='word_1_650' title='bbox 1948 2841 2014 2893; x_wconf 78' lang='lat' dir='ltr'><strong>ad</strong></span> <span class='ocrx_word' id='word_1_651' title='bbox 2050 2841 2257 2895; x_wconf 90' lang='lat' dir='ltr'><strong>illorum</strong></span> <span class='ocrx_word' id='word_1_652' title='bbox 2293 2860 2496 2898; x_wconf 89' lang='lat' dir='ltr'><strong>morem</strong></span> <span class='ocrx_word' id='word_1_653' title='bbox 2525 2846 2770 2915; x_wconf 82' lang='lat' dir='ltr'><strong>legamus</strong></span> <span class='ocrx_word' id='word_1_654' title='bbox 2803 2865 2816 2900; x_wconf 90' lang='lat'><strong>:</strong></span> <span class='ocrx_word' id='word_1_655' title='bbox 2849 2845 2952 2901; x_wconf 85' lang='lat' dir='ltr'><strong>hoc</strong></span> <span class='ocrx_word' id='word_1_656' title='bbox 2998 2857 3156 2916; x_wconf 90' lang='lat' dir='ltr'><strong>pacto</strong></span> <span class='ocrx_word' id='word_1_657' title='bbox 3203 2848 3347 2901; x_wconf 74' lang='lat' dir='ltr'><strong>enim</strong></span> <span class='ocrx_word' id='word_1_658' title='bbox 3394 2849 3567 2898; x_wconf 82' lang='lat' dir='ltr'><strong>mani-</strong></span> 
     </span>
    </p>
   </div>
   <div class='ocr_carea' id='block_1_82' title="bbox 1950 2933 3564 3009">
    <p class='ocr_par' dir='ltr' id='par_1_82' title="bbox 1950 2933 3564 3009">
     <span class='ocr_line' id='line_1_82' title="bbox 1950 2933 3564 3009; baseline 0.003 -25"><span class='ocrx_word' id='word_1_659' title='bbox 1950 2933 2135 2986; x_wconf 78' lang='lat' dir='ltr'><strong>festior</strong></span> <span class='ocrx_word' id='word_1_660' title='bbox 2163 2935 2266 2988; x_wconf 86' lang='lat' dir='ltr'><strong>erit</strong></span> <span class='ocrx_word' id='word_1_661' title='bbox 2295 2935 2598 2990; x_wconf 88' lang='lat' dir='ltr'><strong>absurditas</strong></span> <span class='ocrx_word' id='word_1_662' title='bbox 2629 2957 2640 2990; x_wconf 94' lang='lat'><strong>:</strong></span> <span class='ocrx_word' id='word_1_663' title='bbox 2679 2938 2829 3003; x_wconf 82' lang='lat' dir='ltr'><strong>Quod</strong></span> <span class='ocrx_word' id='word_1_664' title='bbox 2856 2942 3050 3009; x_wconf 75' lang='lat' dir='ltr'><strong>factum</strong></span> <span class='ocrx_word' id='word_1_665' title='bbox 3088 2948 3158 2992; x_wconf 81' lang='lat' dir='ltr'><strong>est</strong></span> <span class='ocrx_word' id='word_1_666' title='bbox 3186 2981 3200 3004; x_wconf 96' lang='lat'><strong>,</strong></span> <span class='ocrx_word' id='word_1_667' title='bbox 3236 2939 3287 2991; x_wconf 85' lang='lat' dir='ltr'><strong>in</strong></span> <span class='ocrx_word' id='word_1_668' title='bbox 3323 2939 3434 3008; x_wconf 71' lang='lat' dir='ltr'><strong>ipso</strong></span> <span class='ocrx_word' id='word_1_669' title='bbox 3466 2940 3564 2992; x_wconf 81' lang='lat' dir='ltr'><strong>ritu</strong></span> 
     </span>
    </p>
   </div>
   <div class='ocr_carea' id='block_1_83' title="bbox 1953 3024 3564 3098">
    <p class='ocr_par' dir='ltr' id='par_1_83' title="bbox 1953 3024 3564 3098">
     <span class='ocr_line' id='line_1_83' title="bbox 1953 3024 3564 3098; baseline 0.006 -24"><span class='ocrx_word' id='word_1_670' title='bbox 1953 3034 2080 3076; x_wconf 76' lang='lat' dir='ltr'><strong>erat.</strong></span> <span class='ocrx_word' id='word_1_671' title='bbox 2116 3024 2288 3079; x_wconf 83' lang='lat' dir='ltr'><strong>Vitam</strong></span> <span class='ocrx_word' id='word_1_672' title='bbox 2321 3025 2406 3080; x_wconf 86' lang='lat' dir='ltr'><strong>hic</strong></span> <span class='ocrx_word' id='word_1_673' title='bbox 2436 3028 2694 3095; x_wconf 81' lang='lat' dir='ltr'><strong>Spit-itum</strong></span> <span class='ocrx_word' id='word_1_674' title='bbox 2726 3030 3028 3098; x_wconf 79' lang='lat' dir='ltr'><strong>signiﬁcare</strong></span> <span class='ocrx_word' id='word_1_675' title='bbox 3059 3030 3262 3084; x_wconf 73' lang='lat' dir='ltr'><strong>dicunt.</strong></span> <span class='ocrx_word' id='word_1_676' title='bbox 3310 3028 3414 3085; x_wconf 85' lang='lat' dir='ltr'><strong>Sed</strong></span> <span class='ocrx_word' id='word_1_677' title='bbox 3457 3033 3564 3084; x_wconf 83' lang='lat' dir='ltr'><strong>vita</strong></span> 
     </span>
    </p>
   </div>
   <div class='ocr_carea' id='block_1_84' title="bbox 1949 3117 3565 3190">
    <p class='ocr_par' dir='ltr' id='par_1_84' title="bbox 1949 3117 3565 3190">
     <span class='ocr_line' id='line_1_84' title="bbox 1949 3117 3565 3190; baseline 0.001 -20"><span class='ocrx_word' id='word_1_678' title='bbox 1949 3117 2111 3170; x_wconf 89' lang='lat' dir='ltr'><strong>etiam</strong></span> <span class='ocrx_word' id='word_1_679' title='bbox 2162 3118 2247 3171; x_wconf 76' lang='lat' dir='ltr'><strong>lux</strong></span> <span class='ocrx_word' id='word_1_680' title='bbox 2299 3119 2564 3186; x_wconf 70' lang='lat' dir='ltr'><strong>appellata</strong></span> <span class='ocrx_word' id='word_1_681' title='bbox 2600 3119 2684 3173; x_wconf 88' lang='lat' dir='ltr'><strong>hic</strong></span> <span class='ocrx_word' id='word_1_682' title='bbox 2721 3122 2992 3185; x_wconf 76' lang='lat' dir='ltr'><strong>occurrit;</strong></span> <span class='ocrx_word' id='word_1_683' title='bbox 3042 3121 3258 3190; x_wconf 78' lang='lat' dir='ltr'><strong>suhjteit</strong></span> <span class='ocrx_word' id='word_1_684' title='bbox 3285 3121 3465 3183; x_wconf 83' lang='lat' dir='ltr'><strong>enim,</strong></span> <span class='ocrx_word' id='word_1_685' title='bbox 3501 3120 3565 3173; x_wconf 72' lang='lat' dir='ltr'><strong>Et</strong></span> 
     </span>
    </p>
   </div>
   <div class='ocr_carea' id='block_1_85' title="bbox 1947 3207 3562 3282">
    <p class='ocr_par' dir='ltr' id='par_1_85' title="bbox 1947 3207 3562 3282">
     <span class='ocr_line' id='line_1_85' title="bbox 1947 3207 3562 3282; baseline 0.003 -23"><span class='ocrx_word' id='word_1_686' title='bbox 1947 3207 2049 3259; x_wconf 77' lang='lat' dir='ltr'><strong>vita</strong></span> <span class='ocrx_word' id='word_1_687' title='bbox 2093 3217 2202 3260; x_wconf 80' lang='lat' dir='ltr'><strong>erat</strong></span> <span class='ocrx_word' id='word_1_688' title='bbox 2235 3207 2328 3260; x_wconf 60' lang='lat' dir='ltr'><strong>luat:</strong></span> <span class='ocrx_word' id='word_1_689' title='bbox 2359 3210 2642 3263; x_wconf 84' lang='lat' dir='ltr'><strong>hominum.</strong></span> <span class='ocrx_word' id='word_1_690' title='bbox 2677 3211 2985 3265; x_wconf 78' lang='lat' dir='ltr'><strong>Secundum</strong></span> <span class='ocrx_word' id='word_1_691' title='bbox 3039 3213 3162 3267; x_wconf 89' lang='lat' dir='ltr'><strong>illos</strong></span> <span class='ocrx_word' id='word_1_692' title='bbox 3211 3227 3340 3282; x_wconf 87' lang='lat' dir='ltr'><strong>ergo</strong></span> <span class='ocrx_word' id='word_1_693' title='bbox 3388 3212 3562 3266; x_wconf 90' lang='lat' dir='ltr'><strong>lucem</strong></span> 
     </span>
    </p>
   </div>
   <div class='ocr_carea' id='block_1_86' title="bbox 1950 3300 3562 3373">
    <p class='ocr_par' dir='ltr' id='par_1_86' title="bbox 1950 3300 3562 3373">
     <span class='ocr_line' id='line_1_86' title="bbox 1950 3300 3562 3373; baseline 0.002 -20"><span class='ocrx_word' id='word_1_694' title='bbox 1950 3300 2226 3354; x_wconf 88' lang='lat' dir='ltr'><strong>hominum</strong></span> <span class='ocrx_word' id='word_1_695' title='bbox 2262 3300 2347 3355; x_wconf 90' lang='lat' dir='ltr'><strong>hic</strong></span> <span class='ocrx_word' id='word_1_696' title='bbox 2379 3301 2640 3372; x_wconf 87' lang='lat' dir='ltr'><strong>Spiritum</strong></span> <span class='ocrx_word' id='word_1_697' title='bbox 2670 3302 2818 3357; x_wconf 78' lang='lat' dir='ltr'><strong>dicit.</strong></span> <span class='ocrx_word' id='word_1_698' title='bbox 2854 3302 2991 3370; x_wconf 86' lang='lat' dir='ltr'><strong>Quid</strong></span> <span class='ocrx_word' id='word_1_699' title='bbox 3041 3303 3240 3373; x_wconf 83' lang='lat' dir='ltr'><strong>igitur?</strong></span> <span class='ocrx_word' id='word_1_700' title='bbox 3266 3303 3401 3357; x_wconf 81' lang='lat' dir='ltr'><strong>Cum</strong></span> <span class='ocrx_word' id='word_1_701' title='bbox 3433 3305 3562 3357; x_wconf 58' lang='lat' dir='ltr'><strong>sul»</strong></span> 
     </span>
    </p>
   </div>
   <div class='ocr_carea' id='block_1_87' title="bbox 1948 3394 3566 3467">
    <p class='ocr_par' dir='ltr' id='par_1_87' title="bbox 1948 3394 3566 3467">
     <span class='ocr_line' id='line_1_87' title="bbox 1948 3394 3566 3467; baseline 0.002 -19"><span class='ocrx_word' id='word_1_702' title='bbox 1948 3395 2046 3458; x_wconf 91' lang='lat' dir='ltr'><strong>dit,</strong></span> <span class='ocrx_word' id='word_1_703' title='bbox 2077 3394 2201 3448; x_wconf 75' lang='lat' dir='ltr'><strong>Fuit</strong></span> <span class='ocrx_word' id='word_1_704' title='bbox 2231 3397 2382 3449; x_wconf 89' lang='lat' dir='ltr'><strong>homo</strong></span> <span class='ocrx_word' id='word_1_705' title='bbox 2413 3397 2596 3451; x_wconf 76' lang='lat' dir='ltr'><strong>missus</strong></span> <span class='ocrx_word' id='word_1_706' title='bbox 2627 3414 2658 3449; x_wconf 90' lang='lat' dir='ltr'><strong><em>a</em></strong></span> <span class='ocrx_word' id='word_1_707' title='bbox 2685 3396 2813 3460; x_wconf 79' lang='lat' dir='ltr'><strong>Deo,</strong></span> <span class='ocrx_word' id='word_1_708' title='bbox 2839 3407 2890 3450; x_wconf 88' lang='lat' dir='ltr'><strong>ut</strong></span> <span class='ocrx_word' id='word_1_709' title='bbox 2911 3398 3256 3451; x_wconf 74' lang='lat' dir='ltr'><strong>testimonium</strong></span> <span class='ocrx_word' id='word_1_710' title='bbox 3281 3397 3566 3467; x_wconf 68' lang='lat' dir='ltr'><strong>perhiberet</strong></span> 
     </span>
    </p>
   </div>
   <div class='ocr_carea' id='block_1_88' title="bbox 1948 3487 3563 3561">
    <p class='ocr_par' dir='ltr' id='par_1_88' title="bbox 1948 3487 3563 3561">
     <span class='ocr_line' id='line_1_88' title="bbox 1948 3487 3563 3561; baseline 0.002 -21"><span class='ocrx_word' id='word_1_711' title='bbox 1948 3487 2011 3541; x_wconf 73' lang='lat' dir='ltr'><strong>de</strong></span> <span class='ocrx_word' id='word_1_712' title='bbox 2039 3488 2252 3553; x_wconf 74' lang='lat' dir='ltr'><strong>lumine,</strong></span> <span class='ocrx_word' id='word_1_713' title='bbox 2285 3504 2509 3544; x_wconf 78' lang='lat' dir='ltr'><strong>necesse</strong></span> <span class='ocrx_word' id='word_1_714' title='bbox 2537 3500 2621 3545; x_wconf 81' lang='lat' dir='ltr'><strong>est</strong></span> <span class='ocrx_word' id='word_1_715' title='bbox 2665 3501 2720 3542; x_wconf 87' lang='lat' dir='ltr'><strong>ut</strong></span> <span class='ocrx_word' id='word_1_716' title='bbox 2746 3489 2950 3553; x_wconf 90' lang='lat' dir='ltr'><strong>dicant,</strong></span> <span class='ocrx_word' id='word_1_717' title='bbox 2986 3489 3090 3544; x_wconf 87' lang='lat' dir='ltr'><strong>ltoc</strong></span> <span class='ocrx_word' id='word_1_718' title='bbox 3120 3490 3281 3544; x_wconf 87' lang='lat' dir='ltr'><strong>etiam</strong></span> <span class='ocrx_word' id='word_1_719' title='bbox 3327 3490 3395 3544; x_wconf 88' lang='lat' dir='ltr'><strong>de</strong></span> <span class='ocrx_word' id='word_1_720' title='bbox 3438 3490 3563 3561; x_wconf 86' lang='lat' dir='ltr'><strong>Spi-</strong></span> 
     </span>
    </p>
   </div>
   <div class='ocr_carea' id='block_1_89' title="bbox 1946 3581 3562 3652">
    <p class='ocr_par' dir='ltr' id='par_1_89' title="bbox 1946 3581 3562 3652">
     <span class='ocr_line' id='line_1_89' title="bbox 1946 3581 3562 3652; baseline 0 -16"><span class='ocrx_word' id='word_1_721' title='bbox 1946 3582 2051 3636; x_wconf 87' lang='lat' dir='ltr'><strong>ritu</strong></span> <span class='ocrx_word' id='word_1_722' title='bbox 2099 3583 2345 3651; x_wconf 74' lang='lat' dir='ltr'><strong>prolcrri.</strong></span> <span class='ocrx_word' id='word_1_723' title='bbox 2396 3582 2532 3636; x_wconf 83' lang='lat' dir='ltr'><strong>Eum</strong></span> <span class='ocrx_word' id='word_1_724' title='bbox 2578 3584 2721 3637; x_wconf 89' lang='lat' dir='ltr'><strong>enim</strong></span> <span class='ocrx_word' id='word_1_725' title='bbox 2753 3598 2911 3652; x_wconf 88' lang='lat' dir='ltr'><strong>quem</strong></span> <span class='ocrx_word' id='word_1_726' title='bbox 2944 3597 3106 3651; x_wconf 89' lang='lat' dir='ltr'><strong>supra</strong></span> <span class='ocrx_word' id='word_1_727' title='bbox 3137 3581 3372 3636; x_wconf 83' lang='lat' dir='ltr'><strong>Verbum</strong></span> <span class='ocrx_word' id='word_1_728' title='bbox 3402 3582 3562 3650; x_wconf 74' lang='lat' dir='ltr'><strong>dixit,</strong></span> 
     </span>
    </p>
   </div>
   <div class='ocr_carea' id='block_1_90' title="bbox 1948 3673 3566 3743">
    <p class='ocr_par' dir='ltr' id='par_1_90' title="bbox 1948 3673 3566 3743">
     <span class='ocr_line' id='line_1_90' title="bbox 1948 3673 3566 3743; baseline -0.001 -15"><span class='ocrx_word' id='word_1_729' title='bbox 1948 3675 1998 3728; x_wconf 89' lang='lat' dir='ltr'><strong>in</strong></span> <span class='ocrx_word' id='word_1_730' title='bbox 2030 3675 2378 3743; x_wconf 87' lang='lat' dir='ltr'><strong>sequentibus</strong></span> <span class='ocrx_word' id='word_1_731' title='bbox 2413 3676 2601 3738; x_wconf 82' lang='lat' dir='ltr'><strong>Deum,</strong></span> <span class='ocrx_word' id='word_1_732' title='bbox 2635 3677 2821 3738; x_wconf 86' lang='lat' dir='ltr'><strong>vitam,</strong></span> <span class='ocrx_word' id='word_1_733' title='bbox 2853 3686 2905 3729; x_wconf 92' lang='lat' dir='ltr'><strong>et</strong></span> <span class='ocrx_word' id='word_1_734' title='bbox 2935 3676 3110 3729; x_wconf 88' lang='lat' dir='ltr'><strong>lucem</strong></span> <span class='ocrx_word' id='word_1_735' title='bbox 3140 3676 3402 3728; x_wconf 87' lang='lat' dir='ltr'><strong>nominat.</strong></span> <span class='ocrx_word' id='word_1_736' title='bbox 3453 3673 3566 3728; x_wconf 77' lang='lat' dir='ltr'><strong>Vita</strong></span> 
     </span>
    </p>
   </div>
   <div class='ocr_carea' id='block_1_91' title="bbox 1945 3765 3562 3836">
    <p class='ocr_par' dir='ltr' id='par_1_91' title="bbox 1945 3765 3562 3836">
     <span class='ocr_line' id='line_1_91' title="bbox 1945 3765 3562 3836; baseline 0.001 -16"><span class='ocrx_word' id='word_1_737' title='bbox 1945 3775 2074 3830; x_wconf 81' lang='lat' dir='ltr'><strong>erat,</strong></span> <span class='ocrx_word' id='word_1_738' title='bbox 2111 3768 2303 3836; x_wconf 88' lang='lat' dir='ltr'><strong>inquit,</strong></span> <span class='ocrx_word' id='word_1_739' title='bbox 2339 3766 2440 3821; x_wconf 89' lang='lat' dir='ltr'><strong>hoc</strong></span> <span class='ocrx_word' id='word_1_740' title='bbox 2469 3765 2705 3821; x_wconf 80' lang='lat' dir='ltr'><strong>Verbum</strong></span> <span class='ocrx_word' id='word_1_741' title='bbox 2731 3805 2748 3833; x_wconf 91' lang='lat'><strong>,</strong></span> <span class='ocrx_word' id='word_1_742' title='bbox 2794 3777 2848 3821; x_wconf 89' lang='lat' dir='ltr'><strong>et</strong></span> <span class='ocrx_word' id='word_1_743' title='bbox 2878 3765 2993 3821; x_wconf 75' lang='lat' dir='ltr'><strong>ltzrc</strong></span> <span class='ocrx_word' id='word_1_744' title='bbox 3021 3767 3133 3836; x_wconf 88' lang='lat' dir='ltr'><strong>ipsa</strong></span> <span class='ocrx_word' id='word_1_745' title='bbox 3169 3767 3271 3820; x_wconf 82' lang='lat' dir='ltr'><strong>vita</strong></span> <span class='ocrx_word' id='word_1_746' title='bbox 3304 3767 3391 3819; x_wconf 74' lang='lat' dir='ltr'><strong>lux</strong></span> <span class='ocrx_word' id='word_1_747' title='bbox 3423 3776 3562 3821; x_wconf 87' lang='lat' dir='ltr'><strong>erat.</strong></span> 
     </span>
    </p>
   </div>
   <div class='ocr_carea' id='block_1_92' title="bbox 1947 3859 3564 3929">
    <p class='ocr_par' dir='ltr' id='par_1_92' title="bbox 1947 3859 3564 3929">
     <span class='ocr_line' id='line_1_92' title="bbox 1947 3859 3564 3929; baseline -0.001 -16"><span class='ocrx_word' id='word_1_748' title='bbox 1947 3859 2002 3914; x_wconf 85' lang='lat' dir='ltr'><strong>Si</strong></span> <span class='ocrx_word' id='word_1_749' title='bbox 2054 3862 2232 3929; x_wconf 86' lang='lat' dir='ltr'><strong>itaque</strong></span> <span class='ocrx_word' id='word_1_750' title='bbox 2279 3860 2512 3914; x_wconf 84' lang='lat' dir='ltr'><strong>Verbum</strong></span> <span class='ocrx_word' id='word_1_751' title='bbox 2560 3859 2666 3914; x_wconf 87' lang='lat' dir='ltr'><strong>vita</strong></span> <span class='ocrx_word' id='word_1_752' title='bbox 2711 3868 2830 3916; x_wconf 88' lang='lat' dir='ltr'><strong>crat</strong></span> <span class='ocrx_word' id='word_1_753' title='bbox 2859 3877 2872 3924; x_wconf 88' lang='lat'><strong>;</strong></span> <span class='ocrx_word' id='word_1_754' title='bbox 2907 3859 3140 3915; x_wconf 88' lang='lat' dir='ltr'><strong>Vcrbmn</strong></span> <span class='ocrx_word' id='word_1_755' title='bbox 3173 3870 3351 3914; x_wconf 88' lang='lat' dir='ltr'><strong>autem</strong></span> <span class='ocrx_word' id='word_1_756' title='bbox 3375 3901 3388 3921; x_wconf 87' lang='lat'><strong>,</strong></span> <span class='ocrx_word' id='word_1_757' title='bbox 3421 3860 3564 3927; x_wconf 91' lang='lat' dir='ltr'><strong>quod</strong></span> 
     </span>
    </p>
   </div>
   <div class='ocr_carea' id='block_1_93' title="bbox 1949 3949 3568 4015">
    <p class='ocr_par' dir='ltr' id='par_1_93' title="bbox 1949 3949 3568 4015">
     <span class='ocr_line' id='line_1_93' title="bbox 1949 3949 3568 4015; baseline -0.001 -10"><span class='ocrx_word' id='word_1_758' title='bbox 1949 3961 2031 4005; x_wconf 90' lang='lat' dir='ltr'><strong>est</strong></span> <span class='ocrx_word' id='word_1_759' title='bbox 2065 3951 2170 4004; x_wconf 87' lang='lat' dir='ltr'><strong>vita</strong></span> <span class='ocrx_word' id='word_1_760' title='bbox 2205 3953 2219 3982; x_wconf 85' lang='grc'>¹</span> <span class='ocrx_word' id='word_1_761' title='bbox 2248 3992 2262 4015; x_wconf 85' lang='grc'><strong><em>,</em></strong></span> <span class='ocrx_word' id='word_1_762' title='bbox 2295 3966 2424 4005; x_wconf 86' lang='lat' dir='ltr'><strong>caro</strong></span> <span class='ocrx_word' id='word_1_763' title='bbox 2469 3950 2666 4006; x_wconf 82' lang='lat' dir='ltr'><strong>factum</strong></span> <span class='ocrx_word' id='word_1_764' title='bbox 2694 3959 2820 4006; x_wconf 70' lang='lat' dir='ltr'><strong>est:</strong></span> <span class='ocrx_word' id='word_1_765' title='bbox 2851 3951 2955 4004; x_wconf 78' lang='lat' dir='ltr'><strong>vita</strong></span> <span class='ocrx_word' id='word_1_766' title='bbox 2984 3966 3110 4005; x_wconf 91' lang='lat' dir='ltr'><strong>caro</strong></span> <span class='ocrx_word' id='word_1_767' title='bbox 3141 3949 3279 4005; x_wconf 79' lang='lat' dir='ltr'><strong>facta</strong></span> <span class='ocrx_word' id='word_1_768' title='bbox 3311 3961 3426 4014; x_wconf 84' lang='lat' dir='ltr'><strong>est,</strong></span> <span class='ocrx_word' id='word_1_769' title='bbox 3464 3951 3568 4005; x_wconf 86' lang='lat' dir='ltr'><strong>hoc</strong></span> 
     </span>
    </p>
   </div>
   <div class='ocr_carea' id='block_1_94' title="bbox 1945 4043 3566 4116">
    <p class='ocr_par' dir='ltr' id='par_1_94' title="bbox 1945 4043 3566 4116">
     <span class='ocr_line' id='line_1_94' title="bbox 1945 4043 3566 4116; baseline -0.001 -17"><span class='ocrx_word' id='word_1_770' title='bbox 1945 4053 2050 4106; x_wconf 76' lang='lat' dir='ltr'><strong>est,</strong></span> <span class='ocrx_word' id='word_1_771' title='bbox 2083 4043 2315 4098; x_wconf 85' lang='lat' dir='ltr'><strong>Verbum</strong></span> <span class='ocrx_word' id='word_1_772' title='bbox 2339 4061 2354 4108; x_wconf 89' lang='lat'><strong>;</strong></span> <span class='ocrx_word' id='word_1_773' title='bbox 2382 4055 2430 4098; x_wconf 90' lang='lat' dir='ltr'><strong>et</strong></span> <span class='ocrx_word' id='word_1_774' title='bbox 2463 4045 2580 4112; x_wconf 77' lang='lat' dir='ltr'><strong>ejus</strong></span> <span class='ocrx_word' id='word_1_775' title='bbox 2618 4044 2846 4116; x_wconf 81' lang='lat' dir='ltr'><strong>gloriam</strong></span> <span class='ocrx_word' id='word_1_776' title='bbox 2881 4044 3114 4099; x_wconf 78' lang='lat' dir='ltr'><strong>vidimus</strong></span> <span class='ocrx_word' id='word_1_777' title='bbox 3135 4087 3150 4111; x_wconf 91' lang='lat'><strong>,</strong></span> <span class='ocrx_word' id='word_1_778' title='bbox 3184 4047 3337 4115; x_wconf 86' lang='lat' dir='ltr'><strong>quasi</strong></span> <span class='ocrx_word' id='word_1_779' title='bbox 3368 4044 3566 4115; x_wconf 86' lang='lat' dir='ltr'><strong>Unige-</strong></span> 
     </span>
    </p>
   </div>
   <div class='ocr_carea' id='block_1_95' title="bbox 1946 4133 3566 4205">
    <p class='ocr_par' dir='ltr' id='par_1_95' title="bbox 1946 4133 3566 4205">
     <span class='ocr_line' id='line_1_95' title="bbox 1946 4133 3566 4205; baseline -0.001 -18"><span class='ocrx_word' id='word_1_780' title='bbox 1946 4135 2040 4187; x_wconf 90' lang='lat' dir='ltr'><strong>niti</strong></span> <span class='ocrx_word' id='word_1_781' title='bbox 2064 4151 2091 4187; x_wconf 90' lang='lat' dir='ltr'><strong>a</strong></span> <span class='ocrx_word' id='word_1_782' title='bbox 2120 4134 2300 4188; x_wconf 79' lang='lat' dir='ltr'><strong>Patre.</strong></span> <span class='ocrx_word' id='word_1_783' title='bbox 2332 4134 2386 4187; x_wconf 85' lang='lat' dir='ltr'><strong>Si</strong></span> <span class='ocrx_word' id='word_1_784' title='bbox 2412 4149 2543 4203; x_wconf 83' lang='lat' dir='ltr'><strong>ergo</strong></span> <span class='ocrx_word' id='word_1_785' title='bbox 2569 4134 2746 4189; x_wconf 88' lang='lat' dir='ltr'><strong>dicant</strong></span> <span class='ocrx_word' id='word_1_786' title='bbox 2774 4133 3033 4205; x_wconf 85' lang='lat' dir='ltr'><strong>Spiritum</strong></span> <span class='ocrx_word' id='word_1_787' title='bbox 3060 4133 3146 4189; x_wconf 89' lang='lat' dir='ltr'><strong>hic</strong></span> <span class='ocrx_word' id='word_1_788' title='bbox 3169 4136 3331 4187; x_wconf 84' lang='lat' dir='ltr'><strong>vitam</strong></span> <span class='ocrx_word' id='word_1_789' title='bbox 3361 4136 3566 4201; x_wconf 86' lang='lat' dir='ltr'><strong>vocari,</strong></span> 
     </span>
    </p>
   </div>
   <div class='ocr_carea' id='block_1_96' title="bbox 1946 4228 3567 4300">
    <p class='ocr_par' dir='ltr' id='par_1_96' title="bbox 1946 4228 3567 4300">
     <span class='ocr_line' id='line_1_96' title="bbox 1946 4228 3567 4300; baseline 0 -18"><span class='ocrx_word' id='word_1_790' title='bbox 1946 4228 2069 4282; x_wconf 85' lang='lat' dir='ltr'><strong>vide</strong></span> <span class='ocrx_word' id='word_1_791' title='bbox 2098 4239 2296 4298; x_wconf 87' lang='lat' dir='ltr'><strong>quanta</strong></span> <span class='ocrx_word' id='word_1_792' title='bbox 2328 4229 2560 4283; x_wconf 88' lang='lat' dir='ltr'><strong>absurda</strong></span> <span class='ocrx_word' id='word_1_793' title='bbox 2592 4239 2912 4300; x_wconf 87' lang='lat' dir='ltr'><strong>sequantur.</strong></span> <span class='ocrx_word' id='word_1_794' title='bbox 2948 4228 3182 4299; x_wconf 90' lang='lat' dir='ltr'><strong>Spiritus</strong></span> <span class='ocrx_word' id='word_1_795' title='bbox 3212 4229 3356 4283; x_wconf 90' lang='lat' dir='ltr'><strong>enim</strong></span> <span class='ocrx_word' id='word_1_796' title='bbox 3392 4228 3567 4283; x_wconf 82' lang='lat' dir='ltr'><strong>incar-</strong></span> 
     </span>
    </p>
   </div>
   <div class='ocr_carea' id='block_1_97' title="bbox 1947 4319 3568 4390">
    <p class='ocr_par' dir='ltr' id='par_1_97' title="bbox 1947 4319 3568 4390">
     <span class='ocr_line' id='line_1_97' title="bbox 1947 4319 3568 4390; baseline 0.001 -18"><span class='ocrx_word' id='word_1_797' title='bbox 1947 4330 2106 4373; x_wconf 89' lang='lat' dir='ltr'><strong>natus</strong></span> <span class='ocrx_word' id='word_1_798' title='bbox 2147 4319 2350 4386; x_wconf 85' lang='lat' dir='ltr'><strong>l&#39;nerit,</strong></span> <span class='ocrx_word' id='word_1_799' title='bbox 2403 4335 2508 4373; x_wconf 90' lang='lat' dir='ltr'><strong>non</strong></span> <span class='ocrx_word' id='word_1_800' title='bbox 2561 4319 2728 4373; x_wconf 86' lang='lat' dir='ltr'><strong>Filius</strong></span> <span class='ocrx_word' id='word_1_801' title='bbox 2766 4339 2778 4372; x_wconf 88' lang='lat'><strong>:</strong></span> <span class='ocrx_word' id='word_1_802' title='bbox 2811 4320 3048 4387; x_wconf 86' lang='lat' dir='ltr'><strong>Spiritus</strong></span> <span class='ocrx_word' id='word_1_803' title='bbox 3098 4320 3204 4373; x_wconf 90' lang='lat' dir='ltr'><strong>erit</strong></span> <span class='ocrx_word' id='word_1_804' title='bbox 3259 4320 3568 4390; x_wconf 83' lang='lat' dir='ltr'><strong>unigenitns</strong></span> 
     </span>
    </p>
   </div>
   <div class='ocr_carea' id='block_1_98' title="bbox 1947 4411 3567 4482">
    <p class='ocr_par' dir='ltr' id='par_1_98' title="bbox 1947 4411 3567 4482">
     <span class='ocr_line' id='line_1_98' title="bbox 1947 4411 3567 4482; baseline 0.001 -18"><span class='ocrx_word' id='word_1_805' title='bbox 1947 4411 2134 4465; x_wconf 79' lang='lat' dir='ltr'><strong>Filius.</strong></span> <span class='ocrx_word' id='word_1_806' title='bbox 2170 4411 2225 4466; x_wconf 92' lang='lat' dir='ltr'><strong>Si</strong></span> <span class='ocrx_word' id='word_1_807' title='bbox 2261 4430 2366 4466; x_wconf 90' lang='lat' dir='ltr'><strong>non</strong></span> <span class='ocrx_word' id='word_1_808' title='bbox 2401 4414 2470 4466; x_wconf 88' lang='lat' dir='ltr'><strong>ita</strong></span> <span class='ocrx_word' id='word_1_809' title='bbox 2504 4428 2591 4466; x_wconf 90' lang='lat' dir='ltr'><strong>res</strong></span> <span class='ocrx_word' id='word_1_810' title='bbox 2623 4411 2809 4476; x_wconf 82' lang='lat' dir='ltr'><strong>fuerit,</strong></span> <span class='ocrx_word' id='word_1_811' title='bbox 2858 4412 2987 4466; x_wconf 88' lang='lat' dir='ltr'><strong>dum</strong></span> <span class='ocrx_word' id='word_1_812' title='bbox 3037 4411 3141 4466; x_wconf 89' lang='lat' dir='ltr'><strong>hoc</strong></span> <span class='ocrx_word' id='word_1_813' title='bbox 3187 4411 3465 4482; x_wconf 70' lang='lat' dir='ltr'><strong>ell‘ugicnt,</strong></span> <span class='ocrx_word' id='word_1_814' title='bbox 3514 4413 3567 4466; x_wconf 92' lang='lat' dir='ltr'><strong>in</strong></span> 
     </span>
    </p>
   </div>
   <div class='ocr_carea' id='block_1_99' title="bbox 1945 4504 3565 4574">
    <p class='ocr_par' dir='ltr' id='par_1_99' title="bbox 1945 4504 3565 4574">
     <span class='ocr_line' id='line_1_99' title="bbox 1945 4504 3565 4574; baseline 0.001 -17"><span class='ocrx_word' id='word_1_815' title='bbox 1945 4505 2090 4557; x_wconf 89' lang='lat' dir='ltr'><strong>aliud</strong></span> <span class='ocrx_word' id='word_1_816' title='bbox 2139 4505 2299 4574; x_wconf 86' lang='lat' dir='ltr'><strong>longe</strong></span> <span class='ocrx_word' id='word_1_817' title='bbox 2343 4505 2632 4558; x_wconf 86' lang='lat' dir='ltr'><strong>absurdius</strong></span> <span class='ocrx_word' id='word_1_818' title='bbox 2666 4504 2905 4558; x_wconf 90' lang='lat' dir='ltr'><strong>incident</strong></span> <span class='ocrx_word' id='word_1_819' title='bbox 2950 4506 3020 4558; x_wconf 81' lang='lat' dir='ltr'><strong>ita</strong></span> <span class='ocrx_word' id='word_1_820' title='bbox 3053 4505 3313 4574; x_wconf 86' lang='lat' dir='ltr'><strong>legentes.</strong></span> <span class='ocrx_word' id='word_1_821' title='bbox 3347 4504 3478 4560; x_wconf 86' lang='lat' dir='ltr'><strong>Nam</strong></span> <span class='ocrx_word' id='word_1_822' title='bbox 3522 4507 3565 4559; x_wconf 91' lang='lat' dir='ltr'><strong>si</strong></span> 
     </span>
    </p>
   </div>
   <div class='ocr_carea' id='block_1_100' title="bbox 1945 4595 3572 4667">
    <p class='ocr_par' dir='ltr' id='par_1_100' title="bbox 1945 4595 3572 4667">
     <span class='ocr_line' id='line_1_100' title="bbox 1945 4595 3572 4667; baseline 0.001 -17"><span class='ocrx_word' id='word_1_823' title='bbox 1945 4597 2304 4650; x_wconf 88' lang='lat' dir='ltr'><strong>conliteantnr</strong></span> <span class='ocrx_word' id='word_1_824' title='bbox 2333 4595 2458 4648; x_wconf 73' lang='lat' dir='ltr'><strong>illud</strong></span> <span class='ocrx_word' id='word_1_825' title='bbox 2493 4595 2560 4648; x_wconf 89' lang='lat' dir='ltr'><strong>de</strong></span> <span class='ocrx_word' id='word_1_826' title='bbox 2591 4595 2730 4650; x_wconf 85' lang='lat' dir='ltr'><strong>Filio</strong></span> <span class='ocrx_word' id='word_1_827' title='bbox 2760 4595 2963 4650; x_wconf 90' lang='lat' dir='ltr'><strong>dictmu</strong></span> <span class='ocrx_word' id='word_1_828' title='bbox 2997 4610 3152 4662; x_wconf 87' lang='lat' dir='ltr'><strong>esse,</strong></span> <span class='ocrx_word' id='word_1_829' title='bbox 3184 4613 3358 4667; x_wconf 88' lang='lat' dir='ltr'><strong>neque</strong></span> <span class='ocrx_word' id='word_1_830' title='bbox 3404 4598 3572 4652; x_wconf 90' lang='lat' dir='ltr'><strong>inter-</strong></span> 
     </span>
    </p>
   </div>
   <div class='ocr_carea' id='block_1_101' title="bbox 1945 4688 3566 4761">
    <p class='ocr_par' dir='ltr' id='par_1_101' title="bbox 1945 4688 3566 4761">
     <span class='ocr_line' id='line_1_101' title="bbox 1945 4688 3566 4761; baseline 0.002 -22"><span class='ocrx_word' id='word_1_831' title='bbox 1945 4698 2206 4757; x_wconf 87' lang='lat' dir='ltr'><strong>pongant,</strong></span> <span class='ocrx_word' id='word_1_832' title='bbox 2239 4703 2340 4743; x_wconf 91' lang='lat' dir='ltr'><strong>nec</strong></span> <span class='ocrx_word' id='word_1_833' title='bbox 2368 4689 2551 4761; x_wconf 86' lang='lat' dir='ltr'><strong>legant</strong></span> <span class='ocrx_word' id='word_1_834' title='bbox 2581 4695 2640 4741; x_wconf 91' lang='lat' dir='ltr'><strong>ut</strong></span> <span class='ocrx_word' id='word_1_835' title='bbox 2670 4705 2767 4742; x_wconf 91' lang='lat' dir='ltr'><strong>nos</strong></span> <span class='ocrx_word' id='word_1_836' title='bbox 2797 4689 3026 4758; x_wconf 87' lang='lat' dir='ltr'><strong>legimus</strong></span> <span class='ocrx_word' id='word_1_837' title='bbox 3047 4731 3062 4756; x_wconf 93' lang='lat'><strong>,</strong></span> <span class='ocrx_word' id='word_1_838' title='bbox 3104 4690 3278 4758; x_wconf 85' lang='lat' dir='ltr'><strong>ipsum</strong></span> <span class='ocrx_word' id='word_1_839' title='bbox 3310 4688 3504 4744; x_wconf 88' lang='lat' dir='ltr'><strong>Filium</strong></span> <span class='ocrx_word' id='word_1_840' title='bbox 3538 4708 3566 4742; x_wconf 83' lang='lat' dir='ltr'><strong>a</strong></span> 
     </span>
    </p>
   </div>
   <div class='ocr_carea' id='block_1_102' title="bbox 1945 4781 3571 4853">
    <p class='ocr_par' dir='ltr' id='par_1_102' title="bbox 1945 4781 3571 4853">
     <span class='ocr_line' id='line_1_102' title="bbox 1945 4781 3571 4853; baseline 0.001 -19"><span class='ocrx_word' id='word_1_841' title='bbox 1945 4781 2126 4851; x_wconf 85' lang='lat' dir='ltr'><strong>seipso</strong></span> <span class='ocrx_word' id='word_1_842' title='bbox 2176 4782 2373 4835; x_wconf 78' lang='lat' dir='ltr'><strong>factum</strong></span> <span class='ocrx_word' id='word_1_843' title='bbox 2417 4797 2540 4838; x_wconf 89' lang='lat' dir='ltr'><strong>esse</strong></span> <span class='ocrx_word' id='word_1_844' title='bbox 2579 4783 2761 4837; x_wconf 88' lang='lat' dir='ltr'><strong>dicant</strong></span> <span class='ocrx_word' id='word_1_845' title='bbox 2801 4791 3038 4853; x_wconf 88' lang='lat' dir='ltr'><strong>oportet.</strong></span> <span class='ocrx_word' id='word_1_846' title='bbox 3073 4783 3128 4836; x_wconf 88' lang='lat' dir='ltr'><strong>Si</strong></span> <span class='ocrx_word' id='word_1_847' title='bbox 3153 4784 3298 4837; x_wconf 87' lang='lat' dir='ltr'><strong>enim</strong></span> <span class='ocrx_word' id='word_1_848' title='bbox 3329 4782 3571 4837; x_wconf 86' lang='lat' dir='ltr'><strong>Verbum</strong></span> 
     </span>
    </p>
   </div>
   <div class='ocr_carea' id='block_1_103' title="bbox 1948 4873 3566 4947">
    <p class='ocr_par' dir='ltr' id='par_1_103' title="bbox 1948 4873 3566 4947">
     <span class='ocr_line' id='line_1_103' title="bbox 1948 4873 3566 4947; baseline 0.002 -23"><span class='ocrx_word' id='word_1_849' title='bbox 1948 4873 2052 4927; x_wconf 85' lang='lat' dir='ltr'><strong>vita</strong></span> <span class='ocrx_word' id='word_1_850' title='bbox 2075 4883 2226 4938; x_wconf 84' lang='lat' dir='ltr'><strong>erat;</strong></span> <span class='ocrx_word' id='word_1_851' title='bbox 2259 4875 2303 4928; x_wconf 89' lang='lat' dir='ltr'><strong>si</strong></span> <span class='ocrx_word' id='word_1_852' title='bbox 2343 4874 2488 4946; x_wconf 86' lang='lat' dir='ltr'><strong>quod</strong></span> <span class='ocrx_word' id='word_1_853' title='bbox 2521 4875 2719 4930; x_wconf 80' lang='lat' dir='ltr'><strong>laetum</strong></span> <span class='ocrx_word' id='word_1_854' title='bbox 2754 4888 2871 4941; x_wconf 90' lang='lat' dir='ltr'><strong>est,</strong></span> <span class='ocrx_word' id='word_1_855' title='bbox 2905 4878 2956 4931; x_wconf 91' lang='lat' dir='ltr'><strong>in</strong></span> <span class='ocrx_word' id='word_1_856' title='bbox 2996 4877 3113 4947; x_wconf 88' lang='lat' dir='ltr'><strong>ipso</strong></span> <span class='ocrx_word' id='word_1_857' title='bbox 3145 4877 3249 4930; x_wconf 90' lang='lat' dir='ltr'><strong>vita</strong></span> <span class='ocrx_word' id='word_1_858' title='bbox 3284 4886 3441 4931; x_wconf 91' lang='lat' dir='ltr'><strong>erat:</strong></span> <span class='ocrx_word' id='word_1_859' title='bbox 3479 4876 3566 4944; x_wconf 77' lang='lat' dir='ltr'><strong>ip-</strong></span> 
     </span>
    </p>
   </div>
   <div class='ocr_carea' id='block_1_104' title="bbox 1945 4969 3574 5040">
    <p class='ocr_par' dir='ltr' id='par_1_104' title="bbox 1945 4969 3574 5040">
     <span class='ocr_line' id='line_1_104' title="bbox 1945 4969 3574 5040; baseline 0.002 -20"><span class='ocrx_word' id='word_1_860' title='bbox 1945 4984 2067 5022; x_wconf 89' lang='lat' dir='ltr'><strong>sum</strong></span> <span class='ocrx_word' id='word_1_861' title='bbox 2095 4969 2147 5022; x_wconf 91' lang='lat' dir='ltr'><strong>in</strong></span> <span class='ocrx_word' id='word_1_862' title='bbox 2177 4969 2359 5038; x_wconf 85' lang='lat' dir='ltr'><strong>seipso</strong></span> <span class='ocrx_word' id='word_1_863' title='bbox 2399 4981 2455 5025; x_wconf 87' lang='lat' dir='ltr'><strong>et</strong></span> <span class='ocrx_word' id='word_1_864' title='bbox 2504 4986 2602 5040; x_wconf 85' lang='lat' dir='ltr'><strong>per</strong></span> <span class='ocrx_word' id='word_1_865' title='bbox 2641 4971 2883 5040; x_wconf 87' lang='lat' dir='ltr'><strong>seipsum</strong></span> <span class='ocrx_word' id='word_1_866' title='bbox 2922 4971 3117 5025; x_wconf 79' lang='lat' dir='ltr'><strong>factum</strong></span> <span class='ocrx_word' id='word_1_867' title='bbox 3149 4981 3230 5025; x_wconf 83' lang='lat' dir='ltr'><strong>est</strong></span> <span class='ocrx_word' id='word_1_868' title='bbox 3272 4970 3574 5024; x_wconf 86' lang='lat' dir='ltr'><strong>secundum</strong></span> 
     </span>
    </p>
   </div>
   <div class='ocr_carea' id='block_1_105' title="bbox 1947 5060 3570 5135">
    <p class='ocr_par' dir='ltr' id='par_1_105' title="bbox 1947 5060 3570 5135">
     <span class='ocr_line' id='line_1_105' title="bbox 1947 5060 3570 5135; baseline 0.001 -21"><span class='ocrx_word' id='word_1_869' title='bbox 1947 5060 2087 5116; x_wconf 81' lang='lat' dir='ltr'><strong>lianc</strong></span> <span class='ocrx_word' id='word_1_870' title='bbox 2117 5062 2426 5118; x_wconf 89' lang='lat' dir='ltr'><strong>lectionem.</strong></span> <span class='ocrx_word' id='word_1_871' title='bbox 2457 5063 2663 5119; x_wconf 86' lang='lat' dir='ltr'><strong>Deinde</strong></span> <span class='ocrx_word' id='word_1_872' title='bbox 2703 5064 3030 5134; x_wconf 75' lang='lat' dir='ltr'><strong>quibusdam</strong></span> <span class='ocrx_word' id='word_1_873' title='bbox 3068 5065 3403 5134; x_wconf 89' lang='lat' dir='ltr'><strong>interpositis</strong></span> <span class='ocrx_word' id='word_1_874' title='bbox 3430 5066 3570 5135; x_wconf 64' lang='lat' dir='ltr'><strong>adli-</strong></span> 
     </span>
    </p>
   </div>
   <div class='ocr_carea' id='block_1_106' title="bbox 1945 5151 3576 5228">
    <p class='ocr_par' dir='ltr' id='par_1_106' title="bbox 1945 5151 3576 5228">
     <span class='ocr_line' id='line_1_106' title="bbox 1945 5151 3576 5228; baseline 0.004 -23"><span class='ocrx_word' id='word_1_875' title='bbox 1945 5153 2015 5206; x_wconf 88' lang='lat' dir='ltr'><strong>cit</strong></span> <span class='ocrx_word' id='word_1_876' title='bbox 2043 5172 2055 5210; x_wconf 89' lang='lat'><strong>:</strong></span> <span class='ocrx_word' id='word_1_877' title='bbox 2090 5151 2156 5206; x_wconf 82' lang='lat' dir='ltr'><strong>Et</strong></span> <span class='ocrx_word' id='word_1_878' title='bbox 2183 5155 2402 5209; x_wconf 77' lang='lat' dir='ltr'><strong>vidium</strong></span> <span class='ocrx_word' id='word_1_879' title='bbox 2444 5155 2664 5226; x_wconf 79' lang='lat' dir='ltr'><strong>gloriam</strong></span> <span class='ocrx_word' id='word_1_880' title='bbox 2691 5158 2801 5226; x_wconf 80' lang='lat' dir='ltr'><strong>ejus</strong></span> <span class='ocrx_word' id='word_1_881' title='bbox 2825 5198 2838 5221; x_wconf 93' lang='lat'><strong>,</strong></span> <span class='ocrx_word' id='word_1_882' title='bbox 2877 5155 3097 5227; x_wconf 80' lang='lat' dir='ltr'><strong>gloriam</strong></span> <span class='ocrx_word' id='word_1_883' title='bbox 3129 5159 3276 5227; x_wconf 68' lang='lat' dir='ltr'><strong>quasi</strong></span> <span class='ocrx_word' id='word_1_884' title='bbox 3310 5157 3576 5228; x_wconf 78' lang='lat' dir='ltr'><strong>Ilnigeititi</strong></span> 
     </span>
    </p>
   </div>
   <div class='ocr_carea' id='block_1_107' title="bbox 1945 5245 3579 5320">
    <p class='ocr_par' dir='ltr' id='par_1_107' title="bbox 1945 5245 3579 5320">
     <span class='ocr_line' id='line_1_107' title="bbox 1945 5245 3579 5320; baseline 0.004 -22"><span class='ocrx_word' id='word_1_885' title='bbox 1945 5263 1977 5298; x_wconf 89' lang='lat' dir='ltr'><strong>a</strong></span> <span class='ocrx_word' id='word_1_886' title='bbox 2024 5245 2196 5302; x_wconf 82' lang='lat' dir='ltr'><strong>Putre.</strong></span> <span class='ocrx_word' id='word_1_887' title='bbox 2235 5248 2376 5303; x_wconf 82' lang='lat' dir='ltr'><strong>Ecce</strong></span> <span class='ocrx_word' id='word_1_888' title='bbox 2406 5248 2708 5303; x_wconf 87' lang='lat' dir='ltr'><strong>secundum</strong></span> <span class='ocrx_word' id='word_1_889' title='bbox 2761 5249 2976 5304; x_wconf 90' lang='lat' dir='ltr'><strong>illorum</strong></span> <span class='ocrx_word' id='word_1_890' title='bbox 3025 5251 3114 5320; x_wconf 88' lang='lat' dir='ltr'><strong>qui</strong></span> <span class='ocrx_word' id='word_1_891' title='bbox 3165 5251 3234 5303; x_wconf 89' lang='lat' dir='ltr'><strong>ita</strong></span> <span class='ocrx_word' id='word_1_892' title='bbox 3280 5249 3579 5320; x_wconf 86' lang='lat' dir='ltr'><strong>loquuntur</strong></span> 
     </span>
    </p>
   </div>
   <div class='ocr_carea' id='block_1_108' title="bbox 1947 5339 3572 5412">
    <p class='ocr_par' dir='ltr' id='par_1_108' title="bbox 1947 5339 3572 5412">
     <span class='ocr_line' id='line_1_108' title="bbox 1947 5339 3572 5412; baseline 0.003 -19"><span class='ocrx_word' id='word_1_893' title='bbox 1947 5339 2233 5396; x_wconf 87' lang='lat' dir='ltr'><strong>lectionem</strong></span> <span class='ocrx_word' id='word_1_894' title='bbox 2263 5341 2494 5409; x_wconf 89' lang='lat' dir='ltr'><strong>Spiritus</strong></span> <span class='ocrx_word' id='word_1_895' title='bbox 2520 5352 2738 5396; x_wconf 87' lang='lat' dir='ltr'><strong>sanctus</strong></span> <span class='ocrx_word' id='word_1_896' title='bbox 2758 5384 2772 5406; x_wconf 87' lang='lat'><strong>,</strong></span> <span class='ocrx_word' id='word_1_897' title='bbox 2805 5342 3111 5412; x_wconf 85' lang='lat' dir='ltr'><strong>unigenitus</strong></span> <span class='ocrx_word' id='word_1_898' title='bbox 3139 5357 3261 5397; x_wconf 82' lang='lat' dir='ltr'><strong>esse</strong></span> <span class='ocrx_word' id='word_1_899' title='bbox 3283 5341 3450 5397; x_wconf 84' lang='lat' dir='ltr'><strong>Filius</strong></span> <span class='ocrx_word' id='word_1_900' title='bbox 3477 5344 3572 5398; x_wconf 83' lang='lat' dir='ltr'><strong>de-</strong></span> 
     </span>
    </p>
   </div>
   <div class='ocr_carea' id='block_1_109' title="bbox 1950 5432 3569 5500">
    <p class='ocr_par' dir='ltr' id='par_1_109' title="bbox 1950 5432 3569 5500">
     <span class='ocr_line' id='line_1_109' title="bbox 1950 5432 3569 5500; baseline 0.002 -18"><span class='ocrx_word' id='word_1_901' title='bbox 1950 5432 2322 5500; x_wconf 90' lang='lat' dir='ltr'><strong>prehenditur.</strong></span> <span class='ocrx_word' id='word_1_902' title='bbox 2358 5433 2437 5488; x_wconf 89' lang='lat' dir='ltr'><strong>De</strong></span> <span class='ocrx_word' id='word_1_903' title='bbox 2480 5433 2573 5487; x_wconf 92' lang='lat' dir='ltr'><strong>illo</strong></span> <span class='ocrx_word' id='word_1_904' title='bbox 2598 5433 2742 5488; x_wconf 89' lang='lat' dir='ltr'><strong>enim</strong></span> <span class='ocrx_word' id='word_1_905' title='bbox 2773 5433 2891 5488; x_wconf 70' lang='lat' dir='ltr'><strong>lucc</strong></span> <span class='ocrx_word' id='word_1_906' title='bbox 2920 5434 3098 5488; x_wconf 92' lang='lat' dir='ltr'><strong>omnis</strong></span> <span class='ocrx_word' id='word_1_907' title='bbox 3128 5436 3367 5489; x_wconf 85' lang='lat' dir='ltr'><strong>narratio</strong></span> <span class='ocrx_word' id='word_1_908' title='bbox 3413 5435 3569 5488; x_wconf 81' lang='lat' dir='ltr'><strong>insti-</strong></span> 
     </span>
    </p>
   </div>
   <div class='ocr_carea' id='block_1_110' title="bbox 1947 5522 3570 5594">
    <p class='ocr_par' dir='ltr' id='par_1_110' title="bbox 1947 5522 3570 5594">
     <span class='ocr_line' id='line_1_110' title="bbox 1947 5522 3570 5594; baseline 0.002 -21"><span class='ocrx_word' id='word_1_909' title='bbox 1947 5523 2133 5575; x_wconf 90' lang='lat' dir='ltr'><strong>tuitur.</strong></span> <span class='ocrx_word' id='word_1_910' title='bbox 2159 5522 2456 5588; x_wconf 79' lang='lat' dir='ltr'><strong>Videtisne,</strong></span> <span class='ocrx_word' id='word_1_911' title='bbox 2485 5523 2702 5594; x_wconf 89' lang='lat' dir='ltr'><strong>quando</strong></span> <span class='ocrx_word' id='word_1_912' title='bbox 2727 5539 2755 5577; x_wconf 88' lang='lat' dir='ltr'><strong>a</strong></span> <span class='ocrx_word' id='word_1_913' title='bbox 2781 5525 3009 5578; x_wconf 88' lang='lat' dir='ltr'><strong>veritate</strong></span> <span class='ocrx_word' id='word_1_914' title='bbox 3035 5538 3220 5578; x_wconf 88' lang='lat' dir='ltr'><strong>sermo</strong></span> <span class='ocrx_word' id='word_1_915' title='bbox 3249 5525 3485 5586; x_wconf 88' lang='lat' dir='ltr'><strong>aberrat,</strong></span> <span class='ocrx_word' id='word_1_916' title='bbox 3518 5524 3570 5577; x_wconf 92' lang='lat' dir='ltr'><strong>in</strong></span> 
     </span>
    </p>
   </div>
   <div class='ocr_carea' id='block_1_111' title="bbox 1949 5615 3572 5686">
    <p class='ocr_par' dir='ltr' id='par_1_111' title="bbox 1949 5615 3572 5686">
     <span class='ocr_line' id='line_1_111' title="bbox 1949 5615 3572 5686; baseline 0.005 -20"><span class='ocrx_word' id='word_1_917' title='bbox 1949 5630 2068 5685; x_wconf 68' lang='lat' dir='ltr'><strong>qure</strong></span> <span class='ocrx_word' id='word_1_918' title='bbox 2103 5615 2397 5684; x_wconf 61' lang='lat' dir='ltr'><strong>prmcipitia</strong></span> <span class='ocrx_word' id='word_1_919' title='bbox 2427 5616 2620 5682; x_wconf 87' lang='lat' dir='ltr'><strong>abeat;</strong></span> <span class='ocrx_word' id='word_1_920' title='bbox 2654 5624 2708 5672; x_wconf 88' lang='lat' dir='ltr'><strong>et</strong></span> <span class='ocrx_word' id='word_1_921' title='bbox 2750 5627 2881 5686; x_wconf 88' lang='lat' dir='ltr'><strong>quot</strong></span> <span class='ocrx_word' id='word_1_922' title='bbox 2918 5616 3154 5671; x_wconf 88' lang='lat' dir='ltr'><strong>absurda</strong></span> <span class='ocrx_word' id='word_1_923' title='bbox 3188 5618 3402 5686; x_wconf 87' lang='lat' dir='ltr'><strong>pariat?</strong></span> <span class='ocrx_word' id='word_1_924' title='bbox 3432 5617 3572 5681; x_wconf 85' lang='lat' dir='ltr'><strong>Quid</strong></span> 
     </span>
    </p>
   </div>
   <div class='ocr_carea' id='block_1_112' title="bbox 1969 5732 3570 5818">
    <p class='ocr_par' dir='ltr' id='par_1_112' title="bbox 1969 5732 3570 5818">
     <span class='ocr_line' id='line_1_112' title="bbox 1969 5732 3570 5818; baseline 0.002 -25"><span class='ocrx_word' id='word_1_925' title='bbox 1969 5742 1979 5768; x_wconf 84' lang='lat'><em>‘</em></span> <span class='ocrx_word' id='word_1_926' title='bbox 2008 5757 2149 5818; x_wconf 74' lang='lat' dir='ltr'><strong>.tuvta</strong></span> <span class='ocrx_word' id='word_1_927' title='bbox 2184 5752 2393 5818; x_wconf 87' lang='lat' dir='ltr'><strong>Boisium</strong></span> <span class='ocrx_word' id='word_1_928' title='bbox 2428 5753 2534 5802; x_wconf 61' lang='lat' dir='ltr'><strong>haec</strong></span> <span class='ocrx_word' id='word_1_929' title='bbox 2559 5752 2727 5818; x_wconf 79' lang='lat' dir='ltr'><strong>,_qno_d</strong></span> <span class='ocrx_word' id='word_1_930' title='bbox 2759 5758 2828 5803; x_wconf 71' lang='lat' dir='ltr'><strong>est</strong></span> <span class='ocrx_word' id='word_1_931' title='bbox 2873 5752 2969 5802; x_wconf 75' lang='lat' dir='ltr'><strong>vita</strong></span> <span class='ocrx_word' id='word_1_932' title='bbox 2997 5732 3415 5818; x_wconf 71' lang='lat' dir='ltr'><strong>,_delcpda:su_nt_.</strong></span> <span class='ocrx_word' id='word_1_933' title='bbox 3437 5755 3570 5805; x_wconf 70' lang='lat' dir='ltr'><strong>Itane</strong></span> 
     </span>
    </p>
   </div>
   <div class='ocr_carea' id='block_1_113' title="bbox 1946 5812 3575 5922">
    <p class='ocr_par' dir='ltr' id='par_1_113' title="bbox 1946 5812 3575 5922">
     <span class='ocr_line' id='line_1_113' title="bbox 1946 5812 3575 5922; baseline 0.006 -65"><span class='ocrx_word' id='word_1_934' title='bbox 1946 5824 2064 5859; x_wconf 71' lang='lat' dir='ltr'><strong>sero</strong></span> <span class='ocrx_word' id='word_1_935' title='bbox 2091 5814 2497 5922; x_wconf 54' lang='lat' dir='ltr'><strong>igitnutatiouetn,</strong></span> <span class='ocrx_word' id='word_1_936' title='bbox 2527 5815 2586 5864; x_wconf 89' lang='lat' dir='ltr'><strong>ad</strong></span> <span class='ocrx_word' id='word_1_937' title='bbox 2609 5812 2797 5865; x_wconf 80' lang='lat' dir='ltr'><strong>nullius</strong></span> <span class='ocrx_word' id='word_1_938' title='bbox 2823 5813 3126 5878; x_wconf 81' lang='lat' dir='ltr'><strong>exemplaris</strong></span> <span class='ocrx_word' id='word_1_939' title='bbox 3149 5812 3575 5871; x_wconf 58' lang='lat' dir='ltr'><strong>Mennittdttcem</strong></span> 
     </span>
     <span class='ocr_line' id='line_1_114' title="bbox 1946 5884 2252 5922; baseline 0.003 -1"><span class='ocrx_word' id='word_1_940' title='bbox 1946 5886 2102 5922; x_wconf 61' lang='lat' dir='ltr'><strong>auare</strong></span> <span class='ocrx_word' id='word_1_941' title='bbox 2141 5884 2252 5922; x_wconf 85' lang='lat' dir='ltr'><strong>tllll‘.</strong></span> 
     </span>
    </p>
   </div>
   <div class='ocr_carea' id='block_1_114' title="bbox 1946 5884 2252 5939">
    <p class='ocr_par' dir='ltr' id='par_1_114' title="bbox 1946 5884 2252 5939">
     <span class='ocr_line' id='line_1_115' title="bbox 1946 5884 2252 5939; baseline 0.007 -18"><span class='ocrx_word' id='word_1_942' title='bbox 1946 5884 2252 5939; x_wconf 76' lang='lat' dir='ltr'><strong>aggreditur.</strong></span> 
     </span>
    </p>
   </div>
  </div>
