4064 6448
218 520 342 559 rum
376 497 528 560 illud,
563 493 663 547 Per
690 503 860 562 quem,
887 481 1031 556 quod
1055 478 1316 535 minorem
1345 464 1649 539 signiﬁcare
1678 459 1834 524 dicis,

222 595 368 651 Patri
395 587 674 644 adscribit.
711 578 905 636 Fidelis
930 576 1073 633 enim
1107 571 1276 632 Deus,
1307 562 1512 635 inqttit,
1556 573 1647 628 per
1687 567 1834 618 quem

414 681 534 738 estis
563 679 615 732 in
642 676 932 730 societatem
975 666 1105 721 Filii
1143 663 1255 731 ejus
1303 659 1350 722 (ι
1406 653 1525 708 Cor.
1559 650 1612 704 1.
1781 651 1834 740 ct

191 737 464 840 rursum,
500 772 602 827 Per
628 771 938 826 voluntatem
965 762 1076 832 ejus
1105 753 1332 826 (Ephes.
1366 750 1416 804 Ι.
1498 745 1552 814 );
1583 750 1636 795 et
1666 737 1832 840 alibi,

220 870 484 939 Quoniam
531 881 594 919 ea:
638 863 752 930 ipso
777 899 792 924 ,
829 867 875 910 et
914 869 1003 925 per
1045 852 1237 919 ipsum,
1270 853 1316 897 et
1361 843 1414 894 in
1457 839 1628 905 ipsum
1663 831 1836 885 omnia

217 922 399 1033 ῖηιᾷηι.
427 960 515 1015 Η.
539 922 869 1027 50).'Itaque
897 922 1002 1000 non
1031 942 1122 997 uni
1153 938 1288 994 Filio
1310 931 1462 996 illud,
1489 930 1572 984 Ea:
1594 943 1714 1000 quo,
1738 922 1833 978 sed

215 1018 387 1108 etiam
415 1018 636 1120 Spiritui
673 1018 944 1100 tribuitur.
980 1035 1189 1093 Etenim
1221 1027 1460 1098 Josepbo
1488 1021 1714 1094 angelus
1745 1018 1833 1072 di-

216 1147 420 1200 cebat:
461 1141 540 1195 Ne
580 1141 758 1192 timeas
800 1135 1032 1203 accipere
1073 1125 1298 1182 Mariam
1337 1120 1608 1190 conjugetn
1647 1123 1834 1167 tuam:

217 1240 360 1310 quot!
390 1237 520 1291 enim
545 1235 597 1287 in
621 1250 682 1286 ea
698 1240 874 1284 natum
895 1236 990 1290 est,
1012 1239 1076 1278 ea:
1097 1220 1299 1290 Spiritu
1320 1222 1497 1270 sancto
1520 1218 1593 1264 est
1615 1205 1830 1279 (Matth.

221 1300 271 1385 ί.
302 1329 419 1398 20).
453 1321 917 1392 Quemadmodum
941 1327 995 1370 et
1021 1313 1170 1373 illud.
1199 1309 1262 1364 In
1284 1324 1404 1379 quo,
1429 1302 1568 1375 quod
1601 1300 1834 1367 Spiritus

219 1436 326 1483 t‘sl,
364 1439 472 1477 non
503 1426 716 1474 recinat
739 1412 996 1485 propheta
1031 1409 1141 1462 lico
1173 1405 1430 1466 tribuere,
1461 1399 1586 1451 dtun
1618 1395 1692 1447 ait
1725 1411 1737 1445 :
1770 1389 1834 1444 In

223 1519 335 1572 Deo
366 1518 609 1586 faciemus
631 1483 866 1566 uirtutem
896 1504 1071 1576 (Psal.
1103 1501 1194 1558 59.
1228 1496 1332 1567 I4).
1369 1496 1433 1549 Et
1462 1491 1656 1547 Paulus
1680 1529 1695 1553 ,
1727 1483 1835 1538 0b-

219 1626 430 1666 sernms
450 1649 465 1675 ,
505 1607 575 1660 ait
599 1648 614 1671 ,
647 1606 690 1658 si
714 1600 967 1672 quomodo
997 1595 1201 1652 tandem
1231 1587 1505 1660 aliquando
1535 1595 1835 1654 prosperum

221 1705 320 1759 iter
348 1704 562 1757 habeam
589 1702 644 1754 in
672 1698 932 1752 voluntate
963 1691 1058 1747 Dei
1084 1687 1318 1744 veniendi
1347 1683 1417 1737 ad
1446 1697 1532 1734 vos
1564 1677 1741 1750 (Rom.
1779 1676 1830 1730 1.

222 1800 316 1871 40)
349 1817 362 1854 :
394 1805 450 1852 et
495 1798 685 1850 iterum
732 1791 785 1846 id
825 1791 892 1845 de
933 1787 1149 1844 Christo
1176 1782 1337 1843 dicit,
1373 1777 1434 1832 In
1457 1775 1660 1832 Christo
1683 1771 1831 1826 Jesu.

226 1885 610 1959 Huiuscemodi
659 1893 808 1940 certe
864 1879 1023 1936 verba
1081 1871 1554 1936 indiserimiuatim
1613 1871 1833 1932 accepta

226 1987 543 2054 [requa-nter
562 1977 894 2047 reperiemus
919 1992 932 2026 :
958 1969 1099 2040 quod
1134 1967 1356 2022 minime
1388 1961 1560 2024 ﬁeret,
1593 1956 1693 2012 nisi
1720 1954 1830 2008 tibi-

221 2094 332 2146 que
361 2073 550 2128 eadem
581 2068 873 2124 substantia
906 2073 1068 2118 esset.
1114 2061 1188 2115 Ne
1223 2067 1405 2112 autem
1438 2051 1567 2108 illttd
1596 2093 1608 2114 ,
1645 2047 1834 2104 Omnia

223 2143 317 2238 per
337 2171 505 2240 ipsum
525 2165 662 2234 facta
681 2171 821 2224 sunt,
837 2160 905 2214 de
925 2157 1092 2228 signis
1116 2163 1269 2225 putes
1289 2164 1429 2204 nunc
1446 2161 1565 2201 esse
1587 2143 1788 2198 dictum
1816 2158 1829 2194 :

220 2261 294 2314 de
331 2260 396 2313 iis
434 2258 577 2312 enim
617 2253 808 2324 reliqui
844 2249 1188 2320 evangelista:
1217 2244 1374 2299 verba
1409 2241 1681 2301 fecerunt;
1715 2244 1835 2304 post

227 2351 346 2406 Inrc
370 2349 546 2404 subdit
571 2364 584 2400 :
607 2346 634 2400 Ι
641 2364 674 2400 ιι
700 2344 889 2398 munda
911 2354 1038 2404 erat,
1063 2350 1108 2394 et
1132 2337 1353 2391 ummlus
1373 2350 1459 2397 per
1476 2333 1644 2400 ipsum
1666 2333 1834 2399 [actus

220 2453 297 2496 est
330 2457 350 2496 :
376 2455 482 2495 non
509 2447 687 2493 autem
713 2435 962 2504 Spiritus,
994 2431 1080 2502 qui
1114 2445 1218 2485 non
1248 2444 1310 2481 (ιχ
1341 2438 1567 2479 munero
1594 2418 1837 2490 opilieio—

222 2552 344 2591 rum
377 2543 483 2599 est,
513 2532 606 2588 sed
638 2544 802 2600 supra
826 2541 1015 2582 euntes
1041 2523 1263 2577 omnino
1295 2527 1596 2574 creaturas.
1633 2510 1832 2566 Verum

217 2631 331 2699 jam
362 2627 565 2696 reliqua
593 2634 1002 2695 prosequamur.
1048 2618 1179 2671 Cum
1208 2613 1277 2667 de
1302 2610 1577 2666 creatione
1607 2605 1835 2676 loquens

218 2698 461 2776 .loannes
485 2716 716 2772 dixisset
745 2731 758 2766 ε
791 2710 976 2766 Omnia
1009 2725 1098 2777 per
1118 2708 1286 2778 ipsum
1317 2705 1454 2775 facta
1483 2708 1620 2758 siml.
1649 2711 1698 2751 et
1725 2698 1838 2751 sine

219 2814 335 2884 ipso
361 2815 556 2882 frictum
589 2816 660 2860 est
688 2803 820 2858 nihil
845 2800 984 2870 quod
1011 2804 1202 2871 factum
1234 2806 1345 2862 est;
1383 2794 1453 2848 de
1496 2789 1832 2863 providentia

219 2880 533 2960 serituinem
561 2896 745 2964 adjicit
772 2895 855 2950 his
883 2892 1081 2956 verbis,
1109 2889 1171 2943 In
1193 2889 1304 2959 ipso
1327 2886 1428 2939 rita
1449 2893 1576 2937 erat.
1610 2880 1688 2936 Ne
1714 2880 1837 2950 quis

219 2996 370 3052 enim
401 2990 706 3047 incredulus
731 2986 1024 3050 dubitaret,
1047 2980 1321 3053 quomodo
1349 2987 1428 3031 tot
1453 2985 1708 3040 tantaque
1739 2986 1837 3041 per

223 3091 402 3161 ipsum
450 3086 588 3140 facta
637 3083 766 3148 sint,
799 3079 1037 3136 subdidit
1069 3094 1082 3130 :
1118 3074 1181 3128 ιιι
1211 3077 1323 3144 ipso
1344 3074 1444 3127 vita
1467 3078 1594 3123 erat.
1629 3067 1836 3134 Quent-

221 3182 517 3237 admodum
547 3179 593 3233 si
627 3193 694 3232 ex
735 3174 884 3229 fonte
912 3172 1139 3244 abyssos
1167 3168 1449 3222 emittente
1477 3176 1672 3231 aquam
1702 3160 1838 3211 hau-

222 3277 388 3337 seris,
417 3282 912 3344 quantumcumque
941 3264 1160 3319 haurias
1185 3260 1384 3315 fontem
1412 3254 1546 3312 nihil
1577 3252 1788 3308 Ininues
1819 3269 1832 3306 :

225 3371 298 3425 ita
321 3369 389 3424 de
409 3365 678 3438 Unigeniti
705 3363 754 3417 vi
777 3359 1035 3432 operandi
1060 3355 1377 3429 putandum,
1401 3360 1837 3422 quantacumque

227 3483 326 3534 pi-r
357 3466 528 3533 ipsam
559 3460 694 3515 facta
724 3455 1024 3513 credideris
1044 3495 1060 3517 ,
1091 3464 1383 3519 numquam
1417 3446 1505 3502 illa
1537 3443 1835 3505 minuitur;

228 3559 339 3612 imo
367 3571 497 3610 vero
524 3563 581 3608 ut
610 3551 779 3622 magis
807 3547 1028 3620 proprio
1055 3555 1175 3600 utar
1198 3539 1450 3611 exemplo
1471 3581 1487 3603 ,
1521 3552 1717 3606 nempe
1747 3535 1830 3588 lu-

226 3651 329 3712 cis,
364 3647 432 3702 de
457 3661 560 3716 qua
590 3643 682 3699 ille
712 3657 836 3696 mox
863 3638 1085 3709 adjicit,
1125 3635 1188 3690 Et
1217 3635 1320 3689 vita
1349 3641 1456 3686 erat
1487 3629 1597 3684 lux.
1631 3627 1836 3694 Quem-

228 3738 522 3794 admodum
562 3750 692 3806 ergo
735 3734 858 3796 lus,
899 3739 1333 3802 quantacumque
1359 3723 1639 3778 hominum
1671 3719 1838 3774 millia

229 3832 495 3889 ilhnninet
518 3872 534 3895 ,
567 3827 699 3884 nihil
727 3823 1034 3897 Splendoris
1062 3821 1258 3875 amittit
1287 3835 1301 3871 :
1335 3816 1411 3870 sic
1437 3829 1653 3886 quoque
1695 3811 1841 3866 Deus

230 3939 288 3980 et
322 3935 608 3994 antequam
635 3929 896 3990 operetur
923 3926 978 3972 et
1009 3922 1128 3983 post
1155 3912 1352 3967 emissa
1384 3923 1548 3978 opera
1569 3948 1583 3969 ,
1614 3903 1842 3976 perinde

233 4021 442 4088 integer
487 4018 687 4077 manet.
734 4026 834 4067 nec
879 4008 1155 4069 mimiiuir.
1187 4019 1361 4076 neque
1410 4018 1474 4057 ex
1523 3999 1841 4070 Operatione

233 4112 401 4166 uiitlta
453 4108 732 4178 fatigatur;
779 4103 872 4159 sed
912 4100 1122 4157 etiamsi
1169 4098 1314 4152 mille
1365 4093 1595 4148 mundos
1639 4091 1842 4146 similes

232 4217 424 4256 creare
455 4205 752 4275 oporteret,
779 4193 991 4250 etiarnsi
1027 4190 1286 4254 inﬁnitos,
1321 4187 1422 4241 illis
1451 4183 1703 4239 omnibus
1728 4181 1842 4236 suf-

234 4295 456 4352 ﬁceret,
498 4303 598 4344 nec
635 4285 885 4344 creandis
914 4283 1110 4347 modo,
1143 4281 1237 4336 sed
1266 4280 1426 4335 etiam
1461 4285 1581 4347 post
1609 4275 1842 4330 creatio-

237 4399 363 4441 nem
389 4380 688 4438 servandis.
719 4377 854 4432 Vita:
885 4376 1082 4447 quippe
1109 4389 1308 4429 tioineu
1339 4370 1426 4425 hic
1456 4385 1562 4424 non
1594 4366 1660 4422 ad
1688 4379 1845 4432 crea-

238 4479 440 4531 tionem
469 4473 644 4528 solum
676 4469 903 4542 pertinet
932 4511 948 4535 ,
981 4467 1075 4522 sed
1106 4474 1160 4521 et
1185 4463 1251 4519 ad
1283 4461 1677 4534 providentiam
1696 4500 1711 4524 ,
1742 4472 1845 4528 qua

238 4582 328 4624 res
350 4573 548 4622 creata:
575 4570 861 4619 servantur
883 4570 938 4615 et
962 4566 1300 4631 permanent.
1350 4553 1634 4620 Etiamque
1659 4565 1845 4604 resur-

239 4659 498 4717 rectionis
526 4655 827 4712 doctrinam
855 4653 966 4721 jam
1004 4649 1156 4704 nobis
1185 4646 1410 4701 fundare
1447 4643 1669 4713 incipit,
1699 4650 1754 4696 et
1779 4641 1849 4695 ab

239 4749 576 4808 admirandis
630 4747 778 4802 hisce
829 4742 1126 4812 evangeliis
1172 4739 1400 4794 orditur.
1451 4736 1570 4790 Vita
1617 4750 1850 4804 namque

240 4846 307 4902 ad
339 4861 440 4900 nos
469 4840 813 4905 adveniente,
841 4838 1078 4893 solutum
1101 4844 1183 4890 est
1214 4831 1406 4887 mortis
1434 4827 1741 4898 imperium,
1771 4828 1852 4880 lu-

240 4953 414 5009 eeqne
460 4943 558 4992 nes
587 4933 934 4990 illuminante
958 4972 973 4995 ,
1010 4929 1248 4984 teuebra:
1278 4941 1389 4980 non
1418 4924 1553 4977 ultra
1590 4930 1809 4976 manent
1834 4937 1849 4984 ;

243 5032 340 5088 sed
366 5037 550 5086 manet
575 5043 792 5099 semper
822 5027 874 5081 in
909 5024 1063 5080 nobis
1088 5023 1214 5087 vita,
1243 5029 1297 5075 et
1327 5034 1473 5074 mors
1503 5018 1551 5072 ei
1587 5017 1852 5071 dominari

244 5140 353 5180 non
381 5132 575 5194 potest.
607 5122 789 5192 itaque
814 5118 957 5189 quod
986 5117 1053 5173 de
1079 5117 1238 5172 Patre
1259 5115 1461 5169 dictum
1494 5119 1578 5168 est
1600 5152 1614 5174 ,
1652 5111 1721 5165 de
1753 5112 1854 5164 hoc

245 5229 462 5286 quoque
494 5212 712 5284 proprie
739 5212 971 5274 dicatur,
1005 5206 1067 5261 In
1094 5208 1207 5277 ipso
1235 5206 1468 5270 vicimus,
1500 5219 1777 5265 movemur,
1809 5212 1856 5255 et

247 5302 428 5363 smnus
465 5306 617 5375 (Act.
648 5305 732 5359 l7.
762 5301 868 5372 28)
906 5319 920 5358 :
954 5301 1005 5356 id
1035 5298 1178 5371 quod
1204 5299 1366 5353 etiam
1398 5297 1594 5351 Paulus
1619 5295 1860 5350 declarat

251 5399 334 5454 his
361 5397 538 5452 verbis
566 5413 580 5449 :
619 5395 872 5462 Quoniam
897 5394 949 5447 in
976 5393 1088 5462 ipso
1119 5399 1289 5444 creata
1315 5398 1431 5442 sunt
1453 5387 1647 5451 omnia,
1676 5397 1724 5439 et
1751 5403 1862 5438 om-

253 5493 337 5544 nia
365 5491 417 5542 in
443 5489 553 5559 ipso
581 5495 811 5540 constant
841 5487 856 5548 (
879 5483 990 5540 Col.
1018 5485 1066 5537 t.
1102 5481 1226 5550 I6).
1258 5480 1602 5549 Quapropter
1628 5489 1682 5532 et
1710 5478 1858 5530 radix

253 5581 450 5636 dicitur
475 5593 528 5634 et
560 5578 991 5632 littulanienttnn.

328 5671 486 5726 Pater
526 5687 626 5724 non
667 5671 1014 5740 compositus,
1051 5665 1215 5720 Filius
1255 5666 1375 5718 item
1418 5680 1519 5718 non
1554 5663 1864 5732 compositus

256 5776 348 5820 est.
370 5790 447 5805 --
466 5771 599 5816 tum
631 5772 810 5814 autem
842 5759 1014 5824 audis,
1045 5756 1108 5811 In
1139 5761 1251 5827 ipso
1272 5758 1375 5810 vita
1398 5765 1525 5821 erat,
1554 5769 1622 5808 ne
1651 5769 1865 5822 compo-

256 5857 416 5913 situm
454 5854 786 5926 suspiceris:
822 5868 943 5907 nam
979 5860 1159 5922 postea
1202 5851 1268 5905 de
1306 5850 1463 5904 Patre
1502 5847 1629 5900 dicit
1663 5865 1675 5900 :
1711 5845 1863 5899 Sit-nt

1337 356 1402 413 IN
1441 344 1759 409 JOANNEM
1801 341 2038 400 llOMlL.
2075 340 2138 395 v.
2181 340 2253 397 al.
2296 337 2387 398 tv.
3505 326 3576 382 ἃς

1953 453 2112 509 Pater
2139 455 2287 509 habet
2312 454 2468 509 vitam
2499 451 2554 505 in
2575 448 2870 520 semetipso,
2892 449 2967 501 sic
2989 443 3128 498 dedit
3149 452 3197 498 et
3223 441 3361 495 Filio
3389 440 3573 494 habere

1947 549 2101 600 vitam
2131 545 2315 617 (Joan.
2340 544 2396 601 5.
2424 542 2539 612 26).
2574 540 2682 597 Sed
2705 541 2851 595 sicut
2878 538 3095 593 Patrem
3120 550 3226 590 non
3260 533 3385 588 ideo
3413 545 3568 587 com-

1947 639 2185 724 positum
2231 638 2470 703 dixeris,
2517 636 2599 690 sic
2636 649 2737 690 nec
2768 631 2960 686 Filium
2989 629 3161 685 dicas.
3195 625 3408 681 Etenim
3443 623 3569 679 alibi

1946 720 2163 805 quoque
2183 732 2334 796 dicit,
2365 730 2482 786 Lua:
2510 739 2583 784 est
2607 727 2748 782 Deus
2773 726 2822 797 (l
2879 723 3042 778 Joan.
3076 722 3131 776 1.
3164 720 3253 792 5);
3281 729 3336 775 et
3359 730 3572 779 rursus,

1946 827 2137 882 Lucem
2181 824 2372 880 habitat
2406 819 2802 877 inaccessibilem
2852 817 2917 890 (1
2991 814 3129 871 Tim.
3177 808 3395 880 6.12).
3444 809 3573 864 llzrc

1946 934 2112 991 porro
2134 917 2315 971 omnia
2347 916 2490 970 dicta
2516 922 2665 972 sunt,
2699 927 2806 965 non
2834 917 2894 964 ιιι
2917 907 3369 977 compositionem
3401 901 3574 971 suspi-

1943 1019 2166 1074 eemur,
2201 1009 2295 1062 sed
2328 1019 2383 1062 ut
2421 1007 2678 1077 paulatim
2710 1001 2779 1057 ad
2813 1000 3075 1056 doctrina:
3116 997 3334 1052 culmen
3365 993 3569 1049 eveha-

1945 1119 2067 1158 mur
2121 1100 2254 1157 Cum
2279 1100 2423 1154 enim
2454 1114 2559 1152 non
2585 1095 2744 1151 facile
2763 1110 2792 1150 a
2816 1094 2977 1164 vulgo
3003 1089 3226 1159 intelligi
3257 1087 3445 1156 possit,
3465 1101 3569 1154 qtta

1944 1196 2158 1253 ratione
2183 1195 2288 1249 vita
2331 1193 2381 1247 in
2421 1193 2540 1262 ipso
2566 1191 2814 1255 exsistat,
2847 1188 3023 1257 primo
3052 1183 3104 1238 id
3133 1182 3276 1254 quod
3308 1180 3569 1234 humilius

1943 1299 2025 1344 est
2052 1287 2212 1350 dicit;
2246 1285 2488 1341 eruditos
2525 1298 2654 1338 vero
2683 1290 2868 1353 postea
2893 1279 3056 1334 altius
3085 1277 3263 1346 erigit.
3299 1274 3398 1342 Qui
3421 1272 3568 1328 enim

1943 1379 2100 1446 dixit,
2133 1378 2289 1433 Dedit
2312 1377 2357 1432 ei
2379 1377 2535 1431 vitam
2556 1374 2762 1441 habere,
2799 1373 2844 1427 is
2874 1372 2990 1442 ipsc
3016 1370 3092 1424 ait
3117 1387 3130 1424 :
3153 1367 3265 1435 Ego
3292 1383 3406 1420 sum
3434 1365 3574 1429 vita;

1942 1482 1998 1528 et
2026 1486 2235 1532 rursus,
2265 1468 2376 1540 Ego
2405 1484 2520 1523 sum
2546 1467 2637 1520 luat
2665 1464 2845 1535 (Joan.
2877 1463 2929 1518 5.
2960 1461 3052 1517 26.
3098 1461 3186 1516 14.
3215 1460 3270 1514 6.
3304 1469 3351 1512 et
3372 1459 3428 1514 8.
3453 1455 3567 1528 12).

1945 1565 2016 1621 Et
2039 1563 2234 1635 qualis,
2262 1575 2472 1632 quaeso,
2505 1559 2620 1614 lucc
2653 1559 2739 1612 lux
2769 1556 2891 1611 est?
2917 1554 3034 1610 Non
3060 1553 3301 1618 scnsilis,
3332 1549 3428 1606 sed
3456 1550 3568 1619 spi-

1942 1656 2154 1712 ritualis
2177 1697 2191 1722 ,
2221 1669 2342 1725 qua:
2376 1652 2646 1707 illuminat
2671 1654 2930 1704 animam.
2979 1645 3115 1716 Quia
3147 1643 3292 1699 enim
3319 1641 3568 1699 Christus

1943 1752 2191 1808 dicturus
2216 1757 2364 1814 erat,
2395 1745 2564 1800 Nemo
2597 1754 2758 1816 potest
2803 1741 2973 1797 uenire
3007 1739 3077 1794 ad
3113 1737 3371 1804 me,,nisi
3413 1734 3571 1788 Pater

1944 1844 2158 1932 traxerit
2183 1858 2295 1896 eum
2332 1839 2493 1909 (Ibid.
2527 1837 2579 1892 6.
2613 1834 2728 1906 44),
2763 1834 2886 1890 ideo
2917 1831 3257 1902 prmvenieus
3288 1827 3566 1898 evangeli-

1942 1920 2024 1992 sta
2051 1934 2190 1990 dixit
2216 1936 2390 2003 ipsum
2421 1945 2544 1986 esse
2565 1930 2653 2000 qni
2679 1927 2980 1991 illuminat;
3011 1935 3068 1978 ut
3092 1923 3137 1979 si
3161 1923 3230 1977 de
3259 1921 3417 1976 Patre
3439 1920 3568 1992 quid

1943 2027 2120 2083 simile
2161 2025 2368 2090 audias,
2417 2038 2486 2077 ne
2533 2020 2585 2075 id
2631 2020 2799 2074 solius
2849 2015 3046 2082 Patris,
3072 2013 3168 2068 sed
3197 2013 3317 2067 Filii
3352 2027 3571 2084 quoque

1943 2137 2065 2178 esse
2093 2119 2399 2192 proﬁtearis
2434 2134 2447 2172 :
2480 2131 2605 2170 nam
2637 2111 2850 2177 Omnia,
2881 2110 3074 2180 inquit,
3106 2122 3438 2178 quaxmnque
3475 2105 3572 2158 ha-

1944 2213 2210 2271 bet-Pater
2231 2227 2390 2275 meus,
2427 2225 2538 2263 utea
2565 2215 2682 2262 sunt
2714 2203 2880 2275 (Ibid.
2910 2203 3000 2258 16.
3027 2201 3094 2257 15
3117 2201 3157 2272 ).
3191 2199 3378 2254 Primo
3406 2197 3572 2269 igitur

1941 2309 2276 2366 creationem
2319 2320 2417 2359 nos
2458 2302 2641 2357 docuit
2666 2318 2678 2352 :
2703 2297 2901 2355 deinde
2932 2297 3130 2351 anima:
3155 2293 3292 2348 bona
3324 2307 3446 2362 quae
3477 2306 3571 2346 vc-

1944 2402 2100 2457 niens
2125 2400 2281 2455 nobis
2307 2396 2530 2466 largitus
2559 2403 2664 2457 est,
2690 2406 2798 2446 uno
2822 2389 2988 2445 verbo
3016 2384 3377 2442 subindicavit
3402 2397 3571 2439 evan-

1941 2497 2130 2568 gelista
2171 2494 2360 2549 dicens
2394 2508 2408 2546 :
2446 2488 2512 2542 Et
2552 2490 2656 2542 vita
2683 2494 2789 2539 erat
2819 2485 2912 2539 lux
2945 2481 3228 2536 hominum.
3267 2478 3379 2534 Nec
3408 2476 3567 2539 dixit,

1945 2590 2075 2644 Erat
2124 2588 2213 2641 lus
2261 2584 2598 2645 .ludaiortnu,
2643 2578 2761 2644 sed,
2817 2576 3207 2633 Universortun
3259 2572 3568 2625 hominum.

1941 2683 2129 2753 Neque
2156 2681 2300 2735 enim
2330 2677 2502 2733 .ludati
2534 2683 2763 2738 tantum,
2789 2671 2883 2724 sed
2907 2669 3068 2722 etiam
3092 2665 3320 2736 gentiles
3341 2663 3408 2717 ad
3429 2663 3571 2717 hanc

1941 2775 2309 2846 cognitionem
2349 2771 2688 2825 devenerunt
2712 2807 2726 2828 ,
2757 2775 2806 2818 et
2845 2765 2960 2817 luuc
2992 2759 3081 2815 lux
3111 2758 3420 2815 communis
3450 2771 3572 2810 om-

1943 2869 2103 2926 nibus
2137 2866 2410 2938 proposita
2433 2871 2571 2918 erat.
2602 2860 2714 2914 Cur
2741 2867 2922 2911 autem
2956 2870 3060 2910 non
3087 2852 3309 2924 angelos
3333 2849 3569 2912 addidit,

1941 2962 2038 3018 sed
2066 2961 2314 3015 homines
2344 2959 2522 3012 sohun
2559 2953 2729 3008 dixit?
2756 2951 2891 3018 Quia
2925 2964 3068 3005 nuuc
3096 2947 3197 3019 ipsi
3228 2945 3298 3002 de
3327 2945 3565 2999 humana

1945 3065 2132 3111 natura
2179 3067 2362 3108 sermo
2409 3059 2524 3111 est;
2570 3058 2627 3102 et
2671 3045 2984 3101 hominibus
3030 3043 3169 3096 bona
3214 3039 3566 3094 nuntiaturus

1944 3149 2110 3204 venit.
2143 3146 2197 3201 5.
2230 3143 2298 3198 Et
2327 3143 2420 3198 lna:
2445 3143 2499 3196 in
2530 3139 2748 3193 tenebris
2776 3138 2930 3190 lucet.
2973 3131 3256 3189 Tenebras
3295 3130 3383 3184 hic
3410 3136 3570 3183 vocat

1944 3252 2179 3300 mortem
2220 3249 2277 3295 et
2315 3251 2580 3294 errorem.
2617 3233 2743 3287 llaec
2770 3229 2972 3301 quippe
3000 3227 3090 3282 lux
3122 3222 3345 3279 scnsilis
3369 3237 3478 3278 non
3513 3223 3566 3275 in

1944 3335 2188 3392 tenebris
2218 3332 2392 3398 lucet,
2423 3326 2520 3384 sed
2557 3326 2675 3381 sine
2711 3322 2952 3378 tenebris
2988 3327 3093 3378 est.
3126 3314 3450 3373 Pra‘dicatio
3472 3330 3570 3368 att-

1943 3438 2052 3484 tem
2084 3426 2226 3480 inter
2245 3437 2392 3485 eum,
2415 3420 2507 3490 qui
2535 3417 2716 3471 omnia
2739 3419 3122 3483 occupaverat,
3149 3422 3392 3464 errorem
3415 3404 3567 3461 cliul-

1944 3522 2053 3588 sit,
2088 3531 2322 3587 eumque
2368 3511 2605 3568 sustulit.
2651 3508 2720 3564 Et
2766 3508 2819 3561 iu
2869 3506 3040 3578 ipsam
3089 3511 3320 3559 mortem
3347 3498 3578 3556 veniens

1947 3617 2086 3686 ipse,
2113 3613 2196 3667 sic
2227 3610 2375 3665 illam
2407 3605 2688 3676 superavit
2715 3643 2729 3664 .
2761 3610 2818 3655 ut
2848 3614 2946 3655 eos
2969 3597 3060 3669 qui
3091 3603 3267 3651 morte
3291 3593 3404 3664 jam
3432 3591 3570 3647 dcti-

1947 3707 2239 3770 nehantnr,
2263 3705 2500 3757 erueret.
2528 3696 2796 3764 Quoniam
2822 3693 2983 3764 igitur
3005 3705 3181 3761 neque
3201 3701 3370 3754 mors,
3395 3700 3576 3756 neque

1946 3814 2102 3857 error
2125 3797 2300 3851 lucem
2332 3791 2480 3847 illam
2501 3797 2868 3858 superarunt;
2913 3782 3007 3838 sed
3035 3793 3114 3838 eSI
3146 3780 3344 3851 ubique
3384 3777 3572 3848 splen-

1947 3891 2094 3955 dida,
2122 3897 2178 3944 et
2206 3885 2424 3956 propria
2453 3883 2504 3935 vi
2535 3882 2697 3950 fulget
2735 3895 2750 3934 :
2785 3876 2907 3932 ideo
2932 3879 3007 3929 ait
3033 3916 3049 3942 ,
3097 3869 3427 3956 Et‘tenebra!
3462 3885 3577 3924 eam

1949 4003 2050 4041 non
2076 3952 2594 4052 comprehenderunt.
2643 3973 2738 4029 Est
2783 3971 2929 4026 enim
2972 3952 3443 4038 inexpugnabilis,
3475 3977 3580 4018 nec

1951 4080 2183 4135 libenter
2210 4075 2263 4129 in
2294 4070 2492 4127 animis
2517 4068 2742 4132 habitat,
2777 4065 2864 4134 qui
2896 4061 3088 4117 nolunt
3113 4055 3427 4136 illuminari.

2022 4173 2078 4228 4.
2103 4169 2301 4224 Lumen
2339 4165 2539 4220 celeste
2580 4177 2680 4215 non
2720 4157 2977 4213 illuminat
3013 4153 3113 4208 nisi
3140 4152 3323 4215 uirtute
3359 4158 3407 4204 et
3444 4147 3582 4204 bona

1951 4266 2209 4321 saturitate
2234 4261 2526 4315 instructos.
2570 4254 2822 4309 Peccator
2847 4255 2994 4321 quasi
3018 4250 3071 4302 in
3099 4246 3340 4305 ebrietate
3364 4253 3410 4299 et
3441 4253 3582 4298 tene-

1954 4361 2058 4416 bris
2077 4365 2326 4416 versatur,
2351 4351 2524 4406 omnia
2547 4357 2656 4402 tuta
2679 4348 2880 4410 timens.)
2909 4341 3086 4398 Satius
3111 4351 3185 4395 est
3202 4339 3394 4393 nudum
3424 4354 3581 4408 quam

1955 4457 2175 4531 peccatis
2201 4459 2437 4509 onustum
2467 4446 2844 4502 ambulare.—
2871 4439 3027 4508 Quod
3054 4439 3098 4493 si
3132 4452 3241 4492 non
3273 4447 3466 4490 omnes
3490 4448 3578 4489 ce-

1958 4511 2031 4531 Γ-.

1958 4553 2116 4622 perit.
2149 4562 2217 4602 ne
2263 4545 2314 4600 id
2343 4553 2395 4599 te
2437 4538 2730 4595 conturbet
2772 4553 2785 4590 :
2823 4551 2928 4588 non
2967 4533 3112 4587 enim
3153 4545 3218 4584 ex
3251 4511 3579 4582 necessitate

1956 4655 2049 4699 aut
2077 4643 2150 4704 vi,
2182 4642 2278 4694 sed
2313 4651 2379 4691 ex
2411 4633 2690 4686 voluntate
2718 4636 2774 4683 et
2825 4625 3053 4680 arbitrio
3097 4621 3162 4675 ad
3223 4635 3321 4674 nos
3367 4617 3578 4672 accedit

1962 4737 2125 4791 Deus.
2151 4731 2227 4787 Ne
2265 4727 2371 4783 luci
2392 4724 2519 4780 huic
2539 4722 2740 4777 ostium
2773 4716 3015 4781 claudas,
3039 4723 3091 4771 et
3113 4711 3282 4767 multa
3306 4709 3583 4777 voluptate

1962 4827 2179 4885 frueris.
2201 4824 2328 4880 llase
2358 4833 2524 4892 porro
2552 4818 2642 4872 lux
2674 4830 2767 4885 per
2794 4811 2955 4867 fidem
2983 4807 3218 4872 accedit,
3245 4813 3302 4859 et
3329 4818 3454 4859 cum
3500 4815 3587 4855 se-

1963 4923 2070 4978 niel
2094 4918 2332 4981 advenit,
2366 4913 2729 4982 excipientem
2759 4921 2820 4962 se
2869 4900 3162 4958 admodum
3195 4897 3464 4953 illuminat
3493 4912 3508 4948 :
3537 4903 3594 4948 et

1961 5018 2004 5072 si
2047 5027 2237 5085 puram
2279 5008 2544 5064 exhibeas
2590 5004 2780 5066 vitam,
2827 5004 3087 5068 perpetuo
3115 4993 3262 5047 intus
3303 4986 3592 5044 manebit:

1964 5079 2090 5164 nam
2141 5104 2242 5171 Qui
2270 5101 2441 5172 diligit
2484 5114 2586 5163 me,
2625 5092 2876 5147 mandata
2906 5103 3020 5142 mea
3050 5083 3289 5148 servabit,
3327 5091 3374 5135 et
3420 5079 3592 5134 uenit:-

1965 5217 2080 5256 mus
2108 5197 2177 5252 ad
2205 5211 2321 5251 eum
2362 5208 2457 5263 ego
2502 5199 2551 5243 et
2600 5186 2757 5241 Pater
2787 5198 2950 5244 meus,
3001 5188 3047 5233 et
3095 5174 3416 5231 mansionem
3450 5169 3602 5241 apud

1967 5310 2084 5349 eum
2140 5289 2389 5360 faciemus
2422 5281 2604 5352 (Joan.
2655 5279 2746 5334 Η.
2773 5275 2888 5347 25).
2936 5265 3406 5339 Quemadmodum
3450 5263 3601 5319 enim

1970 5401 2076 5439 non
2135 5356 2316 5454 potest
2355 5378 2476 5449 quis
2519 5372 2674 5429 radio
2706 5369 2867 5425 solari
2901 5365 3074 5435 probe
3103 5362 3228 5426 frui,
3275 5359 3376 5415 nisi
3407 5356 3604 5415 oculos

1971 5479 2180 5548 aperiat
2212 5494 2225 5530 :
2258 5475 2331 5528 ita
2365 5485 2540 5541 neque
2601 5467 2763 5533 hujus
2788 5459 3095 5533 splendoris
3124 5455 3340 5512 abunde
3375 5466 3607 5509 consors

1972 5587 2116 5635 esse,
2143 5567 2248 5624 nisi
2275 5565 2471 5620 anima:
2504 5560 2692 5615 oculos
2722 5555 2951 5626 aperiat,
2971 5562 3273 5619 eorumque
3296 5545 3469 5600 aciem
3498 5559 3600 5596 un—

1977 5664 2137 5732 dique
2167 5666 2340 5730 paret.
2369 5655 2659 5722 Quomodo
2701 5655 2885 5701 autem
2916 5643 2969 5699 id
3003 5641 3119 5698 ﬁeri
3148 5639 3363 5711 possit?
3404 5636 3462 5691 Si
3489 5635 3604 5688 ani-

1981 5768 2128 5808 mum
2156 5748 2309 5804 omni
2341 5748 2474 5800 vitio
2507 5752 2820 5814 purgemus.
2855 5735 3143 5790 Peccatum
3171 5729 3318 5785 enim
3351 5725 3608 5781 tenebro-

1982 5860 2100 5900 smn
2156 5853 2237 5896 est
2269 5884 2283 5906 ,
2332 5841 2609 5908 densaque
2664 5831 2894 5903 caligine
2955 5826 3224 5890 offusum;
3275 5822 3437 5892 idque
3483 5818 3609 5873 inde
