4064 6502
490 394 562 453 Β
1181 384 1240 442 S.
1280 382 1556 439 .IOANNIS
1591 372 2067 436 CIIRYSOSTOMI

2195 370 2428 434 .CIIIEP.
2468 375 3011 436 CONSTANTINOP.

494 506 669 580 palam
713 514 819 571 est,
851 504 991 575 quod
1040 500 1426 573 inconsiderate.
1474 508 1529 553 et
1573 498 1688 552 sine
1729 496 1947 551 arbitris
1976 495 2069 548 ad-

494 600 757 655 mittatur.
802 596 933 653 Nam
989 593 1165 649 Omnis
1214 592 1299 659 qui
1330 590 1479 642 male
1521 592 1656 660 agit,
1684 589 1788 641 odit
1817 588 2001 650 lucem,
2028 597 2073 638 ct

496 707 597 744 non
622 690 752 744 venit
802 686 869 740 ad
897 687 1054 739 lucem
1071 667 1438 752 (Joan.3.20)
1464 694 1478 743 ;
1507 689 1581 742 et,
1615 677 1743 744 Qua:
1778 678 1831 729 in
1876 677 2075 729 occulto

494 785 648 851 ﬁant,
676 792 823 849 turpe
840 787 911 833 est
935 786 982 830 et
1012 776 1178 829 dicere
1202 771 1419 842 (Ephes.
1443 771 1497 825 5.
1531 769 1642 841 η).
1671 766 1821 825 Sicut
1845 767 1987 823 enim
2020 766 2072 820 in

494 870 726 926 tenebris
753 882 852 924 nec
885 868 1117 922 amicum
1159 880 1258 919 nec
1293 863 1564 919 inimicum
1602 859 1939 931 agnoscimus
1982 872 2073 912 re-

496 977 719 1030 rumque
739 960 976 1016 omnium
998 966 1237 1012 naturam
1260 957 1585 1027 ignoramus,
1615 956 1693 1009 sic
1708 953 1834 1008 etin
1860 962 2076 1021 peccato

494 1052 709 1108 accidit;
737 1050 867 1106 Nam
897 1050 986 1121 qui
1008 1049 1241 1103 avaritize
1263 1046 1462 1111 studet,
1492 1061 1595 1100 non
1624 1040 1900 1113 distinguit
1942 1042 2078 1096 ami-

492 1161 614 1201 cum
640 1148 709 1199 ah
738 1143 953 1198 inimico
987 1159 1002 1196 :
1034 1140 1352 1209 iuvidusque
1382 1136 1777 1193 necessitudine
1818 1133 1921 1190 sibi
1945 1133 2075 1202 jun-

491 1246 634 1293 ctum
666 1246 720 1290 nt
765 1235 1034 1290 inimicum
1067 1231 1263 1297 habet;
1320 1247 1382 1287 ac
1410 1230 1500 1301 qui
1532 1229 1841 1290 insidiatur,
1888 1236 2075 1281 contra

491 1345 677 1384 omnes
699 1328 893 1383 bellum
918 1329 1099 1396 gerit:
1132 1338 1239 1378 uno
1256 1325 1436 1387 verbo,
1466 1322 1706 1393 quisquis
1732 1328 1949 1390 peccato
1974 1318 2074 1373 oh-

494 1423 681 1476 noxius
710 1429 810 1485 est,
841 1416 969 1473 nihil
998 1416 1175 1472 differt
1202 1415 1271 1470 ab
1296 1415 1456 1469 ebriis
1471 1427 1519 1468 et
1541 1412 1857 1475 furentibus,
1903 1424 2077 1479 neque

495 1526 673 1567 rerum
722 1520 963 1564 naturam
1010 1508 1175 1563 novit.
1220 1507 1300 1561 Ac
1333 1504 1781 1572 quemadmodum
1828 1511 1985 1556 noctu
2018 1500 2080 1553 li-

494 1620 676 1675 gnum,
704 1602 997 1672 plumbum,
1031 1602 1251 1666 ferrum,
1276 1608 1577 1669 argentum.
1607 1612 1815 1659 aurum,
1845 1593 2076 1664 lapidem

495 1698 812 1767 pretiosum,
840 1693 1124 1761 omniaque
1168 1691 1281 1761 pari
1328 1689 1489 1745 modo
1515 1689 1801 1752 cernimus,
1831 1701 1951 1742 cum
1988 1685 2075 1738 lux

494 1786 562 1840 ad
602 1782 721 1841 hate
745 1783 1093 1839 discernenda
1124 1796 1230 1835 non
1254 1778 1393 1834 adsit
1420 1795 1435 1832 :
1467 1779 1547 1833 sic
1585 1778 1673 1848 qui
1708 1776 1810 1830 vita
1838 1776 2078 1843 impurus

495 1885 598 1944 est,
628 1876 995 1942 temperantiae
1015 1874 1263 1927 virtutem
1296 1886 1400 1926 non
1434 1871 1603 1933 novit,
1631 1882 1805 1938 neque
1833 1866 2077 1941 philoso-

496 1968 634 2038 phiae
662 1965 1133 2036 pulchritudinem.
1187 1963 1241 2017 In
1272 1961 1508 2017 tenebris
1538 1960 1702 2025 enim,
1733 1968 1788 2013 ut
1806 1959 1915 2027 jam
1945 1957 2075 2019 dixi.

498 2074 564 2113 ne
595 2057 796 2128 lapides
822 2056 1034 2127 quidem
1060 2056 1277 2125 pretiosi
1310 2052 1755 2123 pulchritudinem
1803 2065 1952 2103 suam
1982 2065 2078 2103 ex-

498 2151 703 2214 hibent,
736 2165 840 2203 non
867 2157 1071 2203 natura:
1092 2162 1202 2202 suae
1235 2146 1381 2208 vitio,
1414 2144 1506 2200 sed
1537 2142 1890 2214 spectantium
1931 2142 2079 2211 igno-

496 2245 689 2299 rantia.
730 2242 909 2311 Neque
939 2240 1040 2295 hoc
1070 2256 1231 2294 unum
1277 2237 1431 2293 nobis
1464 2237 1716 2291 damnum
1765 2236 1817 2288 in
1862 2242 2079 2302 peccato

495 2334 812 2402 degentibus
835 2331 1053 2396 accidit;
1076 2330 1168 2385 sed
1185 2329 1305 2383 etin
1334 2337 1592 2398 perpetuo
1607 2337 1751 2381 metu
1769 2339 2042 2379 versamur
2062 2340 2076 2375 :

496 2441 561 2479 ac
603 2422 1050 2494 quemadmodum
1092 2422 1124 2476 ii
1169 2422 1258 2491 qui
1307 2436 1403 2490 per
1449 2429 1659 2473 noctem
1711 2418 1931 2471 illnnem
1982 2416 2083 2469 iter

499 2525 683 2585 agunt,
711 2530 925 2583 semper
950 2521 1202 2577 tremunt,
1229 2512 1353 2565 licet
1377 2525 1536 2565 nemo
1578 2510 1719 2563 adsit
1760 2508 1846 2578 qui
1880 2518 2080 2563 metum

500 2608 721 2661 incutiat
751 2626 763 2660 :
792 2608 869 2662 sic
893 2607 926 2661 ii
957 2607 1042 2676 qui
1069 2606 1297 2673 peccatis
1324 2603 1487 2658 dediti
1520 2611 1665 2667 sunt,
1692 2602 1856 2655 lidere
1879 2615 2079 2670 neque—

499 2707 634 2761 unt,
662 2695 867 2750 etiamsi
910 2696 1085 2749 nullus
1122 2693 1259 2748 adsit
1304 2694 1393 2762 qui
1435 2692 1751 2762 redarguunt;
1783 2691 1874 2744 sed
1905 2691 2081 2743 omnia

502 2786 785 2842 formidant
798 2795 851 2840 et
872 2793 1115 2853 suspecta
1132 2784 1349 2843 habent.
1369 2783 1697 2838 conscientia
1716 2781 2081 2845 stimulante‘,

499 2877 785 2947 omniaque
814 2879 943 2945 ipsis
968 2888 1173 2931 terrore
1191 2887 1245 2930 et
1271 2875 1551 2929 formidine
1569 2874 1720 2943 plena
1744 2884 1889 2937 sunt,
1906 2874 2081 2926 tnnnia

499 2965 1106 3035 anxiicircumspiciunt.
1130 2965 1259 3019 'I‘am
1289 2965 1562 3020 molesmm
1585 2978 1712 3034 ergo
1729 2965 1887 3018 vitam
1912 2962 2084 3033 logia-

504 3076 643 3114 mus.
676 3057 807 3113 Nam
834 3068 951 3128 post
977 3072 1230 3127 angorem
1280 3057 1603 3127 huiusmodi,
1635 3072 1780 3111 mors
1810 3065 2082 3125 sequetur,

484 3166 649 3221 mors
668 3150 985 3206 immortalis
1009 3166 1022 3201 :
1052 3149 1161 3204 illic
1180 3149 1319 3203 enim
1343 3149 1520 3203 nullus
1538 3148 1780 3219 supplicii
1809 3148 1928 3201 linis
1948 3147 2047 3201 erit
2068 3164 2082 3211 ;

503 3243 588 3298 hic
607 3257 734 3298 vero
757 3241 827 3297 ab
854 3241 1243 3296 insanientibus
1264 3240 1393 3295 nihil
1415 3240 1665 3295 differunt
1688 3240 1744 3304 ii,
1775 3240 1862 3309 qui
1882 3254 1965 3293 res
1986 3238 2084 3293 sibi

503 3334 726 3405 lingunt,
745 3349 863 3404 qua:
892 3348 961 3388 ne
980 3331 1194 3403 quidem
1215 3332 1505 3386 exsistunt.
1537 3329 1793 3385 Videntur
1818 3329 1957 3383 enim
1986 3329 2085 3383 sibi

500 3428 691 3482 divites
734 3442 891 3491 esse,
943 3441 1065 3481 eum
1096 3440 1200 3480 non
1232 3426 1369 3488 sint;
1410 3440 1469 3479 se
1501 3423 1737 3478 deliciari
1783 3430 1988 3492 putant,
2034 3430 2089 3477 et

510 3518 675 3572 nulla:
703 3516 911 3571 deliciae
936 3534 950 3570 :
984 3532 1083 3571 nec
1121 3518 1267 3586 prius
1295 3514 1559 3570 fallaciam
1587 3524 1640 3568 ιιι
1674 3530 1768 3583 par
1797 3524 1941 3569 esset
1967 3528 2089 3567 sen-

504 3610 663 3672 tiunt,
696 3623 851 3675 quam
879 3606 947 3659 ab
968 3605 1068 3661 hac
1097 3606 1301 3660 insania
1331 3605 1641 3669 liberentur,
1674 3614 1725 3659 et
1748 3603 1921 3658 donec
1940 3618 2088 3657 smn-

508 3714 631 3752 uutn
658 3698 948 3752 excutiant.
983 3695 1215 3766 Ideoque
1248 3705 1306 3750 ttt
1329 3696 1493 3749 sobrii
1522 3696 1691 3750 simus
1726 3704 1781 3749 et
1810 3695 2092 3764 vigilemus

510 3790 703 3845 Paulus
728 3789 976 3844 omnibus
1006 3788 1250 3859 prtecipil
1281 3804 1295 3843 :
1327 3798 1384 3842 et
1428 3787 1657 3856 idipstun
1689 3802 1902 3855 quoque
1934 3785 2091 3839 Chri-

506 3892 639 3935 stus.
668 3880 766 3947 Qui
787 3879 996 3936 sobrius
1024 3892 1107 3934 est
1129 3890 1184 3934 et
1206 3879 1407 3950 vigilat,
1439 3881 1489 3933 si
1531 3894 1559 3931 a
1590 3886 1808 3948 peccato
1830 3877 2090 3947 capiatur,

514 3972 621 4027 cito
650 3971 822 4042 ipsum
859 3969 1059 4025 excutit
1096 3987 1110 4023 :
1137 3969 1229 4040 qui
1260 3984 1387 4025 vero
1416 3969 1614 4023 dormit
1638 3979 1729 4023 aut
1779 3967 1996 4033 insanit,
2028 3984 2095 4023 ne

572 4084 589 4115 ¹
627 4082 736 4140 Alii,
762 4080 1027 4157 mordente.

2182 495 2399 566 quidem
2422 499 2577 553 sentit
2603 497 2872 568 quomodo
2891 514 2921 553 a
2949 508 3170 568 peccato
3196 506 3457 552 teneatur.
3486 493 3565 552 Ne
3594 497 3811 570 Itaque

2181 589 2530 644 dormiamus.
2562 589 2743 660 Neque
2772 590 2913 644 enim
2942 592 3116 645 noctis
3144 598 3353 659 tempus
3377 599 3479 650 est,
3518 588 3615 644 sed
3646 585 3807 645 diei.

2183 678 2366 749 Itaque
2389 680 2533 737 Sicut
2560 682 2612 735 in
2641 681 2723 735 die
2751 684 2955 736 honeste
2981 681 3296 734 ambulemus
3322 680 3497 751 (Rom.
3534 682 3627 737 13.
3659 680 3804 746 l3).

2184 770 2323 826 Nihil
2348 773 2490 827 enim
2512 781 2730 841 peccato
2752 772 2980 839 turpius.
3009 772 3185 827 Minus
3214 782 3297 826 est
3323 772 3546 831 malmn.
3576 786 3764 827 seculi
3785 801 3799 811 -

2183 864 2308 918 dum
2360 859 2702 933 turpitudinis
2751 864 3035 927 tationem,
3086 862 3284 927 nudos,
3340 877 3499 930 quam
3544 860 3808 931 peccatis

2181 965 2238 1011 et
2279 956 2572 1011 sceleribus
2614 964 2838 1010 onustos
2888 953 3257 1009 obambulare.
3292 952 3420 1008 Illud
3468 954 3611 1008 enim
3674 966 3801 1007 non

2188 1056 2392 1103 tantum
2422 1048 2625 1102 crimen
2670 1056 2847 1102 esset:
2896 1061 3040 1115 sa'pe
3077 1061 3307 1116 namque
3346 1061 3412 1101 ex
3462 1054 3805 1116 paupertate

2183 1142 2389 1196 oritur:
2423 1149 2706 1210 peccatore
2732 1150 2910 1195 autem
2936 1138 3069 1194 nihil
3099 1138 3327 1209 turpius,
3361 1138 3493 1193 nihil
3521 1146 3797 1193 contem-

2184 1246 2274 1304 ptu
2292 1234 2523 1303 dignius.
2541 1231 2848 1302 Cogitemus
2872 1246 3000 1302 ergo
3020 1246 3136 1295 eos,
3168 1229 3260 1297 qui
3291 1229 3493 1301 rapina:
3521 1239 3576 1284 et
3602 1244 3800 1282 nsunt:

2184 1342 2341 1382 causa
2375 1328 2426 1381 in
2450 1324 2708 1393 judicium
2737 1335 3037 1395 raptantur,
3066 1339 3224 1393 quam
3257 1334 3470 1393 turpes.
3500 1338 3662 1392 quam
3703 1322 3796 1375 ri-

2185 1419 2345 1474 diculi
2375 1419 2675 1483 videantur,
2702 1419 2870 1490 utqui
2914 1420 3093 1471 omnia
3126 1416 3485 1486 impudenter,
3517 1415 3799 1470 fallaciter

2184 1522 2238 1568 et
2265 1527 2387 1567 cum
2418 1511 2669 1567 violentia
2699 1511 2931 1581 egerint.
2962 1509 3072 1564 Nos
3097 1518 3275 1564 autem
3310 1508 3382 1564 ita
3420 1508 3603 1563 miseri
3639 1508 3793 1561 inle-

2185 1604 2417 1673 licesque
2483 1617 2697 1666 sumus,
2750 1611 2809 1657 ut
2837 1601 2963 1657 dum
3014 1600 3233 1671 pallium
3298 1600 3637 1671 negligenter
3693 1598 3792 1654 vel

2184 1704 2487 1750 transverse
2511 1694 2741 1765 positum
2764 1702 2975 1764 gestare
2990 1708 3095 1747 non
3119 1693 3384 1762 patimur;
3415 1706 3524 1746 tmo
3546 1692 3791 1763 idipsnus

2184 1788 2236 1842 in
2263 1787 2369 1842 alio
2412 1785 2795 1850 emendamns;
2841 1800 2962 1841 cum
3012 1796 3191 1840 autem
3221 1795 3276 1839 et
3304 1799 3405 1839 nos
3448 1794 3504 1839 et
3550 1786 3790 1854 proximi

2184 1879 2349 1932 nostri
2379 1878 2591 1932 inverso
2617 1877 2790 1946 eapite
2816 1876 3167 1936 ambulemus.
3191 1876 3242 1929 id
3264 1890 3331 1929 ne
3346 1874 3561 1944 quidem
3581 1878 3791 1931 sentia-

2185 1985 2321 2024 mus.
2350 1968 2485 2036 Qnid
2506 1968 2671 2032 enim,
2695 1982 2896 2037 quteso,
2931 1967 3136 2036 turpius
3150 1966 3294 2031 'viro,
3319 1967 3407 2036 qui
3438 1968 3786 2022 meretricem

2183 2060 2333 2114 adit?
2358 2059 2483 2129 quid
2513 2058 2924 2122 contumelioso,
2956 2057 3081 2127 quid
3110 2057 3398 2121 maledico,
3421 2057 3547 2127 qttid
3599 2058 3788 2111 itn‘itlts

2185 2152 2293 2206 risu
2323 2151 2568 2221 dignius?
2598 2151 2687 2221 qui
2742 2150 2854 2205 ﬁeri
2888 2160 3063 2219 potest
3096 2158 3153 2204 ut
3182 2148 3298 2203 ha-c
3327 2164 3431 2203 non
3465 2157 3571 2202 tam
3606 2149 3782 2217 turpia

2188 2243 2501 2305 habeantur,
2551 2258 2709 2311 quam
2740 2240 2911 2294 nudos
2940 2238 3249 2295 ambulare?
3297 2240 3341 2293 Α
3387 2238 3782 2293 consuetudine

2187 2343 2410 2387 tantum.
2445 2332 2580 2386 Illud
2612 2333 2754 2388 enim
2784 2346 2944 2387 nemo
2968 2346 3201 2401 unquam
3249 2339 3439 2400 sponte
3468 2346 3561 2385 sna
3592 2345 3785 2400 passus

2186 2432 2287 2487 est,
2323 2425 2422 2477 hoc
2442 2438 2573 2477 vero
2600 2438 2788 2477 omnes
2812 2421 3145 2477 conﬁdenter
3168 2420 3387 2476 audent.
3410 2406 3567 2476 Certe
3588 2420 3632 2474 si
3661 2422 3785 2490 quis

2188 2518 2500 2585 angelorum
2528 2524 2726 2569 malum
2756 2514 2947 2579 adiret,
2974 2514 3024 2567 in
3042 2529 3148 2583 quo
3176 2512 3306 2567 nihil
3333 2527 3565 2582 unquam
3599 2510 3788 2580 hujus-

2190 2605 2331 2660 tnodi
2361 2614 2568 2673 gestum
2608 2615 2711 2669 εει,
2745 2604 2921 2657 statim
2972 2602 3179 2657 videret
3220 2617 3380 2671 quam
3426 2600 3650 2656 ridicula
3697 2614 3782 2654 res

2187 2708 2353 2753 esset.
2411 2697 2608 2765 Ecquid
2658 2696 2967 2766 angelorum
3003 2704 3203 2749 emtum
3238 2694 3522 2748 memoro?
3564 2691 3697 2746 Nam
3728 2691 3779 2743 in

2190 2790 2545 2858 imperatoriis
2587 2788 2723 2857 apud
2770 2802 2869 2840 nos
2896 2787 3121 2849 :rdibtts,
3146 2786 3189 2840 si
3220 2786 3339 2854 quis
3367 2783 3577 2839 inducta
3602 2798 3780 2837 mere-

2190 2883 2321 2935 trice
2342 2890 2541 2944 utatur,
2571 2881 2651 2934 vel
2678 2880 2719 2933 si
2748 2879 3009 2934 ebrietate
3035 2878 3296 2948 capiatur,
3327 2877 3409 2930 vel
3440 2885 3596 2945 turpe
3637 2874 3781 2929 aliud

2190 2971 2456 3043 quidpiam
2479 2971 2743 3035 admittat,
2795 2980 3062 3024 extremas
3104 2969 3196 3023 dat
3224 2982 3431 3038 pinnas.
3461 2966 3615 3036 Quod
3644 2967 3690 3021 si
3732 2967 3784 3021 in

2191 3062 2544 3133 imperatoriis
2560 3061 2763 3116 aedibus
2790 3062 2911 3115 talia
2934 3062 3132 3116 audere
3164 3076 3267 3115 non
3304 3061 3453 3123 licet;
3472 3060 3640 3113 multo
3668 3078 3784 3116 ma-

2190 3156 2292 3226 gis,
2331 3154 2526 3225 ubiqtte
2558 3163 2821 3224 puesvnte
2870 3155 3239 3209 universorum
3291 3154 3459 3230 Rege,
3492 3154 3785 3225 omniaque

2191 3248 2676 3317 circumspiciente,
2705 3247 2750 3301 si
2806 3246 3000 3301 similia
3040 3246 3415 3316 aggrediamur
3435 3288 3451 3313 ,
3482 3255 3784 3302 extremum

2196 3338 2409 3392 luemus
2433 3338 2773 3407 supplicium.
2802 3338 3139 3407 Quapropter
3162 3352 3314 3408 rogo.
3340 3337 3559 3391 multam
3588 3338 3640 3391 in
3692 3338 3787 3390 Itat'

2193 3431 2297 3483 vita
2353 3428 2584 3499 quietem
2654 3437 2709 3483 et
2766 3428 3120 3496 modestiam,
3178 3428 3401 3483 multam
3470 3429 3787 3482 munditiem

2193 3522 2561 3577 exbibeamus.
2611 3521 2809 3591 Regem
2859 3522 3059 3591 quippe
3116 3520 3411 3586 habemus,
3459 3520 3550 3590 qui
3608 3531 3786 3574 nostra

2195 3615 2372 3669 omnia
2405 3621 2661 3682 perpetuo
2703 3612 2957 3667 intuetur.
2988 3610 3057 3668 Ut
3104 3612 3284 3681 itaque
3321 3626 3535 3681 semper
3562 3612 3651 3665 lux
3704 3611 3791 3662 iila

2198 3721 2296 3759 nos
2350 3706 2630 3767 illuminet,
2684 3704 2823 3758 hunc
2868 3704 3021 3757 nobis
3067 3704 3271 3757 radium
3316 3704 3674 3758 attrahamns.
3718 3702 3790 3756 Ita

2199 3798 2339 3851 enim
2379 3807 2432 3851 et
2469 3796 2819 3865 prtesentibus
2846 3794 3111 3849 etl'uturis
3153 3796 3390 3850 fruentur
3410 3797 3585 3860 bonis,
3622 3796 3792 3866 gratia

2200 3898 2254 3940 et
2285 3886 2613 3954 benignitate
2662 3884 2873 3938 Domini
2908 3885 3074 3939 nostri
3101 3884 3226 3940 Jesu
3259 3885 3476 3950 Christi,
3511 3901 3605 3955 per
3633 3900 3792 3955 quem

2200 3988 2252 4031 et
2280 3992 2399 4031 cmn
2428 3992 2534 4044 quo
2574 3976 2715 4029 Patri
2747 3976 2917 4045 gloria
2944 4015 2959 4039 ,
2993 3991 3204 4046 unaque
3234 3976 3453 4045 Spiritui
3500 3987 3708 4042 sancto,
3742 3975 3793 4027 in

2201 4072 2394 4126 erce-uia
2437 4070 2776 4125 saeculorum.
2806 4072 2997 4125 Amen.

1904 4280 2247 4340 HOMILIA
2294 4280 2402 4341 VI.

513 4405 565 4459 6.
601 4402 718 4457 Fuit
744 4402 893 4455 homo
920 4401 1099 4455 missus
1134 4417 1165 4453 α
1201 4398 1344 4466 Deo,
1390 4400 1472 4454 cui
1509 4417 1687 4454 nomen
1717 4410 1823 4453 erat
1852 4399 2098 4453 Joannes.

580 4500 800 4555 Joannis
828 4498 1067 4569 Baptista
1084 4497 1271 4553 missio.
1299 4496 1598 4567 Explicatur
1616 4497 1766 4561 illud,
1805 4494 1924 4549 Fuit
1943 4494 2102 4547 homo

515 4594 709 4649 missus
742 4607 772 4645 a
814 4592 942 4646 Deo.
971 4588 1075 4646 Cur
1112 4599 1160 4643 et
1196 4589 1448 4656 quomodo
1491 4588 1721 4642 Christus
1762 4587 2101 4641 testimonium

513 4686 727 4755 accipiat
755 4684 817 4738 ab
857 4684 1072 4739 homine.
1123 4681 1365 4736 Doctrina
1401 4682 1528 4735 nihil
1568 4682 1770 4749 prodest
1814 4681 1923 4734 sine
1962 4681 2104 4733 bonis

517 4773 913 4845 operibus.—In
941 4775 1160 4850 exordio
1185 4773 1252 4828 de
1279 4774 1389 4828 Deo
1414 4772 1591 4827 Verbo
1612 4789 1729 4843 quae
1757 4773 2023 4843 prtecipua
2050 4783 2105 4828 et

522 4869 688 4936 magis
716 4865 1013 4921 necessaria
1052 4873 1205 4919 erant
1240 4863 1489 4933 loquutus
1516 4863 1843 4932 evangelista
1864 4905 1878 4928 ,
1920 4863 2108 4917 ordine

525 4957 847 5029 procedens,
895 4954 963 5010 ad
1007 4954 1164 5010 Verbi
1214 4969 1515 5025 prmconem
1578 4954 1677 5008 sibi
1735 4953 2105 5022 cognominem

521 5049 781 5105 Joannem
811 5055 992 5117 postea
1024 5045 1186 5099 venit.
1234 5046 1312 5099 'l‘u
1343 5060 1465 5100 vera
1504 5060 1622 5099 cum
1667 5044 1820 5098 audis
1864 5044 2036 5112 ipsum
2079 5060 2108 5097 a

528 5139 637 5194 Deo
662 5138 881 5193 missum
909 5136 1101 5202 luisse,
1139 5136 1272 5191 nihil
1301 5136 1587 5191 humanum
1614 5138 1681 5191 ab
1706 5152 1772 5191 eo
1801 5137 1903 5190 dici
1932 5148 2107 5206 putes.

526 5230 639 5287 Non
667 5231 807 5285 enim
836 5244 929 5283 sua
950 5269 964 5294 ,
989 5229 1080 5283 sed
1107 5229 1363 5282 mittentis
1388 5244 1445 5283 sc
1470 5228 1608 5283 dicta
1634 5228 1859 5298 profert.
1884 5228 2113 5297 Ideoque

529 5322 747 5394 angelus
776 5320 1071 5390 appellatus
1100 5331 1184 5374 est
1226 5335 1240 5372 :
1282 5320 1456 5390 angeli
1500 5335 1626 5374 vero
1654 5321 1767 5374 sive
1798 5319 1967 5373 nuntii
1999 5318 2116 5371 olli-

531 5418 668 5469 cium
695 5424 806 5476 est,
841 5412 969 5466 nihil
997 5427 1061 5466 ex
1089 5425 1147 5465 se
1169 5411 1364 5466 dicere.
1394 5411 1526 5465 illud
1558 5422 1735 5465 autent
1760 5453 1772 5473 ,
1807 5410 1962 5473 Fuit,
2010 5425 2113 5464 non

533 5508 619 5561 hic
648 5506 711 5560 ad
749 5503 1114 5559 exsistcntiam
1146 5503 1420 5557 transitum
1448 5503 1709 5571 signiticat
1731 5545 1745 5565 ,
1777 5502 1871 5557 sed
1904 5502 2113 5555 missio-

536 5611 655 5652 nem
688 5598 877 5665 ipsam.
910 5593 1040 5649 Nam
1070 5592 1199 5647 illud
1222 5635 1236 5657 ,
1273 5592 1390 5647 Fuit
1432 5596 1612 5650 missus
1640 5611 1671 5647 a
1702 5593 1842 5657 Deo,
1888 5592 2112 5661 idipsum

536 5697 617 5743 est
647 5687 821 5758 quod,
862 5685 1053 5739 Missus
1090 5692 1171 5739 est
1208 5700 1235 5737 a
1280 5684 1405 5739 Deo.
1438 5685 1715 5752 Quomodo
1755 5686 1913 5756 igitur
1943 5684 2071 5739 illud
2092 5726 2107 5751 ,

541 5777 774 5845 Quicum
804 5778 855 5829 in
884 5776 1049 5843 forma
1092 5773 1181 5828 Dei
1222 5785 1344 5829 esset
1375 5774 1642 5847 (Philipp.
1684 5776 1737 5832 ε’..
1780 5776 1893 5844 ϐ),
1932 5777 2111 5831 dicunt

2205 4414 2311 4455 non
2350 4399 2567 4470 intelligi
2595 4398 2663 4454 de
2690 4399 2991 4469 aequalitate
3030 4400 3148 4455 Filii
3179 4416 3300 4456 cum
3332 4401 3489 4457 Patre
3509 4445 3524 4468 ,
3566 4417 3631 4457 eo
3660 4406 3802 4473 quod

2205 4491 2464 4545 articulus
2492 4506 2595 4544 non
2625 4492 2961 4561 apponatur?
2989 4492 3125 4547 Ecce
3150 4494 3291 4547 enim
3337 4494 3421 4548 hic
3450 4509 3666 4563 quoque
3692 4497 3803 4551 nul-

2207 4581 2289 4637 Ius
2317 4582 2468 4637 adest
2496 4584 2770 4637 articulus.
2819 4585 2899 4636 Att
2941 4583 3101 4654 igitur
3141 4584 3227 4640 bic
3270 4586 3339 4640 de
3378 4586 3535 4640 Patre
3578 4603 3684 4641 non
3721 4598 3805 4643 est

2206 4676 2423 4729 sermo?
2450 4674 2585 4742 Quid
2612 4690 2739 4745 ergo
2764 4676 3005 4730 dicemus
3032 4677 3098 4731 de
3127 4678 3383 4747 propheta
3411 4680 3500 4749 qni
3527 4678 3601 4734 ait
3630 4698 3643 4734 :
3677 4680 3805 4735 Ecce

2208 4781 2299 4834 ego
2330 4765 2471 4817 mitto
2495 4767 2731 4833 angelum
2756 4784 2923 4819 meum
2947 4776 3063 4820 ante
3087 4770 3266 4839 facient
3296 4780 3465 4834 tuam;
3484 4773 3570 4841 qui
3599 4789 3803 4843 praepa-

2208 4854 2340 4908 rabit
2369 4856 2499 4908 viam
2528 4866 2664 4909 tuam
2697 4856 2851 4928 (Hal.
2883 4858 2937 4911 5.
2970 4859 2992 4912 i
3027 4860 3087 4926 )‘l
3121 4858 3250 4913 Illud
3298 4877 3475 4915 meum
3519 4872 3572 4917 et
3612 4872 3761 4919 tuum
3792 4911 3807 4933 ,

2211 4947 2344 5002 duas
2372 4963 2627 5017 personas
2656 4950 2918 5019 signiﬁcat
2946 4968 2961 5001 :
2994 4951 3047 5005 7.
3075 4950 3176 5005 Hic
3204 4953 3335 5005 venit
3360 4954 3413 5006 in
3440 4955 3803 5022 testimonium,

2214 5052 2266 5093 ut
2296 5042 2631 5094 testimonium
2664 5040 2939 5110 perhiberet
2968 5042 3030 5095 de
3059 5044 3265 5097 lumine.
3305 5044 3442 5111 Quid
3485 5045 3587 5101 hoc
3608 5088 3623 5110 ,
3664 5048 3808 5102 dicet

2216 5132 2435 5185 fortasse
2484 5132 2782 5202 quispiam,
2832 5147 3017 5187 servus
3065 5134 3132 5187 de
3180 5134 3399 5189 domino
3443 5138 3807 5193 testimonium

2216 5223 2494 5291 perhibet?
2522 5224 2653 5277 Cum
2681 5240 2809 5293 ergo
2837 5238 2941 5278 non
2969 5224 3128 5279 modo
3156 5225 3303 5279 illum
3334 5227 3472 5281 servi
3502 5229 3810 5282 testimonio

2217 5314 2481 5384 perhiberi
2514 5316 2753 5378 videbis,
2796 5317 2888 5372 sed
2919 5318 3079 5373 etiam
3118 5318 3183 5373 ad
3225 5336 3436 5373 servum
3483 5321 3703 5388 venire,
3749 5337 3809 5376 ac

2215 5424 2335 5461 cum
2353 5406 2551 5463 Judzeis
2574 5408 2747 5463 abillo
2772 5410 3049 5477 baptizari,
3069 5426 3246 5464 annon
3272 5412 3440 5481 magis
3462 5412 3811 5481 obstupesces

2216 5510 2269 5553 et
2298 5500 2594 5553 dubitabis?
2623 5500 2725 5555 Sed
2759 5517 2863 5555 non
2892 5510 3103 5570 oportet
3126 5504 3324 5557 turbari
3349 5505 3429 5559 vel
3458 5510 3812 5571 commoveri,

2216 5600 2272 5646 at
2314 5594 2489 5662 potius
2533 5593 2649 5662 ejus
2695 5592 3015 5648 ineffabilem
3065 5593 3445 5665 benignitatem
3495 5597 3698 5651 mirari.
3756 5601 3809 5655 Si

2218 5697 2347 5739 vero
2375 5684 2492 5754 quis
2517 5682 2710 5737 dubius
2740 5684 2791 5737 in
2824 5685 3221 5753 perturbatione
3260 5698 3509 5754 maneat,
3552 5689 3601 5742 id
3634 5690 3708 5743 illi
3734 5693 3813 5745 di-

2220 5784 2305 5830 cet
2324 5817 2337 5841 ,
2369 5774 2507 5845 quod
2538 5773 2723 5830 Joanni
2755 5791 2766 5829 :
2802 5775 2925 5830 Sine
2953 5776 3102 5831 modo
3133 5778 3243 5832 :sir
3272 5780 3405 5834 enim
3431 5781 3567 5834 decet
3597 5798 3687 5836 nos
3714 5786 3811 5836 in»
