4064 6434
123 486 184 540 (ει
968 467 1034 524 ΙΝ
1072 462 1390 522 JOANNE.“
1432 460 1663 518 lIOMlL.
1699 460 1748 514 \‘i

1858 451 1916 516 ιτ
1959 459 2073 515 vn.
2113 461 2185 515 al.
2232 459 2294 517 γ.
2341 459 2428 516 ET
2473 458 2558 514 Vt.
3407 467 3476 520 ea

127 605 268 670 plere
295 608 493 648 omnem
516 587 772 662 justitiam
801 581 1028 654 (Matth.
1060 581 1113 636 5.
1155 576 1272 670 ιδ).
1305 574 1457 646 Quod
1487 575 1535 670 si
1574 573 1745 670 magis

123 660 304 743 adhuc
330 660 592 747 turbetur,
623 678 766 733 dicet
809 674 882 728 illi
915 684 1126 726 rursum
1172 668 1223 724 id
1262 665 1405 737 quod
1435 660 1636 720 Judtcis
1664 662 1746 718 di-

121 779 320 840 cebat,
365 773 486 828 Non
516 772 579 825 ab
608 769 810 823 homine
839 761 1178 819 testimonium
1214 757 1412 826 accipio
1459 752 1653 827 (Joan.
1687 753 1741 808 5.

123 873 195 926 '55
213 867 258 941 ).
289 868 344 923 Si
376 881 504 936 ergo
537 865 639 918 hoc
671 856 981 914 testimonio
1025 868 1128 907 non
1176 858 1330 920 eget,
1375 863 1472 903 cur
1509 846 1746 900 Joannes

124 939 339 1016 missus
357 970 440 1014 est
467 975 497 1011 a
528 955 674 1010 Deo?
722 950 837 1006 Non
881 945 1024 1018 quod
1068 945 1185 1014 ejus
1225 939 1532 996 testimonio
1562 947 1745 1007 egeret

124 1056 141 1122 (
169 1054 225 1108 id
255 1053 400 1108 enim
430 1051 629 1112 dicere,
661 1053 918 1098 extremae
948 1038 1238 1108 impietatis
1265 1033 1432 1104 esset)
1457 1075 1472 1098 ,
1511 1030 1607 1086 sed
1650 1045 1746 1084 cur

128 1145 390 1202 tandem?
418 1141 548 1197 illud
578 1141 693 1210 ipse
718 1138 952 1192 Joannes
972 1133 1151 1196 docet,
1171 1145 1293 1186 cum
1325 1129 1396 1181 ait
1430 1144 1442 1180 :
1473 1123 1541 1180 Ut
1572 1141 1746 1179 omnes

128 1239 390 1294 crederent
419 1250 508 1305 per
530 1232 678 1287 illum
698 1236 736 1284 ⁸.
766 1229 890 1299 Ipse
913 1241 1041 1280 vero
1058 1223 1303 1278 Christus
1332 1234 1454 1274 cum
1485 1217 1742 1279 dixisset,

127 1329 255 1384 Non
285 1331 348 1381 ab
376 1326 579 1380 homine
606 1320 945 1376 testimonium
972 1316 1190 1386 accipio,
1222 1328 1290 1368 ne
1317 1311 1458 1382 apud
1488 1309 1744 1378 insipien-

127 1421 297 1474 tiores
340 1417 443 1472 sibi
493 1415 594 1488 ipsi
644 1424 944 1482 repugnare
979 1405 1286 1468 videretur;
1326 1417 1448 1458 cum
1491 1415 1633 1455 nunc
1665 1397 1748 1453 di-

123 1522 214 1564 cat
247 1511 430 1565 :Alius
455 1516 528 1561 est
543 1505 630 1576 qui
643 1501 978 1557 testimonium
997 1497 1218 1568 perhibet
1232 1496 1294 1549 de
1308 1511 1388 1549 me
1407 1496 1480 1561 :jet
1501 1493 1605 1547 scio
1625 1493 1746 1562 quia

123 1618 301 1656 verunt
327 1611 400 1654 es:
427 1597 764 1653 testimonium
782 1595 891 1660 ejus
913 1588 1090 1663 (Joan.
1119 1589 1174 1644 5.
1207 1586 1318 1658 '59.),
1347 1585 1416 1640 de
1441 1585 1647 1639 Joanne
1668 1582 1748 1637 Ιοο

124 1709 335 1764 queus;
360 1706 501 1746 nunc
527 1703 679 1754 vero,
705 1686 826 1741 Non
847 1686 910 1738 ab
930 1683 1135 1737 homine
1157 1680 1494 1735 testimonium
1523 1677 1740 1744 accipio,

126 1787 450 1840 solutionem
487 1797 611 1836 mox
640 1778 824 1849 adjicit
851 1777 1038 1832 dicens
1076 1791 1090 1826 :
1122 1771 1229 1828 Sed
1256 1771 1363 1824 Ittec
1392 1769 1506 1823 dico
1540 1776 1744 1839 prapter

128 1897 238 1945 vos,
268 1889 323 1932 ut
367 1877 494 1932 salvi
523 1876 669 1940 sitis;
709 1887 773 1927 ac
803 1871 848 1926 si
879 1869 1082 1925 diceret
1114 1886 1128 1923 :
1159 1866 1302 1920 Deus
1343 1878 1460 1918 sum
1485 1904 1500 1928 ,
1550 1869 1604 1916 et
1648 1858 1744 1914 Dei

129 1988 291 2028 verus
322 1970 507 2033 Filius,
542 1985 610 2024 ex
645 1965 944 2022 substantia
988 1963 1077 2018 illa
1122 1957 1413 2016 immortali
1453 1967 1508 2012 et
1549 1955 1741 2017 beata,

131 2065 437 2133 nulliusque
465 2058 770 2116 testimonio
798 2070 950 2127 egeo.
980 2053 1092 2109 Etsi
1121 2052 1266 2107 enim
1295 2064 1454 2104 nemo
1477 2047 1527 2102 id
1558 2044 1746 2102 testiﬁ-

130 2155 239 2209 rari
270 2155 452 2220 vellet,
481 2153 533 2206 in
559 2151 703 2205 nullo
731 2148 1029 2204 secundum
1058 2152 1307 2199 naturam
1336 2141 1513 2195 minor
1542 2153 1739 2193 essem.

131 2249 262 2316 Quia
286 2263 417 2302 vero
437 2246 730 2300 multorum
754 2243 901 2298 salus
929 2240 1059 2296 mihi
1079 2253 1225 2293 cura:
1250 2246 1354 2300 est,
1381 2235 1504 2289 ideo
1527 2235 1582 2288 in
1606 2231 1746 2288 hanc

135 2359 216 2397 me
238 2341 430 2396 demisi
455 2339 831 2402 humilitatem,
861 2346 916 2390 ut
943 2333 1150 2389 homini
1177 2329 1542 2387 testimonium
1567 2327 1636 2383 de
1659 2343 1746 2382 me

137 2432 413 2488 ferendum
461 2430 877 2486 committerem.
925 2425 1059 2480 Nam
1103 2430 1381 2493 perspecta
1431 2418 1743 2475 Judaaorum

135 2524 504 2580 imbecillitate
524 2564 538 2588 ,
573 2523 653 2577 sic
681 2521 887 2575 facilior
917 2517 1050 2573 fides
1075 2518 1126 2571 in
1155 2529 1277 2571 eum
1319 2513 1495 2567 futura
1525 2511 1746 2566 videba-

139 2629 239 2672 tur.
271 2617 425 2672 Sicut
454 2616 614 2686 igitur
641 2627 858 2668 carnem
892 2609 1096 2676 induit,
1133 2624 1201 2664 ne
1229 2621 1352 2663 cum
1381 2605 1523 2660 nuda
1554 2603 1748 2660 divini-

137 2719 242 2764 tate
270 2722 631 2779 congressus,
664 2721 854 2761 omnes
894 2703 1182 2774 perderet;
1226 2699 1304 2754 sic
1343 2708 1399 2754 et
1441 2712 1744 2769 przeconem

135 2803 281 2856 misit
306 2801 608 2863 hominem.
632 2809 689 2853 ut
711 2810 1066 2867 congenerem
1093 2794 1194 2850 sibi
1225 2807 1414 2847 vocem
1441 2791 1742 2854 audientes.

137 2896 344 2949 facilius
376 2894 411 2946 ii
440 2894 526 2962 qui
558 2903 682 2946 tunc
709 2890 1000 2944 audiebant
1039 2887 1380 2941 accederent.
1423 2884 1554 2938 Nam
1601 2882 1747 2954 quod

137 3004 245 3042 tton
275 2987 415 3040 illius
443 2985 750 3039 testimonio
783 2998 918 3052 opus
946 2980 1206 3043 haberet,
1242 2977 1344 3032 hoc
1371 2976 1542 3030 solum
1585 2975 1747 3029 modo

136 3077 349 3133 ostendi
389 3084 628 3146 poterat,
661 3076 704 3129 si
746 3088 940 3140 nempe
979 3086 1039 3126 se
1081 3069 1223 3124 nuda
1267 3052 1567 3122 substantia
1597 3065 1746 3121 exhi-

137 3171 378 3234 buiSset,
412 3183 710 3236 omnesque
750 3167 801 3220 iu
846 3175 1120 3234 stuporem
1167 3161 1510 3232 conjecisset.
1551 3160 1745 3215 Verum

136 3264 187 3318 id
217 3279 324 3316 non
354 3261 474 3316 fecit
496 3301 510 3325 ,
539 3259 790 3330 quoniam
813 3300 827 3324 ,
855 3267 912 3312 ut
934 3255 1152 3326 jamjam
1180 3254 1322 3320 dixi,
1349 3267 1538 3307 omnes
1569 3252 1750 3322 perdi-

135 3359 300 3411 dissct
327 3399 341 3420 ,
373 3354 515 3425 quod
544 3369 703 3408 nemo
730 3355 911 3422 pnsset
940 3350 1273 3403 inaccessam
1306 3346 1448 3400 illam
1477 3346 1612 3399 lucis
1640 3344 1744 3397 vim

136 3449 304 3503 ferre.
341 3446 465 3500 Ideo
494 3459 712 3499 carnem
747 3441 950 3505 induit,
983 3451 1037 3495 et
1069 3438 1436 3494 testimon’ium
1474 3436 1543 3491 de
1583 3451 1641 3490 se
1673 3435 1750 3488 fe-

137 3541 293 3596 rendi
339 3539 576 3594 officium
623 3537 712 3591 nni
757 3549 1142 3590 conservorum
1187 3540 1498 3586 nostrorum
1547 3529 1743 3595 tradit,

134 3635 259 3704 quia
285 3631 464 3686 omnia
487 3629 552 3684 ad
582 3630 808 3684 salutem
840 3627 1115 3680 hominum
1142 3632 1395 3693 operatus
1415 3631 1498 3677 est
1526 3639 1539 3676 ;
1576 3635 1748 3689 neque

134 3747 249 3785 sua:
277 3728 522 3799 dignitati
554 3735 755 3780 tantum
776 3767 790 3789 ,
820 3723 913 3778 sed
943 3723 1103 3778 etiam
1132 3716 1436 3775 auditorum
1477 3717 1655 3787 captui
1696 3725 1750 3769 et

136 3822 354 3879 utilitati
380 3820 650 3876 consuluit
680 3837 693 3873 :
725 3816 868 3889 quod
896 3825 951 3872 et
980 3815 1093 3885 ipse
1119 3812 1468 3868 subindicans
1491 3809 1704 3865 dicebat
1732 3828 1747 3864 :

141 3914 272 3969 Hec
301 3913 416 3967 dico
445 3923 652 3982 propter
689 3927 810 3973 vos,
855 3919 910 3962 ut
940 3906 1224 3962 salvemini.
1272 3904 1342 3959 Et
1380 3902 1708 3976 evangelista
1730 3941 1746 3965 ,

135 4008 232 4076 qui
261 4021 323 4060 ea
353 4005 464 4074 ipsa
489 4046 503 4068 ,
531 4018 652 4074 quae
683 4002 959 4066 Dominus,
994 3999 1249 4069 loquitur,
1279 4003 1561 4068 postquam
1599 3993 1752 4048 dixe-

137 4109 253 4160 rat,
288 4096 357 4153 Ut
385 4096 726 4150 testimonium
755 4094 1037 4162 perhiberet
1063 4091 1127 4145 de
1165 4089 1359 4144 lumine
1382 4129 1397 4153 ,
1430 4087 1704 4158 subjunxit
1731 4128 1745 4150 ,

140 4189 212 4246 Ut
254 4206 426 4244 omnes
451 4189 708 4243 crederent
745 4203 837 4258 per
861 4203 1012 4252 eum;
1041 4199 1106 4240 ac
1133 4185 1178 4240 si
1209 4182 1416 4238 diceret
1447 4201 1459 4232 :
1490 4181 1568 4236 Ne
1595 4189 1750 4252 putes

203 4323 222 4355 ³
258 4321 313 4372 in
351 4319 460 4372 aliis
491 4321 717 4378 legitur:
744 4322 835 4372 sed
878 4334 967 4372 cur
1006 4329 1214 4371 Joannes
1238 4317 1398 4378 addit,
1433 4336 1454 4363 ι
1486 4323 1545 4367 Ut
1587 4328 1751 4367 omnes

133 4387 395 4436 crederent
413 4398 500 4446 per
522 4382 662 4434 illum
690 4382 713 4434 ?
735 4401 757 4429 ι

1856 571 1981 628 ideo
2026 572 2435 627 testificaturum
2477 573 2691 627 venisse
2718 571 2982 628 Joannnu
3035 573 3326 647 Baptistam
3353 620 3366 642 ,
3416 596 3475 636 ut.

1851 664 2054 736 aliquid
2095 663 2220 719 fidei
2259 665 2440 720 verbis
2479 665 2694 720 Domini
2735 663 3004 720 adderet:
3037 683 3144 721 non
3187 680 3473 739 pr0ptctca

1853 757 2033 820 venit,
2080 756 2177 811 sed
2219 765 2279 811 ut
2315 756 2644 812 contribules
2686 759 2768 811 sui
2816 774 2910 827 per
2950 758 3123 828 ipsum
3161 761 3468 816 crederent.

1851 848 2006 917 Quod
2037 860 2214 907 autem
2241 849 2309 905 ad
2341 865 2459 904 eam
2491 850 2787 905 tollendam
2827 852 3192 924 suspicionem
3236 854 3350 909 hanc
3392 857 3472 910 di-

1855 943 2012 1005 serit.
2037 958 2102 998 ex
2125 943 2474 1012 sequentibus
2496 953 2708 999 constat
2731 961 2744 996 :
2769 942 2919 999 addit
2939 948 3082 999 enim
3105 964 3118 1000 :
3140 946 3192 1002 8.
3222 945 3343 1002 Non
3364 961 3472 1003 erat

1851 1035 1938 1088 ille
1964 1034 2073 1088 lux.
2101 1033 2216 1089 Nisi
2243 1035 2388 1089 enim
2431 1035 2592 1102 hujus
2620 1035 2900 1106 abige-uda:
2939 1038 3261 1106 suspicionis
3299 1042 3467 1109 gratia

1853 1125 1970 1181 hanc
1995 1125 2253 1190 dixisset,
2286 1125 2616 1194 superfluum
2662 1126 2764 1181 hoc
2790 1136 2938 1182 esset
2962 1167 2977 1191 ,
3023 1136 3078 1182 et
3118 1130 3288 1200 magis
3317 1147 3472 1201 repe-

1854 1218 1972 1270 titio
2002 1233 2162 1287 quam
2193 1218 2483 1286 explicatio
2511 1216 2792 1273 doctrinm.
2835 1219 2970 1274 Cum
3013 1219 3245 1277 dixisset
3282 1225 3425 1279 enim
3453 1267 3466 1287 ,

1852 1311 2044 1366 Missus
2071 1320 2153 1366 est
2201 1309 2269 1365 Ut
2297 1311 2641 1364 testimonium
2681 1311 2963 1381 perhiberet
3003 1312 3067 1366 de
3105 1314 3330 1380 tantine,
3373 1331 3472 1372 cur

1855 1404 2046 1456 iterum
2071 1402 2239 1467 dicit,
2281 1400 2399 1455 Non
2431 1413 2538 1455 erat
2578 1403 2666 1458 ille
2693 1403 2824 1458 lux?
2850 1403 2966 1459 Non
2995 1403 3193 1461 frustra
3226 1423 3324 1462 nec
3353 1410 3470 1465 sine

1850 1510 2014 1550 causa
2047 1513 2060 1549 :
2091 1494 2187 1550 sed
2213 1494 2336 1564 quia
2373 1493 2687 1565 frequenter
2714 1496 2857 1567 apud
2887 1512 2985 1552 nos
3009 1499 3182 1568 major
3207 1510 3285 1554 est
3316 1501 3361 1557 is
3379 1507 3467 1571 qui

1852 1586 2191 1651 testificatur,
2245 1602 2408 1656 quam
2455 1587 2547 1643 ille
2591 1588 2660 1644 de
2704 1605 2811 1659 quo
2858 1591 3466 1659 testimoniumfertur,

1854 1681 2067 1751 fideque
2096 1680 2310 1750 dignior
2339 1681 2662 1752 plerumque
2691 1681 2905 1737 videtur
2930 1697 3053 1738 esse
3099 1701 3114 1738 :
3157 1699 3225 1739 ne
3251 1685 3372 1756 quis
3402 1687 3470 1741 de

1850 1774 2059 1830 Joanne
2090 1772 2143 1828 id
2178 1773 2570 1844 suspicaretur,
2612 1773 2793 1828 statim
2823 1789 2854 1829 a
2885 1776 3149 1846 principio
3179 1774 3319 1832 hanc
3356 1793 3471 1831 ma-

1854 1867 1957 1921 lam
1989 1867 2352 1937 suspicionem
2386 1866 2548 1929 tollit,
2571 1881 2743 1937 eaque
2770 1861 3261 1932 radicitus'evulsa,
3289 1856 3472 1925 osten-

1850 1960 1928 2014 dit
1955 1961 2077 2030 quis
2107 1959 2177 2014 sit
2204 1960 2250 2012 is
2274 1959 2364 2028 qni
2389 1956 2729 2026 testificatur,
2773 1971 2828 2015 et
2866 1961 2988 2031 quis
3027 1963 3114 2018 ille
3153 1963 3221 2018 de
3257 1980 3365 2036 quo
3393 1976 3466 2020 te—

1851 2055 2165 2110 stimonium
2215 2051 2409 2120 fertur,
2459 2065 2515 2108 et
2563 2063 2823 2124 quantum
2875 2055 2946 2110 sit
2993 2056 3133 2112 inter
3185 2070 3472 2130 utrumque

1851 2149 2165 2204 discrimen.
2200 2149 2277 2203 Ac
2307 2155 2589 2218 postquam
2621 2147 2723 2202 hoc
2751 2147 2904 2214 fecit,
2949 2151 3295 2224 ostenditque
3330 2155 3471 2210 illius

1832 2241 2330 2318 incomparabilem
2377 2241 2793 2310 excellentiam,
2844 2241 3076 2300 fidenter
3111 2245 3223 2316 jam
3274 2259 3469 2304 cmtera

1853 2335 2241 2406 prosequitur:
2274 2342 2330 2389 et
2365 2334 2410 2388 si
2451 2333 2578 2404 quid
2611 2333 2834 2389 absurdi
2877 2337 3308 2407 insipientior-mn
3349 2344 3471 2396 ani-

1853 2442 1970 2482 mos
2000 2428 2237 2492 subiret,
2270 2428 2371 2483 hoc
2400 2428 2690 2498 diligenter
2730 2431 2971 2498 sublato,
3017 2433 3174 2490 facile
3215 2435 3473 2509 deinceps

1851 2528 1906 2575 et
1949 2520 2067 2575 sine
2111 2521 2265 2575 obice
2305 2521 2565 2575 doctrina:
2605 2521 2829 2577 verbum
2869 2523 3129 2581 immittit.
3182 2528 3472 2585 Precemur

1853 2613 2061 2683 itaque,
2099 2624 2156 2667 ut
2185 2628 2310 2668 cum
2339 2622 2609 2668 tantarum
2639 2616 2972 2671 revelatione
3003 2633 3212 2685 rerum,
3243 2635 3472 2690 cumque

1853 2721 1983 2762 sana
2009 2717 2263 2778 rectaque
2291 2706 2535 2762 doctrina
2564 2707 2730 2762 vitam
2759 2725 2974 2781 quoque
2994 2727 3181 2781 puram
3210 2724 3474 2769 sanctam.

1852 2814 1956 2869 que
1978 2799 2258 2853 ducamus.
2289 2799 2541 2854 Doctrina
2563 2800 2762 2870 quippe
2785 2803 2914 2856 nihil
2939 2804 3093 2859 nobis
3114 2806 3334 2876 prodest
3355 2808 3471 2863 sine

1855 2891 2010 2946 bouis
2036 2891 2315 2961 operibus.
2340 2891 2492 2947 Licet
2518 2895 2663 2946 enim
2690 2893 2848 2949 fidem
2877 2896 3139 2966 integram
3171 2898 3471 2970 Scriptura-

1855 2999 2081 3056 rutnque
2110 2987 2513 3057 intelligentiam
2546 2996 2850 3056 teneamus,
2881 2990 2923 3044 si
2955 2989 3107 3046 bona:
3143 2995 3267 3047 vita:
3293 3003 3472 3064 patito-

1854 3078 1998 3132 ciuio
2041 3079 2166 3132 nudi
2195 3089 2251 3134 ct
2279 3079 2430 3133 vacui
2466 3080 2674 3146 simus,
2718 3079 2849 3134 nihil
2892 3081 3148 3152 impediet
3187 3088 3474 3155 quominus

1855 3173 1906 3226 in
1960 3171 2225 3242 gchemne
2270 3173 2446 3243 ignem
2474 3173 2812 3240 dejiciamur,
2845 3182 2901 3230 et
2939 3176 2990 3229 in
3030 3176 3294 3233 inﬁnitum
3325 3181 3474 3236 inex-

1855 3263 2147 3334 stinguibili
2200 3264 2415 3319 ﬂamma
2469 3251 2872 3321 comburainnr.
2925 3267 3074 3324 Sicut
3113 3271 3256 3326 enim
3301 3271 3336 3327 ii
3380 3276 3472 3343 qui

1856 3356 1994 3410 bona
2022 3364 2280 3426 egerunt,
2325 3367 2612 3428 resurgent
2650 3358 2700 3411 in
2741 3360 2907 3413 vitam
2948 3371 3239 3428 mternam;
3281 3367 3358 3421 sic
3400 3368 3474 3421 illi

1854 3448 1944 3518 qui
1967 3449 2235 3502 contraria
2259 3449 2372 3501 ausi
2397 3457 2554 3515 sunt,
2581 3449 2632 3503 in
2661 3461 2925 3506 :ezernum
2942 3464 2998 3508 et
3015 3470 3287 3525 nunquam
3311 3457 3472 3513 linem

1859 3539 2164 3594 habiturum
2187 3541 2529 3611 supplicium.
2558 3542 2919 3610 Quamobrem
2943 3561 3104 3603 omne
3122 3551 3476 3608 adhibeamus

1856 3634 2125 3701 studium,
2169 3643 2226 3688 ut
2258 3650 2326 3691 ne
2358 3636 2563 3691 lucrum
2595 3638 2750 3694 nobis
2791 3656 2858 3695 ex
2899 3653 3044 3697 recta
3084 3644 3186 3700 fide
3226 3658 3434 3716 partum
3460 3693 3472 3713 ,

1857 3742 2082 3796 operum
2111 3727 2374 3796 pravitate
2401 3726 2814 3796 labefactemus;
2843 3733 2937 3788 sed
2959 3749 3082 3789 eum
3111 3735 3199 3790 hic
3225 3739 3310 3807 pie
3338 3741 3476 3796 vixe-

1857 3820 2045 3886 rimus,
2077 3819 2355 3875 Christum
2381 3836 2504 3875 cum
2532 3820 2725 3877 fiducia
2763 3824 3064 3892 videamus,
3109 3832 3193 3884 cui
3240 3831 3476 3888 beatitu-

1856 3909 1966 3964 dini
1998 3926 2093 3980 par
2121 3910 2254 3966 nihil
2286 3928 2519 3982 unquam
2551 3912 2730 3969 fuerit.
2763 3915 2978 3972 Utinam
3009 3935 3108 3974 nos
3138 3937 3298 3993 supra
3331 3925 3473 3981 dicta

1856 4006 2178 4075 consequuti
2204 4007 2244 4071 ί,
2293 4007 2359 4060 ad
2405 4007 2630 4077 gloriam
2680 4009 2772 4064 Dei
2825 4013 3005 4067 omnia
3050 4014 3339 4082 faciamus,
3389 4025 3473 4075 Cui

1855 4097 2024 4168 gloria
2055 4113 2159 4152 una
2185 4114 2310 4153 cum
2343 4101 2623 4170 unigenito
2667 4100 2802 4158 Filio
2831 4113 2885 4159 et
2923 4103 3126 4176 Spiritu
3165 4124 3382 4178 sancto,
3424 4115 3473 4167 in

1858 4192 2052 4247 saecula
2085 4192 2429 4248 seculorum.
2461 4196 2653 4249 Amen.

1924 4311 1941 4342 ⁸
1967 4307 2074 4385 et“
2089 4306 2336 4385 ,=,.9’!im
2355 4384 2359 4385 ,
2375 4321 2482 4385 11.0.8,-
2508 4313 2654 4385 wcm
2677 4323 2830 4385 arra
2867 4311 3012 4385 ᾴίεέίε
3031 4327 3308 4385 ,εοηεοηαηι
3331 4333 3476 4385 uacu-

1857 4381 1946 4424 tes.
1967 4379 2055 4420 Pro
2088 4376 2298 4432 utraque
2325 4371 2546 4419 lectione
2563 4379 2696 4421 stant
2719 4371 2827 4423 titss.
2845 4373 3064 4438 plurimi.

136 4495 3478 4524 —______-—————————*—-’———-———______

1543 4574 1896 4639 HOMILIA
1935 4572 2071 4665 vn.

139 4730 194 4784 9.
241 4729 368 4785 Erat
399 4732 488 4784 tua:
516 4747 663 4795 cera,
695 4745 809 4799 qua:
851 4729 1105 4782 illuminat
1149 4743 1349 4782 omnem
1379 4727 1633 4780 hominem
1664 4739 1751 4778 re-

574 4823 790 4876 nientent
817 4823 867 4875 in
891 4823 1023 4875 hunc
1049 4823 1316 4875 mundum.

219 4985 271 5038 1.
309 4981 608 5036 Met/tadum
632 4980 912 5035 disserendi
936 4998 966 5034 a
992 4997 1045 5034 se
1070 4990 1369 5050 usurpatam
1390 4977 1567 5032 asserit
1588 4974 1756 5047 Chry-

147 5086 415 5130 sostomus.
466 5072 1013 5140 Incomprehensibilia
1057 5071 1153 5124 Dei
1199 5088 1301 5125 non
1345 5070 1642 5125 scrutanda.
1684 5099 1757 5110 —-

153 5168 277 5222 Ideo
303 5209 317 5229 ,
351 5165 689 5220 dilectissimi
732 5164 855 5228 fthi,
889 5180 985 5217 vos
1031 5164 1331 5218 minutatim
1363 5171 1418 5218 et
1452 5179 1547 5232 per
1578 5172 1756 5232 partes

147 5246 547 5326 Scripturarum
575 5256 818 5311 doctrinm
852 5257 1141 5324 pascimus.
1177 5271 1350 5325 neque
1385 5255 1543 5308 simul
1576 5254 1756 5307 omnia

149 5349 478 5403 effundimus
501 5391 515 5414 ,
552 5357 608 5402 ut
637 5347 845 5402 facilior
888 5349 1054 5402 vobis»
1071 5349 1139 5401 sit
1171 5349 1351 5404 emissi
1389 5347 1536 5402 verbi
1569 5358 1755 5402 custo-

149 5441 257 5494 dia.
292 5440 421 5495 Nam
456 5442 506 5495 in
541 5440 815 5507 mdiliciis,
848 5441 938 5510 qui
981 5449 1266 5510 antequam
1305 5440 1512 5508 priores
1551 5441 1758 5510 lapides

150 5535 423 5603 conjuncti
455 5535 594 5599 sint,
629 5535 762 5588 alios
793 5535 1218 5604 superimponit,
1248 5549 1353 5588 non
1387 5533 1599 5588 ﬁrmum
1621 5576 1636 5602 ,
1664 5535 1760 5589 sed

154 5626 312 5682 facile
342 5630 603 5682 ruiturum
638 5630 794 5682 struit
830 5630 1121 5698 parietem;
1151 5629 1240 5698 qui
1271 5637 1449 5683 autem
1483 5639 1763 5699 exspectat

153 5718 326 5774 tionec
354 5720 500 5775 calce
530 5720 830 5786 lit-tuentur,
862 5733 916 5775 et
941 5723 1018 5777 sic
1046 5723 1298 5792 paulatim
1328 5732 1525 5778 caetera
1553 5724 1756 5793 adjicit,

155 5822 345 5878 tutam,
374 5812 580 5867 firmam
604 5813 802 5883 diuque
822 5814 1132 5869 duraturam
1161 5815 1379 5872 domum
1411 5819 1628 5873 excitat.
1654 5817 1764 5872 llos

157 5907 352 5958 mdium
386 5915 682 5960 structores
711 5918 764 5961 et
806 5922 906 5962 nos
946 5907 1238 5977 imitemur,
1272 5909 1572 5983 eodemque
1603 5911 1765 5967 modo

492 6027 755 6086 ΡΑτηοι..
800 6025 916 6084 Gn.
965 6025 1126 6085 LIX.

1857 4724 2069 4801 vestras
2099 4715 2426 4773 mdilicemus
2466 4719 2674 4774 animas
2700 4722 2737 4775 ί.
2774 4721 3055 4781 Timemus
3082 4730 3226 4783 enim
3249 4773 3262 4794 ,
3296 4749 3361 4785 ne
3393 4750 3479 4787 rc-

1858 4824 1991 4864 cens
2017 4824 2139 4864 cum
2169 4809 2240 4862 sit
2272 4809 2422 4878 prior
2448 4819 2739 4878 structura,
2770 4818 3025 4872 secunda:
3056 4820 3254 4877 additae
3282 4841 3479 4894 Specu-

1862 4904 2110 4967 lationes,
2138 4903 2344 4972 priores
2370 4905 2738 4974 pessumdent,
2768 4922 2889 4963 cum
2921 4927 3074 4967 meus
3103 4929 3335 4985 nequeat
3363 4937 3480 4973 out-

1862 4997 1951 5050 nia
1990 4995 2150 5050 simul
2192 4996 2495 5051 cuntiuere.
2525 4997 2665 5064 Quid
2710 5000 2872 5070 igitur
2913 5001 3072 5060 hodie
3117 5007 3314 5063 lectum
3359 5021 3474 5078 est,

1861 5085 1993 5141 Erat
2025 5086 2116 5141 lita:
2135 5103 2252 5140 vera
2276 5104 2389 5157 qutc
2413 5088 2670 5144 illuminat
2694 5108 2894 5146 omnem
2925 5095 3183 5152 hominem
3205 5104 3484 5159 uenientem

1862 5180 1914 5233 in
1956 5179 2092 5232 hunc
2133 5179 2403 5234 mundum.
2433 5179 2531 5247 Qui
2578 5183 2722 5237 enim
2771 5201 2934 5254 supra
2967 5188 3036 5244 de
3066 5189 3276 5249 Joanne
3305 5195 3483 5251 disse-

1866 5288 2009 5338 rens,
2046 5273 2260 5328 dicehat
2285 5289 2408 5329 eum
2441 5276 2677 5341 venisse,
2717 5277 2785 5333 Ut
2822 5281 3165 5337 testimonium
3201 5289 3484 5352 perhiberet

1866 5366 1929 5420 de
1957 5366 2180 5433 lumine,
2213 5378 2268 5422 et
2307 5384 2451 5423 mmc
2492 5371 2717 5426 missum
2759 5387 2920 5439 esse;
2965 5392 3031 5431 ne
3070 5380 3190 5447 quis
3233 5381 3348 5436 htec
3387 5399 3484 5437 au-

1865 5459 2050 5520 diens,
2083 5459 2152 5514 ob
2181 5476 2447 5529 nuperum
2479 5463 2820 5518 tcstilicantis
2851 5467 3174 5537 adventum,
3206 5473 3274 5527 de
3303 5489 3370 5528 eo
3400 5479 3483 5530 cui

1868 5553 2235 5606 testimonium
2269 5551 2543 5608 ferebatur
2575 5554 2806 5625 aliquant
2839 5561 3202 5628 suspicionem
3237 5568 3486 5621 admitte.

1870 5655 1973 5712 ret,
2008 5656 2217 5702 mentes
2246 5649 2457 5716 erexit,
2487 5659 2540 5703 ct
2579 5649 2642 5703 ad
2673 5653 2819 5705 omni
2853 5653 3120 5726 principio
3150 5663 3485 5729 superior-rut

1938 5803 2065 5878 trrsic
2108 5806 2446 5878 Mssuquidam
2470 5815 2629 5878 recte.
2656 5810 2798 5860 savii.
2829 5822 2996 5865 autem
3017 5824 3068 5867 et
3092 5814 3256 5866 Morel.
3287 5855 3299 5878 ,
3327 5819 3486 5868 ἑρκίτας

1873 5864 2430 5944 unuaxigmdiﬁcamus,
2469 5869 2676 5944 legunt;
2704 5889 2817 5936 quae
2850 5878 2910 5926 ad
2945 5864 3128 5931 seriem
3159 5864 3486 5944 (litigarem—tat

1875 5938 1973 5974 non
2011 5934 2107 5976 tam
2130 5929 2260 5979 bene
2286 5929 2802 5994 quadrare'vide'ntitr.

3056 6026 3092 6086 ει
3125 6080 3132 6084 .
