4064 6442
674 476 741 527 εδ
1391 463 1447 517 S.
1488 457 1766 516 JOANNIS
1801 450 2269 513 CllllYSOSTOlll
2311 447 2631 507 ARCIIIEP.
2672 448 3206 507 CONSTANTINOP.
3918 450 3980 503 fil

673 586 1038 641 exsistentiam
1068 577 1396 643 transmisit,
1431 591 1550 647 qua:
1584 572 1785 627 nullum
1818 569 2061 625 habitura
2092 566 2253 620 tinem

672 690 773 733 est.
804 679 871 734 Et
896 675 1162 748 quomodo
1193 680 1414 743 possunt
1446 669 1562 724 haec
1587 680 1739 731 esse,
1773 662 2006 735 inquies,
2040 675 2159 715 cum
2188 658 2254 713 sit

679 772 840 825 l-‘ilius
857 771 872 801 ¹
892 769 915 821 τ
937 768 1011 822 De
1035 766 1145 820 Deo
1165 762 1451 834 loquimur,
1475 770 1529 816 et
1553 766 1608 813 tu
1636 757 1931 826 interrogas
1950 749 2254 823 quomodo?

677 875 847 932 neque
877 861 1031 914 times
1056 857 1142 913 vel
1172 853 1474 911 horrescis?
1499 851 1579 906 Ad
1612 850 1747 916 hmc,
1776 849 1820 903 si
1850 847 1969 919 quis
1995 852 2197 916 quaerat
2223 857 2252 896 a

675 965 743 1017 te,
766 949 1034 1022 quomodo
1062 950 1253 1003 animae
1273 954 1325 1001 et
1346 958 1570 1013 corpora
1598 939 1879 996 immortali
1906 938 2010 992 vita
2032 935 2252 990 lruitura

672 1046 800 1109 sint,
830 1040 1299 1110 interrogationem
1327 1038 1475 1091 illam
1498 1033 1714 1095 ridebis,
1744 1030 1894 1101 quasi
1925 1042 2029 1084 non
2059 1028 2127 1081 sit
2157 1026 2255 1079 hn-

672 1148 847 1188 ntanae
875 1131 1067 1187 mentis
1095 1143 1355 1200 quatrere,
1379 1124 1474 1181 sed
1501 1123 1721 1179 credere
1749 1130 1949 1175 tantum
1971 1128 2249 1189 Oporteat;

672 1239 844 1295 neque
879 1222 1075 1278 dictum
1117 1218 1244 1274 illud
1286 1216 1515 1273 serutari
1540 1256 1554 1281 ,
1585 1213 1736 1283 cujus
1765 1211 2035 1267 sufficiens
2063 1210 2131 1263 sit
2154 1208 2249 1262 de-

672 1314 985 1370 monstratio
1015 1310 1240 1366 dicentis
1278 1308 1513 1379 potentia
1539 1322 1554 1370 ;
1585 1305 1664 1359 sin
1696 1310 1873 1357 autem
1904 1300 2054 1354 illum
2081 1298 2169 1369 qui
2200 1310 2253 1352 et

669 1410 875 1464 animas
913 1417 968 1463 et
1011 1419 1237 1475 corpora
1284 1402 1522 1466 creavit,
1571 1408 1621 1454 et
1668 1397 1809 1451 nulla
1852 1392 2250 1462 comparatione

668 1510 966 1554 creaturam
998 1497 1301 1553 universam
1333 1499 1659 1563 exsuperat,
1690 1490 1805 1545 sine
1844 1485 2103 1558 principio
2130 1498 2251 1538 esse

667 1591 927 1653 dicamus,
956 1597 1013 1642 tu
1042 1583 1393 1655 interrogabis
1419 1580 1688 1653 quomodo
1714 1578 1763 1633 id
1797 1580 1988 1631 factum
2015 1574 2122 1630 sit“?
2149 1573 2251 1628 Ec-

666 1681 787 1750 qnis
812 1694 957 1735 sana:
986 1678 1177 1734 mentis
1204 1676 1318 1731 hate
1347 1689 1468 1730 esse
1497 1670 1731 1729 dixerit?
1763 1670 1883 1741 quis
1910 1669 2045 1724 bene
2071 1666 2250 1721 valen-

669 1773 735 1826 tis
765 1772 926 1826 animi
955 1780 1007 1825 et
1036 1767 1340 1825 ratiocinil?
1370 1765 1606 1822 Audistis
1635 1763 1785 1828 illud,
1820 1763 1944 1817 Erat
1983 1760 2073 1815 tua:
2109 1776 2244 1813 vera.

666 1862 801 1929 Quid
835 1861 1027 1916 frustra
1055 1858 1371 1923 contendis,
1404 1867 1461 1911 ut
1490 1855 1749 1911 infinitam
1790 1854 1935 1908 illam
1966 1853 2127 1907 vitam
2158 1866 2244 1904 ra—

665 1952 880 2006 tiocinio
900 1950 1221 2021 assequaris,
1246 1965 1363 2019 qua:
1386 1962 1490 2002 non
1517 1954 1690 2015 potest
1713 1944 1897 2014 attingi
1915 1944 1937 1997 ?
1956 1942 2082 2014 quid
2103 1957 2247 2011 qua:-

664 2045 735 2098 ris
763 2059 825 2099 ea
856 2059 970 2114 qua:
999 2042 1205 2113 exquiri
1234 2041 1546 2111 nequeunt?
1569 2056 1665 2094 cur
1690 2035 2245 2108 incomprehensibilia

660 2136 954 2190 scrutaris?
991 2151 1087 2190 cur
1124 2136 1401 2191 examinas
1429 2148 1489 2187 ea
1519 2149 1637 2202 qua!
1667 2131 1901 2187 examini
1925 2146 2028 2184 noo
2061 2129 2244 2198 subja-

660 2229 825 2283 cent?
851 2226 1114 2283 Solarium
1144 2226 1411 2281 radiorum
1442 2226 1689 2296 perquire
1713 2223 1975 2287 radicem;
2009 2236 2113 2276 non
2145 2235 2241 2290 po-

664 2317 790 2374 teris
819 2317 1063 2387 assequi,
1105 2331 1279 2387 neque
1321 2324 1497 2370 tamen
1536 2313 1859 2384 indignaris,
1892 2327 2065 2382 neque
2102 2326 2243 2381 agre

662 2412 769 2464 fers
810 2408 1221 2463 imbecillitatem
1256 2419 1418 2461 tuam.
1459 2406 1564 2461 Cur
1597 2420 1724 2473 ergo
1753 2406 1803 2458 in
1830 2402 2118 2472 majoribus
2143 2418 2242 2456 au-

659 2504 759 2556 dax
787 2518 847 2557 es
873 2512 925 2557 et
956 2500 1309 2557 temerarius?
1334 2500 1566 2554 Joannes
1593 2498 1729 2552 lilius
1752 2496 1990 2561 tonitrui,
2018 2496 2106 2566 qui
2132 2494 2240 2564 spi-

657 2593 831 2649 rituali
864 2592 986 2646 tuba
1012 2592 1185 2655 canit,
1220 2591 1306 2646 ubi
1344 2590 1468 2644 illud
1489 2630 1505 2655 ,
1539 2588 1696 2651 Erat,
1726 2603 1753 2639 a
1783 2586 1978 2655 Spiritu
2008 2586 2237 2651 audivit,

656 2685 785 2739 nihil
816 2684 947 2739 ultra
975 2682 1221 2753 quaesivit
1249 2699 1261 2735 :
1292 2691 1348 2736 et
1387 2689 1440 2734 tu
1479 2694 1583 2734 non
1626 2678 1736 2748 pari
1777 2677 1943 2747 gratia
1974 2675 2235 2742 donatus,

653 2775 741 2844 qui
770 2790 835 2829 ex
878 2773 1101 2829 infirmis
1142 2772 1433 2827 ratiociniis
1477 2770 1581 2824 tuis
1618 2768 1851 2837 loqueris
1874 2807 1890 2833 ,
1921 2767 2240 2837 cognitionis

654 2866 795 2919 illius
827 2865 1113 2920 terminum
1160 2861 1538 2919 transcendere
1578 2860 1826 2916 conaris?
1867 2858 2094 2929 Ideoque
2132 2874 2236 2912 non

653 2972 833 3025 parem
859 2958 945 3019 ei,
977 2971 1135 3027 quam
1179 2956 1268 3010 ille
1309 2954 1524 3019 habuit,
1564 2954 1802 3008 notitiam
1830 2967 2059 3023 unquam
2087 2965 2233 3005 asse-

649 3050 845 3118 queris.
878 3046 1187 3118 llujusmodi
1218 3061 1446 3116 namque
1474 3055 1556 3100 est
1580 3045 1775 3099 diaboli
1806 3043 2071 3099 calliditas
2097 3059 2110 3101 :
2141 3056 2234 3097 eos

605 3187 609 3191 .
653 3139 742 3209 qui
770 3138 843 3193 illi
870 3139 1257 3209 obsequuntur,
1284 3147 1435 3193 extra
1466 3137 1721 3192 terminos
1748 3150 1776 3188 a
1808 3136 1916 3190 Deo
1945 3134 2097 3190 nobis
2138 3149 2233 3203 po-

652 3232 785 3286 sitos
813 3228 1086 3296 transfert,
1117 3229 1268 3299 quasi
1311 3228 1467 3299 longe
1492 3228 1744 3282 ulteriora
1772 3228 2032 3296 attingere
2060 3226 2233 3296 possi-

651 3337 765 3375 mus
787 3338 803 3373 :
827 3328 1105 3390 postquam
1128 3328 1303 3374 autem
1330 3318 1431 3373 hac
1457 3332 1551 3389 spe
1578 3318 1843 3373 inescatos
1864 3333 1893 3371 a
1918 3318 2091 3373 divina
2115 3332 2233 3387 gra-

650 3414 720 3466 tia
750 3410 991 3478 extrusit,
1023 3420 1147 3465 tunc
1170 3410 1382 3466 domum
1413 3426 1517 3465 non
1548 3409 1707 3464 modo
1729 3410 1859 3464 nihil
1894 3410 2030 3463 ultra
2053 3409 2227 3474 addit;

646 3500 913 3570 quomodo
940 3502 1080 3556 enim
1108 3500 1161 3556 id
1193 3500 1427 3565 faceret,
1456 3500 1701 3555 diabolus
1726 3516 1844 3555 cum
1872 3503 1941 3554 sit
1961 3500 1985 3552 ?
2008 3499 2102 3555 sed
2134 3515 2231 3555 nec

647 3595 770 3649 sinit
797 3601 849 3647 ut
892 3592 959 3648 ad
1001 3594 1177 3664 priora
1198 3633 1211 3655 ,
1247 3593 1298 3647 in
1325 3592 1476 3663 queis
1504 3600 1617 3646 tuto
1647 3579 2009 3655 versabantur,
2038 3590 2228 3645 redea-

647 3701 802 3751 mus;
834 3702 1017 3740 verum
1048 3686 1247 3740 circum
1279 3701 1488 3755 quaque
1522 3686 1628 3755 agit
1664 3690 1911 3738 errantes
1933 3724 1947 3749 ,
1978 3684 2067 3753 qui
2106 3698 2227 3738 nus-

648 3794 803 3848 quam
832 3780 1125 3833 consistere
1157 3778 1438 3847 possimus.
1472 3777 1560 3831 Sic
1600 3776 1825 3846 primum
1858 3786 2134 3845 parentem
2162 3790 2227 3829 ex

647 3868 891 3938 paradiso
926 3868 1175 3925 excidere
1214 3871 1435 3924 curavit.
1467 3868 1597 3923 Cum
1637 3869 1780 3923 enim
1817 3868 1965 3921 illum
1997 3881 2091 3937 Spe
2118 3882 2230 3919 ma-

647 3960 773 4031 joris
803 3960 1041 4015 scientiae
1071 3969 1128 4015 et
1156 3958 1373 4016 ltouori's
1401 3958 1635 4015 inﬂasset
1660 4000 1673 4019 .
1708 3960 1866 4014 etiam
1898 3960 2044 4013 illum
2069 3960 2137 4013 ab
2167 3959 2230 4013 iis

645 4052 837 4121 quibus
879 4053 1164 4123 tranquille
1204 4051 1475 4108 fruebatur
1512 4051 1688 4121 ejecit.
1731 4050 1845 4105 Non
1892 4050 2049 4104 modo
2086 4050 2224 4104 enim

650 4157 753 4197 non
783 4143 949 4197 factus
980 4152 1061 4198 est
1099 4143 1314 4213 a-qualis
1352 4143 1489 4206 Deo,
1522 4152 1577 4197 ut
1607 4143 1702 4212 ipsi
1738 4142 2102 4212 pollicebatur,
2133 4142 2224 4196 Sed

645 4234 748 4288 sub
788 4235 976 4289 mortis
1018 4234 1351 4305 tyrannidem
1393 4233 1660 4299 detrusit;
1699 4248 1796 4288 nec
1830 4235 2004 4288 solum
2038 4251 2065 4284 a
2098 4233 2223 4301 ligni

646 4341 739 4381 esu
779 4326 909 4380 nihil
954 4327 1190 4395 accepit,
1222 4326 1317 4380 sed
1360 4327 1519 4380 etiam
1561 4342 1627 4381 ex
1673 4327 1758 4379 illa
1798 4342 1956 4395 quam
2001 4326 2229 4380 habebat

646 4416 867 4471 scientia
901 4430 1006 4470 non
1034 4432 1218 4485 parum
1248 4416 1426 4470 amisit
1449 4456 1462 4479 ,
1498 4416 1655 4484 idque
1685 4432 1779 4486 spe
1806 4416 2023 4483 majoris
2056 4416 2225 4484 adipi-

648 4507 879 4561 scendae.
922 4506 1051 4561 Nam
1098 4514 1223 4561 tunc
1264 4507 1491 4575 primum
1534 4507 1601 4561 de
1640 4507 1877 4561 nuditate
1912 4507 2225 4561 erubescere

646 4596 843 4665 ctepit,
884 4610 1002 4649 cum
1046 4604 1197 4651 antea
1242 4598 1389 4650 omni
1430 4596 1630 4665 pudore
1672 4606 1723 4650 et
1766 4597 1957 4651 rubore
1984 4596 2226 4666 superior

649 4689 851 4741 fuisset.
885 4687 1013 4741 Illud
1054 4688 1213 4741 etiam
1244 4687 1383 4757 quod
1414 4703 1472 4742 se
1501 4688 1699 4741 nudum
1736 4703 1855 4743 esse
1892 4689 2220 4756 adverteret,

645 4780 785 4847 quod
815 4779 1051 4833 vestibus
1082 4779 1272 4833 exinde
1316 4790 1527 4849 egeret,
1557 4780 1688 4833 illud
1710 4822 1723 4843 ,
1756 4784 1999 4850 inquam,
2032 4791 2086 4837 et
2124 4784 2224 4837 alia

647 4868 871 4936 plurima
898 4868 1064 4921 tristia
1087 4868 1414 4924 acciderunt.
1440 4869 1590 4935 Quod
1615 4885 1681 4923 ne
1704 4871 1855 4924 nobis
1877 4888 2085 4939 quoque
2106 4890 2226 4925 con-

649 4962 849 5028 tingat,
882 4959 989 5012 Deo
1018 4958 1474 5029 obtemperemus,
1517 4962 1633 5029 ejus
1674 4973 1936 5031 prmcepla
1975 4963 2226 5019 observe-

650 5065 785 5115 mus,
812 5056 866 5104 et
895 5051 1026 5105 nihil
1057 5051 1281 5107 ulterius
1307 5054 1521 5107 curiose
1547 5056 1949 5123 perquiramus;
1984 5064 2039 5108 ut
2065 5072 2130 5109 ne
2160 5070 2224 5109 ex

652 5140 803 5195 nobis
824 5144 1095 5198 concessis
1120 5144 1427 5199 excidamus
1452 5146 1623 5209 bonis,
1649 5146 1789 5217 quod
1816 5156 1869 5201 et
1893 5148 1991 5201 illis
2013 5148 2221 5202 accidit.

651 5234 783 5288 Dum
823 5236 961 5287 enim
998 5235 1121 5290 vita:
1164 5238 1426 5307 principio
1479 5241 1707 5293 carentis
1756 5240 2069 5309 principium
2108 5255 2225 5309 per-

647 5327 896 5393 quirunt,
928 5328 1089 5381 etiam
1122 5329 1207 5381 illa
1240 5344 1357 5398 qua:
1399 5330 1595 5385 habere
1635 5341 1876 5399 poterant
1912 5332 2221 5386 amiserunt.

648 5416 826 5484 Neque
851 5418 989 5471 enim
1020 5420 1067 5472 id
1096 5420 1233 5487 quod
1256 5422 1566 5491 quzrrehant
1588 5423 1932 5486 invenerunt;
1961 5439 2062 5477 non
2084 5423 2223 5478 enim

650 5517 895 5575 poterant
920 5527 931 5573 ;
966 5522 1125 5578 atque
1153 5526 1183 5564 a
1210 5528 1334 5566 sana
1358 5515 1498 5567 circa
1521 5514 1858 5584 Unigenitum
1891 5516 1991 5569 lide
2015 5516 2224 5570 excide-

646 5613 785 5655 runt.
812 5602 879 5656 At
898 5618 992 5657 nos
1023 5621 1087 5659 ne
1116 5605 1491 5659 transferamus
1518 5609 1770 5663 terminos
1795 5609 2063 5677 antiquos,
2093 5624 2223 5676 quos

648 5705 938 5761 pttSllcrlllll
966 5708 1143 5766 patres
1178 5699 1375 5760 uestri,
1405 5708 1458 5753 et
1486 5702 1677 5769 ubique
1702 5700 1927 5770 Spiritus
1954 5702 2121 5755 sancti
2148 5702 2222 5755 le-

712 5891 729 5920 ‘
762 5898 899 5941 tanta
918 5896 1145 5957 quosdam
1165 5896 1427 5960 legendum
1448 5907 1541 5961 est,
1569 5914 1677 5949 cum
1702 5902 1759 5949 sit
1787 5900 1935 5951 Filius
1958 5900 2168 5952 (thema.

2364 564 2520 633 gibus
2545 566 2797 623 cedamus
2823 584 2836 620 :
2861 576 2914 622 et
2942 583 3062 621 cum
3088 566 3357 631 audimus,
3392 566 3515 621 Erat
3542 569 3640 623 (tu:
3672 582 3826 632 vera,
3854 566 3977 619 nihil

2365 659 2586 714 ulterius
2613 659 2939 728 inquiramns
2965 676 2977 711 :
3003 673 3177 725 neque
3198 659 3341 714 enim
3365 658 3499 713 ultra
3523 672 3837 729 possumus
3860 672 3976 725 per-

2364 752 2589 821 tingere.
2620 750 2750 805 Nam
2779 752 2824 805 si
2855 751 2996 807 Deus
3032 760 3089 806 ut
3128 750 3289 806 homo
3318 752 3621 821 genuisset,
3656 752 3979 806 necessario

2365 844 2632 900 interstitii
2671 844 2945 915 quidpiam
2987 844 3174 899 fuisset
3207 846 3502 915 genitorem
3535 845 3684 900 inter
3727 855 3787 898 et
3828 846 3975 913 geni-

2364 942 2513 1001 tum;
2547 936 2638 990 sed
2677 940 2796 1005 quia
2834 934 3086 989 ineffabili
3128 936 3288 990 modo
3317 944 3371 991 et
3397 947 3449 991 ut
3479 937 3647 991 Deum
3679 936 3855 992 decet
3884 948 3974 1005 ge~

2364 1026 2501 1092 nuit,
2525 1027 2730 1081 abstine
2753 1026 2820 1080 ah
2847 1026 2929 1081 bis
2953 1025 3195 1092 vocibus,
3218 1037 3333 1081 ante
3362 1037 3413 1080 et
3440 1037 3549 1096 post
3571 1043 3590 1081 :
3620 1028 3749 1081 hmc
3771 1026 3974 1096 quippe

2362 1125 2661 1187 temporum
2684 1117 2897 1171 nomina
2925 1126 3085 1171 sunt:
3110 1117 3275 1173 Filius
3296 1133 3423 1174 vero
3444 1119 3605 1175 etiam
3630 1120 3973 1174 saeculorum

2359 1210 2595 1263 omnium
2624 1206 2869 1263 conditor
2892 1218 2994 1263 est.

2429 1299 2485 1352 2.
2524 1298 2653 1352 Vera
2676 1300 2737 1353 de
2771 1297 2926 1353 Patre
2948 1300 3083 1354 etde
3117 1299 3252 1355 Filio
3296 1302 3546 1355 doctrina.
3596 1300 3971 1357 Sabbelliano—

2358 1409 2471 1446 rum
2529 1402 2574 1446 et
2629 1391 3080 1447 Marcellianorum
3138 1396 3355 1450 insania.
3414 1395 3632 1451 Peccata
3702 1396 3969 1467 quomodo

2356 1485 2869 1554 abtuantur.—Ergo
2900 1501 3002 1538 non
3037 1494 3203 1554 pater,
3223 1487 3354 1551 aies,
3374 1486 3469 1541 sed
3499 1485 3662 1541 frater
3694 1496 3810 1541 est.
3836 1487 3969 1554 Qua:

2358 1580 2669 1644 necessitas,
2702 1580 2929 1649 quasso?
2957 1579 3088 1634 Nam
3122 1581 3165 1634 si
3198 1580 3411 1634 Patrem
3431 1588 3491 1635 et
3530 1581 3732 1634 Filium
3766 1595 3836 1635 ex
3860 1579 3965 1632 alia

2357 1682 2410 1728 et
2434 1672 2640 1728 diversa
2668 1672 2846 1728 radice
2875 1685 3024 1729 ortos
3066 1662 3369 1729 diceremus
3393 1714 3408 1738 ,
3456 1672 3571 1728 bazc
3604 1674 3734 1743 jnre
3774 1673 3967 1728 dicere

2357 1780 2543 1835 posses
2578 1784 2595 1819 ι
2622 1767 2705 1820 sin
2750 1766 2890 1821 hanc
2931 1766 3162 1821 vitamus
3204 1766 3565 1835 impietatem,
3611 1765 3965 1835 dicimusqus

2354 1856 2565 1911 Patrem
2590 1858 2705 1911 sine
2733 1858 2991 1926 principio
3020 1873 3171 1924 esse,
3200 1872 3299 1912 nec
3323 1858 3557 1927 genitum
3602 1857 3817 1921 fuisse;
3868 1854 3960 1909 Fi-

2354 1946 2481 2000 lium
2513 1962 2642 2002 vero
2668 1950 2784 2003 sine
2811 1947 3074 2017 principio
3101 1948 3314 2017 quidem
3355 1961 3477 2001 esse
3500 1987 3517 2009 .
3563 1946 3657 2001 sed
3700 1948 3958 2016 genitum

2353 2052 2382 2091 a
2410 2037 2564 2092 Patre
2590 2081 2604 2103 ,
2633 2054 2751 2108 quae
2781 2040 3072 2094 necessitas
3100 2054 3169 2094 ex
3203 2038 3300 2095 hac
3326 2038 3649 2110 Cogitatione
3672 2081 3689 2107 ,
3720 2040 3958 2110 impium

2352 2130 2498 2183 illum
2528 2130 2725 2185 inferre
2755 2131 3095 2186 sermonem?
3132 2129 3286 2185 Nulla
3317 2146 3467 2186 sane.
3500 2130 3713 2186 Etenim
3759 2132 3955 2202 splen-

2348 2219 2447 2274 dor
2473 2230 2586 2285 cst;
2620 2221 2875 2291 splendor
2900 2233 3078 2276 autem
3115 2222 3273 2276 simul
3316 2221 3629 2293 intelligitur
3668 2238 3797 2278 cum
3854 2238 3954 2277 na-

2350 2322 2467 2370 tura
2498 2314 2585 2369 illa
2607 2356 2621 2380 ,
2655 2316 2807 2384 cujus
2833 2324 2917 2370 est
2942 2315 3215 2385 splendor.
3244 2314 3366 2370 Ideo
3395 2315 3536 2371 enim
3569 2315 3769 2370 Paulus
3798 2316 3955 2370 illum

2347 2408 2426 2462 sic
2453 2407 2659 2459 vocavit
2682 2446 2697 2470 ,
2734 2417 2791 2460 ut
2818 2405 2946 2460 nihil
2978 2406 3210 2461 medium
3251 2406 3601 2476 suspicareris
3646 2404 3795 2461 inter
3848 2406 3953 2461 Pa-

2349 2507 2482 2552 trem
2512 2507 2565 2553 et
2602 2498 2838 2553 Filium:
2876 2496 2926 2552 id
2966 2498 3108 2553 enim
3162 2497 3264 2552 hoc
3312 2499 3529 2553 nomine
3578 2498 3943 2568 significatur.

2348 2588 2473 2645 Post
2502 2590 2602 2645 hoc
2631 2589 2933 2659 exemplum
2961 2630 2975 2654 ,
3011 2604 3133 2644 eam
3180 2606 3300 2659 quae
3357 2591 3477 2645 hinc
3529 2591 3666 2659 apud
3718 2589 3950 2643 insanos

2344 2681 2573 2737 suboriri
2602 2691 2807 2753 poterat
2851 2682 3233 2737 absurditatem
3280 2683 3518 2753 corrigit.
3567 2682 3681 2747 Ne,
3730 2683 3943 2753 inquit,

2343 2774 2593 2842 quoniam
2625 2773 2967 2843 splendorem
3016 2774 3247 2837 audisti,
3285 2775 3456 2842 ipsum
3498 2773 3709 2842 propria
3762 2772 3947 2844 laypo-

2342 2864 2469 2917 arisi
2501 2864 2695 2933 privari
2726 2875 2899 2933 putes.
2930 2863 3061 2918 Nam
3096 2865 3315 2935 impium
3344 2865 3444 2918 hoc
3465 2872 3624 2928 esset,
3659 2873 3713 2919 et
3738 2863 3943 2918 Sabel-

2342 2954 2601 3010 lianorum
2629 2954 3197 3023 Marcellianorumque
3225 2956 3447 3009 insania.
3474 2953 3581 3013 Nos
3610 2964 3791 3008 autem
3828 2970 3946 3008 non

2340 3044 2413 3099 ita
2441 3046 2736 3111 sentimus,
2775 3046 2868 3099 sed
2918 3048 3089 3115 ipsmn
3138 3047 3192 3101 in
3244 3048 3456 3115 prepria
3502 3045 3601 3100 sibi
3654 3045 3941 3117 bypOstasi

2340 3151 2458 3193 esse
2491 3138 2718 3192 dicimus
2750 3156 2761 3191 :
2795 3138 2914 3192 ideo
2942 3147 3221 3208 postquam
3261 3138 3409 3192 illum
3455 3135 3797 3208 splendorem
3840 3152 3939 3205 ap-

2340 3231 2665 3301 pellaverat,
2711 3231 2924 3295 intulit,
2988 3230 3053 3284 Et
3102 3232 3363 3285 character
3410 3231 3705 3284 substantia
3749 3230 3939 3295 illius,

2338 3324 2357 3395 (
2380 3323 2536 3378 Hebr.
2578 3324 2628 3378 1.
2667 3324 2764 3393 5),
2798 3332 2853 3377 ιιι
2883 3323 3152 3394 propriam
3203 3322 3512 3393 hypostasiu
3560 3322 3937 3392 significaret,

2337 3417 2754 3487 ostenderetque
2781 3418 2952 3486 ipsum
2981 3433 3045 3472 ex
3078 3416 3265 3472 eadem
3293 3432 3413 3471 esse
3438 3415 3756 3481 substantia,
3774 3416 3937 3485 cujus

2336 3508 2618 3565 character
2647 3518 2749 3563 est.
2791 3508 2975 3578 Neque
2998 3507 3141 3563 enim
3174 3509 3303 3562 satis
3332 3519 3416 3563 est
3458 3508 3677 3563 verbum
3717 3523 3891 3561 unum
3918 3548 3934 3570 ,

2336 3612 2393 3655 ut
2414 3602 2523 3669 jam
2549 3602 2695 3666 dixi,
2727 3601 2791 3654 ad
2824 3601 2911 3655 illa
2941 3600 3007 3656 de
3050 3601 3159 3655 Deo
3196 3600 3445 3671 dogmata
3495 3600 3802 3655 hominibus
3856 3603 3935 3655 si-

2335 3693 2633 3763 gnificanda
2669 3712 2681 3747 :
2716 3694 2809 3749 sed
2840 3692 3131 3763 optandum
3160 3702 3216 3747 ut
3245 3694 3425 3747 multis
3454 3693 3612 3748 siuml
3639 3692 3835 3758 allatis,
3866 3710 3933 3747 ex

2334 3786 2555 3854 singulis
2570 3784 2707 3853 quod
2725 3785 3005 3840 conveniat
3022 3785 3327 3854 seligamus.
3367 3782 3438 3837 ita
3463 3784 3604 3837 enim
3631 3783 3933 3853 poterimus

2334 3874 2494 3944 digne
2516 3875 2742 3945 gloriam
2773 3875 2862 3929 Dei
2887 3875 3195 3939 celebrare;
3225 3875 3381 3944 digne
3401 3875 3604 3929 scilicet
3628 3874 3933 3929 secundum

2336 3967 2635 4023 facultatem
2668 3978 2923 4022 nostram.
2956 3968 3009 4022 Si
3042 3969 3161 4039 quis
3208 3968 3353 4023 enim
3406 3967 3473 4022 de
3520 3967 3607 4021 illa
3659 3966 3820 4036 digne
3870 3984 3935 4022 se

2331 4060 2474 4129 loqui
2506 4073 2659 4129 posse
2686 4067 2854 4129 putet,
2885 4069 3045 4129 atque
3071 4067 3343 4114 asseveret
3368 4074 3427 4113 se
3450 4060 3519 4114 ita
3544 4060 3709 4113 Deum
3739 4074 3929 4123 nesse,

2333 4163 2389 4205 ut
2416 4153 2528 4223 ipse
2555 4169 2613 4207 se
2644 4154 2819 4218 nevit,
2851 4154 2897 4207 is
2921 4154 3150 4208 maxime
3177 4154 3341 4207 Deum
3375 4154 3604 4223 ignorat.
3637 4153 3761 4206 time
3798 4167 3929 4205 cum

2332 4246 2594 4307 sciamus,
2623 4245 2906 4312 diligenter
2934 4245 3260 4298 retineamus
3286 4258 3347 4297 ea
3376 4260 3494 4314 qua:
3528 4243 3796 4298 tradidere
3820 4261 3929 4296 nn-

2334 4338 2416 4392 bis
2443 4338 2477 4391 ii
2505 4337 2593 4406 qui
2620 4336 2691 4390 ab
2716 4337 2867 4390 initio
2896 4336 3023 4407 ipsis
3050 4336 3221 4391 oculis
3270 4336 3552 4400 viderunt,
3598 4346 3650 4391 et
3690 4337 3932 4391 ministri

2334 4430 2495 4483 fuere-
2528 4428 2727 4493 Verbi,
2777 4444 2951 4497 neque
3001 4429 3136 4482 ultra
3188 4430 3397 4484 curiose
3441 4440 3759 4485 scrutemur.
3808 4429 3934 4484 Duo

2332 4536 2564 4589 namque
2618 4521 2812 4573 damna
2872 4521 2973 4574 boc
3019 4521 3209 4574 morbo
3266 4519 3572 4575 laborantes
3621 4520 3925 4575 invadent:

2332 4609 2471 4679 quod
2505 4617 2710 4664 temere
2743 4610 2984 4663 laborent
3012 4610 3099 4663 illa
3132 4610 3423 4678 quzerendo
3445 4652 3460 4675 ,
3507 4626 3627 4679 qua:
3676 4611 3929 4665 invenire

2333 4710 2638 4771 nequeunt;
2670 4710 2724 4755 et
2746 4700 2886 4769 quod
2922 4702 3086 4755 Deum
3116 4702 3165 4755 in
3197 4702 3328 4755 iram
3363 4714 3676 4771 provocent,
3707 4704 3834 4757 dum
3854 4706 3929 4755 ab

2334 4793 2450 4863 ipso
2478 4794 2680 4862 positos
2710 4794 2968 4846 terminos
2992 4803 3235 4849 evertere
3260 4804 3545 4848 conantur.
3576 4795 3725 4861 Quod
3756 4812 3923 4866 quan-

2334 4893 2515 4953 topere
2543 4886 2673 4938 iram
2707 4885 2799 4949 Dei
2827 4886 3061 4940 concitet
3081 4927 3095 4951 ,
3130 4902 3233 4940 non
3264 4903 3399 4956 epus
3426 4898 3509 4941 est
3541 4890 3689 4943 vobis
3715 4889 3923 4954 dicere,

2332 4992 2449 5031 cum
2481 4977 2527 5030 id
2559 4992 2743 5030 omnes
2774 4980 2973 5031 sciatis.
3001 4980 3363 5045 Quamobrem
3399 4981 3558 5033 missa
3586 4980 3799 5036 illorum
3828 5000 3921 5036 ar-

2335 5071 2569 5140 rogantia
2596 5111 2610 5135 ,
2646 5070 2736 5123 Dei
2763 5068 2922 5123 verba
2947 5087 3064 5123 cum
3095 5082 3327 5125 tremore
3364 5074 3641 5126 audiamus
3665 5113 3679 5134 ,
3724 5084 3783 5127 ιιι
3832 5076 3923 5130 ille

2333 5171 2591 5231 perpetuo
2614 5177 2715 5215 nos
2747 5172 2959 5216 tueatur
2990 5180 3002 5213 :
3037 5178 3157 5215 nam
3187 5164 3295 5228 ait,
3344 5165 3421 5215 Ad
3463 5182 3610 5233 quem
3653 5167 3920 5233 respiciam

2332 5256 2428 5308 nisi
2454 5256 2520 5307 ad
2545 5266 2861 5307 mansuetum
2889 5263 2932 5307 et
2964 5255 3237 5319 humilem,
3272 5267 3317 5309 ct
3344 5258 3562 5325 quietum
3592 5300 3605 5323 ,
3634 5268 3679 5312 et
3706 5270 3918 5313 tremen-

2334 5354 2426 5398 tem
2449 5346 2595 5398 verba
2618 5362 2727 5399 mea
2751 5340 2912 5412 (lani.
2946 5345 3035 5401 66.
3067 5346 3101 5399 ἓ
3126 5347 3180 5416 )?
3222 5346 3335 5401 llae
3364 5348 3523 5417 igitur
3550 5351 3710 5404 missa
3740 5355 3918 5405 curio-

2333 5440 2523 5502 sitate,
2585 5448 2929 5491 conteramus
2968 5438 3168 5500 corda,
3231 5450 3446 5508 peccata
3498 5440 3811 5510 lugeamus,
3868 5459 3916 5499 ut

2332 5530 2574 5583 Christus
2597 5530 2753 5597 jussit
2778 5569 2794 5593 ,
2822 5529 2888 5583 de
2917 5530 3209 5583 sceleribus
3240 5532 3441 5585 nostris
3471 5546 3915 5603 CUIIIpttttgatmtr,

2332 5636 2392 5675 ac
2419 5620 2702 5690 diligenter
2732 5622 2912 5675 animo
2942 5631 3245 5690 repetamus
3276 5637 3336 5677 ea
3369 5640 3485 5691 qua:
3527 5624 3783 5679 hactenus
3826 5631 3913 5680 att.

2335 5712 2578 5765 misimus
2602 5711 2791 5766 delicta
2822 5729 2836 5776 ;
2870 5712 3181 5767 Studeamus
3212 5713 3294 5765 illa
3322 5717 3541 5768 omnino
3571 5716 3811 5770 abluere.
3848 5721 3917 5771 Ad

2336 5808 2470 5856 hanc
2492 5802 2685 5871 quippe
2719 5818 2833 5856 rem
2860 5803 3052 5857 multas
3081 5804 3220 5857 Deus
3248 5805 3401 5857 nobis
3427 5809 3627 5873 aperuit
3656 5812 3785 5859 vias.
3833 5808 3913 5861 [tu

2342 5905 2393 5947 tu
2424 5897 2560 5963 prior
2581 5938 2595 5961 ,
2630 5896 2829 5965 inquit,
2858 5896 3145 5965 iniquitates
3170 5906 3312 5965 tum,
3343 5900 3711 5969 utjustiﬁceria
3752 5902 3768 5970 (
3793 5901 3909 5954 irai.

3998 6412 4057 6431 Ad
