4064 6440
135 467 208 522 or
1199 444 1202 447 ’
1249 461 1317 518 IN
1353 457 1667 517 JOANNEM
1711 455 1946 514 uouit.
1989 454 2124 512 vui.
2167 453 2240 509 al.
2282 451 2392 510 vu.
3395 468 3466 525 6,,

132 603 229 656 ιδ.
285 593 447 664 9.6)?
503 601 555 646 et
613 602 833 650 rursus,
881 582 1066 646 Diai',
1136 576 1426 647 Conﬁtebor
1486 575 1753 630 aduersum

134 684 551 756 meinjustiliam
596 696 757 735 meam
807 675 1026 730 Domino
1052 714 1066 735 ,
1112 681 1158 725 et
1205 680 1260 724 tu
1306 669 1542 724 remisisti
1571 669 1754 739 impie-

129 789 291 831 tatem
315 775 487 829 cordis
512 773 608 827 mei
645 769 828 841 (Psal.
876 768 967 823 3|.
1013 763 1103 834 5).
1157 762 1343 832 Neque
1376 761 1520 815 enim
1563 775 1752 830 parum

131 871 298 925 nobis
360 867 571 923 confert
621 863 688 918 ad
752 860 1099 916 minuendam
1166 863 1508 926 peccatorum
1554 853 1752 908 molem

132 961 403 1030 frequens
434 971 620 1013 eorum
658 952 916 1009 memoria
963 961 1018 1005 et
1063 946 1356 1003 accusatio.
1410 945 1506 1000 Est
1552 954 1606 999 et
1647 943 1751 998 alia

131 1053 420 1107 el'licacior
465 1051 586 1115 via,
645 1048 688 1102 si
731 1044 932 1102 nemini
979 1057 1166 1097 eorum
1193 1081 1207 1105 ,
1258 1039 1348 1111 qui
1393 1039 1446 1092 in
1499 1051 1597 1091 nos
1627 1049 1753 1106 pec-

136 1136 928 1204 carunt,succeuseamus;si
951 1133 1202 1188 omnibus
1255 1132 1355 1194 iis,
1410 1129 1498 1200 qui
1551 1129 1602 1182 in
1656 1143 1754 1183 nos

133 1234 520 1302 deliquerunt,
566 1230 758 1285 delicta
783 1226 1172 1281 condonemus.
1210 1222 1299 1277 Vis
1324 1229 1378 1276 et
1408 1220 1617 1274 tertiam
1638 1217 1756 1273 edi-

136 1339 297 1380 scere
341 1323 518 1377 viam?
560 1320 700 1376 Audi
747 1319 1019 1373 Danielem
1064 1315 1380 1370 dicentem:
1419 1309 1754 1376 Quamobrem

136 1425 354 1486 peccata
375 1426 466 1468 tua
485 1411 813 1483 elecmosynis
838 1409 1050 1473 redime,
1081 1417 1128 1460 et
1149 1405 1439 1470 iniquitates
1470 1412 1582 1456 tuas
1607 1401 1754 1456 mise-

135 1506 372 1560 ricordia
402 1522 524 1576 erga
557 1518 804 1574 pauperes
847 1499 1027 1571 (Dan.
1082 1499 1136 1553 4.
1181 1496 1319 1566 24).
1371 1493 1467 1549 Est
1505 1503 1560 1548 et
1607 1493 1706 1547 alia
1733 1533 1749 1558 ,

137 1614 340 1670 uetupe
367 1600 672 1653 orationum
703 1594 1021 1664 frequentia,
1047 1600 1106 1646 et
1134 1591 1185 1644 in
1217 1585 1466 1659 precibus
1487 1585 1554 1640 ad
1580 1585 1748 1638 Deum

135 1694 354 1748 emissis
403 1691 825 1762 perseverantia.
857 1687 1028 1742 All‘ert
1053 1686 1214 1740 etiam
1242 1681 1398 1737 nobis
1425 1677 1753 1734 consolatio-

135 1802 262 1843 nem
295 1803 402 1840 non
429 1784 693 1838 modicam
720 1791 774 1838 et
803 1780 1178 1837 remissionem
1219 1782 1563 1846 peccatorum
1607 1771 1751 1840 jeju-

137 1881 316 1942 nium,
350 1878 567 1947 quando
619 1890 739 1930 cmn
792 1872 1123 1944 benignitate
1171 1882 1294 1938 erga
1348 1866 1482 1920 alios
1521 1861 1750 1932 conjun-

132 1982 280 2025 ctum
322 1983 444 2035 ρει,
493 1981 653 2040 atque
707 1969 800 2022 irae
849 1966 941 2021 Dei
992 1963 1388 2019 Vehementiam
1438 1957 1748 2028 exstinguit.

201 2082 216 2112 ¹
257 2080 388 2140 Vox,
409 2078 539 2140 dixi,
556 2080 704 2129 deest
726 2080 774 2128 in
793 2076 936 2127 savil.

1864 571 2046 644 lgneus
2095 573 2239 628 enim
2279 574 2629 644 ﬂammantem
2675 586 2812 642 aqua
2858 569 3176 643 extinguet,
3233 579 3280 626 et
3341 573 3472 625 etea-

1863 666 2092 737 mosynis
2117 674 2327 735 peccata
2354 673 2642 737 purgantur
2672 663 2692 735 (
2709 662 2869 718 Eccli.
2903 663 2960 720 5.
2995 663 3065 720 ω
3086 661 3129 736 ).
3162 662 3217 718 In
3243 662 3323 718 his
3345 677 3475 733 ergo

1863 757 1965 812 viis
1991 757 2246 813 omnibus
2271 755 2605 826 gradiantur.
2628 755 2684 812 Si
2709 756 2854 812 enim
2896 755 2950 810 in
2991 755 3058 810 iis
3097 769 3321 826 semper
3354 771 3475 808 ver-

1861 863 2065 912 semur,
2091 848 2135 902 si
2164 849 2218 904 in
2237 847 2301 904 iis
2329 862 2492 904 omne
2519 847 2760 904 studium
2789 850 3150 914 insumamus,
3180 862 3288 901 non
3312 845 3473 900 modo

1864 939 2135 1010 praeterita
2159 946 2381 1010 peccata
2403 939 2708 1007 abluemus,
2741 937 2837 996 sed
2867 939 3032 995 etiam
3063 939 3117 993 in
3143 936 3332 992 futuro
3354 952 3472 992 ma-

1860 1030 2004 1085 xima
2035 1030 2385 1086 lucrabimur.
2413 1029 2601 1102 Neque
2624 1031 2769 1087 enim
2809 1029 3027 1086 diabolo
3053 1029 3230 1085 locum
3278 1027 3474 1084 onere-

1861 1129 1981 1177 m‘us
2009 1137 2110 1178 nos
2141 1122 2454 1189 invadendi,
2484 1138 2661 1194 neque
2683 1123 2736 1178 in
2765 1123 3049 1194 segnitiem
3083 1121 3168 1178 vel
3193 1122 3246 1175 in
3292 1121 3472 1192 perni-

1859 1215 2062 1270 ciosam
2092 1215 2465 1272 curiositatem
2495 1215 2818 1272 incidemus.
2852 1215 2955 1270 Per
2987 1214 3105 1268 haec
3129 1213 3278 1268 enim
3305 1219 3470 1282 atque

1860 1307 2005 1373 alia,
2046 1306 2266 1364 insanas
2294 1307 2414 1363 illas
2461 1308 2827 1378 quaestiones,
2877 1306 3174 1377 noxiasque
3225 1303 3469 1374 disputa-

1861 1397 2037 1453 tiones
2068 1397 2304 1463 inducit,
2349 1398 2494 1468 quod
2520 1399 2726 1456 otiosos
2769 1397 3098 1468 desidesque
3143 1394 3364 1464 videat,
3415 1407 3470 1452 et

1860 1488 2061 1544 nullam
2087 1489 2214 1544 vita:
2241 1490 2426 1561 probae
2451 1506 2638 1546 curam
2669 1500 2944 1562 gerentes.
2969 1491 3039 1547 At
3069 1504 3168 1545 nos
3190 1489 3338 1546 hunc
3391 1490 3464 1545 illi

1859 1581 2067 1636 aditum
2091 1582 2459 1649 obstruamus,
2479 1584 2785 1654 vigilemus,
2814 1584 2979 1640 sobrii
3009 1585 3203 1651 simus,
3237 1593 3294 1638 ut
3321 1593 3469 1655 post-

1859 1686 2017 1742 quam
2047 1671 2152 1729 hoc
2194 1673 2344 1730 brevi
2391 1685 2636 1746 tempore
2681 1676 2953 1732 modicum
3001 1676 3463 1742 laboraverimus,

1859 1763 2255 1820 immortalibus
2282 1780 2378 1836 per
2402 1766 2608 1822 inﬁnita
2634 1769 2831 1824 smeula
2857 1768 3096 1824 fruamur
3124 1769 3281 1824 bonis
3301 1811 3316 1836 ,
3345 1785 3468 1838 gra-

1862 1853 1932 1906 tia
1981 1862 2035 1909 et
2078 1855 2419 1926 benignitate
2461 1857 2672 1913 Domini
2725 1859 2897 1914 nostri
2935 1858 3066 1915 Iesu
3095 1857 3338 1936 Christi,
3370 1875 3468 1930 per

1859 1961 2019 2016 quem
2052 1957 2107 2003 et
2135 1963 2258 2004 cum
2291 1965 2400 2020 quo
2429 1951 2612 2018 Patri,
2637 1961 2692 2007 et
2713 1967 2818 2007 una
2855 1951 3078 2023 Spiritui
3121 1963 3310 2009 sancto
3348 1953 3468 2025 glo-

1859 2037 1936 2092 ria
1957 2077 1972 2104 ,
2007 2039 2060 2094 in
2085 2043 2283 2096 sarcula
2310 2043 2656 2099 saeculorum.
2686 2045 2883 2100 Amen.

132 2167 3442 2200 _—___—————————————‘—_—__-'—_————-——————————

1501 2239 1835 2305 HOMILIA
1879 2243 2050 2310 VIII.

249 2406 377 2460 Erat
405 2405 497 2458 lux
526 2419 641 2456 uera
663 2442 677 2466 ,
706 2415 821 2470 qan
843 2397 1102 2450 illuminat
1141 2407 1340 2447 onmem
1380 2386 1636 2444 hominem

526 2497 802 2548 uenientem
831 2493 884 2545 in
915 2491 1050 2543 hunc
1080 2486 1348 2541 mundum.

210 2594 262 2646 Ι.
292 2591 525 2647 Christus
555 2604 700 2642 verus
729 2585 865 2639 Deus
887 2594 981 2637 est.
1026 2581 1150 2651 Ipse
1173 2621 1187 2646 ,
1217 2595 1332 2632 cum
1361 2577 1425 2631 sit
1451 2575 1545 2630 lux
1589 2588 1708 2626 uera
1729 2611 1744 2638 ,

134 2704 226 2740 cur
267 2701 371 2739 non
423 2699 594 2737 omnes
622 2679 894 2733 illuminet.
943 2674 1103 2728 Pauli
1152 2668 1473 2728 Samosateni
1521 2664 1744 2722 insania.

135 2778 322 2834 Inanis
346 2775 525 2847 gloria:
546 2773 805 2844 tyrannis.
837 2769 1066 2824 Mundus
1093 2768 1179 2837 qui
1203 2764 1460 2819 Christum
1506 2778 1609 2816 non
1656 2776 1747 2815 eo-

136 2870 312 2940 gnovit
340 2909 353 2932 ,
384 2865 518 2933 quis.
549 2862 826 2933 Prophetw
874 2859 1129 2928 quomodo
1175 2854 1434 2910 Christum
1477 2860 1744 2908 noverunt.

133 2989 208 3000 —
238 2959 382 3013 Nihil
409 2958 552 3012 enim
577 2953 844 3024 prohibet,
873 2952 1161 3022 quominus
1192 2948 1351 3003 hodie
1371 2945 1559 3001 eadem
1583 2943 1746 2998 verba

141 3047 532 3118 expendamus,
561 3046 682 3114 quia
709 3058 878 3112 nuper
912 3042 1228 3111 dogmatum
1263 3037 1529 3106 expositio
1570 3036 1745 3105 impe-

136 3142 380 3197 dimento
441 3140 572 3204 fuit,
615 3138 903 3207 quominus
948 3134 1126 3189 omnia
1179 3147 1301 3202 qua:
1347 3133 1486 3187 lecta
1533 3128 1748 3184 fuerant

137 3233 553 3303 explicaremus.
585 3227 686 3284 Ubi
711 3237 837 3282 sunt
877 3227 1038 3298 igitur
1069 3225 1173 3290 illi,
1201 3224 1291 3295 qui
1339 3223 1531 3277 dicunt
1567 3223 1742 3290 ipsum

140 3341 328 3381 verum
357 3324 525 3378 Deum
555 3337 660 3375 non
689 3320 856 3376 esse?
887 3319 985 3373 llic
1021 3318 1165 3373 enim
1198 3317 1290 3371 lux
1339 3330 1466 3369 vera
1509 3313 1745 3383 appella-

138 3432 226 3474 tur
253 3436 266 3484 ;
300 3417 425 3472 alibi
459 3429 590 3471 vero
621 3415 734 3484 ipsa
763 3415 987 3476 veritas,
1019 3409 1132 3481 ipsa
1160 3409 1290 3464 vita.
1330 3407 1526 3462 Verum
1567 3402 1697 3460 illud
1723 3444 1739 3471 ,

138 3528 259 3568 rum
277 3527 344 3566 eo
366 3510 786 3580 pervenerimus,
810 3510 1049 3576 apertius
1080 3503 1450 3574 indagabimus
1484 3518 1498 3556 :
1531 3500 1583 3554 in
1603 3515 1744 3570 pras-

137 3607 276 3661 senti
327 3616 503 3657 autem
554 3615 776 3656 necesse
821 3607 902 3654 est
941 3598 993 3652 id
1035 3596 1250 3651 interim
1292 3594 1503 3649 caritati
1546 3601 1745 3648 vestras

139 3709 444 3752 recensere.
471 3693 525 3749 Si
556 3693 817 3747 illuminat
857 3705 1076 3747 omnem
1114 3688 1388 3745 hominem
1434 3687 1742 3742 venientem

139 3789 191 3842 in
222 3785 366 3841 hunc
396 3784 652 3840 mundum
678 3824 694 3850 ,
724 3781 998 3853 quomodo
1035 3789 1112 3835 tot
1137 3779 1386 3835 homines
1417 3794 1523 3833 non
1549 3777 1744 3833 illumi-

137 3878 250 3934 nati
281 3887 500 3932 manent
519 3877 544 3930 ἲ
563 3876 678 3931 Non
702 3876 846 3930 enim
869 3888 1062 3929 omnes
1091 3871 1294 3929 Christi
1340 3871 1544 3926 cultum
1574 3884 1744 3941 agno-

137 3981 314 4026 scunt.
345 3969 628 4038 Quomodo
670 3983 798 4039 ergo
840 3968 1110 4023 illuminat
1153 3981 1368 4021 omnem
1421 3963 1742 4019 hominem?

137 4065 403 4132 Quantum
436 4063 488 4115 in
521 4061 638 4132 ipso
667 4071 770 4116 est.
814 4059 870 4115 Si
897 4059 986 4128 qui
1014 4073 1144 4112 vero
1187 4065 1382 4126 sponte
1418 4070 1514 4110 sua
1546 4054 1742 4110 mentis

137 4155 324 4210 oculos
347 4153 682 4218 claudentes,
715 4151 873 4222 hujus
910 4150 1050 4206 lucis
1099 4149 1282 4205 radios
1326 4148 1606 4219 percipere
1635 4162 1736 4201 no-

141 4250 278 4314 lint,
329 4263 435 4300 non
480 4261 547 4300 ex
590 4253 778 4299 natura
825 4243 960 4298 lucis
1010 4243 1192 4298 evenit
1240 4241 1381 4312 quod
1416 4241 1468 4294 in
1502 4237 1742 4294 tenebris

140 4349 423 4405 maneant,
461 4338 556 4393 sed
585 4352 650 4392 ex
680 4337 917 4407 nequitia
945 4350 1136 4391 eorum
1163 4335 1252 4404 qui
1297 4343 1490 4404 sponte
1532 4347 1592 4388 se
1638 4332 1742 4388 hoc

140 4433 350 4504 privant
379 4445 622 4484 munere.
652 4428 835 4484 Gratia
866 4427 1070 4498 quippe
1098 4426 1149 4480 in
1179 4440 1370 4479 omnes
1396 4424 1568 4479 effusa
1615 4434 1698 4479 est
1723 4439 1738 4490 ;

143 4544 247 4580 non
273 4524 514 4580 .Iudieum
544 4564 559 4588 ,
590 4537 696 4576 non
748 4520 996 4575 Graecum
1027 4559 1041 4583 ,
1095 4533 1200 4572 non
1256 4516 1544 4572 barbarum
1568 4556 1584 4582 ,
1630 4530 1740 4571 non

139 4617 412 4689 Scytham,
441 4631 546 4669 non
581 4613 831 4679 liberum,
857 4627 963 4666 non
1001 4626 1239 4676 servum,
1270 4625 1377 4664 non
1407 4610 1603 4676 virum,
1633 4624 1740 4665 non

145 4712 441 4772 mulierem,
469 4723 574 4762 non
600 4722 823 4769 senem,
853 4720 960 4759 non
987 4704 1245 4774 juvenem
1278 4711 1600 4767 aversatur;
1644 4701 1740 4760 sed

144 4818 326 4856 omnes
355 4802 602 4856 similiter
629 4800 866 4854 admittit
891 4839 906 4865 ,
946 4809 1001 4853 et
1026 4812 1150 4852 cum
1180 4797 1295 4866 pari
1323 4805 1482 4852 vocat
1512 4797 1738 4852 honore.

143 4896 238 4962 Qui
268 4909 391 4947 vero
421 4893 608 4947 uolunt
638 4890 741 4947 hoc
767 4889 869 4945 l‘rui
899 4889 1043 4945 dono
1068 4933 1082 4956 ,
1113 4888 1252 4943 hanc
1281 4887 1382 4942 sibi
1425 4887 1554 4957 ipsis
1581 4887 1740 4941 caeci-

147 4995 301 5040 tatem
332 4985 594 5053 iinputent
621 4990 858 5053 oportet.
912 4983 1046 5037 Cum
1092 4981 1240 5035 enim
1290 4979 1437 5034 aditu
1491 4979 1743 5034 omnibus

149 5087 442 5147 patente,et
466 5091 496 5129 a
526 5075 740 5130 nemine
767 5072 1082 5138 intercluso,
1111 5070 1327 5141 quidam
1351 5087 1415 5126 ex
1442 5070 1740 5124 voluntaria

148 5169 377 5241 nequitia
405 5180 552 5224 extra
585 5176 828 5234 manent,
856 5166 890 5220 ii
923 5180 1022 5221 suo
1040 5174 1243 5220 tantum
1260 5166 1391 5221 vitio
1413 5164 1743 5234 pereuntJn

149 5256 330 5314 mundo
345 5269 454 5315 erat
485 5275 503 5312 :
531 5269 585 5313 at
611 5273 718 5314 non
751 5269 1024 5329 tamquam
1053 5258 1255 5313 mundo
1276 5266 1585 5314 comtaneus
1609 5276 1623 5324 ;
1643 5259 1744 5313 ab-

147 5357 230 5409 sit.
258 5353 378 5407 ldeo
408 5352 603 5418 intulit,
627 5350 691 5404 Et
722 5352 941 5405 mundus
969 5367 1057 5421 per
1081 5352 1248 5420 ipsum
1279 5355 1444 5421 factus
1464 5362 1536 5405 est
1557 5350 1740 5421 (Joan.

149 5445 197 5499 1.
233 5443 357 5511 10);
385 5458 478 5512 per
508 5442 622 5496 hmc
655 5457 864 5497 rursum
899 5451 949 5496 te
979 5441 1184 5496 inducit
1206 5441 1270 5495 ad
1299 5442 1442 5496 illam
1472 5441 1742 5512 Unigeniti

149 5547 268 5592 ante
293 5536 484 5591 szecula
511 5536 900 5591 exsistentiam.
933 5533 1064 5588 Nam
1092 5535 1180 5605 qui
1207 5535 1409 5588 audivit
1449 5537 1589 5589 hunc
1619 5537 1744 5589 uni-

150 5642 354 5683 versum
368 5626 620 5681 mundum
639 5626 781 5680 illius
797 5641 918 5681 esse
936 5640 1090 5695 opus,
1109 5625 1319 5680 etiamsi
1344 5641 1505 5681 sensu
1526 5642 1756 5696 prorsus

148 5730 343 5782 careat,
363 5718 574 5772 etiamsi
605 5706 853 5773 inimicus
876 5728 931 5772 et
957 5717 1300 5772 adversarius
1323 5718 1510 5788 gloria:
1535 5718 1629 5774 Dei
1652 5720 1742 5786 sit,

151 5818 380 5863 attamen
414 5810 541 5862 velit
563 5808 696 5864 nolit
720 5849 734 5874 ,
770 5808 1106 5864 conditorem
1144 5819 1271 5864 ante
1316 5809 1530 5880 Opiﬂcia
1579 5809 1745 5866 fuisse

155 5899 391 5956 confiteri
420 5910 660 5972 cogetur.
697 5900 1060 5969 Quamobrem
1109 5901 1290 5957 mirari
1340 5917 1558 5974 semper
1603 5902 1746 5959 subit

1857 2387 2004 2444 Pauli
2033 2390 2366 2450 Samosateni
2396 2396 2660 2454 insaniam
2682 2439 2696 2462 ,
2730 2398 3005 2469 quomodo
3028 2407 3136 2455 tam
3164 2399 3464 2456 manifestis

1854 2483 2065 2536 veritati
2090 2485 2356 2544 obsistere
2386 2491 2635 2557 potuerit,
2654 2504 2882 2561 seseque
2912 2502 3106 2562 sponte
3130 2493 3460 2563 pracipltem

1855 2571 2083 2630 dederit.
2117 2575 2302 2646 Neque
2322 2579 2464 2635 enim
2495 2595 2560 2636 ex
2581 2581 2902 2652 ignorantia,
2935 2584 3030 2638 sed
3059 2585 3136 2640 rei
3167 2583 3459 2640 admodum

1856 2678 2057 2734 gnarus
2087 2669 2318 2735 erravit,
2355 2686 2462 2726 non
2493 2687 2656 2728 secus
2685 2689 2748 2729 ac
2773 2673 2968 2729 Judari.
2994 2674 3462 2743 Quemadmodum

1854 2759 1998 2812 enim
2031 2760 2129 2828 illi,
2161 2772 2218 2816 ut
2239 2762 2551 2820 hominibus
2575 2777 3002 2834 assentareutur,
3039 2785 3224 2825 sanam
3275 2771 3464 2841 prodi.

1854 2847 1986 2905 dere
2015 2850 2205 2920 fidem,
2238 2855 2392 2926 gnari
2420 2856 2594 2927 ipsum
2624 2857 2970 2930 Unigenituin
3000 2860 3093 2916 Dei
3125 2875 3274 2926 esse.
3317 2862 3464 2931 prin-

1853 2935 2032 3013 cipdm
2053 2959 2182 3000 vero
2208 2956 2354 3004 metu
2386 2948 2437 3003 id
2471 2965 2580 3005 nou
2614 2952 2957 3016 confitentes,
2991 2969 3061 3008 ne
3089 2969 3154 3009 ex
3185 2969 3457 3027 synagoga

1853 3035 2182 3104 eiicerentur
2215 3055 2228 3091 :
2265 3040 2334 3094 ita
2366 3048 2422 3095 et
2449 3041 2600 3096 illum
2631 3043 2682 3097 in
2715 3044 2961 3099 mulieris
2996 3045 3300 3116 cujuspiam
3339 3063 3464 3117 gra-

1853 3129 1981 3184 tiam
2004 3170 2018 3194 ,
2072 3129 2305 3187 salutem
2354 3147 2506 3188 suam
2538 3135 2786 3205 inquiunt
2812 3135 3115 3206 prodidisse
3145 3135 3246 3209 (ιι).
3272 3137 3463 3196 Gravis

1853 3220 1998 3276 enim
2022 3262 2038 3289 ,
2067 3224 2246 3292 gravis
2268 3234 2416 3280 certe
2440 3234 2526 3281 est
2556 3228 2732 3284 inanis
2775 3229 2963 3300 gloria:
3007 3230 3250 3302 tyrannis
3271 3270 3284 3296 ,
3339 3247 3462 3303 qua:

1853 3316 2024 3383 possit
2044 3319 2206 3371 etiam
2238 3318 2562 3389 sapientium
2602 3320 2791 3377 oculos
2827 3337 3138 3389 exerceare,
3168 3323 3269 3378 nisi
3313 3325 3452 3395 vigi-

1853 3408 1986 3464 lcnt.
2015 3409 2150 3465 Nam
2178 3412 2224 3467 si
2256 3428 2480 3468 munera
2526 3413 2579 3469 id
2626 3424 2890 3484 possunt,
2946 3416 3119 3472 multo
3161 3418 3333 3488 magis
3375 3416 3462 3473 hic

1850 3500 2077 3558 affectus
2128 3503 2288 3576 longe
2355 3506 2664 3562 violentior.
2730 3507 2936 3564 Idcirco
2987 3508 3192 3565 Judzeis
3247 3510 3464 3567 dicebat

1849 3591 2141 3650 Christus:
2173 3598 2442 3663 Quomodo
2473 3599 2683 3668 potestis
2713 3600 2922 3654 credere
2941 3641 2955 3666 ,
2989 3601 3078 3670 qui
3131 3601 3348 3673 gloriam
3399 3605 3461 3657 ab

1852 3686 2142 3743 hominibus
2167 3690 2402 3760 accipitis
2426 3732 2441 3756 ,
2475 3701 2523 3745 et
2548 3692 2768 3760 gloriam
2789 3733 2804 3758 ,
2835 3707 2950 3762 quin
2977 3709 3010 3746 a
3039 3693 3149 3747 solo
3191 3691 3303 3748 Deo
3343 3704 3415 3749 est
3443 3734 3457 3761 ,

1848 3796 1953 3834 non
1977 3781 2202 3852 queritis
2235 3779 2254 3850 (
2273 3780 2432 3835 Joan.
2461 3781 2514 3836 5.
2550 3780 2655 3852 44)
2679 3783 2703 3834 ?
2730 3781 2820 3838 10.
2853 3781 2918 3836 Et
2945 3783 3163 3838 mundus
3209 3800 3324 3838 eum
3356 3802 3459 3839 non

1847 3873 2099 3942 cognouit.
2156 3872 2255 3928 Hic
2309 3873 2570 3928 mundum
2611 3884 2771 3931 vocat
2813 3875 3214 3932 multitudinem
3269 3891 3461 3933 corru-

1850 3974 1995 4034 ptam
2042 3973 2097 4020 et
2123 3967 2357 4022 terrenis
2385 3968 2547 4023 rebus
2576 3968 2874 4024 inhiantem
2902 4009 2917 4034 ,
2950 3969 3161 4025 turbam
3183 4012 3197 4037 ,
3229 3972 3422 4042 vulgus
3441 4015 3457 4038 ,

1853 4055 2203 4127 insipientem
2233 4059 2513 4129 populum.
2543 4057 2678 4114 Nam
2709 4060 2803 4115 Dei
2841 4061 3002 4117 amici
3029 4071 3085 4118 et
3114 4062 3461 4120 admirabiles

1850 4151 1950 4205 viri
1983 4165 2176 4206 omnes
2197 4150 2372 4220 ipsum
2400 4194 2413 4217 ,
2443 4151 2605 4207 etiam
2632 4163 2756 4209 ante
2784 4154 3210 4212 incarnationem
3232 4199 3246 4220 ,
3291 4172 3459 4213 nove-

1847 4251 1990 4297 rant.
2018 4242 2092 4297 De
2115 4243 2420 4313 patriarcha
2443 4245 2646 4314 quippe
2675 4246 2992 4301 nominatim
3017 4247 3150 4304 dicit
3169 4247 3415 4305 Christus
3442 4269 3457 4306 :

1850 4332 2110 4388 Abraham
2135 4343 2278 4404 pater
2304 4347 2465 4391 vester
2493 4338 2783 4404 exsultavit,
2801 4347 2855 4392 ut
2882 4338 3070 4394 uideret
3096 4341 3234 4394 diem
3259 4358 3424 4396 meum
3441 4358 3460 4397 :

1849 4433 1896 4480 et
1919 4425 2064 4490 vidit,
2092 4436 2139 4480 et
2166 4429 2371 4497 gavisus
2399 4438 2471 4483 est
2512 4428 2706 4500 (Joan.
2731 4429 2786 4486 8.
2816 4430 2950 4500 56).
2995 4431 3070 4487 De
3120 4432 3321 4490 Davide
3364 4451 3460 4490 au-

1852 4525 1958 4572 tem
1985 4517 2208 4573 Judazos
2236 4518 2524 4576 confutans
2559 4539 2572 4574 :
2610 4522 2878 4588 Quomodo
2904 4541 3023 4594 ergo
3051 4523 3226 4579 David
3255 4527 3307 4582 in
3335 4527 3461 4598 Spi-

1848 4611 1950 4662 ritu
1978 4619 2121 4664 rocat
2147 4626 2260 4664 eum
2289 4609 2601 4679 Dominum,
2631 4613 2840 4669 dicens:
2871 4613 3017 4669 Dixit
3068 4614 3322 4673 Dominus
3347 4618 3459 4674 Do-

1849 4702 1988 4755 mino
2015 4717 2125 4756 meo
2150 4743 2164 4767 ,
2196 4703 2334 4758 Sede
2362 4720 2396 4758 ιι
2421 4704 2615 4762 dextris
2643 4707 2766 4760 meis
2793 4707 2812 4776 (
2836 4706 3030 4765 Matth.
3056 4709 3148 4764 9.2.
3191 4711 3282 4766 λδ.
3315 4713 3386 4768 Η
3405 4715 3460 4782 )l

1849 4793 1927 4847 Ac
1958 4806 2104 4861 saepe
2131 4792 2238 4848 illis
2268 4794 2544 4851 obsistens
2574 4837 2590 4862 ,
2623 4797 2862 4869 Moysem
2891 4810 3180 4857 memorat.
3216 4803 3291 4858 De
3331 4806 3460 4859 reli-

1848 4885 1969 4956 quis
1994 4900 2126 4940 vero
2157 4887 2438 4956 prophetis
2467 4889 2766 4958 apostolus.
2789 4888 3148 4948 Omnesenim
3167 4894 3462 4966 prophetas

1849 4993 1880 5032 a
1909 4976 2162 5035 Samuele
2194 4980 2343 5036 illum
2371 4982 2694 5051 cognovisse
2718 5023 2732 5048 ,
2763 4992 2819 5038 et
2869 4984 3159 5041 adventum
3204 4987 3323 5058 ejus
3368 4989 3462 5046 diu

1850 5079 1976 5126 ante
2006 5074 2401 5141 prtenuutiasse
2428 5073 2564 5129 dicit
2595 5074 2789 5130 Petrus
2821 5074 2904 5131 his
2931 5077 3112 5132 verbis
3139 5095 3154 5132 :
3187 5078 3258 5133 Et
3285 5097 3463 5138 omnes

1851 5167 2114 5236 propheta
2138 5183 2170 5219 a
2192 5165 2437 5222 Samuele
2469 5177 2517 5223 et
2543 5167 2780 5238 deinceps
2800 5170 2888 5240 qui
2927 5171 3121 5242 loquuti
3161 5184 3314 5242 sunt,
3362 5193 3464 5230 an-

1852 5259 2212 5313 nuntiaverunl
2242 5260 2350 5313 dies
2370 5261 2494 5314 istas
2522 5261 2539 5329 (
2563 5259 2676 5314 Act.
2705 5261 2760 5316 3.
2791 5260 2925 5334 24).
2948 5262 3152 5320 Iacobo
3183 5275 3363 5323 autem
3410 5277 3465 5324 et

1915 5411 1990 5486 (rt)
2023 5411 2155 5471 Quod
2179 5411 2299 5462 dicit
2337 5411 2709 5476 Chrysostomus
2734 5449 2750 5474 ,
2793 5413 2996 5466 Paulum
3017 5421 3386 5469 Samosatenum
3411 5422 3464 5471 iu

1851 5473 2351 5546 mulieris_cu_jusdam
2392 5476 2635 5546 gratiam_,
2659 5475 2874 5546 salutem
3060 5480 3337 5542 prodidisse
3356 5519 3370 5542 ,
3398 5483 3465 5533 de

1850 5519 3114 5609 ξῑεῖίδδῑξιίέιῑιῑῆξδδτῖιίιῑζίῑξίξηεῑῑῑμῑῐιῇξῖῖῖυεῖ
3123 5519 3463 5609 agmini“.

1851 5599 2534 5672 samosatenum'aliquamdiu
2547 5599 2922 5672 proterit.de
2939 5611 3106 5672 autem
3122 5599 3463 5672 diei_t,_raulum

1850 5661 1900 5710 in
1913 5660 2136 5728 mulieris
2149 5660 2282 5712 illius
2303 5660 2528 5728 gratiam,
2545 5660 2597 5713 et
2611 5670 2779 5728 contra
2790 5675 2949 5728 quam
2972 5666 3078 5728 ipse
3094 5660 3348 5720 sentiebat
3364 5669 3464 5718 ha:-

1851 5725 2016 5795 resin}.
2028 5721 2161 5795 illam
2179 5721 2460 5795 protulisse,
2486 5721 2655 5795 nescio
2675 5736 2737 5795 an
2759 5721 2885 5775 alius
2899 5721 3134 5795 umﬁuam
3150 5729 3352 5795 dixerit.
3381 5731 3463 5780 lno

1853 5791 1932 5835 ter
1955 5785 2052 5835 alia
2063 5785 2230 5836 autem
2262 5786 2460 5837 dicebat
2482 5787 2658 5837 Paulus
2675 5785 3020 5839 Samosateuus"
3055 5791 3223 5840 Fllitun
3247 5791 3299 5841 iu
3323 5797 3464 5843 Patre

1852 5847 2054 5911 quidem
2089 5861 2207 5916 esse
2228 5863 2247 5916 ;_
2278 5849 2369 5916 sed
2402 5862 2521 5916 non
2553 5863 2811 5916 ινυκόσςητθν,
2836 5864 2948 5916 non
2970 5852 3248 5916 hypostasiu
3275 5851 3462 5904 habere

1853 5909 2012 5972 suam,
2036 5911 2166 5975 quod
2191 5913 2250 5962 ad
2275 5909 2476 5962 sabellii
2510 5913 2726 5962 haeresiu
2751 5909 3035 5963 succensi-
