4064 6474
607 476 677 531 πι
1349 465 1407 521 5.
1445 459 1721 519 .IOANNIS
1758 453 2223 514 CllllYSOSTOMl
2267 455 2584 510 ARCIIIEP.
2624 451 3157 511 CONSTANTINOI’.
3815 444 3883 502 63

610 590 744 653 patri
770 629 784 652 ,
820 602 1027 642 net-non
1046 594 1096 641 et
1116 597 1214 638 avo
1240 580 1389 650 ejus,
1419 589 1473 633 et
1515 577 1662 632 visus
1692 584 1746 629 ct
1774 574 2023 644 loquutus
2048 579 2130 624 est
2155 610 2171 632 ,

609 683 776 749 iisque
801 678 960 732 multa
990 685 1042 730 et
1063 687 1247 744 magna
1277 686 1336 727 se
1362 670 1606 724 daturum
1635 677 1716 722 est
1746 664 2032 736 pollicitus,
2061 674 2180 731 qua:

607 774 767 825 etiam
791 776 1112 836 exsequutus
1142 773 1241 819 est.
1275 761 1555 830 Quomodo
1582 775 1711 829 ergo
1737 800 1751 824 ,
1781 757 2024 826 inquies,
2068 753 2180 821 ipse

604 861 737 914 dixit
761 899 774 923 ,
809 856 960 912 Multi
984 856 1244 928 praphette
1271 854 1530 907 voluerunt
1560 850 1728 904 videre
1748 864 1862 918 quce
1891 844 2064 900 videtis
2084 886 2098 910 ,
2131 852 2177 896 et

605 967 704 1003 non
728 950 955 1002 viderunt
976 991 989 1012 ,
1015 958 1060 1002 et
1086 947 1262 999 audire
1284 960 1396 1016 qua:
1431 942 1652 1006 auditis,
1685 950 1732 993 et
1773 957 1873 993 non
1909 937 2180 991 audierunt

601 1041 619 1109 (
650 1038 772 1092 an.
811 1039 890 1093 l0.
919 1037 990 1091 24
1010 1037 1064 1107 )‘t
1091 1038 1278 1090 Annon
1322 1032 1535 1088 fuerunt
1565 1032 1682 1100 rges
1709 1028 2028 1098 cognitionis
2060 1041 2180 1096 par-

604 1130 829 1200 ticipes?
857 1128 1088 1182 Fuerunt
1115 1136 1259 1180 certe
1288 1143 1300 1176 :
1331 1123 1488 1194 idque
1514 1137 1578 1178 ex
1610 1123 1710 1176 hoc
1745 1121 1882 1186 loco,
1915 1116 2054 1173 unde
2083 1132 2179 1185 pu-

604 1232 718 1278 tant
745 1220 955 1293 quidam
989 1221 1130 1288 ipsos
1180 1218 1276 1271 hac
1301 1215 1600 1284 cognitione
1648 1213 1880 1284 privatos
1902 1252 1917 1274 ,
1951 1210 2176 1265 demun-

603 1327 777 1369 strare
810 1311 1046 1366 tentabo.
1080 1308 1232 1364 Multi
1260 1309 1436 1372 enim,
1477 1306 1678 1376 inquit,
1722 1303 1983 1358 voluerunt
2013 1298 2180 1354 videre

602 1422 714 1476 qua
737 1405 932 1460 videtis.
966 1403 1147 1474 Itaque
1176 1402 1420 1456 viderunt
1451 1413 1570 1454 eum
1600 1397 1665 1452 ad
1694 1395 1957 1451 homines‘
1986 1401 2177 1449 ventu-

603 1514 717 1553 rum
747 1512 866 1552 esse
883 1537 896 1557 .
928 1505 982 1550 et
1009 1510 1072 1550 ea
1099 1494 1524 1563 dispensaturum
1547 1505 1664 1558 qua!
1685 1504 1810 1542 vere
1830 1484 2175 1554 dispensavit.

602 1589 784 1657 Neque
824 1588 1000 1652 enim,
1041 1584 1141 1640 nisi
1171 1583 1463 1646 novissent,
1505 1579 1684 1634 videre
1728 1576 2173 1646 concupivissent.

602 1680 768 1733 Nemo
790 1678 932 1732 enim
959 1690 1142 1732 eorum
1167 1715 1182 1738 ,
1210 1689 1436 1743 quormn
1470 1670 1714 1727 notitiam
1741 1685 1844 1723 non
1877 1667 2053 1728 habet,
2083 1665 2178 1720 de-

603 1769 804 1824 siderio
832 1769 946 1837 capi
976 1774 1168 1836 potest.
1202 1765 1383 1834 Itaque
1411 1770 1776 1832 cognoverunt
1798 1759 1987 1814 Filium
2038 1757 2129 1811 Dei
2157 1797 2176 1822 ,

601 1871 655 1916 et
678 1871 956 1916 venturum
987 1873 1110 1912 eum
1138 1857 1202 1910 ad
1235 1855 1478 1908 homines
1521 1867 1640 1908 esse
1690 1860 1973 1906 noverunt.
2018 1848 2177 1915 Qua:-

603 1967 724 2006 nam
753 1965 880 2021 ergo
910 1958 1171 2018 suntquae
1195 1946 1538 2008 nescierunt,
1570 1954 1622 1998 et
1650 1956 1894 2012 qua-nam
1921 1957 2040 2011 qua:
2071 1957 2178 1994 non

601 2041 921 2098 audierunt?
966 2041 1089 2094 lla'c
1136 2056 1254 2109 qua:
1307 2053 1445 2092 nune
1498 2052 1592 2092 vos
1637 2036 1827 2088 videtis
1872 2045 1923 2087 et
1961 2033 2176 2086 auditis.

598 2134 750 2203 Quod
773 2135 816 2188 si
841 2133 916 2187 illi
950 2139 1005 2187 et
1031 2146 1212 2188 vocem
1235 2131 1349 2200 ejus
1369 2129 1668 2204 audierunt,
1695 2135 1748 2180 et
1767 2126 2010 2180 viderunt
2029 2140 2174 2189 eum,

597 2236 651 2278 at
680 2241 784 2279 non
812 2224 1079 2288 incarue,
1113 2237 1284 2292 neque
1329 2222 1399 2274 ita
1444 2235 1563 2272 cum
1609 2215 1911 2270 hominibus
1959 2229 2178 2268 versan-

602 2327 738 2378 tem,
797 2328 967 2382 neque
1023 2322 1126 2366 tam
1174 2311 1337 2366 libere
1378 2325 1499 2364 cum
1552 2308 1682 2378 ipsis
1710 2307 2036 2376 loquentem.
2067 2303 2178 2356 Iloe

601 2409 758 2478 igitur
785 2415 838 2460 et
862 2406 977 2476 ipse
1006 2403 1309 2475 signiﬁcans
1338 2417 1442 2456 non
1470 2400 1782 2470 simpliciter
1808 2399 1965 2461 dixit,
1991 2397 2179 2466 Cupie-

599 2507 719 2552 rtmt
747 2496 928 2551 videre
958 2511 1075 2560 me;
1104 2493 1198 2549 sed
1225 2492 1386 2562 quid?
1434 2492 1561 2559 Quae
1606 2490 1956 2562 vos‘videtis;
2004 2505 2175 2557 neque

598 2591 783 2645 audire
803 2604 918 2653 me;
947 2587 1041 2643 sed
1065 2585 1377 2658 quid?Qu¢
1422 2601 1508 2639 vos
1558 2581 1762 2636 auditis.
1818 2582 1996 2651 Itaque
2058 2581 2180 2633 licet

598 2682 714 2750 ejus
742 2681 794 2734 in
824 2693 986 2734 carne
1012 2678 1294 2732 adventum
1327 2691 1430 2730 non
1462 2674 1710 2738 viderint,
1745 2668 1974 2727 futurum
2001 2681 2177 2725 tamen

599 2789 720 2828 esse
764 2778 1060 2832 noverunt,
1110 2782 1267 2836 quem
1309 2765 1488 2821 videre
1511 2765 1832 2834 cupiebant;
1867 2763 1919 2816 in
1950 2776 2179 2830 eumque

598 2864 925 2928 credebant,
960 2862 1085 2917 licet
1113 2860 1261 2915 illmn
1288 2859 1340 2913 in
1367 2873 1529 2914 carne
1574 2871 1682 2912 non
1731 2857 2006 2910 vidissent.
2044 2852 2175 2910 Cum

601 2961 775 3028 itaque
798 2971 894 3011 nos
918 2953 1146 3025 gentiles
1173 2950 1536 3006 accusaverim
1558 2948 1798 3004 dicentes
1819 2965 1829 2998 :
1849 2944 1984 3011 Quid
2009 2943 2174 3016 priori

600 3032 687 3102 illo
719 3057 958 3115 tempore
986 3042 1211 3098 faciebat
1235 3041 1500 3105 Christus,
1529 3053 1648 3093 cum
1679 3036 1911 3093 nondum
1945 3033 2176 3090 humano

597 3138 781 3210 generi
813 3135 1180 3207 prospiceret?
1212 3143 1266 3188 et
1285 3148 1381 3189 cur
1407 3141 1650 3188 extremo
1682 3140 1922 3199 tempore
1957 3128 2099 3182 venit
2121 3138 2178 3180 ut

600 3239 796 3284 nostrae
817 3227 981 3284 saluti
1028 3225 1371 3297 provideret,
1422 3234 1700 3296 postquam
1742 3233 1886 3278 tanto
1937 3232 2177 3292 tempore

600 3335 695 3376 nos
722 3317 1062 3389 neglexerat?
1091 3317 1534 3387 respondebimus
1558 3359 1574 3384 ,
1623 3316 1797 3386 ipsum
1849 3316 2011 3369 ctiam
2052 3323 2175 3369 ante

599 3409 884 3464 adventum
916 3407 1064 3462 illum
1096 3407 1146 3461 in
1177 3405 1376 3461 mundo
1397 3406 1592 3469 fuisse,
1623 3405 1690 3460 de
1716 3404 1970 3475 Operibus
2008 3403 2075 3458 ab
2117 3419 2176 3457 se

598 3498 817 3554 edendis
844 3497 989 3567 prius
1016 3497 1278 3567 cogitasse
1301 3536 1314 3560 ,
1351 3504 1510 3566 atque
1541 3496 1643 3551 illis
1690 3496 1938 3552 omnibus
1988 3494 2173 3566 cogni-

599 3598 707 3643 tum
737 3586 899 3642 fuisse
919 3630 933 3654 ,
964 3588 1052 3657 qui
1087 3587 1184 3641 hac
1213 3587 1519 3656 cognitione
1543 3587 1684 3657 digni
1718 3597 1888 3642 erant.
1933 3587 2084 3655 Quod
2129 3590 2171 3642 si

594 3679 717 3749 quia
746 3693 850 3733 non
873 3678 1120 3734 onmibus
1148 3689 1271 3732 tunc
1300 3689 1454 3733 notus
1479 3676 1598 3741 fuit,
1630 3679 1722 3732 sed
1762 3679 1939 3748 probis
1971 3687 2171 3733 tanttmt

595 3781 650 3826 et
702 3771 895 3826 virtute
941 3771 1203 3840 Ir:editis.
1259 3772 1378 3826 ideo
1425 3771 1601 3826 dicitis
1651 3771 1798 3825 illum
1848 3772 2173 3843 incognitum

597 3862 760 3917 fuisse
779 3903 794 3928 ,
823 3860 1011 3916 eadem
1043 3862 1249 3916 ratione
1281 3861 1451 3930 ipsum
1481 3876 1622 3916 nunc
1649 3877 1864 3931 quoque
1891 3875 1996 3916 non
2043 3862 2171 3916 ado-

598 3953 700 4008 rari
738 3952 807 4008 ab
845 3952 1146 4007 hominibus
1193 3953 1433 4008 dixeritis
1458 3994 1471 4016 ,
1521 3954 1644 4023 quia
1690 3955 1849 4008 etiam
1899 3969 2040 4009 nunc
2067 3969 2170 4010 non

593 4057 782 4099 omnes
812 4033 984 4112 ipsum
1017 4051 1290 4097 noverunt.
1329 4043 1434 4098 Sed
1473 4042 1921 4112 quemadmodum
1951 4044 2003 4098 in
2037 4059 2173 4114 pra:-

595 4135 728 4191 senti
747 4149 926 4200 nemo,
942 4135 1062 4204 quia
1090 4150 1117 4188 a
1143 4135 1321 4189 multis
1339 4135 1626 4204 ignoratur,
1649 4136 1816 4203 ipsum
1839 4149 1868 4189 a
1887 4135 2066 4190 multis
2081 4152 2174 4191 co-

591 4224 774 4293 gnosci
793 4226 1064 4295 negaverit
1085 4245 1098 4278 :
1119 4226 1196 4280 sic
1223 4241 1394 4295 neque
1411 4226 1758 4281 dubitandum
1786 4236 1868 4283 est
1889 4229 2058 4296 ipsum
2083 4242 2173 4281 su-

595 4314 890 4382 perioribus
915 4315 1018 4369 illis
1036 4315 1385 4382 temporibus,
1407 4331 1436 4370 a
1462 4317 1661 4380 multis,
1687 4318 1794 4372 imo
1813 4318 1972 4371 etiam
1997 4318 2173 4385 probis

595 4404 698 4458 illis
732 4411 787 4457 et
832 4403 1160 4459 admirandis
1212 4404 1339 4459 viris
1383 4405 1632 4460 omnibus
1676 4407 1945 4477 cognitum
1988 4407 2168 4463 fuisse.

662 4495 719 4548 2.
749 4494 902 4561 Quod
933 4497 976 4550 si
1008 4497 1126 4566 quis
1159 4497 1354 4551 dixerit
1380 4540 1395 4564 ,
1426 4495 1532 4552 Cur
1562 4512 1666 4551 non
1699 4513 1887 4552 onmes
1919 4507 2043 4553 tunc
2071 4501 2169 4569 ipsi

592 4584 959 4650 adhrcscrnnt,
989 4587 1162 4657 neque
1181 4604 1368 4642 omnes
1397 4591 1567 4658 ipsum
1595 4590 1875 4645 coluerunt
1901 4634 1915 4655 ,
1939 4593 2031 4646 sed
2065 4591 2167 4646 soli

587 4676 760 4744 justi?
785 4678 1095 4733 sciscitabor
1121 4687 1174 4733 et
1198 4695 1296 4749 ego
1316 4721 1331 4746 ,
1360 4679 1468 4735 Cur
1489 4682 1651 4736 etiam
1684 4699 1823 4738 nunc
1847 4701 1951 4739 non
1980 4702 2170 4742 omnes

594 4768 763 4834 ipsum
788 4770 1085 4822 noverunt?
1108 4770 1305 4839 Ecquid
1333 4772 1400 4826 de
1421 4772 1631 4826 Christo
1659 4774 1886 4843 loquor?
1911 4776 2039 4830 Nam
2070 4778 2171 4832 Pa-

595 4868 727 4910 trem
765 4872 975 4926 qnnque
1004 4859 1119 4926 ejus
1155 4875 1252 4913 cur
1292 4875 1395 4914 non
1425 4877 1612 4916 onmes
1653 4874 1706 4917 et
1751 4873 1875 4919 tunc
1916 4876 1969 4919 et
2013 4868 2170 4922 hodie

594 4949 891 5002 noverunt?
934 4948 1126 5003 Verum
1168 4951 1256 5003 alii
1303 4953 1481 5005 on‘mia
1522 4966 1724 5026 temere
1772 4954 1895 5009 ferri
1939 4955 2162 5022 dicunt;

591 5038 679 5092 alii
710 5038 1042 5092 da-nmnibus
1072 5041 1307 5095 universi
1337 5043 1720 5110 providentiam
1753 5045 1987 5100 tribuerat
2009 5063 2020 5097 :
2046 5055 2170 5100 sunt

589 5131 750 5183 etiam
780 5129 866 5182 alii
894 5170 909 5194 ,
937 5131 1024 5199 qui
1067 5141 1260 5199 praeter
1285 5131 1427 5187 hunc
1457 5133 1618 5188 Deum
1644 5175 1660 5201 ,
1693 5136 1854 5188 alium
1884 5137 1986 5188 sibi
2018 5151 2164 5189 com-

589 5220 944 5274 miniscuntur
963 5238 976 5273 :
996 5235 1061 5275 ex
1085 5220 1147 5275 iis
1165 5221 1381 5292 quidam
1408 5223 1766 5279 adversariam
1799 5226 1906 5280 Deo
1928 5237 2166 5296 petcsta-

590 5323 696 5366 tem
724 5325 845 5365 esse
867 5311 1264 5380 blaspltetnant,
1293 5325 1347 5368 et
1366 5315 1510 5384 leges
1534 5317 1649 5386 ejus
1669 5318 1884 5386 maligni
1908 5317 2167 5373 daemonis

587 5417 709 5457 esse
740 5410 949 5471 putant.
993 5401 1128 5470 Quid
1168 5403 1364 5475 igitur?
1403 5423 1528 5461 num
1571 5409 1690 5463 ideo
1721 5410 1962 5465 dicemus
1996 5410 2163 5465 Deum

589 5508 692 5546 non
735 5508 892 5559 esse,
932 5496 1053 5563 quia
1095 5495 1308 5565 quidam
1353 5498 1454 5554 hoc
1485 5500 1708 5555 dicunt?
1740 5519 1862 5556 num
1897 5516 1949 5556 et
1995 5504 2163 5573 ipsum

590 5584 789 5638 malum
813 5598 930 5640 esse
956 5584 1354 5654 conﬁtebimur,
1386 5591 1506 5659 quia
1536 5593 1749 5660 quidam
1777 5594 1826 5647 id
1857 5594 2017 5662 impie
2041 5611 2162 5663 pro-

593 5674 849 5731 ﬁtentur?
879 5677 1059 5749 Apage
1084 5679 1360 5734 stultitiam
1393 5693 1789 5756 extremamque
1812 5685 2157 5741 dementiam.

652 5803 669 5833 ⁹
699 5801 1015 5875 SavilLIegit,
1036 5809 1096 5875 de
1120 5810 1269 5869 (telis,
1295 5825 1397 5874 pro,
1417 5812 1481 5861 ad
1496 5812 1728 5875 homines.
1758 5825 1810 5865 At
1830 5831 1888 5866 ex
1908 5819 2098 5869 duobus
2119 5832 2160 5869 st

591 5866 798 5916 alterum
818 5866 1020 5930 dicatur,
1047 5866 1263 5922 alterum
1297 5866 1695 5936 'sulr'itttelhgitur.

2294 567 2425 623 Nam
2453 568 2497 623 si
2527 585 2590 624 ex
2626 568 2913 623 furentium
2949 565 3152 635 judicio
3190 565 3436 634 dogmata
3469 573 3839 620 statueremus
3868 604 3887 630 ,

2295 663 2424 717 nihil
2457 663 2670 719 obesset
2696 662 2983 732 quominus
3009 670 3063 715 et
3091 660 3188 728 ipsi
3233 659 3411 712 furore
3439 657 3760 726 gravissimo
3788 655 3888 708 dn-

2290 769 2554 810 cerentur.
2588 753 2746 810 Certe
2775 769 2936 810 nemo
2966 754 3134 807 solem
3163 762 3349 805 natura
3374 765 3466 804 sua
3495 749 3668 803 oculis
3700 749 3890 818 perni-

2292 846 2496 900 ciosum
2525 859 2642 899 esse
2671 845 2909 910 dixerit,
2945 846 3066 914 quia
3112 841 3353 897 nonnulli
3383 843 3551 895 oculis
3587 841 3840 894 laborant
3867 856 3882 902 ;

2290 937 2384 991 sed
2415 935 2621 991 lucidus
2649 935 2843 990 dicitur
2863 951 2928 990 ex
2957 950 3143 990 eorum
3164 935 3255 1003 qui
3284 948 3444 986 sanos
3473 933 3660 985 oculos
3682 930 3888 985 habent

2288 1027 2490 1095 judicio
2521 1045 2533 1078 :
2565 1027 2666 1080 mel
2690 1042 2900 1096 quoque
2928 1040 3088 1080 nemo
3114 1040 3355 1078 amarum
3383 1023 3613 1085 dixerit,
3644 1024 3770 1092 quia
3802 1021 3886 1075 in-

2289 1118 2456 1172 Ilrmis
2484 1117 2801 1187 quibusdam
2833 1117 2936 1172 tale
2961 1117 3169 1172 videtur
3187 1132 3335 1182 esse;
3359 1127 3412 1171 et
3427 1117 3591 1169 Deum
3617 1127 3796 1170 tamen
3819 1130 3886 1168 ex

2290 1210 2623 1264 iulirmorum
2650 1211 2902 1277 opinione
2935 1210 3014 1264 vel
3043 1225 3147 1263 non
3178 1223 3298 1264 esse
3323 1251 3337 1274 ,
3366 1210 3449 1262 vel
3480 1208 3679 1261 malum
3713 1222 3839 1262 esse
3868 1248 3882 1268 .

2287 1303 2368 1355 vel
2414 1302 2572 1356 nmdo
2626 1301 2904 1369 providere
2927 1343 2941 1365 ,
2972 1301 3132 1355 modo
3169 1316 3271 1354 non
3317 1299 3596 1370 providere
3618 1341 3630 1362 ,
3664 1298 3885 1366 quidam

2291 1392 2756 1463 pronuntiabunt?
2789 1392 2986 1460 Ecquis
3016 1393 3135 1446 illos
3161 1407 3304 1445 sana:
3335 1391 3530 1445 mentis
3557 1405 3678 1445 esse
3700 1390 3886 1444 dicat’

2285 1484 2404 1554 quis
2435 1501 2537 1537 non
2578 1483 2807 1538 furiosos
2839 1495 2892 1540 et
2929 1494 3168 1540 extrema
3200 1483 3464 1538 dementia
3512 1492 3698 1550 captos
3724 1480 3880 1536 dixe-

2292 1577 2405 1630 rit?
2451 1575 2677 1630 Mundus
2719 1593 2829 1630 eum
2857 1593 2957 1630 non
2995 1578 3224 1645 cognorit
3249 1617 3263 1638 ,
3295 1576 3520 1645 inquies.
3557 1573 3664 1628 Sed
3699 1574 3732 1626 ii
3763 1573 3882 1640 qui-

2292 1669 2388 1722 bus
2417 1667 2608 1738 dignus
2640 1684 2742 1723 non
2772 1680 2888 1723 erat
2913 1670 3143 1723 mundus
3163 1711 3177 1731 ,
3213 1668 3385 1737 ipsum
3419 1679 3705 1721 noverunt.
3744 1665 3879 1721 Cum

2286 1770 2461 1814 autem
2499 1771 2760 1815 memorat
2800 1774 2893 1815 eos
2935 1761 3026 1829 qui
3071 1762 3240 1830 ipsum
3281 1775 3386 1814 non
3423 1768 3723 1820 noverunt,
3755 1773 3879 1813 car-

2289 1852 2419 1920 ptim
2449 1853 2760 1921 ignorantia:
2791 1866 3003 1905 causam
3037 1851 3252 1905 indiCat.
3282 1850 3464 1918 Neque
3494 1851 3635 1904 enim
3673 1849 3883 1918 simpli-

2285 1944 2421 1998 citer
2461 1943 2626 2007 dixit,
2670 1941 2838 1997 Nemo
2881 1943 3051 2011 ipsum
3100 1942 3284 2005 novit;
3313 1942 3404 1995 sed
3430 1982 3442 2003 ,
3489 1940 3721 1996 Mundus
3761 1957 3883 1996 eum

2287 2051 2389 2088 non
2433 2035 2702 2104 cognovit;
2736 2033 2789 2088 id
2834 2043 2944 2094 est,
2976 2035 3008 2086 ii
3049 2033 3292 2087 homines
3321 2034 3409 2102 qui
3442 2032 3641 2087 mundo
3670 2041 3879 2088 tantum

2289 2128 2532 2190 ha'rent,
2566 2139 2619 2182 et
2665 2143 2723 2181 ca
2773 2143 2893 2197 quae
2935 2128 3114 2182 mundi
3159 2127 3283 2189 stitit
3324 2127 3556 2195 Sapiunt.
3600 2127 3688 2181 Sic
3734 2126 3880 2181 enim

2285 2221 2425 2275 solet
2462 2219 2708 2275 Christus
2751 2221 2893 2290 ipsos
2925 2221 3230 2290 appellare,
3267 2230 3325 2273 ut
3353 2235 3473 2274 cum
3502 2219 3670 2282 dicit,
3724 2217 3884 2272 Pater

2287 2322 2474 2377 satiate,
2508 2324 2552 2364 et
2578 2311 2799 2364 mundus
2822 2321 2868 2366 te
2894 2330 2994 2366 non
3016 2314 3248 2383 cognovit
3278 2311 3454 2381 (Joan.
3493 2312 3579 2366 ΓΙ.
3607 2310 3724 2378 εδ).
3759 2309 3880 2365 Non

2289 2403 2446 2472 igitur
2478 2403 2669 2456 Filium
2701 2411 2941 2468 tantum,
2976 2404 3068 2458 sed
3103 2404 3261 2457 etiam
3304 2403 3516 2457 Patrem
3559 2404 3677 2472 ejus
3718 2417 3882 2456 mun-

2285 2493 2388 2546 dus
2414 2493 2673 2562 ignoravit
2701 2534 2716 2556 ,
2749 2503 2804 2546 ut
2830 2493 3160 2548 dlcebamns.
3191 2493 3326 2548 Nihil
3360 2494 3501 2547 enim
3539 2493 3608 2547 ita
3640 2502 3882 2546 mentem

2288 2584 2500 2649 turbat,
2534 2595 2589 2636 ut
2612 2585 2770 2638 rebus
2794 2586 3148 2654 prmsentibus
3171 2584 3396 2640 inhiare.
3432 2586 3557 2638 llaec
3584 2599 3705 2638 cum
3736 2583 3880 2636 scia-

2288 2676 2354 2728 tis
2384 2717 2396 2740 ,
2430 2691 2458 2729 a
2499 2676 2698 2729 ntuudo
2741 2693 2833 2729 vos
2875 2687 3187 2745 segregate,
3216 2675 3271 2731 et
3311 2691 3340 2730 a
3371 2675 3675 2730 carnalibus
3717 2673 3883 2731 rebus

2285 2767 2554 2822 abscedite
2575 2809 2588 2832 ,
2619 2777 2876 2847 quantum
2907 2768 3019 2821 lieri
3063 2760 3264 2836 poterit
3296 2787 3305 2816 ι
3339 2782 3514 2835 neque
3543 2767 3687 2821 enint
3735 2767 3790 2822 in
3820 2782 3882 2825 re

2284 2859 2477 2912 nullius
2508 2860 2663 2928 pretii
2692 2859 2817 2913 hinc
2843 2860 3095 2914 damnum
3125 2861 3293 2913 oritur
3317 2899 3333 2926 ,
3363 2859 3454 2914 sed
3487 2859 3539 2913 in
3569 2859 3746 2929 capite
3778 2860 3880 2916 hoc

2286 2963 2497 3002 norum.
2529 2948 2712 3019 Neque
2739 2949 2880 3003 cnim
2913 2959 3084 3018 potest
3115 2949 3306 3012 homo,
3339 2951 3429 3018 qui
3463 2951 3746 3019 prmsenlis
3773 2952 3875 3007 :evi

2283 3041 2447 3095 rebus
2467 3040 2751 3095 admodum
2782 3041 2950 3095 hzrret
2969 3083 2983 3102 ,
3010 3043 3243 3097 molestia
3267 3053 3411 3097 recte
3435 3042 3712 3111 percipere
3738 3062 3750 3096 :
3782 3045 3880 3099 sed

2287 3146 2508 3187 necesse
2545 3141 2626 3186 est
2650 3147 2772 3186 eum
2795 3173 2808 3189 .
2841 3133 2930 3201 qni
2967 3133 3049 3186 his
3089 3131 3332 3187 addictus
3369 3143 3472 3198 est,
3500 3133 3567 3186 ab
3594 3132 3697 3187 illis
3728 3135 3879 3191 exei-

2282 3225 2413 3279 dere
2447 3242 2459 3279 :
2497 3223 2615 3276 Non
2644 3227 2849 3293 potestis
2880 3223 3044 3288 enim,
3087 3224 3279 3295 inquit,
3322 3223 3430 3279 Deo
3457 3227 3644 3280 servire
3667 3236 3714 3279 et
3759 3243 3879 3282 ma-

2283 3329 2448 3367 mona:
2490 3312 2655 3386 (an.
2708 3313 2789 3372 16.
2844 3313 2971 3381 15);
3009 3323 3065 3368 ιιι
3109 3315 3201 3368 ιιιιί
3247 3316 3589 3384 ltarreamus,
3638 3316 3876 3372 alterum

2283 3406 2464 3459 odisse
2494 3413 2726 3474 oportet.
2764 3405 2889 3459 llaec
2920 3405 3031 3475 ipsa
3065 3421 3246 3460 rerum
3277 3406 3605 3475 experientia
3652 3407 3873 3462 clamat.

2281 3494 2382 3562 Qui
2425 3495 2566 3550 enim
2615 3497 2958 3564 psetmiarutn
3001 3497 3490 3566 concupiscentiam
3532 3497 3812 3562 derident,
3845 3501 3880 3558 ii

2283 3590 2515 3644 maxime
2545 3598 2671 3642 sunt
2699 3590 2786 3658 qui
2812 3590 2978 3644 Deum
3011 3599 3068 3644 ut
3097 3590 3247 3645 decet
3273 3603 3488 3656 amant;
3517 3592 3878 3661 quemadmo-

2280 3683 2406 3736 dum
2448 3694 2501 3736 et
2529 3683 2616 3752 qui
2659 3698 2685 3733 a
2719 3683 2979 3752 principio
3019 3683 3138 3737 illas
3164 3683 3429 3738 mirantur
3454 3727 3469 3748 ,
3504 3685 3537 3737 ii
3571 3687 3878 3755 prmsertim

2281 3775 2518 3843 suntqui
2550 3775 2712 3827 Deum
2747 3774 3022 3828 remissius
3049 3774 3298 3842 diligunt.
3332 3776 3524 3830 Anima
3553 3777 3697 3831 enim
3733 3777 3876 3831 divi-

2283 3867 2474 3921 tiarum
2502 3880 2686 3920 amore
2714 3868 2881 3919 semel
2905 3876 3059 3935 capta
3086 3906 3101 3930 ,
3137 3881 3239 3919 non
3271 3865 3426 3922 facile
3449 3867 3673 3921 absistet
3707 3868 3776 3921 ab
3811 3869 3878 3924 iis

2279 3957 2500 4025 agendis
2523 3998 2538 4023 ,
2565 3973 2684 4025 qua:
2712 3957 2878 4012 Deum
2910 3956 2976 4011 ad
3008 3956 3139 4012 iram
3173 3968 3502 4027 provocant,
3537 3969 3723 4029 utpote
3754 3977 3878 4030 quae

2279 4047 2434 4102 alteri
2481 4047 2686 4102 serviat
2734 4048 2987 4112 domino,
3018 4047 3107 4117 qtti
3159 4048 3211 4102 in
3251 4048 3500 4104 omnibus
3539 4057 3726 4105 contra
3777 4050 3876 4108 Dei

2279 4138 2524 4192 mandata
2575 4139 2865 4206 praecipiat.

2355 4230 2614 4296 Quantum
2645 4229 2912 4282 discrimen
2933 4231 3063 4283 inter
3092 4245 3257 4284 servos
3287 4231 3475 4284 Christi
3501 4241 3545 4284 et
3571 4248 3740 4286 servos
3762 4250 3878 4288 ma-

2280 4335 2460 4373 monae.
2485 4348 2554 4358 —-
2580 4320 2798 4389 Vigilate
2841 4321 3021 4389 itaque
3045 4330 3099 4375 et
3122 4322 3550 4392 expergiscimini
3579 4364 3593 4388 ,
3627 4341 3690 4379 ac
3716 4326 3872 4396 cogi-

2281 4419 2452 4464 tantes
2495 4409 2768 4478 cnjnsnam
2802 4410 3002 4465 domini
3034 4413 3202 4466 sinms
3256 4413 3396 4467 servi
3423 4456 3436 4476 ,
3474 4416 3588 4483 ejus
3631 4427 3874 4470 tanturn-

2282 4502 2440 4556 modo
2498 4518 2720 4570 regnum
2766 4504 3088 4574 diligamus;
3156 4507 3430 4575 lugeamus
3483 4521 3535 4562 et
3591 4512 3868 4578 prmterita

2277 4594 2616 4663 deploremus
2648 4603 2907 4663 tempora,
2955 4598 3147 4665 quibus
3186 4614 3448 4654 mamona:
3498 4601 3867 4658 servivinms:

2277 4688 2585 4754 abjicianttts
2625 4687 2790 4739 semel
2828 4689 3010 4756 I"3‘""
3055 4688 3173 4757 eius
3217 4704 3380 4758 grave
3407 4699 3459 4745 el
3488 4691 3869 4760 inullcmhuc'

2277 4789 2333 4833 et
2368 4780 2551 4848 jugnm
2592 4778 2789 4832 Christi
2844 4780 2958 4832 leve
2988 4790 3042 4833 et
3085 4796 3249 4835 suave
3299 4797 3419 4836 cum
3466 4785 3870 4853 perseverantia

2278 4871 2549 4933 teramus;
2591 4871 2679 4940 qui
2735 4869 2865 4924 nihil
2916 4871 3020 4925 tale
3065 4872 3350 4940 praecipit,
3393 4874 3548 4942 quale
3592 4889 3869 4930 mamona.

2280 4965 2373 5018 llic
2402 4965 2543 5019 enim
2570 4964 2721 5032 jubet
2752 4980 2851 5019 nos
2897 4965 3148 5019 omnibus
3178 4965 3426 5020 inimicos
3469 4953 3628 5032 esse;
3675 4977 3868 5024 contra

2277 5071 2403 5111 vero
2448 5055 2694 5110 Christus
2721 5095 2735 5118 ,
2778 5071 2966 5110 omnes
3011 5051 3260 5124 amplecti
3303 5066 3357 5111 et
3385 5073 3587 5112 amare.
3635 5057 3730 5113 Ille
3769 5076 3869 5113 nos
3915 5079 3918 5082 ’

2277 5146 2386 5198 luto
2426 5155 2481 5198 et
2527 5145 2783 5199 lateribus
2827 5145 3086 5214 aiﬁgens,
3118 5145 3220 5200 hoc
3259 5157 3343 5200 est
3382 5163 3552 5214 auro,
3599 5164 3664 5204 ne
3702 5160 3867 5204 noctu

2275 5235 2486 5304 quidem
2538 5235 2664 5289 sinit
2715 5251 2814 5290 nos
2869 5236 2952 5288 vel
3006 5237 3276 5305 paululum
3333 5241 3644 5305 respirare;
3697 5240 3787 5294 hic
3833 5259 3862 5294 a

2271 5327 2534 5394 superﬂua
2577 5326 2663 5379 illa
2693 5337 2746 5381 et
2775 5328 2958 5381 insana
3007 5344 3136 5382 cura
3167 5346 3266 5384 nos
3296 5330 3523 5395 liberat;
3570 5332 3664 5386 sed
3705 5333 3860 5400 jubet

2275 5415 2551 5471 thesauros
2594 5419 2644 5468 in
2675 5417 2806 5469 ca-ln
2829 5434 3015 5485 parare
3051 5438 3061 5471 :
3089 5434 3193 5473 non
3225 5436 3288 5475 ex
3315 5421 3501 5490 injuria
3534 5423 3652 5477 aliis
3674 5424 3817 5478 illata
3841 5466 3858 5488 ,

2272 5506 2367 5561 sed
2397 5523 2461 5560 ex
2509 5508 2720 5576 prepria
2747 5508 2971 5576 justitia.
3008 5509 3100 5564 llle
3128 5520 3246 5578 post
3271 5513 3466 5566 multos
3495 5513 3719 5568 sudores
3757 5531 3858 5568 no-

2271 5607 2412 5652 stros
2439 5609 2490 5649 et
2538 5598 2780 5652 miserias
2813 5614 2916 5651 non
2960 5601 3153 5667 poterit
3178 5601 3365 5656 adesse
3393 5602 3542 5657 nobis
3566 5645 3581 5670 ,
3612 5619 3730 5659 etm
3757 5623 3857 5660 ex-

2271 5698 2438 5742 tremo
2468 5689 2730 5758 supplicio
2759 5691 3042 5758 puuiemur
3065 5731 3079 5756 ,
3113 5700 3168 5745 et
3197 5694 3267 5745 ob
3295 5693 3437 5762 leges
3465 5693 3582 5764 ejus
3612 5708 3857 5753 servatas

2271 5779 2409 5833 mala
2443 5781 2705 5848 patiemur
2731 5798 2743 5845 ;
2776 5782 2881 5834 imo
2912 5781 3179 5836 ﬂammam
3207 5786 3465 5840 accendet
3492 5804 3504 5845 ς
3536 5787 3619 5842 hic
3646 5789 3686 5841 si
3721 5806 3854 5857 prter

2271 5872 2430 5942 cipiat
2472 5876 2715 5944 poculum
2748 5889 2896 5943 aquae
2926 5873 3129 5945 frigidm
3159 5875 3319 5946 dare,
3354 5894 3420 5932 ne
3451 5878 3607 5946 hujus
3634 5880 3848 5950 quidem
