4064 6448
179 508 245 564 69

183 624 309 680 tacti
357 613 662 675 mercedem
695 605 869 662 amitti
901 601 1044 656 siuet
1073 637 1087 661 ,
1121 591 1216 649 sed
1259 590 1538 680 large‘uos
1567 577 1790 680 praemio

184 672 428 769 donabit.
463 709 656 760 Annon
686 707 943 756 extrema:
970 684 1258 745 dementia:
1291 678 1456 734 fuerit
1483 717 1498 740 ,
1531 684 1639 769 tam
1672 672 1791 742 pla-

183 766 303 858 cida
335 813 389 855 et
421 807 499 852 tot
535 793 693 848 bonis
727 787 921 844 referta
967 778 1227 836 servitute
1255 771 1541 858 neglecta,
1573 766 1791 834 ingrato

190 856 396 948 sﬁrrvire
439 877 665 960 tyranno
692 922 705 943 ,
733 876 826 948 qui
874 885 1046 942 neque
1091 868 1177 922 hic
1202 907 1215 930 ,
1250 874 1427 960 neque
1470 856 1583 912 illic
1618 859 1801 960 potest

191 998 277 1034 eos
306 982 398 1052 qui
430 946 531 1032 sibi
562 946 924 1039 obsequentes
963 971 1088 1018 sunt
1116 955 1348 1027 iuvare?
1382 950 1570 1020 Neque
1618 946 1670 999 id
1703 958 1797 999 so-

195 1042 471 1132 lum-mali
503 1083 556 1127 et
599 1065 780 1123 damni
810 1071 927 1122 est,
959 1054 1102 1128 quod
1133 1047 1399 1121 supplicio
1440 1042 1667 1098 traditos
1691 1053 1800 1132 non

195 1178 383 1232 eruat;
413 1167 509 1224 sed
555 1161 695 1233 quod
725 1201 739 1224 ,
771 1168 827 1212 ut
853 1153 997 1215 dixi,
1026 1158 1290 1217 sequaces
1329 1153 1459 1195 suos
1503 1129 1803 1234 innumeris

197 1265 391 1317 obruat
413 1258 593 1314 malis.
640 1252 910 1308 Plurimos
952 1243 1097 1298 enim
1124 1253 1190 1292 ex
1222 1236 1287 1289 iis
1317 1231 1406 1303 qui
1437 1229 1509 1284 ibi
1554 1229 1804 1280 crucian-

200 1367 288 1409 tur
312 1392 326 1419 ,
358 1349 536 1404 videre
576 1355 660 1401 cst
700 1343 823 1397 ideo
852 1333 1116 1407 supplicio
1149 1326 1378 1382 traditos
1403 1364 1418 1388 ,
1446 1318 1588 1391 quod
1638 1329 1806 1386 pecu-

201 1416 620 1500 niisvserviu'iut
648 1445 702 1491 et.
726 1445 916 1488 aurum
945 1423 1179 1481 ama-rint
1199 1462 1212 1487 ,
1234 1416 1527 1486 egenisque
1550 1423 1658 1465 non
1684 1419 1804 1462 ero-

199 1538 400 1610 garint.
435 1534 561 1599 Qua
603 1546 672 1587 ue
700 1542 800 1583 nos
820 1535 1036 1594 quoque
1065 1515 1362 1586 patiamur,
1385 1507 1764 1576 dispergamus
1789 1539 1805 1564 ,

201 1602 396 1684 demus
429 1623 745 1695 pauperibus
770 1660 786 1685 ,
833 1614 1069 1670 animam
1117 1613 1355 1661 nostram
1402 1608 1656 1653 eruamus
1685 1602 1741 1648 et
1779 1604 1808 1643 a

176 1716 2050 1776 ____________________________

1255 472 1319 528 IN
1358 463 1674 526 JO.\NNE.\I
1717 459 1825 517 lIOl

1938 497 1949 509 .
1984 456 2073 512 IX.
2116 456 2187 510 al.
2223 453 2354 510 VIII.
3437 438 3505 492 70

1903 574 2077 630 noxiis
2121 570 2281 640 hujus
2333 571 2462 623 vita:
2507 567 2690 632 curis,
2719 572 2776 618 et
2805 579 2834 618 a
2885 561 3153 634 supplicio
3201 561 3308 616 illic
3356 566 3511 621 nobis

1904 678 2092 740 parato
2123 686 2136 722 :
2163 665 2498 733 deponamus
2519 658 2788 731 justitiam
2821 657 2873 711 itt
2905 657 3054 712 c-elis
3086 673 3099 708 :
3132 657 3251 709 luco
3274 664 3519 710 terrena-

1903 777 2021 816 rtun
2039 774 2202 830 opum
2227 757 2544 827 colligamus
2570 753 2860 809 thesauros
2881 749 2972 820 qui
2995 749 3202 803 absumi
3229 756 3520 819 nequeant,

1909 856 2193 910 thesauros
2219 852 2308 921 qui
2334 848 2542 920 possint
2569 846 2854 900 nobiscum
2886 844 2938 897 in
2970 843 3163 897 caelum
3199 840 3482 910 pervenire
3504 881 3518 900 .

1908 948 1998 1018 qui
2029 949 2237 1016 possint
2277 943 2434 998 nobis
2466 936 2902 1012 periclitantibus
2941 935 3266 1003 patroeiuztri
3297 943 3354 988 et
3377 933 3519 1004 judi-

1907 1054 2025 1112 ccm
2057 1037 2287 1093 reddere
2319 1033 2642 1105 propitium;
2673 1044 2834 1101 quem
2874 1028 3080 1082 utinam
3114 1036 3170 1082 et
3218 1041 3362 1080 nunc
3388 1036 3442 1080 et
3470 1026 3520 1080 iu

1911 1135 2002 1189 illa
2028 1133 2118 1188 die
2145 1130 2436 1202 propitium
2463 1127 2731 1181 habentes
2751 1167 2766 1191 ,
2797 1138 2919 1177 cum
2946 1121 3198 1175 libertate
3231 1117 3389 1174 bonis
3416 1118 3522 1174 illis

1914 1227 1965 1280 in
1996 1224 2130 1280 crelo
2161 1222 2364 1292 paratis
2397 1220 2463 1273 iis
2488 1217 2579 1288 qui
2610 1225 2760 1270 recte
2787 1213 3018 1283 diligunt
3044 1227 3167 1267 eum
3194 1253 3206 1274 ,
3240 1208 3519 1265 fruamur:

1912 1316 2082 1389 gratia
2124 1325 2179 1370 et
2220 1313 2549 1382 benignitate
2604 1307 2822 1364 Domini
2878 1305 3050 1361 nostri
3099 1304 3228 1360 Jesu
3281 1302 3526 1363 Christi.

1913 1409 2128 1480 quicum
2159 1405 2302 1460 Patri
2333 1405 2503 1475 gloria
2536 1415 2754 1472 unaque
2785 1408 2975 1454 sancto
3003 1397 3249 1468 Spiritui,
3283 1411 3426 1451 nunc
3476 1405 3530 1451 et

1915 1515 2165 1570 semper,
2198 1507 2250 1553 et
2280 1496 2334 1552 in
2366 1493 2563 1551 sarcula
2593 1491 2942 1547 saeculorum.
2974 1490 3167 1544 Amen.

2055 1704 3494 1729 Μ

1619 1800 1973 1866 HOMILIA
2007 1796 2124 1859 IX.

298 1981 388 2036 ll.
418 1976 486 2032 In
517 1975 728 2045 propria
752 1970 904 2036 venit,
936 1977 981 2022 et
1008 1970 1088 2020 sui
1117 1977 1230 2016 eum
1257 1974 1361 2012 non
1400 1958 1720 2021 receperunt.

281 2077 333 2128 l.
364 2070 421 2126 Si
454 2068 694 2140 priurum
718 2057 1140 2118 rcminiscamini
1170 2097 1184 2119 ,
1213 2067 1333 2121 quae
1362 2052 1660 2118 sequuntur
1687 2055 1811 2096 eum

203 2165 398 2233 majori
447 2138 728 2216 alacritate
773 2151 1131 2223 adjieicmus,
1177 2152 1362 2214 utpote
1411 2138 1502 2227 qui
1557 2148 1812 2205 maguum

207 2231 525 2329 impendere
556 2254 765 2308 lucrum
813 2247 1110 2302 videamus.
1155 2241 1227 2294 Ita
1277 2237 1420 2291 enim
1469 2231 1624 2286 vobis
1653 2233 1816 2329 captu

209 2319 421 2408 facilior
450 2362 632 2402 sermo
675 2343 778 2398 erit
803 2381 818 2405 ,
851 2340 894 2393 si
932 2339 1042 2406 jam
1091 2333 1359 2388 dictorum
1415 2319 1813 2383 memineritis;

208 2446 476 2514 uobisque
517 2455 624 2494 uou
656 2437 826 2491 multo
867 2445 1002 2502 opus
1043 2427 1148 2483 erit
1191 2424 1410 2484 labore,
1457 2425 1816 2514 cum-vosnos

208 2501 455 2593 discendi
507 2530 802 2602 cupiditate
852 2501 1064 2579 acutius
1103 2527 1301 2574 extera
1349 2506 1668 2602 dispicietis.
1716 2501 1818 2569 Qui

212 2631 360 2687 enim
412 2643 474 2682 ea
524 2597 642 2695 qua:
675 2619 881 2675 tradita‘
901 2625 1028 2670 sunt
1060 2624 1279 2680 semper
1323 2602 1561 2668 amittit,
1594 2597 1821 2652 doctore

207 2737 427 2792 semper
456 2718 651 2788 egebit,
689 2714 790 2768 nec
821 2722 1076 2778 umquam
1102 2704 1237 2759 sciet
1266 2696 1579 2770 quidpiam;
1611 2690 1701 2758 qui
1725 2704 1822 2742 au-

215 2787 576 2883 temaccepta
603 2807 880 2872 custodit,
913 2815 966 2859 et
993 2801 1196 2870 reliqua
1226 2791 1580 2865 superaddit,
1610 2787 1819 2883 citae:

213 2906 482 2983 discipulo
531 2903 786 2971 magister
831 2896 974 2958 erit,
1029 2907 1127 2947 nec
1167 2890 1266 2943 sibi
1320 2885 1529 2949 solum,
1560 2878 1658 2936 sed
1702 2875 1822 2930 aliis

210 2971 431 3071 quoque
460 2996 624 3050 utilis.
654 2987 968 3060 llujusmodi
995 2997 1158 3053 spero
1187 2981 1299 3035 fore
1321 2977 1459 3031 hanc
1478 2971 1818 3033 concionem,

215 3063 376 3161 idque
421 3104 488 3142 ex
517 3094 664 3140 tanto
695 3093 877 3136 vestro
919 3074 1174 3132 audiendi
1206 3069 1386 3126 studio
1427 3079 1680 3137 auguror.
1710 3063 1824 3132 Age

213 3158 369 3254 ergo,
403 3181 456 3234 iu
488 3177 688 3234 vestris
718 3172 935 3236 animis,
973 3166 1130 3238 quasi
1155 3166 1208 3220 in
1243 3160 1513 3217 tutissimo
1543 3158 1820 3219 thesauro,

213 3287 500 3348 argentum
554 3269 765 3326 Domini
795 3268 1136 3335 deponamus
1159 3300 1174 3325 ,
1203 3266 1260 3313 et
1305 3270 1428 3326 quae
1471 3250 1627 3306 nobis
1659 3246 1823 3302 hodie

219 3343 496 3443 proposita
549 3373 703 3428 sunt,
733 3369 994 3432 quantum
1026 3354 1185 3410 nobis
1213 3349 1450 3421 Spiritus
1480 3343 1650 3417 gratia
1693 3354 1824 3409 sup-

217 3441 496 3532 peditabit,
525 3457 878 3527 explicemus.
917 3449 1172 3510 Dixerat,
1207 3441 1438 3497 Mundus
1467 3453 1582 3493 eum
1609 3451 1712 3488 non
1739 3448 1827 3486 co-

213 3529 422 3627 qaovit,
475 3552 544 3606 de
590 3544 985 3617 antiquioribus
1039 3539 1149 3594 illis
1195 3533 1529 3604 temporibus
1574 3529 1822 3599 loquens.

220 3619 508 3706 liesceudit
553 3641 752 3698 deinde
793 3637 859 3693 ad
905 3646 1118 3705 tempus
1152 3626 1586 3703 praedicationis,
1621 3630 1676 3675 et
1701 3619 1778 3672 ait
1809 3634 1822 3670 :

221 3742 286 3796 In
315 3739 524 3811 propria
555 3737 689 3790 venit
715 3776 729 3796 ,
761 3743 806 3786 et
836 3731 914 3785 sui
946 3744 1061 3783 eum
1086 3741 1189 3780 non
1221 3727 1544 3791 receperunt.
1569 3715 1708 3771 Suos
1739 3710 1828 3766 hic

214 3809 433 3890 Judimos
460 3840 638 3892 vocat,
664 3834 724 3880 ut
751 3822 1001 3893 populum
1033 3817 1382 3889 peculiarem,
1410 3811 1494 3866 vel
1520 3809 1684 3864 etiam
1712 3821 1830 3861 om-

219 3940 317 3980 nes
363 3919 611 3976 homines
655 3928 924 3986 tamquam
955 3911 1023 3966 ab
1051 3911 1168 3980 ipso
1189 3913 1420 3962 creatos.
1454 3904 1533 3956 Ac
1562 3897 1828 3970 quemad-

217 4015 435 4071 modum
466 4025 625 4080 supra
654 4008 722 4063 de
780 4006 1071 4060 multorum
1102 3997 1337 4054 amentia
1384 4005 1607 4063 stupens
1630 4034 1644 4059 ,
1680 3999 1735 4045 et
1761 3988 1831 4043 de

217 4110 492 4163 unumuni
519 4112 708 4157 natura
735 4099 1064 4154 erubescens
1089 4092 1326 4156 dicebat,
1359 4087 1620 4143 mundum
1645 4083 1714 4138 ab
1739 4083 1830 4138 illo

220 4199 538 4261 conditum,
572 4202 874 4249 creatorem
919 4203 1076 4243 suum
1111 4200 1216 4239 non
1247 4181 1564 4251 cognovisse
1597 4195 1611 4231 :
1656 4177 1736 4230 sic
1777 4183 1833 4229 et

222 4295 327 4346 hoc
355 4291 475 4344 loco
501 4285 812 4342 Judznorum
851 4281 1189 4347 aliorumque
1242 4275 1531 4329 multorum
1563 4272 1830 4340 ingratum

221 4385 464 4438 animum
493 4395 636 4451 aegre
669 4379 884 4442 ferens,
914 4374 966 4428 itt
993 4372 1296 4442 graviorem
1325 4365 1633 4438 prorumpit
1670 4377 1832 4415 aecu-

224 4475 492 4531 sationem
521 4514 535 4535 ,
597 4471 830 4526 dicens:
883 4465 980 4524 Sui
1027 4481 1141 4518 eum
1191 4479 1295 4516 non
1340 4466 1680 4528 receperunt,
1732 4452 1833 4508 etsi

226 4570 343 4639 ipse
370 4565 437 4621 ad
481 4564 602 4619 illus
633 4561 863 4616 venerit.
919 4557 1104 4627 Neque
1133 4557 1248 4624 ipse
1278 4553 1454 4608 solum
1484 4591 1500 4617 ,
1533 4548 1628 4603 sed
1672 4546 1835 4602 etiam

229 4659 505 4732 propheta:
537 4656 770 4725 idipsum
799 4649 1102 4708 mirabundi
1123 4648 1376 4703 dixerunt
1411 4661 1424 4697 :
1457 4655 1666 4697 necnon
1702 4639 1837 4692 Pau-

228 4731 313 4807 lus
342 4751 424 4805 his
452 4749 522 4804 de
551 4747 716 4803 rebus
761 4744 1172 4812 obstupesceus.
1206 4740 1272 4793 Et
1315 4735 1591 4808 prophette
1621 4731 1838 4802 quidem

229 4860 295 4899 ex
343 4856 573 4913 persona
623 4838 823 4893 Christi
871 4838 1170 4891 clamantes
1213 4832 1516 4886 dixerunt:
1567 4824 1839 4897 Populus,

228 4951 382 5006 quem
407 4949 510 4988 non
540 4930 756 5001 cognovi
779 4971 792 4993 ,
825 4928 1026 4982 servivit
1060 4925 1186 4979 mihi
1215 4943 1230 4979 :
1265 4924 1319 4976 in
1351 4922 1532 4976 auditu
1556 4919 1694 4972 auris
1724 4917 1843 4970 obe-

232 5029 357 5081 divit
389 5025 532 5079 mihi.
566 5021 692 5077 Filii
717 5022 872 5075 alieni
901 5019 1094 5075 mentiti
1119 5025 1239 5072 sunt
1265 5015 1428 5076 mihi;
1460 5013 1555 5081 ﬁlii
1582 5009 1736 5064 alieni
1763 5009 1844 5060 in-

235 5117 444 5172 veterati
491 5124 651 5179 sunt,
681 5123 727 5167 et
771 5112 1189 5165 claudicaverunt
1228 5124 1260 5160 a
1300 5105 1492 5159 semitis
1531 5103 1638 5156 suis
1672 5098 1843 5171 (Psal.

244 5209 450 5265 17.,45.
480 5203 596 5278 46).
631 5205 699 5259 Et
730 5218 944 5258 rursum
979 5220 992 5256 :
1030 5200 1226 5267 Quibus
1257 5215 1360 5252 non
1387 5206 1459 5252 est
1485 5204 1755 5250 narratum
1787 5192 1850 5244 de

238 5319 295 5354 eo
317 5342 331 5366 ,
365 5298 605 5352 videbunt
629 5314 647 5348 :
684 5304 728 5348 et
758 5295 845 5365 qui
896 5310 997 5347 non
1042 5291 1346 5356 audierunt,
1378 5287 1658 5357 intelligent
1689 5280 1844 5353 (Isai.

242 5392 330 5445 52.
367 5389 456 5460 15)
482 5406 497 5452 ;
527 5396 615 5452 et,
646 5385 888 5440 Inventus
921 5400 1032 5438 sum
1058 5400 1090 5436 a
1115 5399 1215 5436 non
1243 5379 1584 5451 querentibus
1613 5390 1727 5430 me:
1758 5390 1852 5445 pa-

245 5488 346 5537 lum
368 5481 590 5552 apparui
620 5481 681 5533 iis
709 5480 794 5548 qui
826 5494 905 5531 me
925 5493 1027 5530 non
1053 5473 1433 5546 interrogabant
1460 5469 1623 5538 (Ibid.
1658 5469 1746 5522 66.
1779 5466 1849 5535 l).

249 5575 448 5629 l'aulus
490 5583 670 5625 autent
721 5571 786 5624 ad
821 5569 1095 5624 Rontanos
1132 5566 1381 5620 scribens
1423 5562 1636 5617 dicebat
1670 5577 1681 5612 :
1717 5557 1854 5623 Quid

247 5683 365 5738 ergo
384 5665 410 5719 ?
433 5664 567 5734 quod
589 5662 844 5732 quwrebat
876 5659 1082 5724 Israel,
1117 5659 1211 5711 hoc
1244 5674 1347 5711 non
1377 5664 1448 5710 est
1478 5661 1854 5724 consequutus:

248 5762 424 5812 electio
456 5767 624 5809 autem
650 5764 962 5822 consequuta
995 5763 1065 5806 est
1099 5753 1277 5821 (liam.
1307 5751 1389 5804 ll.
1421 5749 1496 5818 7).
1531 5749 1592 5803 Et
1621 5748 1812 5802 iterum
1843 5764 1854 5798 :

253 5852 390 5914 Quid
421 5867 541 5919 ergo
569 5849 793 5900 dicemus
819 5849 840 5900 ?
876 5846 1026 5913 Quod
1054 5853 1227 5915 gentes
1251 5886 1264 5908 ,
1311 5858 1427 5910 qum
1461 5858 1561 5895 non
1591 5838 1859 5892 sectaban-

252 5954 330 5996 tur
372 5943 661 6014 justitiam,
706 5941 1154 6010 apptrlteuderttnt
1199 5938 1459 6006 justitiam
1500 5950 1515 5988 :
1552 5933 1717 5989 Israel
1748 5947 1861 5987 t't'ro

1923 1943 2165 1998 sectanda
2193 1941 2354 2012 legent
2380 1939 2634 2011 justitiaz,
2666 1938 2720 1992 in
2746 1937 2910 2009 legem
2938 1938 3159 2010 justitite
3182 1955 3283 1991 non
3314 1938 3540 2009 pervenit

1929 2037 2106 2109 (Rom.
2136 2034 2191 2090 9.
2226 2032 2341 2102 30).
2374 2032 2482 2088 Res
2506 2042 2592 2087 est
2619 2031 2764 2085 enim
2797 2031 3160 2086 admiratione
3189 2030 3372 2102 digna,
3406 2047 3540 2102 quo-

1926 2128 2089 2184 modo
2119 2128 2152 2181 ii
2180 2128 2269 2197 qui
2311 2129 2363 2180 in
2411 2124 2745 2196 propheticis
2775 2125 2927 2179 libris
2957 2123 3169 2180 educati
3216 2134 3342 2179 sunt
3365 2165 3381 2190 ,
3415 2127 3538 2196 qui-

1926 2239 2031 2293 que
2075 2221 2317 2292 quotidie
2362 2219 2586 2274 audiunt
2634 2219 2853 2289 Moysen
2904 2220 3186 2274 innumera
3229 2219 3297 2274 de
3338 2219 3540 2274 Christi

1928 2313 2162 2368 adventu
2217 2312 2524 2382 loquentem
2553 2351 2568 2376 ,
2598 2325 2809 2365 necnon
2856 2311 3201 2379 sequentium
3237 2319 3538 2380 temporum

1931 2405 2221 2476 prophetas
2249 2446 2264 2471 ,
2296 2413 2459 2473 atque
2488 2403 2664 2472 ipsum
2707 2400 2982 2456 Christum
3011 2401 3253 2472 quotidie
3282 2401 3542 2456 miracula

1932 2508 2233 2568 patrantem
2259 2537 2274 2563 ,
2307 2512 2540 2565 cumque
2587 2496 2719 2566 ipsis
2749 2495 2881 2549 solis
2932 2505 3238 2550 versantem
3265 2537 3280 2563 ,
3312 2496 3541 2551 necdum

1934 2593 2331 2662 permittentem
2363 2590 2645 2660 discipulis
2673 2601 2730 2643 ut
2760 2590 2812 2643 in
2845 2591 2985 2644 viam
3015 2590 3258 2659 gentium
3285 2590 3499 2645 abirent
3526 2633 3540 2656 ,

1932 2695 2023 2738 aut
2050 2685 2100 2737 in
2131 2684 2406 2738 civitatem
2437 2682 2902 2738 Samaritanorum
2933 2683 3368 2752 ingrederentur,
3400 2683 3542 2754 quod

1934 2792 2108 2847 neque
2126 2777 2241 2847 ipse
2273 2777 2501 2831 faciebat
2521 2818 2537 2843 ,
2568 2775 2663 2830 sed
2684 2775 2997 2846 frequenter
3011 2776 3226 2831 dicebat
3242 2793 3302 2832 se
3318 2778 3544 2832 missum

1934 2884 2055 2925 esse
2085 2870 2151 2923 ad
2183 2884 2314 2923 oves
2333 2885 2451 2940 quae
2472 2866 3138 2938 perierantdumuslsrael
3162 2885 3175 2933 ;
3203 2877 3438 2922 attamen
3469 2868 3543 2922 illi

1936 2972 2054 3033 p051
2072 2970 2150 3015 tot
2171 2961 2322 3032 signa
2346 2962 2396 3014 iu
2420 2961 2646 3031 gratiam
2668 2961 2746 3014 sui
2769 2961 2935 3026 edita,
2961 2975 3082 3016 cum
3105 2962 3391 3030 prophetas
3411 2975 3546 3032 quo-

1937 3054 2064 3109 tidie
2080 3053 2346 3118 audirent,
2372 3054 2655 3123 ipsutuquc
2677 3052 2950 3106 Christum
2974 3052 3189 3107 assidue
3207 3063 3542 3114 monentem.

1936 3161 2106 3213 usque
2134 3146 2271 3200 adeo
2312 3160 2487 3200 033605
2515 3154 2680 3214 atque
2723 3143 2918 3199 surdos
2964 3160 3024 3199 se
3072 3146 3457 3218 praestiterint,
3491 3157 3548 3200 ut

1936 3237 2086 3291 nullo
2127 3252 2315 3291 eorum
2347 3236 2412 3291 ad
2443 3236 2603 3290 fidem
2654 3235 2707 3290 itt
2735 3236 3010 3291 Christum
3038 3234 3217 3291 induci
3252 3238 3544 3307 potui-rint.

2009 3329 2238 3384 Externa
2265 3330 2590 3402 pltt'losOphia
2617 3346 2768 3397 quam
2795 3329 3017 3384 absurda
3044 3339 3088 3382 ct
3105 3331 3287 3398 turpis.
3312 3360 3378 3370 --
3398 3329 3544 3386 Geu-

1937 3421 2056 3476 tiles
2100 3431 2280 3476 autem
2315 3422 2450 3475 nihil
2491 3422 2682 3476 borum
2724 3422 3042 3490 eunseqttuti
3075 3461 3091 3485 ,
3118 3421 3294 3476 divina
3329 3424 3546 3478 oracula

1939 3529 2007 3568 ue
2032 3514 2083 3568 in
2109 3513 2316 3567 somnis
2336 3512 2551 3583 quidem
2606 3513 2890 3569 audierant
2920 3531 2935 3580 ;
2971 3514 3065 3568 sed
3097 3515 3146 3568 in
3181 3514 3372 3570 fabulis
3401 3517 3546 3569 iusa-

1937 3606 2199 3661 nieutium
2231 3607 2425 3661 versati
2453 3605 2471 3678 (
2504 3606 2580 3661 sic
2609 3606 2755 3660 enim
2784 3621 2917 3660 voco
2939 3615 3221 3661 externam
3255 3608 3398 3661 illam
3433 3607 3550 3678 phi-

1939 3699 2240 3770 losophiam
2265 3699 2284 3772 )
2312 3709 2364 3754 ct
2399 3709 2678 3769 poetarum
2716 3700 3069 3755 deliramenta
3103 3711 3394 3756 tractantes
3428 3743 3442 3764 ,
3488 3701 3550 3756 li-

1937 3794 2058 3864 guis
2103 3802 2159 3850 et
2200 3793 2466 3864 lapidibus
2508 3791 2706 3848 addicti
2740 3804 2895 3847 erant
2922 3836 2938 3859 ,
2977 3809 3075 3849 nec
3112 3793 3196 3849 vel
3221 3795 3271 3849 in
3303 3795 3550 3849 doctrina

1945 3886 2027 3940 vel
2058 3887 2108 3940 in
2143 3901 2355 3940 morum
2378 3886 2663 3956 disciplina
2686 3885 2960 3955 quidpiam
2990 3902 3179 3940 santun
3200 3887 3282 3941 vel
3299 3888 3426 3943 utile
3449 3904 3549 3941 tto-

1940 3985 2163 4043 verant;
2193 3979 2300 4030 vita
2331 3978 2527 4048 quippe
2555 3978 2766 4031 illorum
2809 3978 3069 4048 impurior
3101 3994 3260 4048 quant
3309 3978 3551 4034 doctrina

1940 4069 2326 4140 scelestiorque
2343 4078 2479 4124 erat.
2499 4068 2636 4136 Quid
2671 4080 2848 4124 autem
2881 4071 3023 4124 aliud
3054 4071 3382 4139 sperandum
3412 4080 3549 4136 erat,

1937 4176 2058 4216 cum
2090 4161 2222 4217 deos
2252 4176 2382 4217 suos
2410 4162 2656 4216 viderent
2682 4163 2845 4216 nullis
2877 4177 2981 4216 non
3001 4163 3214 4232 flagitiis
3229 4162 3550 4233 gaudentes,

1938 4261 2100 4324 atque
2129 4255 2403 4309 obscoenis
2429 4255 2608 4310 Verbis
2634 4297 2646 4320 ,
2678 4255 3219 4325 obscmuioribusque
3243 4255 3403 4311 rebus
3433 4257 3554 4310 cul-

1941 4358 2024 4403 tos
2054 4366 2066 4400 :
2101 4349 2216 4402 hanc
2249 4363 2345 4417 pro
2377 4347 2527 4403 festis
2557 4348 2749 4404 diebus
2775 4358 2829 4404 et
2860 4363 2956 4419 pro
2984 4348 3192 4404 honore
3238 4347 3502 4404 habentes
3536 4368 3550 4405 τ

1939 4442 2004 4497 ad
2037 4443 2152 4496 hare
2177 4443 2340 4497 etiam
2375 4441 2621 4498 nefandis
2669 4442 2909 4497 cardibus
2939 4484 2953 4508 ,
3001 4458 3402 4514 puerorumque
3436 4459 3554 4498 ma-

1941 4537 2270 4591 etationibus
2297 4536 2612 4600 honoratos,
2639 4537 2814 4607 quain
2843 4551 2900 4591 re
2932 4535 3064 4591 deos
3095 4536 3193 4606 ipsi
3221 4551 3348 4590 suos
3378 4536 3558 4591 inrita-

1945 4629 2159 4684 bantur.
2188 4631 2438 4685 Attamen
2464 4630 2516 4684 in
2548 4630 2722 4700 ipsum
2747 4629 3004 4699 uequitim
3034 4628 3363 4699 profundum
3398 4630 3558 4700 lapsi,

1946 4732 2169 4792 repente
2191 4724 2346 4793 quasi
2371 4739 2466 4793 per
2490 4722 2779 4792 quamdam
2807 4721 3112 4776 machinam
3140 4721 3403 4776 sublimes
3432 4724 3561 4789 arti,

1946 4837 2011 4875 ex
2041 4820 2158 4888 ipso
2184 4816 2441 4872 caelorum
2475 4815 2677 4870 vertice
2699 4814 2956 4870 sublimes
2983 4813 3138 4869 nobis
3169 4826 3561 4883 apparuerunt.

1949 4909 2007 4964 Id
2034 4925 2165 4965 vero
2196 4906 2469 4978 quomodo
2496 4914 2552 4961 et
2586 4906 2728 4960 unde
2755 4905 2974 4961 evenit?
3005 4904 3143 4960 Audi
3172 4905 3398 4959 Paulum
3439 4921 3563 4960 nar-

1951 5012 2184 5058 rantem.
2223 5001 2419 5055 Beatus
2445 5000 2648 5071 quippe
2676 4999 2770 5054 ille
2803 5040 2818 5065 ,
2850 4998 2978 5053 dum
3026 4998 3142 5054 haec
3172 4998 3461 5069 diligenter
3495 5001 3566 5054 itt-

1953 5097 2211 5166 quireret,
2240 5109 2344 5147 non
2387 5093 2622 5148 cessavit
2666 5092 2842 5147 donec
2871 5107 3090 5146 causam
3135 5093 3432 5148 invenisset
3459 5135 3477 5160 ,
3508 5103 3565 5147 ttt

1955 5188 2205 5241 omnibus
2250 5186 2504 5256 aperiret.
2554 5187 2812 5254 Quianam
2849 5184 2934 5239 illa
2967 5194 3050 5240 est
3083 5228 3097 5252 ,
3149 5197 3203 5240 et
3238 5185 3378 5240 unde
3423 5195 3567 5240 tanta

1955 5282 2167 5336 accitas
2197 5280 2326 5350 ipsis
2357 5277 2698 5335 obvenerat?
2722 5278 2860 5331 Audi
2893 5278 3042 5331 illum
3071 5277 3157 5332 cui
3193 5277 3296 5332 hoc
3325 5279 3570 5333 ministe-

1958 5378 2096 5430 rium
2124 5376 2390 5430 creditum
2421 5375 2616 5429 fuerat.
2648 5373 2788 5442 Quid
2821 5388 2950 5444 ergo
2980 5374 3110 5428 dicit
3136 5417 3149 5439 ,
3185 5386 3240 5428 ut.
3271 5374 3557 5430 dubitatio.

1961 5485 2082 5524 nem
2126 5469 2418 5522 multorum
2454 5469 2628 5523 solvat
2657 5467 2680 5520 ?
2729 5465 3035 5538 Ignorantes
3055 5468 3318 5539 justitiam
3365 5467 3457 5521 Dei
3484 5511 3496 5530 ,
3529 5479 3574 5521 ct

1961 5571 2240 5631 querentes
2270 5561 2535 5629 propriam
2553 5559 2815 5630 justitiam
2842 5570 3084 5622 statuere,
3104 5550 3327 5629 justitiw
3360 5559 3451 5613 Dei
3474 5578 3577 5613 non

1963 5665 2079 5709 sunt
2098 5653 2309 5724 subjecti
2335 5653 2509 5723 (Ilum.
2530 5654 2613 5706 10.
2635 5653 2713 5722 5).
2738 5653 3028 5722 Propterea
3050 5669 3178 5724 ergo
3195 5653 3243 5706 id
3270 5653 3572 5724 passisuut.

1968 5749 2042 5801 Ac
2070 5763 2254 5800 rursus
2280 5746 2508 5814 itlipstun
2548 5745 2706 5798 aliter
2744 5747 3021 5814 explicans
3061 5744 3192 5797 divit
3229 5764 3240 5797 :
3293 5746 3428 5809 Quid
3461 5762 3577 5814 ergo

1968 5841 2187 5892 dicemus
2217 5839 2239 5897 1’
2275 5839 2423 5905 Quod
2467 5848 2637 5907 gentes
2666 5855 2780 5904 qmu
2802 5857 2901 5891 non
2930 5837 3254 5890 sectabantur
3276 5837 3534 5904 justitiam
3564 5873 3574 5888 .

1975 5931 2419 6002 upprelu'ntlrrunt
2453 5931 2708 6000 justitiam
2737 5947 2751 5983 :
2767 5930 3024 5999 justitiam
3066 5940 3233 5983 autem
3258 5946 3371 5998 qurc
3396 5946 3456 5983 ex
3483 5931 3585 5996 ﬁat:
