4064 6440
521 462 575 517 ﬂ
1228 453 1283 508 S.
1323 447 1600 507 JOANNIS
1625 443 2096 504 'CIIRYSOSTOSH

2205 445 2464 503 llClllEP.
2505 448 3037 510 CONSTANTINOP.
3749 464 3826 516 72

521 583 611 627 est.
638 571 802 628 Israel
822 586 935 624 vero
961 566 1196 622 sectanda
1208 566 1362 635 legem
1376 562 1611 634 justitite,
1641 561 1692 614 in
1717 561 1872 631 legem
1891 557 2108 630 justitia:

526 685 625 719 non
651 665 890 735 perreuit.
923 663 1014 713 Dic
1033 677 1133 729 qua
1163 659 1225 712 de
1246 658 1444 712 causa?
1473 655 1604 724 Quia
1623 672 1722 709 non
1751 670 1812 708 ea:
1841 652 1943 722 fide
1971 667 1987 704 :
2013 653 2106 703 im-

523 769 761 827 pegeram
791 754 921 806 enim
949 753 999 805 in
1028 750 1249 819 lapidem
1282 747 1573 815 o/fcnsiouis
1601 745 1772 818 (Rom.
1806 745 1858 801 9.
1889 741 2103 810 30-32);

529 850 630 902 hoc
680 859 784 913 est,
828 843 1171 900 incredulitas
1195 843 1297 896 illis
1322 855 1478 895 causa
1513 841 1771 894 malorum
1802 839 1896 891 fuit
1927 855 1940 892 :
1971 837 2106 890 hanc

524 956 652 994 vero
680 941 887 1007 peperit
927 936 1252 1006 arrogantia.
1297 933 1428 1000 Quia
1453 933 1594 985 enim
1621 940 1775 985 antea
1811 931 2098 1000 plusquam

521 1032 746 1100 gentiles
775 1029 1030 1084 habentes
1061 1069 1076 1092 ,
1108 1028 1249 1096 quod
1299 1040 1489 1093 nempe
1527 1025 1696 1092 legem
1725 1023 2052 1091 accepissent
2087 1064 2099 1084 ,

526 1124 689 1178 Deum
729 1129 950 1176 nossent
980 1163 996 1188 ,
1027 1131 1080 1174 et
1110 1119 1212 1172 alia
1255 1134 1371 1187 qum
1414 1115 1606 1170 Paulus
1640 1124 1899 1196 memorat
1934 1155 1948 1177 ,
1983 1123 2102 1182 post

520 1215 718 1271 Christi
749 1213 1034 1268 adventum
1081 1210 1308 1280 gentiles
1358 1207 1597 1261 viderunt
1647 1222 1742 1276 per
1777 1205 1934 1260 fidem
1978 1219 2101 1257 eum

523 1314 636 1378 part
665 1321 846 1360 secum
875 1303 1079 1359 honore
1106 1309 1322 1355 vocatos
1351 1340 1367 1365 ,
1398 1314 1461 1353 ac
1487 1309 1605 1368 post
1633 1297 1789 1353 lldem
1818 1294 1949 1350 nihil
1986 1296 2102 1364 plus

525 1399 723 1454 habere
750 1412 872 1452 eum
915 1396 1004 1465 qui
1034 1409 1096 1449 ex
1130 1391 1540 1448 circumcisione
1566 1399 1710 1445 esset
1742 1431 1758 1455 ,
1788 1403 1945 1459 quam
1977 1403 2100 1442 eum

520 1493 609 1561 qni
631 1506 693 1546 ex
717 1489 965 1560 gentibus
989 1488 1303 1542 accessisset
1338 1503 1351 1540 :
1386 1500 1452 1539 ex
1477 1483 1722 1553 superbia
1768 1483 1819 1536 in
1848 1480 2099 1536 invidiam

517 1583 720 1652 delapsi
749 1589 872 1635 sunt
901 1621 914 1642 .
945 1593 1107 1649 atque
1154 1577 1474 1633 ineli‘abilem
1509 1577 1650 1629 illam
1680 1575 2101 1642 immensamque

523 1677 729 1731 Domini
757 1673 1134 1742 benignitatem
1166 1686 1270 1724 non
1303 1670 1536 1724 tulerunt
1562 1667 1734 1737 :quod
1759 1683 1861 1720 non
1888 1665 2102 1721 aliunde

521 1767 798 1838 processit,
830 1779 987 1834 quam
1017 1777 1080 1816 ex
1111 1763 1438 1831 arrogantia,
1469 1758 1702 1828 nequitia
1728 1767 1783 1813 et
1811 1758 1957 1812 odio.

584 1859 640 1913 ἓ.
666 1857 799 1927 Quid
829 1857 994 1921 enim,
1024 1858 1261 1909 omnium
1291 1853 1629 1913 stultissimi,
1661 1851 1748 1905 illa
1781 1851 1830 1903 iu
1858 1850 1993 1904 alios
2019 1849 2098 1902 ef‘

514 1955 627 2008 t‘usa
657 1949 983 2018 providentia
1010 1947 1161 2002 vobis
1189 1945 1366 2000 damni
1387 1941 1578 1997 ali‘ert?
1609 1957 1730 1995 tnnn
1756 1941 1893 1995 bona
1923 1949 2099 1993 vestra

517 2059 580 2095 ex
639 2042 865 2095 aliorum
918 2037 1190 2093 consortio
1251 2031 1672 2088 minuebantur?
1719 2030 1913 2086 Verum
1960 2045 2098 2083 eatea

515 2131 754 2200 profecto
799 2129 996 2183 malitia
1027 2137 1109 2182 est
1135 2169 1148 2192 ,
1174 2143 1292 2196 qua:
1318 2124 1443 2195 quid
1473 2124 1658 2179 deccat
1687 2123 1964 2193 percipere
2006 2136 2098 2174 ne-

514 2223 647 2292 quit.
682 2220 983 2276 Exulcerati
1008 2233 1138 2288 ergo
1162 2220 1302 2288 quod
1333 2218 1382 2270 in
1411 2215 1596 2270 eadem
1614 2215 1856 2270 libertate
1879 2228 2098 2269 consor-

525 2326 608 2370 tes
641 2314 916 2378 haberent,
947 2313 998 2365 in
1030 2326 1086 2366 se
1110 2311 1342 2381 gladium
1378 2309 1702 2380 itnpuleruut
1727 2349 1740 2372 ,
1777 2322 1941 2375 seque
1969 2322 1997 2358 a
2030 2304 2102 2358 (ii-

520 2411 640 2464 vina
668 2409 991 2479 benignitate
1018 2406 1289 2474 ejecernut
1313 2421 1326 2470 ;
1353 2413 1408 2457 et
1433 2402 1553 2471 jure
1581 2401 1814 2471 quidem.
1841 2399 1971 2454 Nam
2004 2400 2098 2452 ait:

516 2501 690 2554 Amice
715 2541 730 2565 ,
757 2515 857 2552 non
885 2497 1021 2570 facio
1048 2495 1133 2549 tibi
1161 2495 1404 2564 injuriam
1431 2509 1448 2545 :
1473 2493 1585 2545 uolo
1609 2501 1777 2545 autent
1803 2501 1850 2544 et
1873 2489 1950 2542 his
1979 2489 2103 2541 dare

512 2592 643 2644 sicut
671 2599 717 2643 et
747 2589 832 2642 tibi
856 2593 872 2658 (
899 2586 1087 2640 Matth.
1117 2584 1209 2640 20.
1241 2585 1327 2638 15.
1360 2582 1488 2654 14).
1522 2582 1632 2635 Ιιιιο
1656 2597 1721 2635 ne
1742 2579 1958 2650 quidem
2001 2578 2100 2632 hac

513 2681 862 2752 responsione
883 2678 1025 2748 digni
1052 2685 1195 2731 sunt.
1223 2674 1320 2729 llle
1341 2688 1570 2744 namque
1591 2673 1687 2728 etsi
1708 2686 1848 2742 aegre
1873 2667 2098 2735 ferebat,

517 2783 724 2845 poterat
755 2784 931 2826 tamen
957 2769 1063 2824 diei
1093 2769 1256 2823 totius
1278 2768 1488 2821 labores
1522 2808 1535 2832 ,
1563 2780 1830 2819 asrumnas
1866 2806 1881 2829 ,
1909 2773 2097 2817 a-stum

521 2878 568 2924 et
611 2866 860 2921 sudorem
912 2863 1195 2934 proferre:
1229 2861 1280 2914 hi
1313 2874 1440 2914 vero
1467 2857 1589 2929 quid
1633 2859 1810 2912 dicere
1848 2855 2101 2926 possint?

517 2958 655 3013 Nihil
679 2957 892 3027 quidem
923 2956 1066 3019 tale;
1101 2955 1193 3007 sed
1223 2951 1480 3006 desidiam
1508 2993 1520 3010 ,
1553 2949 2012 3024 lntetnperantiam
2045 2957 2099 3002 ct

509 3049 654 3104 .nille
674 3050 792 3104 vitia
824 3089 838 3112 ,
875 3062 994 3116 quae
1013 3045 1283 3114 prophetae
1304 3056 1491 3096 omnes
1519 3043 1821 3096 incuSantes
1850 3041 1951 3093 illis
1975 3055 2098 3111 per-

513 3149 676 3208 petuo
698 3140 1024 3210 ohjiciehant
1054 3155 1068 3191 :
1105 3151 1198 3205 per
1240 3150 1359 3204 quae
1405 3134 1528 3186 vitia
1576 3133 1649 3185 illi
1684 3131 1904 3200 perinde
1935 3139 2096 3199 atque

510 3230 734 3298 gentiles
768 3232 932 3285 Deum
955 3229 1312 3283 olIetnlerent.
1344 3224 1395 3277 Id
1427 3225 1566 3295 quod
1599 3223 1883 3278 declarans
1902 3223 2098 3276 Paulus

512 3325 722 3379 dicebat
753 3341 766 3375 :
801 3320 922 3374 Non
948 3319 1081 3373 enim
1117 3328 1188 3371 est
1218 3316 1474 3370 distinctio
1499 3314 1667 3370 Judtni
1696 3325 1854 3382 atque
1877 3312 2048 3369 Graeci
2081 3332 2095 3366 :

511 3433 682 3470 inuita:
706 3416 834 3468 enim
862 3420 1186 3483 peccauerunt
1213 3451 1226 3470 ,
1260 3421 1304 3463 et
1332 3417 1474 3479 egent
1499 3408 1663 3479 gloria
1694 3405 1802 3460 Dei.
1821 3407 2095 3476 justiﬁcati

512 3511 669 3576 gratis
715 3523 802 3576 per
832 3503 1048 3576 gratiam
1077 3502 1237 3572 ipsius
1283 3500 1456 3570 (llam.
1489 3499 1542 3553 5.
1574 3497 1645 3551 22
1674 3497 1792 3566 21).
1829 3497 1938 3551 Hoc
1964 3511 2094 3550 vero

513 3609 669 3668 caput
701 3606 864 3650 totum
899 3595 1096 3649 utiliter
1117 3602 1172 3647 et
1197 3591 1481 3646 admodum
1513 3589 1800 3660 prudenter
1827 3590 1877 3642 in
1898 3589 2097 3659 episto-

515 3693 563 3745 la
593 3689 676 3744 illa
709 3693 1016 3758 pertractat.
1051 3683 1310 3754 Superius
1354 3690 1531 3737 autem
1581 3681 1699 3734 illos
1749 3680 1935 3749 majori
1967 3695 2093 3749 sup-

517 3780 671 3850 plicio
695 3779 884 3849 dignus
911 3775 1144 3830 ostendit
1177 3793 1190 3826 :
1223 3774 1531 3842 Quicumque
1552 3776 1684 3826 enim
1710 3772 1761 3825 in
1784 3773 1892 3842 lege
1914 3787 2093 3840 pecca-

515 3879 704 3933 verunt,
745 3886 830 3938 per
873 3870 1030 3938 legem
1045 3864 1414 3935 judicabuutur
1441 3862 1613 3933 (Rom.
1638 3862 1692 3917 2.
1726 3861 1812 3932 1‘2)
1844 3879 1857 3916 :
1888 3861 1938 3916 id
1968 3871 2047 3917 est
2076 3903 2091 3930 ,

510 3963 758 4032 gravius;
785 3962 904 4030 quia
937 3968 1135 4030 prarter
1183 3969 1427 4012 naturam
1477 3957 1648 4026 legem
1681 3971 1895 4026 quoque
1927 3971 2090 4011 accu-

510 4068 722 4112 santem
754 4053 1038 4107 habebunt.
1063 4049 1243 4120 Neque
1270 4049 1392 4103 hinc
1419 4057 1644 4110 tantum,
1673 4049 1766 4103 sed
1794 4057 1848 4102 et
1873 4047 2015 4119 quod
2037 4048 2091 4103 in

518 4164 679 4202 causa
710 4143 904 4199 fuerint
933 4158 1027 4196 cur
1045 4153 1231 4211 gentes
1265 4142 1430 4194 Deum
1464 4141 1896 4211 hlaspltemarent
1927 4159 1937 4192 :
1973 4140 2087 4194 No-

517 4252 630 4290 neu
669 4238 797 4290 enim
821 4251 1005 4294 meum,
1039 4232 1208 4300 inquit
1231 4271 1243 4291 .
1270 4248 1355 4298 per
1382 4248 1466 4284 eos
1493 4203 1869 4302 bldspltematur
1888 4233 1939 4284 in
1968 4249 2093 4301 geu-

511 4325 641 4376 tibus
663 4319 819 4389 (lsai.
850 4317 940 4371 59..
971 4318 1024 4370 5.
1060 4315 1208 4368 Rom.
1236 4314 1420 4382 2.2l).
1449 4316 1581 4367 llum
1615 4315 1773 4384 igitur
1798 4315 1901 4369 hoc
1927 4316 2094 4369 maxi-

513 4429 598 4467 me
638 4408 907 4465 morderet
939 4406 1101 4468 illos;
1143 4405 1339 4460 etenim
1380 4405 1720 4460 credentibus
1750 4423 1979 4477 .quoque
2021 4423 2092 4463 ex

513 4499 914 4557 circumcisione
942 4511 1028 4550 res
1050 4495 1308 4566 stupenda
1335 4495 1608 4550 videbatur
1641 4512 1759 4551 esse
1785 4516 1799 4562 ;
1831 4501 2094 4568 quamob-

515 4608 628 4648 rem
684 4590 892 4644 l'etrum
941 4586 1252 4640 incusabant
1283 4585 1526 4641 Cmsarea
1555 4588 1622 4642 ad
1652 4602 1711 4642 se
1737 4590 2045 4646 redeuntem
2072 4633 2088 4658 ,

510 4687 648 4754 quod
680 4683 744 4738 ad
774 4683 915 4736 viros
958 4680 1274 4750 prreputium
1328 4679 1582 4736 habentes
1624 4682 1894 4752 ingressus
1919 4697 2084 4750 esset,

516 4787 570 4831 et
606 4793 725 4830 cum
773 4774 879 4828 illis
923 4772 1285 4826 comedisset:
1317 4783 1370 4824 et
1398 4782 1675 4841 postquam
1730 4775 1818 4829 Dei
1870 4794 2089 4831 u-Cono-

520 4867 678 4920 miant
726 4863 1148 4926 intellexerant,
1191 4862 1364 4915 adhuc
1410 4865 1743 4920 mirabantur
1781 4884 1887 4936 quo
1937 4880 2092 4938 pacto

514 4960 710 5012 donum
733 4955 897 5010 Sancti
921 4954 1148 5022 Spiritus
1180 4953 1228 5006 in
1252 4963 1439 5022 gentes
1455 4953 1676 5010 eli'usum
1695 4967 1840 5012 esset
1863 4976 1961 5025 ;ex
1984 4971 2094 5016 stu-

518 5067 644 5122 pore
660 5048 1016 5120 significantes
1034 5062 1091 5101 se
1112 5062 1394 5117 numquam
1414 5063 1526 5103 rem
1542 5057 1646 5103 tam
1672 5053 1992 5119 inopinatam
2012 5072 2095 5110 ex-

517 5141 991 5214 spectavisseQuia
1007 5156 1132 5208 ergo
1145 5141 1343 5195 sciebat
1357 5141 1474 5196 illos
1494 5142 1593 5197 hoc
1609 5145 1940 5212 potissimum
1955 5166 2095 5218 a-grc

519 5238 679 5301 ferre,
701 5236 829 5288 nihil
859 5250 961 5287 non
993 5232 1101 5303 agit
1127 5242 1178 5285 ut
1204 5247 1388 5287 eorum
1424 5243 1685 5289 tumorem
1708 5235 2012 5306 deprimat,
2044 5251 2096 5295 et

520 5344 569 5384 ιιι
590 5327 824 5395 δοκιιιιιὶιι
853 5325 1060 5379 inflatos
1076 5324 1308 5393 dejiciat.
1335 5325 1403 5379 Et
1431 5326 1554 5381 vide
1575 5329 1844 5397 quomodo
1873 5331 1922 5384 id
1953 5342 2093 5400 agat.

588 5417 761 5473 Jutlci
783 5427 1057 5484 carpuntur
1085 5433 1116 5468 a
1152 5415 1315 5470 Paulo
1355 5419 1574 5472 "mxima
1601 5420 1661 5474 ob
1689 5437 1833 5475 suam
1855 5439 2098 5495 arrogan-

521 5517 660 5568 tium.
694 5511 942 5580 Superbia
969 5526 1139 5562 omnes
1169 5511 1368 5563 virtutes
1401 5511 1567 5564 reddit
1596 5513 1815 5566 inutiles.
1850 5545 1919 5554 --
1948 5517 2099 5572 Ροςι-

518 5620 675 5673 quam
701 5602 769 5656 de
797 5600 1085 5672 gentilibus
1111 5600 1474 5667 disputaverat
1494 5642 1508 5666 ,
1533 5603 1945 5674 ostendi-ratque
1979 5608 2095 5663 illos

521 5697 713 5748 nullam
748 5709 959 5763 prorsus
989 5691 1352 5746 defensionem
1378 5691 1592 5756 habere,
1621 5696 1926 5766 nullamque
1946 5715 2093 5769 spem

524 5789 707 5842 salutis
735 5826 751 5848 ,
801 5788 1099 5855 acriterque
1131 5788 1244 5839 illos
1289 5785 1625 5842 incusaverat
1651 5790 1717 5844 dc
1746 5797 2092 5859 perversitate

525 5877 776 5933 doctrina:
811 5875 986 5946 deque
1022 5881 1139 5931 vita:
1171 5875 1468 5946 impurilalc
1487 5895 1504 5942 ;
1552 5876 1614 5932 ad
1642 5878 1856 5938 .lu,l.cos
1889 5901 2088 5944 sermo.

2222 575 2342 614 nem
2377 563 2628 618 transfert
2657 579 2672 627 ;
2717 580 2780 621 ac
2810 567 3094 623 recensitis
3140 571 3205 624 iis
3247 572 3502 628 omnibus
3531 590 3655 643 qua:
3689 592 3823 644 pro-

2220 649 2377 718 pheta
2405 652 2473 709 de
2499 653 2605 709 illis
2630 654 2840 711 dixerat
2863 699 2879 724 ,
2911 659 3052 728 quod
3079 662 3296 716 scelesti
3325 672 3506 717 essent
3535 706 3550 728 ,
3581 666 3760 721 dolosi
3799 709 3816 730 ,

2215 744 2392 800 callidi
2423 787 2438 811 ,
2472 746 2612 816 quod
2639 761 2827 804 omnes
2869 750 3088 806 inutiles
3127 751 3246 807 facti
3279 795 3294 819 ,
3341 769 3405 809 ac
3450 756 3628 810 nullus
3658 759 3710 812 in
3742 760 3820 814 iis

2213 845 2357 890 esset
2384 837 2472 905 qui
2505 837 2668 892 Deum
2698 841 3013 910 requireret,
3047 843 3140 898 sed
3174 859 3366 901 omnes
3387 846 3758 905 declinassent
3793 894 3808 909 .

2213 935 2267 979 et
2290 928 2480 982 similia
2514 969 2529 992 ,
2557 930 2793 984 subdidit
2825 949 2836 984 :
2863 931 3066 988 Scimus
3094 945 3262 989 autem
3282 939 3520 1005 quoniam
3540 955 3806 1008 quacum-

2209 1035 2305 1088 que
2325 1019 2407 1074 lea:
2435 1020 2656 1090 loquitur
2683 1064 2697 1085 ,
2723 1022 2786 1077 iis
2815 1026 2900 1093 qui
2923 1026 2974 1078 in
3000 1027 3110 1098 lege
3130 1041 3249 1082 sunt
3276 1031 3502 1098 loquitur
3528 1046 3550 1096 ;
3578 1043 3634 1085 ut
3659 1045 3806 1086 omne

2210 1126 2264 1163 os
2285 1112 2594 1180 obstruetur,
2623 1125 2670 1167 et
2694 1116 2921 1169 sttbditus
2948 1119 3039 1186 fiat
3067 1121 3227 1175 omnis
3258 1123 3476 1178 mundus
3498 1122 3629 1177 Deo.
3676 1120 3801 1174 0m-

2215 1220 2302 1257 urs
2323 1205 2452 1257 enim
2473 1217 2823 1276 peccaverunt,
2848 1218 2896 1263 et
2924 1224 3066 1281 egent
3092 1212 3256 1281 gloria
3289 1212 3386 1268 Dei
3407 1215 3426 1283 (
3453 1215 3601 1270 Rom.
3623 1213 3675 1267 3.
3706 1215 3802 1269 18.

2212 1305 2258 1348 et
2283 1295 2399 1365 25).
2432 1296 2568 1362 Quid
2589 1312 2718 1368 ergo
2750 1308 2800 1354 te
2827 1299 3010 1365 eﬂ'ers,
3042 1301 3228 1359 Judaie
3249 1304 3272 1357 ζ’
3297 1321 3394 1359 cur
3413 1306 3574 1359 altum
3605 1305 3750 1372 sapis
3775 1305 3801 1359 ἲ

2211 1387 2341 1441 Nam
2370 1404 2431 1442 os
2464 1404 2678 1460 quoque
2705 1401 2852 1445 tuum
2875 1393 3210 1449 obstructum
3247 1405 3329 1450 est
3349 1438 3364 1461 ,
3394 1407 3449 1451 et
3478 1393 3801 1451 Conﬁdentia

2209 1489 2295 1534 tua
2346 1481 2552 1538 sublata
2583 1525 2598 1547 ,
2648 1499 2709 1539 ac
2749 1500 2870 1539 cum
2917 1487 3168 1541 universo
3200 1487 3398 1544 nmndo
3429 1498 3482 1544 tu
3518 1486 3693 1543 factus
3737 1503 3802 1543 es

2207 1571 2452 1626 subditus
2485 1613 2500 1638 ,
2533 1583 2590 1627 et
2629 1575 2852 1644 perinde
2888 1586 3046 1647 atque
3081 1577 3168 1632 alii
3196 1593 3331 1648 opus
3359 1579 3518 1634 habes
3545 1589 3604 1632 ut
3628 1579 3800 1650 gratis

2202 1663 2532 1731 justificeris.
2560 1663 2853 1735 Oportebat
2893 1679 3041 1722 certe
3086 1670 3297 1725 etiamsi
3326 1671 3486 1741 probe
3517 1671 3747 1726 vixisse:
3780 1714 3795 1734 .

2207 1767 2260 1810 et
2289 1757 2533 1811 fiduciam
2585 1759 2805 1813 multam
2835 1761 2976 1829 apud
3027 1761 3194 1817 Deum
3227 1763 3519 1828 habuisses,
3551 1764 3659 1818 illis
3689 1779 3798 1819 non

2208 1847 2446 1903 invidere
2469 1889 2482 1912 ,
2507 1850 2594 1918 qui
2629 1865 2723 1919 per
2753 1850 3136 1922 benignitatem
3169 1855 3258 1909 Dei
3287 1854 3710 1910 misericordiam
3742 1866 3799 1910 et

2205 1940 2430 1994 salutem
2458 1943 2839 2008 consequuturi
2876 1954 3050 1996 erant.
3081 1943 3212 1998 Nam
3250 1953 3507 1999 extremae
3542 1947 3796 2016 nequitia-.-

2206 2040 2288 2086 est
2313 2072 2326 2096 ,
2375 2031 2600 2085 aliorum
2637 2033 2778 2086 bona
2809 2035 2991 2103 inique
3021 2036 3160 2091 ferre
3194 2079 3207 2099 ,
3252 2052 3372 2090 cum
3418 2038 3651 2093 maxime
3679 2039 3800 2093 sine

2207 2123 2317 2176 ullo
2341 2135 2432 2176 tuo
2457 2124 2781 2179 detrimento
2808 2125 2858 2178 id
2899 2127 3131 2179 futurum
3171 2136 3272 2181 est.
3313 2126 3368 2182 Si
3399 2129 3542 2182 enim
3569 2128 3797 2183 aliorum

2206 2216 2346 2269 salus
2380 2217 2513 2270 bona
2548 2226 2632 2269 tua
2683 2218 3082 2285 pessumdaret,
3121 2219 3243 2287 jure
3269 2219 3572 2285 tloluisses;
3599 2221 3796 2275 etiam-

2205 2309 2248 2360 si
2288 2307 2338 2361 id
2372 2324 2474 2360 non
2506 2308 2727 2363 accedat
2763 2310 2824 2362 iis
2854 2310 2943 2379 qui
2979 2311 3338 2380 philosOphari
3387 2311 3711 2367 didicerunt.
3741 2312 3799 2369 Si

2205 2409 2382 2451 autem
2410 2398 2628 2451 alterius
2647 2399 2962 2468 supplicium
2993 2401 3294 2456 mercedem
3322 2413 3465 2456 tuam
3490 2418 3596 2458 non
3618 2414 3799 2474 auget.

2207 2507 2378 2560 neque
2408 2490 2548 2544 illius
2580 2491 2805 2546 felicitas
2837 2493 3004 2561 ipsam
3038 2494 3248 2559 minuit,
3280 2511 3375 2550 cur
3401 2507 3453 2549 tu
3476 2496 3630 2552 doles
3657 2497 3800 2567 quod

2205 2583 2340 2635 alius
2385 2583 2550 2652 gratis
2602 2582 2775 2637 salute
2829 2583 3110 2639 donetur?
3157 2586 3457 2654 Oportebat
3511 2587 3712 2658 igitur,
3744 2600 3803 2642 ut

2213 2675 2346 2739 dixi,
2380 2676 2586 2729 etiamsi
2610 2687 2659 2730 te
2687 2677 2853 2746 probe
2891 2679 3148 2746 gesdsses
3167 2719 3182 2742 ,
3211 2694 3318 2733 non
3347 2680 3581 2736 morderi
3615 2681 3685 2736 de
3713 2695 3802 2735 sa-

2208 2768 2314 2823 lute
2359 2770 2411 2824 in
2443 2779 2628 2838 gentes
2669 2769 2836 2825 effusa
2866 2790 2876 2820 :
2909 2786 3030 2825 cum
3079 2782 3258 2825 autem
3305 2772 3492 2849 iisdem
3533 2773 3802 2829 obnoxius

2207 2863 2436 2929 petentis
2462 2863 2537 2916 sis
2561 2904 2575 2928 ,
2612 2863 3002 2932 Dominumquc
3030 2862 3321 2918 olfenderis
3355 2905 3369 2929 ,
3405 2865 3631 2919 aliorum
3655 2864 3800 2920 bona

2204 2969 2345 3024 :rgre
2378 2955 2507 3017 fers,
2535 2965 2588 3008 et
2620 2955 2784 3008 altum
2817 2956 2960 3024 sapis
2987 2997 3000 3018 ,
3027 2959 3178 3025 quasi
3206 2957 3354 3010 solm
3383 2956 3584 3012 debeas
3607 2957 3801 3028 gratiae

2203 3060 2425 3099 consors
2448 3061 2591 3110 esse,
2624 3061 2728 3100 non
2757 3047 2967 3101 invidia:
2992 3049 3168 3102 solum
3211 3060 3266 3102 et
3295 3049 3618 3120 arrogantia:
3650 3092 3666 3117 ,
3699 3051 3798 3107 se.l

2204 3137 2366 3190 etiam
2422 3146 2583 3189 tantae
2625 3136 2909 3192 dementiae
2957 3152 3118 3192 causa
3177 3139 3416 3193 omnium
3460 3141 3800 3209 gravissimis

2203 3227 2394 3296 dignus
2437 3227 2601 3281 fueris
2645 3228 2963 3298 suppliciis:
2994 3231 3233 3284 onmimn
3284 3230 3481 3300 quippe
3529 3231 3799 3287 malorum

2205 3319 2441 3373 radicem
2491 3317 2800 3386 superbiam
2853 3321 2903 3374 in
2950 3328 3004 3376 te
3055 3321 3352 3379 inseruisti.
3401 3322 3527 3378 Ideo
3579 3325 3800 3394 sapiem

2200 3409 2462 3478 quiSpiam
2492 3409 2702 3464 dicebat
2725 3427 2738 3440 ο
2767 3409 3087 3482 Principium
3118 3413 3310 3483 peccati
3333 3414 3572 3482 superbia
3599 3412 3794 3485 (Eccli.

2202 3499 2288 3553 10.
2321 3500 2411 3568 15)
2444 3517 2458 3562 ;
2495 3499 2596 3554 hoc
2619 3509 2704 3557 est
2737 3544 2752 3568 ,
2783 3503 2934 3556 radix
2969 3543 2986 3569 ,
3019 3501 3138 3556 fons
3171 3544 3186 3565 ,
3215 3515 3407 3559 mater.
3434 3501 3522 3558 Sic
3551 3520 3648 3574 per
3676 3521 3797 3560 eam

2202 3592 2404 3661 primus
2429 3594 2589 3645 homo
2612 3610 2640 3644 a
2676 3593 2833 3647 beato
2857 3594 2949 3648 illo
2974 3604 3114 3650 statu
3145 3594 3387 3665 dejectus
3417 3603 3536 3655 est;
3568 3597 3647 3651 sic
3673 3596 3795 3650 dia-

2202 3685 2354 3738 bolus
2385 3686 2473 3755 qui
2498 3687 2644 3740 illum
2674 3685 2910 3755 decepit,
2941 3685 3011 3740 ab
3039 3685 3125 3740 illa
3156 3686 3433 3756 dignitatis
3462 3687 3798 3742 sublimitate

2201 3775 2418 3830 excidit.
2448 3778 2624 3840 Quare
2645 3790 2768 3830 cum
2797 3787 2972 3830 nosset
3004 3776 3265 3830 scelestus
3293 3776 3382 3832 ille
3409 3775 3565 3847 hujus
3587 3778 3794 3848 peccati

2207 3879 2446 3922 naturam
2479 3883 2633 3938 posse
2655 3884 2717 3923 ex
2741 3869 2871 3938 ipsis
2900 3868 3046 3922 curiis
3075 3867 3328 3938 dejicere.
3359 3868 3496 3924 hanc
3519 3869 3798 3940 ingressus

2200 3964 2336 4016 viam
2368 3971 2468 4023 est.
2503 3978 2624 4016 cum
2654 3963 2914 4016 Adamum
2961 3976 3027 4016 ex
3058 3972 3205 4016 tanto
3252 3962 3456 4018 honore
3503 3962 3797 4019 deturbare

2200 4056 2428 4109 curavit.
2456 4053 2589 4108 Cum
2635 4055 2779 4108 enim
2825 4054 2971 4108 illum
3025 4069 3120 4122 spe
3165 4055 3488 4124 arqttalitatis
3529 4071 3653 4111 cum
3685 4056 3796 4112 Deo

2201 4143 2561 4214 adipiscendze
2591 4143 2832 4197 inflatum
2865 4144 3187 4198 reddidisset
3217 4186 3231 4206 ,
3262 4146 3340 4199 sic
3380 4145 3528 4198 illum
3573 4146 3790 4214 dejecit,

2198 4245 2251 4289 et
2279 4237 2330 4289 in
2354 4234 2669 4303 profundum
2702 4234 2893 4289 inferni
2924 4235 3294 4305 praecipitavit.
3325 4235 3465 4290 Nihil
3494 4236 3636 4292 enim
3664 4239 3733 4292 ita
3763 4257 3791 4292 a

2202 4327 2291 4380 Dei
2318 4325 2649 4394 benignitate
2683 4325 2877 4380 avertit
2908 4367 2924 4391 ,
2977 4334 3030 4378 et
3059 4324 3318 4394 gehennaa
3348 4327 3484 4397 ignis
3527 4329 3795 4397 supplicio

2202 4417 2381 4482 tradit,
2415 4425 2471 4470 ut
2492 4417 2757 4485 superbia:
2783 4418 3046 4488 tyrannis.
3077 4417 3188 4472 Hac
3214 4433 3312 4473 nos
3338 4433 3655 4491 occupante,
3689 4435 3797 4480 tota

2212 4510 2318 4564 vita
2347 4520 2528 4564 nostra
2553 4511 2760 4578 impura
2795 4509 3044 4576 efficitur,
3069 4511 3276 4566 etiamsi
3306 4512 3605 4569 castitatem
3635 4557 3650 4582 ,
3682 4517 3792 4572 vir-

2201 4601 2478 4671 ginitatem
2504 4639 2517 4662 ,
2549 4599 2812 4669 jejunium
2838 4639 2852 4662 .
2905 4601 3271 4670 precationem
3293 4643 3308 4665 ,
3343 4603 3741 4676 eleemosynatn
3778 4652 3794 4675 ,

2200 4701 2531 4760 eceterasque
2564 4692 2788 4745 virtutes
2817 4706 3167 4746 exerceamus
3216 4691 3524 4750 lmmundus
3551 4737 3567 4761 ,
3601 4699 3795 4768 inquit,

2205 4783 2346 4853 apud
2371 4781 2644 4836 Dominum
2672 4784 2834 4837 omnis
2870 4783 3115 4853 superbus
3143 4785 3160 4853 (
3190 4784 3348 4839 Prov.
3383 4788 3472 4841 16.
3508 4789 3540 4843 6
3568 4788 3605 4859 ).
3643 4789 3798 4846 llum:

2199 4889 2326 4945 ergo
2350 4875 2513 4928 animi
2540 4883 2802 4929 tumorem
2833 4876 3253 4943 comprimamns
3287 4893 3301 4942 ;
3331 4876 3474 4954 hunc
3502 4880 3697 4934 fastum
3730 4883 3800 4936 de

2202 4967 2380 5021 medio
2410 4967 2656 5020 tollamus
2685 5010 2698 5031 ,
2731 4968 2773 5020 si
2819 4968 3000 5020 mumli
3053 4967 3281 5021 velimus
3305 4984 3424 5023 esse
3446 5011 3462 5033 ,
3509 4981 3564 5025 et
3605 4972 3675 5026 ab
3707 4988 3794 5033 eo,

2203 5059 2344 5130 quod
2385 5060 2599 5114 diabolo
2628 5069 2868 5129 paratum
2896 5070 2980 5115 est
3013 5102 3027 5122 ,
3069 5061 3332 5131 supplicio
3380 5062 3616 5119 liberari.
3656 5065 3793 5121 Nam

2201 5154 2339 5222 quod
2371 5167 2627 5220 arrogans
2653 5152 2844 5206 eodem
2875 5169 2980 5221 quo
3015 5152 3262 5207 diabolus
3291 5155 3362 5209 sit
3391 5156 3655 5226 supplicio
3689 5173 3782 5228 pu-

2202 5244 2447 5309 niendus,
2479 5245 2599 5298 audi
2629 5243 2846 5298 Paulum
2871 5244 3138 5299 dicentem
3173 5265 3186 5300 :
3218 5245 3340 5300 Non
3369 5251 3702 5320 neapliytum,
3732 5267 3796 5303 uc

2200 5337 2251 5390 iu
2273 5337 2562 5405 superbiam
2589 5338 2748 5389 elatus
2772 5377 2786 5394 .
2818 5337 3138 5403 iujudicium
3162 5338 3351 5392 incidat
3381 5341 3509 5394 etin
3541 5341 3794 5410 laquetnn

2204 5428 2434 5498 diaboli(
2465 5429 2516 5482 ι.
2554 5428 2684 5482 Τὶηι.
2717 5430 2770 5484 3.
2797 5429 2828 5483 s
2859 5432 2898 5499 ).
2932 5428 3073 5498 Quid
3104 5439 3182 5484 est
3207 5416 3518 5500 judicium?
3563 5433 3616 5487 ln
3647 5449 3793 5488 eam-

2203 5519 2346 5583 dem,
2365 5519 2554 5588 inquit,
2586 5520 3004 5579 damnationem.
3032 5523 3083 5574 in
3109 5519 3248 5576 idem
3275 5522 3611 5591 supplicium.
3643 5525 3791 5591 Quo-

2205 5611 2362 5664 modo
2393 5611 2553 5680 igitur
2592 5609 2692 5665 hoc
2714 5611 2911 5664 malum
2943 5611 3198 5681 effugeris
3225 5613 3248 5665 ?
3276 5612 3331 5666 Si
3365 5623 3540 5668 tecum
3569 5626 3788 5685 reputes

2208 5715 2449 5758 naturam
2479 5715 2643 5766 tuam,
2673 5705 2716 5757 si
2745 5714 3086 5773 peccatorum
3118 5704 3511 5759 multitudinem
3547 5747 3562 5769 ,
3591 5707 3636 5758 si
3670 5724 3752 5760 ma
3773 5740 3786 5748 -

2204 5795 2534 5865 gnitudincm
2579 5797 2951 5853 crnciatunm:
2987 5797 3029 5850 si
3080 5796 3397 5866 cogitaveris
3442 5813 3598 5868 quam
3648 5800 3789 5854 llus:

2205 5894 2310 5946 sint
2337 5905 2401 5946 ea
2431 5905 2549 5961 qua:
2580 5890 2633 5946 in
2663 5891 2763 5946 hoc
2792 5889 2993 5946 mundo
3042 5890 3320 5964 splendida
3350 5890 3600 5949 videntur
3620 5904 3740 5945 esse
3776 5935 3794 5962 ,
