4064 6450
226 483 298 560 1-"
1335 480 1399 535 IN
1442 471 1753 533 JOANNEM
1797 469 1861 526 ιι(

1980 471 2026 524 .’..
2071 470 2138 525 Χ.
2181 471 2255 528 al.
2299 472 2394 530 IX.
3485 477 3545 532 τι

221 632 449 688 ﬂuatque
501 610 710 667 facilius
755 610 1113 664 marcescunt,
1157 608 1321 667 quam
1345 593 1495 647 verni
1529 590 1713 645 ﬂores.
1771 587 1827 640 Si

224 712 323 764 bas
364 682 673 773 lrequenter
703 698 1058 769 cogitationes
1089 691 1270 746 animo
1298 699 1583 743 versemus
1602 725 1616 747 ,
1644 682 1687 736 si
1719 696 1827 736 me.

223 802 394 856 moria
445 805 752 866 repetanms
780 806 876 846 eos
906 788 997 859 qui
1043 787 1094 840 in
1136 783 1334 838 virtute
1366 779 1599 835 maxime
1626 775 1828 830 ﬂorue-

228 901 354 947 runt
378 933 394 952 ,
429 904 533 943 non
563 885 717 940 facile
753 880 998 937 diabolus
1021 891 1120 932 nos
1151 873 1344 930 elTerre
1374 871 1570 942 puterit
1601 909 1615 933 ,
1654 881 1827 938 quan-

226 982 424 1038 tumvis
451 978 742 1035 contendat
772 1015 787 1039 ,
841 985 1017 1040 neque
1068 969 1204 1022 inire
1257 966 1396 1019 viam
1436 977 1539 1032 qua
1570 975 1669 1014 nos
1704 971 1832 1025 snp-

227 1072 452 1144 plantet.
489 1072 627 1125 Deus
655 1076 834 1122 autem
867 1061 1172 1124 humilium,
1199 1059 1459 1126 benignus
1486 1053 1574 1108 ille
1604 1058 1659 1106 et
1681 1064 1832 1103 man-

1935 597 2140 651 suetus,
2170 598 2224 642 et
2256 589 2407 642 vobis
2428 596 2484 642 et
2503 588 2654 645 nobis
2683 605 2776 644 cor
2805 591 3094 644 contritum
3120 600 3174 646 et
3208 592 3545 648 hmuiliatum

1937 680 2151 734 tribuat.
2202 679 2292 736 Sic
2339 682 2485 736 enim
2533 683 2831 750 poterimus
2883 693 3080 738 cetera
3124 699 3341 754 quoque
3391 685 3547 740 facile.

1939 781 2221 842 praestare.
2256 771 2321 827 ad
2345 774 2570 843 gloriam
2608 774 2818 828 Domini
2850 775 3018 828 nostri
3049 775 3177 831 .Iesu
3207 775 3428 843 Christi,
3457 794 3554 850 per

1937 880 2097 934 quem
2125 873 2326 918 etcum
2365 881 2472 934 quo
2504 865 2648 920 Patri
2684 881 2898 936 unaque
2941 866 3166 938 Spiritui
3214 885 3404 924 sancto
3426 871 3544 942 glu-
3605 855 3609 859 ζ

1937 958 2036 1021 ria,
2075 957 2126 1010 in
2159 957 2350 1012 smcula
2383 958 2727 1012 surculorum.
2764 962 2960 1014 Amen.

225 1167 3560 1209 ΜΝ

1694 1231 2035 1295 HOMILIA
2079 1231 2161 1292 Χ.

393 1404 459 1458 1η
487 1400 694 1472 propria
720 1395 872 1460 venit,
901 1403 947 1448 et
978 1393 1055 1446 sui
1088 1407 1200 1443 eum
1233 1405 1332 1441 non
1359 1390 1672 1452 receperunt.

304 1500 355 1553 1.
399 1471 539 1550 Deus
566 1509 657 1546 nos
687 1491 754 1544 ad
784 1491 1018 1542 virtutem
1048 1483 1282 1551 impellit,
1334 1480 1498 1533 illa’sa
1546 1484 1720 1528 nostra
1770 1471 1835 1522 li-

229 1595 439 1643 bertate.
471 1585 646 1640 Bonus
671 1582 935 1652 probatur,
967 1577 1116 1630 etiam
1158 1590 1273 1627 cum
1313 1569 1566 1640 supplicia
1593 1566 1834 1618 minatur.

233 1683 404 1747 Quam
456 1691 698 1749 generosa
748 1669 1032 1726 Saluatoris
1083 1668 1287 1719 raritas.
1329 1693 1402 1702 ——-
1446 1662 1606 1720 Deus,
1656 1665 1840 1722 utpote

228 1775 473 1828 clemens
501 1781 554 1825 et
585 1769 877 1829 benelicus,
901 1763 1096 1817 dilecte
1125 1762 1166 1826 ‘,
1197 1757 1327 1812 nihil
1361 1769 1465 1808 non
1497 1753 1603 1822 agit
1630 1760 1683 1804 et
1710 1763 1842 1817 ope-

233 1879 407 1931 ratur,
441 1873 498 1918 ut
531 1878 629 1917 nos
660 1862 859 1914 virtute
888 1854 1150 1926 splendidi
1183 1853 1386 1915 simus;
1420 1846 1562 1918 quod
1593 1859 1690 1898 nos
1713 1842 1843 1897 velit

231 1969 486 2027 acceptos
517 1957 880 2027 probatusque
905 1965 1027 2006 esse
1052 1964 1068 2013 ;
1115 1946 1274 2016 idque
1302 1957 1408 1998 non
1438 1941 1485 1994 vi
1515 1948 1609 1993 aut
1641 1950 1839 1991 neces-

233 2054 418 2112 sitate,
453 2048 548 2103 sed
588 2045 840 2102 suasioiie
885 2053 941 2096 et
985 2037 1267 2094 beneﬁciis
1312 2035 1423 2089 suis
1451 2031 1692 2085 volentes
1723 2041 1843 2080 oms

235 2158 336 2197 nes
380 2141 549 2195 allicit
592 2147 647 2194 et
692 2137 758 2190 ad
803 2149 862 2190 se
912 2131 1096 2187 trahit.
1137 2125 1502 2196 Quamobrem
1539 2121 1844 2175 venientem

237 2236 390 2289 illum
418 2231 510 2286 alii
545 2235 886 2298 receperunt,
937 2223 1028 2278 alii
1075 2233 1251 2275 secus.
1304 2215 1518 2272 Nullum
1562 2212 1706 2268 enim
1735 2209 1850 2264 vult

239 2326 464 2378 invitmn
495 2321 578 2376 vel
611 2318 934 2374 necessitate
954 2322 1200 2369 coactum
1231 2321 1448 2364 servum
1477 2305 1716 2367 habere;
1753 2300 1849 2355 sed

237 2431 433 2470 omnes
464 2414 694 2468 libenter
722 2421 776 2466 et
805 2425 870 2464 ex
900 2403 1190 2460 voluntatis
1222 2400 1496 2470 proposito
1531 2395 1736 2457 venire,
1788 2407 1851 2447 ac

239 2511 312 2562 de
340 2507 432 2561 tali
459 2506 718 2561 servitute
749 2502 970 2571 gratiam
1000 2497 1099 2568 ipsi
1128 2495 1351 2549 habere.
1403 2489 1662 2545 Homines
1707 2485 1850 2540 enim

242 2613 529 2655 servorum
555 2594 857 2651 ministerio
887 2605 1023 2660 opus
1052 2588 1338 2651 habentes,
1386 2584 1533 2653 ipsos
1555 2583 1575 2612 ⁵
1599 2579 1684 2633 vel
1715 2577 1854 2632 inviv

246 2703 333 2746 tos
378 2689 656 2744 servitutis
686 2686 786 2755 legi
821 2681 1114 2751 subjiciunt
1144 2697 1156 2732 :
1190 2678 1336 2733 Dens
1359 2685 1538 2730 autem
1558 2687 1680 2728 cum
1709 2671 1854 2725 nullo

248 2786 509 2855 indigeat,
541 2782 779 2850 nullique
808 2774 1139 2838 necessitati,
1183 2787 1285 2842 qua
1317 2770 1567 2824 homines
1600 2779 1852 2836 premun-

252 2889 363 2942 tur,
388 2877 456 2930 sit
488 2874 784 2943 subjectus,
839 2878 1036 2923 nostra:
1074 2864 1266 2919 salutis
1298 2876 1464 2918 causa
1500 2868 1708 2913 tantum
1737 2872 1857 2911 om-

251 2972 339 3025 nia
367 2969 512 3033 facit,
562 2967 769 3035 hocque
804 2971 989 3016 nostro
1013 2958 1236 3012 arbitrio
1261 2965 1313 3010 et
1344 2952 1859 3021 voluntatipermit-

252 3063 319 3116 tit
351 3078 365 3114 :
397 3060 628 3127 ideoque
654 3053 961 3108 nolentibus
1000 3050 1201 3104 nullam
1231 3047 1340 3100 vim
1365 3053 1456 3098 aut
1482 3041 1856 3098 necessitatem

254 3154 437 3208 infert.
489 3148 570 3204 Ad
610 3155 852 3201 nostram
897 3143 1040 3198 enim
1091 3139 1266 3195 solmn
1310 3143 1519 3206 spectat
1548 3135 1854 3189 utilitatem.

256 3244 388 3298 Nam
423 3241 618 3294 invitos
648 3236 713 3292 ad
744 3237 883 3290 hanc
909 3233 1047 3289 trahi
1079 3231 1478 3292 necessitatem,
1533 3225 1672 3280 idem
1716 3232 1864 3280 esset

258 3352 322 3390 ac
354 3333 506 3388 nullo
533 3330 695 3386 modo
726 3329 950 3384 servire.
981 3327 1087 3379 Cur
1120 3339 1272 3393 ergo,
1303 3321 1535 3391 inquies,
1583 3318 1733 3388 punit
1769 3329 1864 3370 eos

259 3428 352 3497 qui
386 3426 579 3481 nolunt
605 3423 704 3493 ipsi
730 3419 954 3491 obsequi
977 3419 1000 3472 2
1028 3427 1082 3473 et
1109 3432 1206 3472 cur
1235 3416 1537 3486 gehennam
1564 3411 1863 3466 commina-

259 3535 346 3575 tus
366 3530 452 3575 est
474 3520 560 3583 iis,
578 3521 665 3587 qui
693 3517 810 3586 ejus
840 3522 1105 3584 praecepta
1136 3527 1240 3565 non
1269 3507 1529 3564 audiunt?
1550 3506 1686 3574 Quia
1703 3507 1864 3559 etiam

262 3613 421 3667 nobis
447 3627 554 3665 non
585 3606 1082 3679 obtemperantibus
1107 3645 1121 3669 ,
1169 3617 1419 3672 magnam
1468 3599 1638 3654 nostri
1679 3610 1864 3652 curam

262 3706 420 3776 gerit,
474 3713 658 3773 utpote
707 3701 916 3764 bonus;
965 3700 1074 3752 imo
1114 3697 1271 3751 nobis
1308 3692 1678 3750 resilientibus
1702 3700 1757 3746 et
1781 3690 1867 3743 lu-

264 3799 554 3870 gientibus,
603 3810 708 3849 non
750 3794 1012 3848 abscedit.
1057 3791 1192 3858 Quia
1243 3791 1405 3860 igitur
1449 3788 1682 3858 priorem
1719 3784 1868 3840 illam

266 3889 513 3946 beneﬁcii
560 3889 699 3942 viam
738 3886 888 3942 adire
925 3885 1223 3947 noluimus,
1273 3897 1373 3936 nec
1400 3880 1640 3935 suasioni
1667 3878 1870 3934 beneﬁ-

266 3985 474 4053 ciisque
515 3981 777 4035 cessimus
811 3995 824 4035 :
856 3977 1082 4032 alteram
1127 3976 1336 4029 induxit
1374 3988 1471 4044 per
1511 3971 1770 4041 supplicia
1814 3979 1870 4024 et

267 4076 573 4139 cruciatus;
623 4087 742 4143 qme
791 4069 1136 4127 acerbissima
1170 4065 1388 4138 quidem
1417 4075 1520 4131 est,
1553 4064 1648 4119 sed
1692 4073 1871 4118 tamen

268 4167 601 4222 necessaria.
650 4163 836 4219 Priore
863 4177 1096 4232 namque
1123 4167 1457 4227 contempta,
1490 4155 1724 4212 secunda
1770 4171 1868 4210 ne-

268 4258 510 4314 cessario
561 4255 851 4315 inducitur.
916 4249 1047 4307 Nam
1089 4261 1142 4306 et
1177 4253 1355 4321 legum
1404 4251 1603 4304 latores
1651 4262 1873 4320 magnas

267 4363 568 4420 gravesque
596 4358 782 4402 contra
817 4353 1101 4414 peccantes
1125 4344 1463 4397 constituunt
1492 4356 1677 4410 ptenas
1730 4360 1742 4396 :
1782 4355 1875 4396 ne-

271 4458 378 4514 que
423 4451 601 4496 tamen
646 4439 767 4494 ideo
796 4439 914 4492 illos
943 4451 1278 4501 aversamur,
1311 4436 1420 4489 imo
1445 4434 1612 4505 magis
1642 4433 1876 4488 honora-

275 4550 397 4588 mus
432 4533 707 4587 constituti
750 4529 995 4600 supplicii
1042 4543 1223 4593 causa,
1270 4537 1324 4580 et
1355 4527 1496 4596 quod
1525 4526 1666 4579 nulla
1694 4535 1874 4581 nostra

184 4645 188 4650 δ
279 4643 338 4683 re
369 4628 687 4696 indigentes,
715 4624 821 4677 imu
851 4638 995 4691 Stcpe
1018 4621 1183 4676 nescii
1212 4621 1426 4689 quinam
1456 4619 1631 4689 legum
1655 4633 1875 4672 suarum

278 4737 382 4790 upe
421 4719 644 4790 juvandi
691 4718 817 4782 sint,
865 4725 1099 4768 attamen
1132 4715 1272 4768 bono
1301 4713 1424 4766 vita:
1455 4721 1654 4766 nostra:
1684 4719 1738 4766 et
1767 4710 1877 4765 rei-

286 4811 515 4882 publica:
546 4809 721 4864 ordini
755 4808 1137 4876 advigilarnnt,
1160 4807 1356 4859 virtute
1389 4805 1642 4871 praeditos
1668 4803 1874 4858 honore

281 4904 601 4969 efﬁcientes,
650 4901 928 4970 improbos
966 4910 1145 4954 autem
1181 4906 1238 4953 et
1268 4906 1572 4967 protervos,
1621 4896 1710 4965 qui
1749 4895 1878 4950 reli-

283 5013 514 5070 quorum
544 4998 776 5067 quietem
821 4995 1058 5055 turbant,
1098 5008 1192 5061 per
1239 4991 1498 5060 supplicia
1544 4997 1880 5044 cocrcentes.

288 5092 440 5160 Quod
470 5091 513 5145 si
545 5090 643 5143 hos
671 5089 998 5142 admiramur
1034 5093 1089 5140 et
1131 5085 1436 5155 diligimus,
1489 5096 1669 5137 nonne
1713 5080 1886 5146 multo

289 5183 460 5253 magis
483 5183 623 5237 Deus
649 5181 717 5236 ob
733 5189 935 5234 tantam
967 5177 1242 5231 hominum
1265 5190 1447 5230 curam
1467 5183 1522 5229 et
1546 5172 1892 5228 admirandus

295 5285 351 5329 et
375 5272 639 5329 amandus
664 5271 780 5326 est?
811 5272 1131 5325 Immensum
1161 5268 1358 5337 quippe
1385 5266 1673 5322 discrimen
1703 5273 1786 5319 est
1812 5265 1896 5318 in-

297 5377 378 5422 ter
401 5366 616 5419 illorum
639 5375 693 5419 et
718 5363 811 5418 Dei
841 5378 966 5432 erga
996 5376 1093 5416 nos
1126 5360 1515 5430 providentiam
1545 5376 1558 5411 :
1595 5357 1896 5413 iueﬂ‘abiles

299 5457 538 5528 proiecto
565 5465 619 5510 et
646 5469 805 5524 supra
839 5463 1075 5507 mentem
1103 5466 1322 5505 omnem
1351 5457 1478 5504 sunt
1502 5448 1702 5504 divitia:
1736 5447 1893 5502 boni-

299 5551 426 5604 tatis
454 5547 616 5602 illius.
649 5545 749 5601 Hic
774 5546 1013 5600 animum
1045 5542 1261 5598 adhibe.
1291 5540 1358 5595 1η
1382 5541 1591 5612 propria
1614 5539 1767 5606 venit,
1791 5553 1900 5595 non

302 5640 638 5696 necessitatis
665 5655 775 5694 sua:
803 5653 965 5694 causa
1016 5637 1209 5706 (Deus
1241 5635 1459 5706 quippe,
1493 5643 1553 5688 ut
1581 5633 1714 5699 dixi,
1754 5633 1902 5688 nullo

301 5732 565 5805 indiget),
596 5733 688 5788 sed
713 5733 778 5787 ad
807 5729 1063 5787 beneﬁcia
1095 5730 1207 5784 suis
1234 5728 1555 5800 pratstauda.
1596 5727 1700 5784 Sed
1733 5743 1905 5799 neque

367 5871 382 5901 ι
420 5867 563 5915 Savil.
580 5865 642 5928 in
675 5867 897 5928 margine
919 5865 1088 5927 habet,
1111 5863 1294 5916 dilecti.

370 5933 387 5961 ¹
427 5930 558 5980 Idem
577 5927 718 5992 legit,
739 5927 928 5980 multos.

1955 1378 2133 1458 sicvilli
2162 1379 2251 1449 qui
2281 1381 2360 1454 sui
2386 1390 2560 1448 erant,
2598 1384 2648 1436 in
2681 1385 2895 1454 propria
2927 1401 3021 1454 pro
3059 1389 3298 1457 ipsorum
3334 1393 3561 1448 utilitate

1948 1472 2278 1539 venientem,
2316 1483 2636 1542 receperunt
2662 1492 2821 1530 eum:
2858 1479 2966 1532 imo
3007 1481 3322 1550 repulerunt
3350 1504 3361 1540 :
3389 1501 3566 1556 neque

1949 1563 2052 1619 hoc
2076 1567 2206 1619 satis
2233 1567 2361 1635 ipsis
2395 1566 2512 1630 fuit,
2541 1569 2634 1624 sed
2667 1579 2815 1624 extra
2841 1572 3054 1627 vineam
3088 1575 3320 1644 ejectum
3353 1580 3566 1634 oet-ide-

1955 1665 2083 1710 runt
2111 1657 2331 1723 (Matth.
2362 1659 2453 1714 21.
2483 1660 2599 1728 59).
2630 1661 2814 1733 Neque
2843 1673 3020 1719 tamen
3054 1667 3131 1722 sic
3164 1669 3310 1737 ipsos
3337 1687 3364 1723 a
3395 1654 3568 1739 pinni-

1953 1749 2119 1802 tentia
2152 1751 2401 1811 exclusit,
2434 1752 2528 1806 sed
2561 1755 2834 1810 concessit
2865 1756 2974 1810 illis
3005 1769 3082 1824 ttt,
3107 1760 3150 1812 si
3189 1772 3308 1829 post
3355 1771 3562 1818 taufttui

1957 1839 2162 1894 facinus
2204 1844 2409 1896 scelera
2445 1859 2542 1898 sua
2571 1846 2794 1901 abluere
2827 1849 3030 1904 vellent
3060 1866 3157 1920 per
3185 1851 3345 1914 ﬁdem
3384 1856 3434 1909 in
3485 1858 3565 1926 ip-

1953 1945 2095 1994 sam,
2145 1932 2208 1984 iis
2245 1933 2334 2001 qui
2367 1935 2501 1988 nihil
2528 1936 2632 1989 tale
2656 1938 3027 2005 admisissent,
3076 1945 3182 1995 imo
3225 1945 3569 2000 amicissimis

1955 2021 2055 2076 sibi
2105 2038 2261 2091 pares
2305 2023 2502 2079 forent.
2557 2027 2712 2096 Quod
2740 2041 2919 2086 autem
2951 2050 3057 2087 non
3089 2037 3261 2104 gratis
3290 2038 3372 2090 vel
3404 2041 3568 2093 animi

1956 2129 2117 2170 causa
2151 2116 2200 2169 id
2230 2116 2426 2178 dicam.
2467 2118 2580 2174 huic
2603 2121 2748 2175 clara
2779 2138 2911 2178 voce
2943 2127 3304 2184 testiﬁcantur
3331 2129 3418 2184 illa
3449 2148 3566 2184 um-

1958 2206 2043 2260 nia
2071 2222 2190 2276 quze
2217 2209 2376 2263 beato
2401 2211 2565 2266 Paulo
2593 2214 2937 2284 contigerunt
2967 2235 2978 2270 :
3005 2220 3092 2287 qui
3115 2229 3397 2291 postquam
3421 2223 3574 2277 Chri-

1962 2309 2105 2359 stum
2136 2311 2257 2366 post
2285 2303 2403 2371 ejus
2437 2311 2663 2360 mortem
2703 2320 3062 2377 persequutus
3100 2311 3294 2378 fuerat,
3344 2314 3574 2385 ejusque

1962 2404 2251 2464 martyrem
2308 2395 2646 2465 Stephanum
2706 2401 2998 2457 multorum
3055 2407 3304 2461 manibus
3362 2407 3565 2476 lapida-

1963 2495 2112 2539 verat
2146 2486 2256 2557 (a),
2305 2488 2425 2556 quia
2473 2491 2840 2558 paenitentiam
2899 2495 3026 2563 egit,
3061 2507 3112 2551 et
3168 2507 3346 2552 errata
3396 2502 3574 2569 priora

1962 2576 2256 2642 damnavit,
2309 2589 2469 2650 atque
2515 2581 2580 2635 ad
2631 2599 2753 2636 eum
2793 2600 2954 2654 quem
3008 2599 3369 2657 persequutus
3401 2589 3575 2644 fuerat

1966 2669 2212 2736 protinus
2240 2673 2490 2738 accessit,
2522 2673 2703 2726 statim
2738 2674 2878 2728 inter
2903 2677 3126 2738 amicos,
3153 2687 3204 2733 ct
3230 2680 3450 2748 quidem
3481 2683 3579 2749 pri-

1967 2761 2168 2815 marius
2215 2760 2458 2816 adleclns
2505 2773 2588 2819 est
2630 2779 2660 2818 a
2706 2765 2920 2820 Christo
2947 2769 3037 2837 qui
3072 2769 3246 2838 ipsum
3275 2787 3579 2840 pra'conem

1970 2853 2241 2923 totiusque
2274 2855 2423 2910 orbis
2451 2855 2731 2911 dortorem
2777 2860 3096 2926 constituit;
3140 2863 3231 2933 qui
3271 2865 3416 2932 prius
3461 2865 3580 2920 bla-

1967 2944 2250 3012 stili-emus,
2287 2956 2645 3015 persequutor
2670 2956 2724 3003 et
2751 2952 3176 3006 contumeliosus
3205 2954 3406 3009 fuerat:
3445 2968 3496 3009 ut
3528 2967 3584 3011 et

1972 3039 2085 3106 ipse
2113 3038 2179 3092 de
2212 3039 2299 3092 Dei
2339 3039 2670 3108 benignitate
2711 3043 3013 3109 exsultans,
3048 3047 3167 3099 sine
3196 3047 3395 3102 rubore
3427 3051 3579 3104 testi-

1973 3127 2160 3182 ﬁcatus
2191 3139 2293 3183 est.
2330 3128 2442 3183 lino
2474 3141 2527 3184 et
2560 3131 2675 3200 ipse
2700 3134 2874 3203 priora
2901 3134 3138 3191 facinora
3169 3154 3262 3192 sua
3295 3140 3345 3192 in
3371 3142 3586 3208 scriptis

1973 3219 2086 3274 suis
2114 3220 2265 3288 quasi
2297 3219 2350 3274 in
2379 3221 2533 3290 cippo
2557 3230 2798 3288 exarati,
2825 3227 3075 3280 omnibus
3105 3228 3397 3284 declaravit
3430 3250 3441 3285 :
3475 3248 3587 3285 me-

1975 3309 2078 3362 lius
2121 3319 2314 3379 putatis
2367 3309 2502 3373 fore,
2557 3312 2601 3366 si
2649 3314 2798 3381 prior
2827 3316 2931 3369 vita
2966 3331 3060 3370 sua
3093 3319 3232 3386 apud
3261 3336 3451 3377 omnes
3480 3332 3590 3376 tra-

1976 3400 2280 3467 duceretur,
2320 3412 2374 3456 ut
2403 3401 2571 3458 divini
2601 3403 2730 3460 doni
2759 3408 3072 3477 magnitudo
3094 3409 3398 3480 effulgeret,
3423 3427 3586 3482 quam

1977 3497 2020 3546 si
2051 3497 2187 3562 ipse,
2215 3510 2282 3547 ne
2308 3504 2482 3548 errata
2508 3511 2602 3549 sua
2632 3497 2887 3552 omnibus
2916 3499 3237 3568 declararet,
3264 3503 3588 3560 inell‘abilem

1982 3583 2075 3637 Dei
2105 3583 2489 3651 benignitatem
2521 3586 2823 3656 obtegeret.
2874 3587 3186 3659 PrOpterea,
3218 3593 3593 3665 persequutio-

1979 3688 2094 3738 nes,
2143 3675 2385 3742 insidias,
2431 3677 2571 3731 bella
2603 3689 2791 3733 contra
2821 3679 3118 3737 Ecclesium
3168 3686 3400 3740 excitata
3446 3703 3594 3758 saepe

1980 3767 2176 3836 saepius
2203 3780 2614 3835 commemorat,
2650 3773 2813 3827 modo
2841 3775 3069 3852 dicens;
3107 3775 3232 3830 Non
3268 3796 3382 3833 sum
3408 3781 3595 3853 dignus

1981 3860 2150 3912 vocari
2179 3862 2462 3929 apostolus,
2494 3865 2613 3931 quia
2647 3877 2975 3936 persequutus
3009 3884 3123 3921 sum
3169 3867 3454 3925 Ecclesium
3498 3873 3595 3929 Dei

1985 3950 2060 4020 (1.
2094 3950 2209 4005 Cor.
2241 3952 2326 4007 15.
2360 3951 2415 4021 9)
2442 3969 2456 4018 ;
2512 3955 2670 4010 modo
2701 3965 2902 4023 autem,
2946 3957 3096 4013 Venit
3123 3961 3278 4016 Jesus
3306 3974 3596 4033 peccatores

1984 4044 2149 4096 salvos
2178 4044 2363 4111 facere,
2392 4062 2607 4114 quorum
2639 4048 2834 4115 primus
2863 4066 2955 4120 ego
2985 4068 3095 4105 sum
3129 4053 3204 4116 (l.
3232 4053 3366 4108 Tim.
3387 4057 3436 4109 1.
3471 4058 3594 4127 15);

1987 4147 2050 4186 ac
2081 4148 2321 4200 rursum,
2378 4135 2609 4192 Audistis
2649 4144 3078 4196 conservationem
3111 4162 3275 4199 meam
3317 4147 3599 4219 aliquando

1989 4225 2042 4277 in
2078 4226 2362 4294 judaismo,
2407 4229 2647 4293 quoniam
2692 4247 2851 4300 supra
2894 4235 3099 4287 modum
3130 4240 3464 4307 persequebar
3496 4238 3599 4294 Ec-

1992 4319 2198 4373 clesiant
2229 4318 2346 4385 Dei,
2377 4331 2421 4374 et
2451 4323 2806 4394 expugnabat);
2836 4325 2982 4379 illam
3019 4327 3160 4399 (Gal.
3191 4332 3238 4383 vl.
3269 4332 3376 4399 l5).

2061 4412 2117 4466 2.
2161 4412 2319 4467 Velut
2371 4415 2514 4468 enim
2560 4418 2846 4486 quamdam
2891 4421 3062 4475 vicem
3105 4424 3322 4480 Christo
3367 4429 3602 4485 reddens

1996 4507 2068 4562 ob
2101 4507 2414 4576 patientiam
2446 4523 2605 4578 quam
2638 4524 2822 4564 secum
2850 4514 3190 4581 exhibuerat,
3241 4528 3298 4571 ut
3343 4521 3603 4576 ostende-

1995 4611 2078 4655 ret
2117 4600 2353 4670 qualem,
2401 4611 2455 4655 et
2493 4602 2764 4670 quomodo
2807 4604 3014 4658 hostem
3048 4618 3096 4661 et
3125 4610 3400 4665 inimicum
3429 4614 3605 4669 salute

2000 4695 2258 4748 donasset
2287 4711 2301 4748 :
2332 4696 2409 4748 sic
2439 4693 2606 4748 libere
2631 4697 2824 4751 bellum
2859 4698 2987 4752 illud
3020 4701 3294 4770 praedicat,
3318 4721 3426 4774 quo
3448 4706 3603 4761 Chri-

2012 4797 2153 4842 stum
2197 4789 2247 4841 in
2280 4788 2545 4857 principio
2575 4788 2828 4845 ardenter
2859 4791 3224 4863 impugnabat.
3276 4799 3408 4853 Ilinc
3432 4811 3610 4855 autem

2009 4879 2420 4948 chperantibus
2447 4894 2596 4949 spem
2629 4882 2823 4936 bonam
2857 4884 3009 4938 indit.
3051 4886 3180 4940 Nam
3213 4889 3286 4943 ait
3315 4890 3437 4945 ideo
3459 4892 3615 4946 Chri-~

2018 4982 2158 5027 stum
2209 4988 2268 5027 se
2318 4974 2725 5042 resipiscentem
2769 4976 3071 5042 admisisse,
3124 4991 3180 5033 ut
3235 4983 3285 5035 in
3336 4999 3396 5038 se
3438 4987 3614 5053 primo

2014 5063 2325 5133 ostenderet
2365 5079 2580 5120 onmem
2615 5068 2951 5134 patientiam,
2998 5082 3052 5124 et
3079 5073 3370 5130 immensas
3399 5077 3610 5132 benita-

2009 5157 2076 5210 tis
2130 5171 2243 5210 suae
2283 5155 2521 5222 divitias,
2567 5159 2617 5210 in
2656 5161 2965 5225 exemplum
3002 5178 3187 5217 eormn
3228 5167 3317 5234 qui
3349 5179 3532 5236 postea
3566 5173 3614 5225 in

2009 5248 2183 5319 ipsum
2213 5248 2470 5302 credituri
2519 5260 2674 5304 erant
2718 5251 2768 5303 in
2815 5253 2977 5305 vitam
3021 5265 3304 5311 aeternam.
3354 5260 3613 5315 Graviora‘

2013 5346 2209 5414 quippe
2241 5343 2309 5396 ab
2345 5343 2475 5414 ipsis
2515 5343 2749 5399 admissa
2783 5344 2996 5400 fuerant
3020 5391 3034 5414 ,
3067 5366 3224 5418 quam
3258 5369 3376 5421 qum
3408 5357 3619 5410 veniam

2013 5445 2384 5500 mererentur;
2410 5450 2530 5505 qua:
2558 5435 2842 5491 declarans
2872 5441 3203 5510 evangelista
3236 5444 3450 5501 diccbat
3500 5466 3514 5501 :
3561 5447 3624 5502 In

2011 5531 2222 5600 propria
2261 5529 2414 5594 venit,
2462 5538 2506 5582 et
2533 5531 2613 5582 sui
2644 5545 2760 5583 eum
2786 5547 2888 5584 non
2917 5549 3233 5604 receperunt.
3284 5537 3438 5594 Unde
3482 5543 3624 5594 venit

2014 5622 2062 5677 is
2090 5622 2181 5693 qui
2213 5621 2394 5676 omnia
2420 5621 2632 5692 implet,
2676 5623 2766 5691 qui
2797 5625 2996 5692 ubique
3028 5643 3268 5695 praesens
3306 5634 3425 5686 est?
3468 5651 3622 5702 quem

2017 5716 2194 5770 locum
2245 5713 2482 5783 reliquit,
2535 5715 2625 5784 qui
2675 5715 2858 5769 omnia
2886 5732 3049 5771 manu
3084 5717 3230 5775 tenet
3260 5735 3313 5777 et
3341 5727 3581 5778 Continet
3611 5727 3624 5775 Ρ

2086 5859 2158 5922 (a)
2193 5854 2367 5905 Paulus
2407 5853 2669 5930 multorum
2713 5856 2939 5930 manibus
2976 5860 3273 5922 Stephanum
3309 5861 3624 5925 lapidaverat,

2019 5925 2137 5974 dum
2163 5932 2334 5972 eorum
2359 5925 2651 5969 vestimenta
2679 5927 2921 5969 servaret.
