4064 6540
552 605 618 661 75
1257 600 1310 655 S.
1353 596 1630 654 JOANNIS
1663 588 2094 652 CIIRYSOSTO)

2202 589 2494 650 tRCIllEP.
2537 594 3072 655 CONSTANTINDP.
3762 632 3824 677 ni

551 725 746 780 Locum
797 720 1006 791 quidettt
1058 717 1254 772 nuilum
1306 714 1538 786 reliquit,
1595 712 1900 784 (quomodo
1943 714 2122 780 posset

546 813 768 882 enim?)
816 825 913 866 suo
951 818 1126 862 autem
1172 807 1237 861 ad
1283 820 1379 859 nos
1419 805 1678 859 descensu
1720 804 1769 856 id
1813 802 1953 855 fecit.
1987 800 2118 866 Quia

549 907 689 959 enim
723 904 774 957 in
808 899 1008 954 mundo
1037 914 1157 952 eum
1193 907 1359 962 esset,
1414 913 1517 950 non
1563 895 1838 949 videbatur
1888 892 2077 946 adesse
2103 931 2116 956 ,

549 994 687 1064 quod
735 990 967 1045 nondum
1013 995 1426 1058 cognosceretur
1456 1005 1470 1052 ;
1514 989 1696 1056 pestea
1725 999 1853 1038 vero
1879 983 2114 1052 seipsmn

546 1084 800 1146 ostendit,
831 1099 951 1136 cum
986 1095 1219 1134 nostram
1253 1079 1474 1134 induere
1499 1091 1713 1133 carnem
1737 1076 1980 1145 dignatus
2005 1083 2114 1128 est:

546 1175 683 1227 hanc
712 1172 1194 1227 manifestatiouem
1225 1179 1275 1223 ct
1303 1169 1640 1228 descensum.
1689 1168 1974 1220 adventum
2019 1180 2116 1233 ap-

545 1266 725 1332 pellat.
759 1264 949 1318 Mirum
987 1272 1069 1316 est
1094 1261 1412 1329 discipulum
1445 1276 1548 1313 non
1581 1259 1895 1315 erubescere
1925 1257 1991 1311 de
2015 1273 2118 1309 ma-

542 1357 691 1425 gistri
719 1354 1060 1420 contumelia,
1092 1352 1181 1407 sed
1214 1367 1329 1407 eam
1359 1353 1524 1421 ipsam
1548 1351 1924 1406 contumeliam
1949 1349 2116 1404 llden.

543 1458 622 1501 ter
654 1447 820 1500 literis
848 1444 1118 1499 mandare.
1170 1443 1224 1496 ld
1271 1457 1398 1496 vero
1438 1456 1542 1494 non
1577 1455 1763 1509 parum
1786 1442 2116 1494 demonstrat

538 1553 692 1606 quant
721 1550 906 1589 amans
936 1535 1176 1588 veritatis
1202 1540 1363 1587 esset.
1393 1532 1639 1601 Alioquin
1667 1541 1843 1586 autem
1870 1532 1934 1598 is,
1954 1546 2111 1600 quem

539 1633 694 1698 pudet
734 1632 1165 1694 eonviciantium,
1215 1647 1318 1684 non
1368 1630 1532 1701 pudet
1574 1629 1710 1699 ejus,
1743 1630 1833 1700 qui
1857 1629 2112 1685 conviciis

539 1734 793 1776 oneratus
819 1733 919 1776 est.
954 1723 1047 1776 llic
1072 1724 1267 1794 quippe
1291 1722 1392 1777 hac
1419 1723 1624 1777 ratione
1650 1723 1844 1777 clarior
1871 1721 1986 1787 fuit,
2019 1723 2108 1792 qui

538 1824 656 1882 post
719 1816 1096 1869 contumeliam
1149 1814 1660 1869 contumeliosorum
1723 1813 2108 1882 providentiam

535 1908 698 1975 gessit
731 1925 743 1960 :
773 1906 844 1960 illi
873 1920 1001 1961 vero
1032 1907 1220 1976 ingrati
1255 1914 1309 1959 et
1340 1905 1552 1960 scelesti
1597 1905 1734 1975 apud
1779 1919 1967 1959 omnes
2010 1905 2108 1957 visi

533 2007 674 2062 sunt,
707 1997 794 2066 qui
833 2011 977 2064 eum,
1003 1997 1090 2065 qni
1124 2006 1199 2050 tot
1229 1995 1364 2049 bona
1391 1998 1649 2050 allaturos
1686 2005 1924 2057 venerat,
1957 1995 2106 2065 quasi

536 2089 807 2141 inimicum
836 2099 890 2142 et
918 2089 1125 2141 hostem
1157 2087 1497 2154 expulerunt.
1537 2085 1718 2154 Neque
1767 2085 1895 2139 illud
1937 2100 2106 2140 nocu-

530 2178 691 2230 ιιιιιιιιί
741 2184 942 2230 tantum
993 2186 1336 2246 acceperunt,
1393 2176 1483 2229 sed
1527 2176 1686 2230 etiam
1727 2175 1866 2244 quod
1905 2191 1968 2231 ea
1999 2191 2104 2230 non

528 2267 876 2332 obtinuerint,
925 2246 1043 2338 qure
1092 2267 1407 2337 consequuti
1449 2278 1572 2322 sunt
1613 2267 1645 2321 ii
1691 2268 1776 2337 qui
1811 2269 1980 2336 ipsum
2013 2284 2104 2323 ac-

527 2369 799 2428 ceperunt.
851 2361 1104 2425 Quaenam
1149 2359 1200 2412 hi
1251 2359 1564 2428 consequuti
1608 2360 1888 2413 sunt?12.
1940 2360 2102 2426 Quot-

530 2462 650 2518 quot
673 2462 838 2504 autent
869 2462 1157 2520 receperunt
1185 2469 1294 2506 eum
1317 2493 1331 2519 ,
1387 2452 1525 2505 dedit
1550 2453 1620 2505 eis
1650 2462 1944 2520 po'estatem
1970 2453 2103 2520 ﬁlios

531 2543 624 2596 Dei
651 2544 781 2613 ﬁeri,
813 2545 1000 2614 inquit.
1029 2543 1137 2599 Cur
1167 2559 1271 2598 non
1306 2559 1490 2599 narras
1515 2545 1688 2608 nobis,
1725 2562 1756 2596 o
1787 2547 1955 2609 beate,
2011 2562 2104 2600 eo-

527 2651 640 2687 rum
673 2635 1013 2702 snpplicinm,
1059 2636 1145 2706 qui
1176 2651 1280 2690 non
1309 2646 1625 2704 receperunt
1653 2638 1798 2690 illum
1827 2652 1844 2700 ;
1889 2638 1982 2691 sed
2010 2654 2102 2693 eos

523 2727 654 2780 dicis
683 2741 807 2780 suos
833 2727 1014 2792 fuisse,
1047 2736 1101 2782 et
1151 2729 1204 2782 in
1236 2729 1446 2798 propria
1472 2730 1770 2783 venientem
1820 2745 1922 2782 non
1951 2745 2104 2783 rece-

526 2819 573 2886 pi
591 2833 704 2880 ~se;
752 2828 803 2872 et
843 2818 970 2886 quid
1016 2819 1113 2873 bac
1148 2818 1214 2873 de
1245 2834 1403 2874 causa
1432 2821 1661 2889 passuri,
1705 2821 1952 2891 quodque
1973 2836 2100 2891 sup-

526 2909 737 2976 plicium
764 2909 983 2962 subituri
1016 2911 1123 2962 sint
1155 2926 1257 2964 non
1284 2910 1568 2978 adiecisti?
1597 2912 1759 2981 Atqui
1789 2914 1955 2982 magis
1980 2913 2100 2967 illos

526 3003 593 3054 ita
638 3003 936 3064 tenuisses,
987 3011 1038 3055 et
1084 3018 1177 3072 per
1221 3004 1691 3060 comminationem
1740 3005 1902 3071 illam,
1946 3021 2096 3060 arro-

524 3093 715 3160 gantia:
755 3093 1001 3147 duritiem
1051 3095 1424 3149 emollivisses.
1472 3093 1580 3148 Cur
1604 3110 1732 3165 ergo
1761 3095 1810 3149 id
1841 3097 2046 3150 tacuisti
2074 3098 2098 3150 ‘i

527 3183 760 3252 lchuud,
793 3184 1014 3254 inquiet,
1063 3186 1236 3253 majus
1265 3186 1365 3239 hoc
1392 3185 1651 3254 supplicio
1682 3185 1855 3249 fuerit,
1886 3187 2096 3255 quando

525 3286 784 3345 potestate
816 3277 944 3343 ipsis
964 3277 1085 3329 data
1114 3285 1170 3330 ut
1201 3276 1292 3330 ﬁlii
1322 3277 1412 3330 Dei
1444 3275 1649 3340 tierent,
1699 3277 1796 3344 ipsi
1840 3275 1950 3331 ﬁeri
1996 3293 2096 3330 uo-

527 3369 690 3430 luere.
737 3367 832 3423 sed
864 3379 1005 3423 tanta
1034 3383 1093 3423 se
1124 3369 1419 3431 nobilitate,
1475 3379 1620 3422 tanto
1649 3385 1706 3423 se
1754 3369 1957 3424 honore
2002 3385 2096 3424 sua

521 3468 710 3526 sponte
756 3458 1065 3526 privarunt?
1115 3458 1307 3513 Verum
1341 3476 1447 3513 non
1477 3459 1577 3513 hoc
1606 3468 1806 3514 tantum
1835 3461 2096 3530 supplicio

516 3549 837 3612 adicientur,
865 3549 1003 3614 quod
1031 3549 1132 3603 hoc
1158 3548 1352 3602 bonum
1384 3566 1488 3603 non
1511 3552 1809 3617 acceperint
1835 3568 1848 3612 ;
1882 3552 1972 3604 sed
2000 3565 2094 3605 eos

518 3643 674 3694 etiam
709 3641 1157 3710 inexstiuguibilis
1187 3641 1321 3709 ignis
1361 3643 1609 3710 excipiet,
1661 3641 1710 3694 id
1741 3642 1880 3711 quod
1911 3651 2091 3710 postea

517 3732 707 3786 clarius
735 3732 958 3799 aperuit.
989 3733 1204 3787 Interim
1230 3749 1356 3788 vero
1384 3733 1663 3788 iueﬂhbilia
1694 3735 1828 3788 bona
1855 3745 2087 3802 enarrat,

516 3823 665 3892 queis
710 3822 941 3876 donandi
992 3832 1115 3875 sunt
1156 3824 1226 3876 illi
1270 3825 1357 3892 qui
1391 3840 1512 3876 eum
1545 3835 1902 3894 receperunt;
1933 3825 2090 3895 idque

517 3913 661 3968 brevi
693 3913 894 3981 profert
923 3914 1005 3966 Itis
1033 3913 1160 3982 ipsis
1190 3915 1365 3967 verbis
1403 3932 1416 3967 :
1450 3915 1703 3983 Quotquot
1748 3927 1911 3970 autent
1955 3933 2092 3971 rece-

516 4014 692 4071 perunt
722 4022 854 4065 eum,
898 4007 1034 4058 dedit
1065 4007 1133 4060 eis
1174 4017 1464 4076 potestatem
1494 4009 1626 4074 ﬁlios
1658 4008 1751 4062 Dei
1779 4011 1909 4077 ﬁeri.
1965 4011 2088 4064 Sive

512 4098 649 4151 servi
682 4099 793 4151 sive
827 4098 996 4161 liberi,
1031 4101 1143 4154 sive
1171 4098 1341 4155 (ἰωγρὶ
1384 4101 1495 4154 sive
1540 4101 1772 4160 barbari.
1825 4104 1905 4156 vel
1957 4103 2085 4174 Scy-

515 4188 637 4252 thze,
693 4190 806 4243 sive
853 4189 1162 4258 insipientes
1213 4191 1326 4244 sive
1378 4192 1669 4259 sapientes,
1705 4194 1819 4248 sive
1848 4194 1943 4247 viri
1974 4199 2085 4250 sive

512 4280 782 4346 mulieres,
821 4281 932 4334 sive
973 4283 1120 4349 pueri
1152 4283 1264 4336 sive
1293 4287 1553 4349 seniores,
1602 4286 1713 4339 sive
1739 4286 1943 4340 nobiles
1970 4287 2085 4343 sive

513 4372 788 4440 ignobiles,
843 4373 962 4428 sive
993 4373 1185 4428 divites
1213 4375 1324 4429 sive
1353 4391 1632 4444 pauperes,
1680 4379 1791 4433 sive
1818 4379 2083 4450 principes

515 4465 625 4518 sive
651 4465 858 4532 privati,
891 4466 1088 4534 inquit,
1118 4467 1308 4520 eodem
1335 4484 1520 4521 omnes
1547 4469 1829 4538 dignantur
1855 4472 2079 4528 honore.

512 4555 665 4609 Fides
692 4557 832 4610 enim
863 4565 914 4610 ct
937 4557 1162 4624 Spiritus
1184 4559 1371 4627 gratia,
1422 4559 1788 4614 conditionum
1827 4561 2083 4618 humana-

509 4664 621 4699 rum
657 4646 1066 4716 inaequalitatem
1099 4650 1310 4712 tollens,
1366 4651 1416 4702 in
1468 4667 1625 4705 unam
1676 4667 1863 4707 omnes
1892 4655 2082 4724 redigit

511 4736 756 4800 formam,
791 4745 844 4790 et
874 4735 977 4790 uno
1016 4740 1160 4807 regio
1187 4738 1496 4794 charactere
1547 4751 1716 4795 notat.
1777 4743 1914 4808 Quid
1957 4744 2080 4799 huic

508 4828 814 4896 benignitati
861 4842 953 4895 par
992 4827 1332 4882 fueritiltex
1377 4829 1591 4899 quidem
1631 4849 1694 4885 ex
1741 4832 1928 4887 eodem
1973 4851 2079 4903 quo

510 4934 604 4971 nos
638 4920 746 4972 luto
779 4919 1057 4983 formatus,
1120 4935 1408 4973 conservos
1442 4938 1566 4976 suos
1593 4925 1678 4991 qui
1705 4925 1948 4980 eamdem
1979 4943 2076 4980 ua—

512 5020 680 5063 tttram
713 5011 1045 5077 participant,
1077 5026 1137 5063 ac
1166 5027 1308 5078 sa-pe
1348 5014 1652 5066 melioribus
1683 5017 1934 5084 pra'dilos
1967 5035 2077 5072 m0-

509 5101 675 5165 ribus,
712 5117 815 5156 non
844 5101 1090 5170 dignatur
1115 5103 1166 5155 in
1195 5104 1486 5157 exercitum
1520 5107 1720 5174 regium
1750 5107 2074 5175 adscribere,

505 5195 546 5245 si
576 5195 713 5247 servi
756 5194 969 5262 quidem
1019 5195 1091 5247 illi
1138 5194 1370 5258 fuerint;
1419 5200 1719 5267 unigenitus
1761 5211 1936 5254 autent
1985 5203 2076 5258 Dei

508 5283 669 5335 Filius
717 5283 1026 5352 publicanos
1074 5302 1181 5339 non
1227 5286 1563 5356 dedignatur,
1615 5306 1817 5357 magos,
1870 5307 2075 5361 servos,

502 5375 844 5444 omniumque
889 5376 1302 5445 ignobilissimos
1335 5382 1349 5410 ί
1376 5422 1389 5442 ,
1428 5383 1622 5435 multos
1664 5385 1822 5436 etiam
1853 5399 2079 5456 cerpore

506 5463 739 5525 mutilos,
767 5466 846 5518 vel
877 5484 1061 5538 magna
1093 5468 1314 5524 allectos
1342 5471 1477 5534 labe,
1527 5474 1576 5525 in
1623 5473 1851 5530 filiorum
1891 5494 2075 5533 nume-

506 5571 621 5608 rum
653 5555 974 5627 adscribere.
1023 5559 1188 5613 Tanta
1222 5572 1300 5616 est
1332 5561 1450 5616 fidei
1486 5563 1536 5617 in
1566 5565 1838 5622 Christum
1871 5570 2070 5635 virtus;

501 5658 642 5701 tanta
702 5652 885 5718 gratim
932 5653 1260 5720 magnitudo.
1325 5657 1398 5708 Ae
1441 5660 1892 5724 quemadmodum
1938 5662 2074 5731 ignis

500 5750 710 5802 natura,
763 5742 805 5794 si
854 5743 1190 5796 metallorum
1243 5754 1437 5800 terram
1485 5751 1738 5819 attigerit,
1786 5753 1927 5806 illam
1967 5756 2072 5809 cito

498 5848 682 5886 aurum
714 5834 919 5896 reddit;
955 5837 1050 5898 sic,
1089 5837 1194 5890 imo
1219 5838 1370 5908 longe
1403 5844 1593 5912 magis,
1627 5843 1907 5911 baptisma,
1941 5863 2072 5914 quos

499 5923 681 5986 abluit,
732 5940 921 5979 aureos
960 5943 1025 5981 ex
1075 5929 1228 5982 luteis
1277 5931 1466 5999 reddit,
1515 5933 1712 6002 Spiritu
1745 5937 1875 6006 ignis
1907 5937 2072 5994 instar

563 6023 574 6047 ί
614 6017 749 6066 Sari].
774 6022 918 6081 addit,
939 6030 982 6072 et
1008 6023 1353 6086 pattpcrrimos.

2236 705 2326 762 illo
2360 717 2598 780 tempore
2644 713 2694 765 in
2739 711 2946 767 animas
2974 724 3185 769 nostras
3227 714 3514 782 incidente,
3572 729 3626 776 et
3675 721 3822 776 intra

2228 814 2499 872 assumpta
2548 805 2795 874 imagine,
2848 808 3116 862 caeleSIem
3161 824 3352 863 novam
3398 821 3452 865 et
3482 812 3823 880 Splendidam

2229 895 2535 966 imaginem,
2591 898 2741 968 quasi
2786 913 2849 953 ex
2904 901 3200 955 cmdlatura
3251 903 3626 971 splendentem
3679 892 3826 962 refe-

2227 998 2398 1042 rente.
2429 989 2494 1043 Et
2524 1005 2621 1045 cur
2651 1005 2755 1044 non
2802 992 2955 1054 dixit,
3003 993 3151 1048 Fecit
3183 995 3299 1050 illos
3342 995 3479 1051 ﬁlios
3512 999 3603 1054 Dei
3630 1016 3646 1064 ;
3695 1001 3818 1065 sed,

2225 1075 2376 1132 Dedit
2405 1081 2506 1134 illis
2548 1091 2840 1150 potestatem
2884 1086 3018 1152 ﬁlios
3057 1082 3155 1137 Dei
3183 1086 3344 1153 ﬁeri?
3392 1086 3464 1144 Ut
3506 1091 3820 1146 ostenderet

2224 1171 2390 1224 multa
2420 1173 2571 1226 nobis
2601 1188 2742 1243 opus
2781 1189 2901 1230 esse
2927 1176 3221 1245 diligentia,
3253 1189 3304 1232 ut
3343 1180 3652 1250 adoptionis
3682 1184 3819 1238 ima-

2223 1263 2397 1331 ginent
2441 1263 2491 1316 in
2518 1262 2836 1331 baptismate
2864 1256 3018 1321 nobis
3046 1268 3387 1337 impressam,
3414 1271 3814 1328 immaculatum

2223 1366 2433 1422 semper
2461 1363 2516 1408 et
2543 1356 2794 1409 intactam
2829 1371 3106 1412 servemus
3134 1376 3149 1424 ;
3185 1360 3453 1431 simulque
3484 1363 3811 1432 declararet,

2223 1443 2356 1498 hanc
2387 1454 2701 1514 potestatem
2735 1463 2761 1500 a
2795 1451 3008 1504 nemine
3031 1451 3185 1506 nobis
3229 1454 3429 1508 auferri
3475 1471 3651 1524 posse.
3708 1459 3812 1514 nisi

2222 1537 2364 1606 prius
2391 1539 2488 1606 ipsi
2522 1539 2662 1592 illam
2688 1541 2842 1595 nobis
2869 1541 3272 1598 abstulerimns.
3301 1545 3356 1600 Si
3389 1547 3531 1601 enim
3562 1549 3594 1603 ii
3621 1552 3712 1619 qui
3743 1554 3812 1605 ab

2220 1628 2521 1687 hominibus
2555 1635 2928 1687 auctoritatem
2972 1637 3256 1705 quamdam
3287 1652 3636 1708 acceperunt,
3689 1652 3807 1698 tan-

2218 1728 2325 1772 ttttu
2380 1720 2521 1774 illam
2579 1722 2689 1777 fere
2747 1735 2989 1786 servant,
3027 1723 3299 1793 ‘quantitm
3355 1731 3444 1798 qui
3495 1730 3804 1794 dederunt;

2217 1811 2386 1864 multo
2419 1812 2586 1881 magis
2635 1829 2733 1867 nos
2773 1815 2862 1884 qni
2893 1830 2922 1868 a
2960 1815 3068 1869 Deo
3100 1816 3242 1872 hunc
3271 1823 3588 1890 consequuti
3620 1838 3809 1878 sumus

2217 1898 2497 1960 honorem.
2533 1903 2576 1954 si
2610 1901 2742 1955 nihil
2766 1902 2863 1957 hac
2893 1905 3165 1974 indignum
3202 1918 3467 1976 potestate
3499 1913 3805 1979 fecerimus,

2213 1992 2451 2045 Omnium
2483 1994 2836 2061 potentissimi
2869 1997 3092 2062 erimus,
3143 2015 3208 2053 eo
3237 2001 3377 2069 quod
3407 2006 3644 2059 onmium
3690 2022 3807 2061 ma-

2213 2083 2392 2138 ximus
2435 2087 2774 2155 optimusque
2815 2090 2885 2141 sit
2938 2088 3001 2152 is,
3054 2091 3141 2160 qui
3198 2108 3296 2147 nos
3343 2094 3444 2150 hoc
3473 2095 3682 2154 honore
3717 2099 3805 2154 di-

2211 2185 2400 2244 gnatus
2429 2186 2529 2230 est.
2563 2177 2729 2231 Simul
2759 2187 2938 2234 autem
2966 2182 3080 2234 vult
3104 2182 3402 2250 declarare,
3433 2189 3660 2257 gratiam
3697 2205 3803 2245 non

2211 2266 2264 2318 in
2293 2267 2586 2335 quemlibet
2624 2275 2831 2324 temere
2876 2269 3102 2334 infundi,
3135 2274 3228 2326 scd
3278 2274 3328 2328 in
3363 2293 3457 2332 eos
3487 2279 3579 2348 qui
3607 2281 3804 2336 volun-

2211 2358 2333 2411 tatis
2362 2359 2689 2427 propositum
2719 2370 2773 2414 et
2800 2360 3126 2431 diligentiam
3160 2364 3415 2421 adhibent
3449 2388 3462 2422 :
3509 2371 3560 2423 in
3607 2371 3802 2426 horum

2208 2447 2353 2501 enim
2400 2458 2667 2518 potesuue
2717 2453 2879 2505 situm
2937 2461 3023 2506 est
3063 2464 3118 2507 ut
3171 2454 3261 2508 ﬁlii
3329 2458 3418 2512 Dei
3489 2461 3637 2514 nant.
3687 2460 3841 2516 Nisi,

2209 2539 2348 2592 enim
2385 2541 2674 2608 voluerint,
2730 2542 2930 2598 donum
2977 2561 3083 2599 non
3127 2547 3364 2614 advenit,
3410 2565 3509 2605 nec
3539 2563 3801 2622 operatur

2207 2629 2498 2699 quidpiam.

2287 2723 2338 2777 5.
2383 2723 2590 2793 Ubique
2638 2725 2795 2795 igitur
2845 2730 3213 2784 necessitatem
3263 2732 3398 2788 tollit
3428 2743 3482 2788 et
3509 2736 3802 2793 voluntatis

2205 2815 2480 2869 arbitrium
2504 2816 2685 2880 eii‘ert;
2721 2818 2770 2872 id
2795 2821 2935 2889 quod
2969 2837 3110 2875 nunc
3141 2823 3291 2876 dixit.
3325 2824 3379 2878 In
3414 2827 3494 2881 his
3533 2831 3676 2883 enim
3706 2845 3799 2885 ar-

2204 2907 2371 2972 canis,
2401 2906 2542 2960 aliud
2577 2908 2666 2963 Dei
2694 2918 2796 2972 est,
2843 2927 3034 2982 nempe
3059 2914 3187 2968 dare
3215 2916 3475 2984 gratiam;
3507 2921 3647 2974 aliud
3692 2922 3795 2975 ho-

2203 2998 2382 3064 minis,
2424 2999 2633 3054 scilicet
2677 3001 2832 3057 iidem
2875 3003 3149 3060 exhibere.
3183 3007 3236 3061 In
3287 3011 3630 3082 subsequenti
3665 3033 3798 3070 vero

2204 3095 2441 3156 tempore
2465 3089 2627 3143 multa
2655 3106 2790 3160 opus
2825 3102 2908 3147 est
2949 3095 3242 3165 diligentia.
3279 3098 3393 3153 Non
3422 3103 3563 3156 enim
3591 3107 3793 3163 sni‘lieit

2201 3179 2264 3234 ad
2295 3181 2541 3251 puritatis
2583 3185 2878 3238 custodiam
2909 3186 3163 3254 baptizari
3206 3190 3377 3244 solum
3423 3203 3477 3247 et
3518 3198 3790 3257 credere:

2201 3271 2292 3326 sed
2320 3272 2366 3327 si
2399 3274 2622 3328 velimus
2653 3291 2864 3345 semper
2895 3278 3017 3332 Iacto
3047 3295 3266 3336 nmnere
3294 3281 3417 3342 frui,
3450 3284 3544 3338 illo
3569 3287 3789 3358 dignam

2199 3365 2410 3432 Opertet
2446 3367 2701 3422 exhibere
2743 3371 2925 3424 vitam.
2973 3370 3084 3424 Hoc
3127 3383 3304 3427 autem
3339 3377 3686 3436 voluit-Deus
3737 3383 3790 3437 in

2200 3466 2378 3510 nostra
2409 3459 2567 3512 situm
2596 3474 2715 3514 esse
2747 3471 3025 3528 potestate.
3055 3462 3119 3519 Ut
3143 3467 3364 3536 mystica
3395 3469 3537 3525 enim
3563 3487 3792 3542 genera-

2199 3549 2345 3601 tione
2373 3563 2674 3616 nascamur,
2711 3563 2762 3606 et
2804 3563 3021 3621 peccata
3053 3566 3176 3610 ante
3205 3557 3436 3613 admissa
3480 3563 3784 3630 abluamns,

2200 3639 2248 3691 id
2283 3655 2376 3708 per
2416 3641 2735 3709 baptismum
2777 3643 3038 3711 efﬁcitur;
3091 3658 3147 3700 ιιι
3195 3664 3322 3704 vero
3363 3652 3614 3725 deim-eps
3668 3664 3784 3728 pttri

2196 3746 2520 3796 maneamus,
2558 3743 2610 3788 et
2642 3735 2837 3788 nullam
2871 3736 3006 3792 ultra
3048 3739 3388 3797 admittamus
3417 3748 3700 3812 maculam,
3735 3753 3784 3804 id

2195 3821 2247 3875 in
2276 3832 2455 3876 nostra
2496 3826 2653 3877 situm
2685 3837 2765 3880 est
2792 3837 3054 3896 potestate
3083 3847 3146 3885 ac
3172 3832 3463 3902 diligentia.
3494 3838 3700 3896 Idcirco
3731 3855 3786 3897 et

2194 3917 2550 3982 generationis
2583 3920 2796 3972 modum
2843 3933 3122 3987 memorat,
3173 3934 3225 3977 et
3257 3926 3390 3979 facta
3435 3944 3553 3983 eum
3581 3939 3784 3992 carnali

2198 4014 2348 4070 partu
2389 4010 2822 4074 comparatione,
2870 4011 2988 4080 ejus
3040 4016 3407 4071 eXrellentiant
3452 4020 3784 4082 demonstrat

2194 4091 2274 4145 itis
2323 4095 2545 4149 verbis:
2582 4098 2664 4151 15.
2719 4099 2818 4163 Qui
2857 4117 2956 4154 non
3000 4119 3062 4156 ea:
3099 4109 3458 4175 sangninibus,
3511 4130 3670 4178 neque
3719 4135 3786 4172 ea:

2191 4184 2444 4239 voluntate
2493 4191 2692 4254 carnis,
2757 4207 2917 4255 neque
2965 4210 3029 4247 ea;
3083 4198 3340 4252 voluntate
3387 4203 3514 4266 viri,
3570 4207 3662 4260 sed
3718 4227 3783 4263 ea:

2190 4275 2300 4329 Deo
2349 4279 2454 4330 nati
2501 4290 2636 4332 stutt.
2709 4282 2819 4338 lluc
2863 4294 3041 4340 autem
3092 4289 3243 4353 fecit,
3300 4303 3356 4346 ιιι
3406 4295 3597 4362 prioris
3652 4316 3780 4370 par-

2190 4375 2276 4421 tus
2323 4383 2388 4422 ex
2449 4373 2794 4440 sanguinibus
2834 4385 2887 4428 et
2939 4393 3002 4430 ex
3051 4379 3321 4436 voluntate
3372 4388 3548 4442 carnis
3599 4393 3779 4445 vilitao

2192 4473 2296 4514 tem
2353 4463 2548 4527 edocti,
2593 4482 2654 4518 ac
2703 4469 2922 4523 secundi
2969 4471 3054 4538 qui
3100 4489 3192 4541 per
3240 4479 3460 4544 gratiam
3510 4481 3565 4535 fit
3610 4485 3780 4538 subli-

2190 4553 2371 4607 mitate
2421 4555 2800 4627 uobilitateque
2841 4571 3111 4630 percepta,
3171 4566 3291 4621 hinc
3335 4586 3576 4639 magnam
3619 4575 3780 4646 hujus

2189 4652 2240 4698 et
2266 4647 2570 4713 generantis
2598 4648 2740 4702 dqu
2782 4650 2996 4720 dignam
3027 4656 3335 4722 opinionem
3383 4665 3774 4734 concipiamus,

2188 4738 2513 4806 multamque
2544 4750 2722 4806 postea
2765 4742 3091 4812 diligentiam
3139 4749 3509 4808 exhibeamns.
3561 4757 3779 4826 Magno-

2187 4843 2312 4896 pere
2362 4833 2504 4881 enim
2557 4831 2848 4886 timendum
2899 4844 3000 4900 est,
3057 4853 3124 4892 ne
3164 4839 3262 4894 hac
3309 4845 3527 4911 pulchra
3580 4849 3776 4907 fu-data

2186 4923 2342 4984 stola,
2379 4925 2447 4977 ob
2486 4925 2746 4993 ignaviam
2775 4935 2828 4980 et
2869 4931 3070 4984 scelera
3116 4944 3293 4988 nostra
3325 4954 3386 4990 ex
3418 4940 3650 4996 thalamo
3679 4947 3778 5014 eji-

2185 5015 2424 5068 ciamnr:
2457 5017 2677 5084 perinde
2719 5029 2876 5088 atque
2901 5023 3133 5091 quinque
3166 5027 3266 5079 illie
3300 5030 3533 5105 virgines
3578 5035 3734 5090 {alme
3763 5057 3775 5097 ;

2189 5109 2427 5160 utetiam
2463 5108 2549 5162 ille
2595 5125 2697 5163 non
2732 5110 2932 5165 habens
2965 5122 3161 5168 vestem
3215 5121 3527 5187 nuptialem.
3558 5123 3689 5180 Nam
3721 5142 3775 5184 et

2189 5201 2273 5254 ille
2303 5218 2364 5254 ex
2407 5204 2645 5256 convivis
2689 5213 2823 5266 erat,
2856 5206 3211 5278 iuvitalusque
3245 5211 3417 5268 fuerat
3447 5235 3459 5269 :
3491 5219 3616 5287 quia
3643 5236 3774 5275 vero

2188 5303 2304 5361 post
2345 5297 2674 5348 vocationem
2707 5307 2759 5349 et
2792 5307 2994 5352 tantum
3041 5299 3322 5368 honorem,
3370 5321 3428 5361 se
3460 5308 3772 5368 invitantem

2185 5385 2501 5437 contumelia
2547 5385 2743 5451 atii-cit,
2790 5389 2909 5442 andi
2946 5405 3076 5458 quas
3125 5408 3309 5458 poenas
3339 5395 3568 5463 dederit,
3610 5418 3770 5473 quam

2185 5474 2451 5528 luctuosas
2473 5487 2525 5528 et
2548 5477 2794 5547 lacrymis
2814 5479 3018 5548 dignas.
3045 5483 3124 5536 Ad
3149 5493 3253 5537 tam
3273 5485 3607 5555 splendidam
3625 5496 3766 5549 eniti

2185 5573 2238 5619 et
2263 5573 2367 5618 tam
2398 5565 2596 5621 lautam
2626 5585 2860 5623 mensam
2884 5571 3169 5638 admissus,
3200 5593 3302 5630 non
3332 5580 3504 5633 solum
3526 5588 3771 5637 convivio

2184 5656 2505 5721 excluditur,
2527 5659 2619 5713 sed
2651 5669 2705 5714 et
2727 5660 2902 5730 ligatis
2930 5665 3177 5720 manibus
3208 5678 3260 5723 et
3291 5673 3512 5737 pedibus
3540 5676 3589 5727 in
3623 5686 3768 5730 tem--

2186 5751 2308 5803 bras
2349 5752 2649 5806 exteriores
2679 5754 2919 5818 mittitur,
2959 5759 3045 5811 ubi
3089 5773 3377 5829 perpetuus
3408 5776 3489 5820 est
3522 5766 3676 5822 fletus
3719 5784 3767 5824 et

2182 5840 2380 5894 stridor
2409 5842 2668 5897 dentium.
2698 5844 2774 5898 Ne
2804 5847 3000 5916 itaque,
3025 5849 3224 5916 dilecti,
3258 5853 3413 5908 {idem
3445 5858 3508 5911 ad
3540 5861 3766 5915 salutent

2183 5935 2337 5988 nobis
2367 5938 2494 5991 satis
2517 5952 2637 5993 esse
2665 5939 3048 5996 existimemus.
3074 5943 3184 5999 Nisi
3216 5949 3356 6003 enim
3390 5951 3548 6004 vitam
3585 5968 3764 6021 puram

2185 6027 2606 6097 cxltibuerimus,
2635 6032 2729 6087 sed
2762 6034 2998 6090 vestibus
3026 6036 3123 6092 hac
3149 6037 3299 6095 beata
3345 6043 3572 6115 indignis
3601 6061 3762 6101 voca-
