4064 6460
193 495 264 548 77
1332 485 1406 540 ἸΝ
1447 485 1759 541 JOANNE.“

1891 486 2037 542 t.\l~ll..
2094 485 2180 542 XI.
2217 490 2285 542 al.
2332 487 2400 542 Χ.

189 612 344 666 tione
373 605 539 661 induti
575 602 992 667 accesserimus,
1038 599 1170 655 nihil
1218 597 1473 668 impediet
1512 599 1802 669 quominus

189 701 384 755 eadem
419 701 530 768 ipsa
561 697 846 766 patiamur,
883 711 1002 763 qua:
1031 695 1196 747 miser
1227 694 1314 747 ille
1343 706 1532 761 passus
1561 703 1662 748 est.
1693 693 1802 746 Ah-

183 793 412 846 snrdum
445 791 715 853 euiin'est,
747 791 872 841 dum
903 787 1010 852 ille,
1040 788 1129 855 qui
1164 787 1306 840 Deus
1338 795 1392 839 et.
1421 785 1531 839 [lex
1563 793 1664 849 est,
1701 785 1797 836 bo-

193 886 366 938 mines
416 884 549 937 viles
591 893 648 936 et
693 881 892 934 nullius
924 880 1076 948 pretii
1110 893 1301 932 vocare
1348 893 1452 931 non
1499 879 1796 941 erubescit,

182 974 279 1028 sed
313 988 344 1028 e
386 975 542 1028 trivio
572 973 693 1026 illos
723 971 788 1025 ad
821 985 1060 1026 mensam
1104 986 1257 1025 suam
1294 970 1502 1035 invitat,
1547 985 1646 1024 nos
1677 981 1798 1023 tau-

182 1074 297 1116 tatn
327 1064 591 1134 ignaviam
635 1063 917 1124 exhibere,
972 1071 1030 1114 ιιι
1059 1076 1125 1116 ne
1166 1061 1382 1130 quidem
1434 1071 1554 1129 post.
1586 1069 1792 1114 tantum

182 1157 449 1211 honorem
482 1157 737 1211 mel-iores
757 1155 1077 1219 evadamus,
1109 1154 1203 1209 sed
1227 1164 1282 1208 et
1313 1165 1430 1223 post
1454 1153 1796 1209 vocationem

182 1247 722 1317 ineadeurucquitia
755 1261 1184 1317 perseveremus,
1229 1244 1663 1314 ineﬂ'abilemque
1703 1260 1798 1298 vo-

179 1339 358 1392 eantis
387 1337 771 1410 benignitatem
800 1337 1228 1408 pessutndemtts.
1261 1336 1377 1391 Non
1405 1338 1553 1391 enim
1589 1352 1687 1390 nos
1725 1337 1792 1391 ad

179 1430 524 1498 spiritualem
553 1431 692 1486 hanc
710 1439 767 1486 et
810 1429 1134 1484 horrendam
1166 1429 1548 1502 mysteriorum
1572 1429 1796 1499 partici-

177 1524 456 1592 potionem
501 1524 732 1590 vocavit,
767 1533 824 1578 ut
865 1540 988 1578 cum
1018 1524 1199 1594 priore
1229 1523 1468 1594 nequitia
1520 1523 1792 1594 ingredia-

179 1636 328 1684 ntur,
370 1621 463 1674 sed
492 1629 549 1674 ut
575 1619 782 1688 ahjecta
816 1619 907 1674 illa
936 1617 1288 1689 turpitudine,
1319 1617 1385 1671 iis
1412 1617 1654 1671 vestibus
1705 1617 1791 1670 in-

177 1711 438 1776 ditamur,
472 1727 592 1782 qua:
623 1710 690 1764 ad
719 1712 928 1781 regium
954 1721 1178 1766 vocatos
1199 1711 1506 1765 convivium
1538 1710 1786 1764 deceant.

175 1803 277 1858 Sin
315 1804 558 1859 nolimus
583 1803 742 1875 digna
774 1805 861 1858 tali
895 1804 1181 1860 vocatione
1202 1814 1490 1873 -pr;estare,
1522 1802 1571 1858 id
1600 1820 1713 1858 non
1740 1803 1789 1858 ei

173 1899 270 1966 qui
307 1913 406 1951 nos
449 1897 528 1953 sic
568 1897 874 1964 honoravit,
920 1898 1014 1954 sed
1046 1899 1204 1954 nobis
1235 1899 1627 1967 imputandum.
1673 1898 1789 1953 Non

177 1993 326 2044 enim
361 1993 449 2048 ille
495 2008 596 2047 nos
636 2008 700 2046 ex
749 1992 1067 2049 admirando
1107 1993 1199 2047 illo
1228 1993 1576 2047 convivarum
1621 1993 1790 2047 choro

172 2082 361 2149 ejieit.
406 2082 501 2138 sed
544 2098 640 2137 nos
677 2083 823 2152 ipsos
859 2082 1132 2151 ejicimus.
1172 2082 1264 2137 Ille
1293 2083 1437 2152 quod
1479 2098 1634 2135 suum
1673 2091 1788 2136 erat

168 2175 433 2240 praestitit
473 2192 486 2229 :
523 2175 732 2244 nuptias
772 2172 920 2239 fecit,
964 2190 1208 2230 mensam
1240 2176 1470 2244 paravit,
1501 2175 1590 2246 qui
1625 2189 1787 2228 voca-

168 2275 302 2319 rent
341 2267 505 2332 misit,
536 2267 815 2322 venientes
861 2266 1095 2337 excepit,
1142 2276 1197 2320 ct
1244 2267 1391 2320 nullo
1431 2281 1538 2320 non
1583 2267 1787 2320 honore

304 2391 310 2409 Ι
421 2393 423 2396 ι
701 2391 710 2400 .
860 2399 867 2408 ,
923 2396 2806 2414 _.————-—————-—-———-——-—-—-——-——-———-————~——-——-——

2741 519 2784 567 κ
3459 498 3530 556 78

1916 601 2140 659 aﬂ‘eeit;
2171 618 2289 679 nos
2312 614 2492 656 autem
2525 602 2722 672 ipsum,
2743 603 3029 670 convivas,
3065 605 3302 672 nuptias,
3342 609 3524 662 surdi»

1911 695 2102 750 dartnn
2138 696 2396 762 vestium,
2441 695 2542 750 hoc
2570 704 2675 762 est,
2712 711 3002 766 pravorqu
3045 711 3096 764 0,
3119 714 3294 760 erum,
3319 706 3524 753 "contu-

1911 789 2069 842 melia
2112 788 2436 855 allicientes,
2477 788 2600 858 jure
2645 789 2862 843 demum
2913 789 3182 860 ejicimttr.
3234 783 3344 845 [loc
3376 793 3524 846 enim

1910 891 2086 948 pacm,
2120 889 2176 935 et
2199 881 2414 948 nuptias
2434 891 2490 935 et
2523 881 2776 936 invitatos
2806 880 3102 947 honoratis,
3141 878 3444 950 petulantes
3471 887 3527 940 et

1909 971 2245 1040 impudentes
2268 973 2388 1027 illos
2411 973 2576 1043 ejieit.
2609 962 2743 1027 Nam
2771 974 2815 1027 si
2848 974 3154 1042 hujuSmodi
3181 986 3328 1030 veste
3358 976 3516 1031 indu-

1909 1073 1991 1120 tos
2023 1065 2374 1134 relinqueret,
2413 1066 2550 1120 alios
2576 1064 2859 1120 videretur
2905 1063 3235 1122 contumelia
3279 1065 3520 1128 allicere.

1908 1155 2103 1211 Verum
2130 1156 2260 1212 l‘axit
2293 1159 2454 1221 Deus,
2497 1167 2553 1211 ut
2587 1172 2748 1214 nemo
2778 1159 2860 1214 vel
2892 1168 3137 1213 nostrum
3180 1159 3262 1215 vel
3288 1152 3521 1217 aliorum

1906 1249 2068 1306 talem
2115 1251 2426 1320 experiatur
2470 1253 2832 1307 vocationem.
2888 1247 3012 1308 Ideo
3062 1253 3177 1308 luce
3223 1258 3519 1325 antequam

1906 1340 2094 1396 tierent
2122 1342 2295 1396 literis
2344 1343 2595 1397 mandata
2635 1352 2792 1410 sunt,
2842 1345 3225 1416 ut‘Seriptune
3258 1340 3418 1402 minis
3450 1349 3519 1401 ad

1905 1433 2101 1489 bonam
2125 1433 2333 1505 frugem
2374 1427 2604 1499 reducti,
2641 1445 2935 1506 numquam
2970 1438 3022 1491 in
3057 1439 3522 1510 tantam'igaomi-

1905 1529 2069 1592 niam,
2104 1528 2155 1582 in
2187 1537 2502 1600 tantumque
2530 1529 2850 1599 supplicium
2870 1529 3202 1597 'ineidzunus,
3221 1529 3327 1587 sed
3353 1532 3521 1589 verbo

1903 1630 2111 1675 tantum
2144 1630 2300 1677 tenus
2330 1621 2448 1676 lucc
2487 1623 2872 1692 experiantur;
2902 1638 2965 1678 ac
2993 1621 3278 1694 splendida
3320 1625 3519 1695 singuli

1903 1724 2052 1770 veste
2072 1713 2274 1781 induti,
2303 1713 2370 1769 ad
2391 1714 2594 1778 locum,
2618 1730 2727 1785 quo
2755 1715 2929 1769 vocati
2959 1724 3170 1783 s‘uuzus,
3206 1716 3521 1787 proficisca.

1901 1821 2050 1873 mur;
2081 1821 2192 1876 quo
2219 1822 2317 1860 nos
2345 1821 2537 1861 omnes
2576 1805 2677 1860 frui
2709 1807 3007 1875 contingat,
3035 1808 3213 1883 gratia
3259 1817 3314 1863 et
3357 1809 3517 1866 beni-

1897 1897 2342 1967 guitale'Domiui
2384 1897 2551 1951 nostri
2582 1894 2960 1960 JesuChristi,
2996 1914 3091 1967 per
3119 1912 3278 1969 quem
3311 1910 3365 1954 et
3392 1916 3517 1955 cum

1899 2003 2006 2058 qtto
2029 1989 2176 2043 Patri
2199 1988 2362 2043 simul
2394 2001 2449 2043 et
2479 1987 2705 2058 Spiritui
2745 1998 2936 2045 saneto
2961 1990 3155 2061 gloria,
3190 1990 3382 2056 honor,
3415 1991 3516 2048 int-

1902 2080 2132 2151 perium,
2174 2096 2318 2136 nunc
2365 2091 2421 2137 et
2463 2095 2701 2152 semper,
2734 2089 2788 2136 et
2831 2081 2883 2136 in
2925 2077 3123 2137 sarcula
3156 2083 3512 2138 siculorum.

1899 2177 2093 2231 Anien.

2811 2399 3010 2410 ο--ια-ο
3020 2401 3088 2409 ..._
3099 2399 3398 2410 φωρ-.-
3426 2402 3432 2407 .
3442 2397 3501 2410 ..α

1641 2473 1993 2539 ΗΟἈἸΙΙᾸΛ
2041 2469 2156 2540 ΧΙ.

209 2624 299 2678 Η.
337 2623 398 2678 Et
440 2623 654 2681 Verbum
681 2642 798 2682 caro
820 2626 1014 2694 factum
1035 2635 1128 2691 est,
1159 2635 1206 2680 et
1229 2625 1470 2679 habitavit
1501 2625 1551 2678 iu
1583 2622 1747 2678 nobis.

252 2716 304 2771 l.
341 2714 534 2771 Larum
561 2716 825 2789 Evangelii
857 2719 1218 2788 explicandum
1248 2728 1366 2771 ante
1394 2715 1786 2786 explicatione»:

169 2811 346 2882 legere
393 2813 663 2875 hortatur;
706 2812 1044 2884 quorumdam
1091 2811 1381 2866 socordiam
1430 2811 1483 2864 in
1527 2809 1786 2862 (tttdictttltt

171 2904 450 2971 Striptnra
471 2906 671 2975 arguit;
698 2905 882 2959 deinde
914 2904 1170 2972 explicare
1194 2902 1344 2965 iltud,
1381 2901 1617 2956 Verbum
1655 2914 1786 2956 Caro

170 2999 373 3048 tactum
406 3005 508 3061 est,
543 2995 855 3066 aggreditur.
883 3023 954 3035 ——
986 2994 1158 3050 Unam
1183 3009 1218 3048 τι
1242 2993 1391 3058 \obis
1430 2994 1663 3064 gratiam
1694 3006 1784 3062 pc-

171 3095 308 3149 tzun,
341 3095 630 3155 antequam
657 3086 721 3142 ad
747 3086 905 3141 verba
930 3087 1137 3141 veniam
1160 3086 1466 3156 evangelica
1492 3101 1506 3150 ;
1536 3083 1628 3139 sed
1651 3099 1783 3154 rogo

171 3194 244 3230 ne
266 3179 590 3244 postulatum
616 3167 838 3250 negetis.
861 3177 1044 3248 Neque
1059 3180 1201 3235 enim
1219 3194 1382 3250 grave
1402 3179 1675 3248 quidpiam
1699 3177 1782 3232 vel

169 3285 466 3324 Onerosum
487 3271 726 3341 requiro,
755 3287 935 3341 neque
962 3271 1247 3342 accipienti
1279 3271 1410 3326 mihi
1443 3271 1616 3325 solum
1653 3271 1782 3326 utile

167 3363 296 3424 erit,
328 3363 422 3418 sed
454 3372 508 3419 et
536 3363 900 3432 prmbentibus
929 3364 1116 3428 vobis;
1151 3365 1261 3420 imo
1290 3363 1431 3419 forte
1453 3365 1604 3420 vobis
1626 3364 1782 3435 longe

172 3458 376 3510 utilius.
407 3457 546 3524 Quid
577 3458 736 3529 igitur
764 3473 793 3512 a
827 3458 978 3513 vobis
1009 3457 1259 3528 pestulo?
1291 3458 1359 3514 Ut
1397 3473 1498 3512 una
1531 3458 1782 3513 sabbato-

171 3568 293 3605 rum
325 3551 420 3622 (ιι),
466 3551 548 3606 vel
599 3552 650 3605 in
705 3551 822 3620 ipso
867 3551 1131 3614 sabbato,
1175 3551 1327 3606 illam
1377 3551 1780 3622 evangeliorum

171 3656 382 3715 partem
412 3662 531 3716 qua:
562 3645 716 3700 vobis
742 3647 794 3699 in
826 3645 1087 3700 coneiooe
1111 3644 1338 3715 legenda
1368 3653 1451 3700 est
1474 3660 1582 3714 pra:
1612 3644 1785 3698 mani-

169 3741 274 3792 bus
321 3739 512 3809 singuli
566 3739 914 3807 accipientes,
966 3737 1111 3791 domi
1165 3736 1418 3792 sedentes
1469 3735 1782 3806 frequenter

168 3832 382 3898 legatis,
429 3845 494 3884 ac
520 3830 660 3885 dicta
691 3844 838 3900 saipe
883 3829 1183 3898 exitloret-is
1225 3838 1280 3884 et
1325 3831 1645 3883 examinetis
1674 3844 1688 3884 :
1718 3843 1781 3883 ac

165 3923 297 3992 quid
339 3924 563 3987 clarum,
599 3924 724 3993 quid
764 3923 1061 3977 obscurum
1105 3922 1178 3976 sit.
1216 3921 1518 3986 annoletis;
1549 3919 1676 3990 quid
1727 3921 1777 3973 itt

166 4015 350 4069 verbis
398 4030 635 4084 pugnare
679 4006 945 4078 videatur,
995 4014 1120 4068 licet
1167 4028 1272 4066 non
1325 4024 1566 4083 pugnet:
1597 4013 1780 4082 sicque

164 4105 421 4161 omnibus
452 4106 761 4177 frequenter
785 4105 1059 4175 expensis,
1091 4105 1154 4160 ad
1195 4105 1516 4160 concionem
1546 4107 1778 4160 acceda-

163 4201 256 4254 tis.
293 4198 479 4266 Neque
508 4198 655 4253 enim
699 4195 968 4252 modicum
1011 4213 1076 4252 ex
1112 4199 1201 4251 tali
1231 4198 1411 4252 studio
1437 4207 1493 4251 et
1523 4197 1681 4251 nobis
1725 4206 1778 4250 et

160 4293 320 4346 vobis
344 4293 558 4346 lucrum
588 4290 830 4345 accedet.
883 4288 1046 4346 Nobis
1092 4291 1234 4343 enim
1287 4303 1393 4343 non
1434 4289 1602 4343 multo
1641 4303 1778 4358 opus

165 4385 272 4438 t-tit
307 4383 491 4438 labore
515 4381 581 4436 ad
614 4382 719 4436 vim
747 4382 1137 4437 sententiarum
1172 4381 1324 4435 vobis
1359 4375 1772 4450 explauandam,

163 4485 349 4529 inmte
375 4475 485 4544 jam
515 4474 664 4529 vobis
707 4475 772 4529 ad
804 4475 1071 4530 dictorum
1108 4474 1352 4528 Lotitiam
1385 4484 1602 4528 assueta
1632 4492 1643 4527 :
1679 4485 1776 4528 vos

164 4577 347 4623 autem
389 4567 658 4621 awtiorcs
686 4577 739 4621 et
769 4568 1194 4637 perspicaciores
1238 4567 1338 4621 hoc
1370 4565 1532 4621 modo
1571 4565 1774 4620 ciliciu-

159 4662 321 4728 mini,
366 4677 471 4714 non
513 4660 676 4715 modo
719 4669 775 4715 ut
814 4659 1047 4714 audiatis
1091 4670 1147 4714 et
1189 4659 1433 4726 discatis,
1473 4659 1568 4714 sed
1610 4662 1771 4713 etiam

165 4763 223 4807 ut
260 4764 494 4808 caeteros
533 4751 792 4808 doceatis.
841 4751 1119 4821 Siquidem
1164 4750 1255 4806 illo
1288 4767 1394 4820 quo
1427 4767 1569 4805 Illlltc
1610 4751 1772 4821 agitis

163 4846 347 4909 modo,
406 4844 556 4898 multi
601 4845 947 4913 tmesentium
997 4844 1156 4898 verba
1200 4843 1492 4910 Scriptura:
1530 4844 1688 4897 simul
1719 4856 1772 4898 et

157 4936 558 5005 «explicationes
585 4945 799 4990 nostras
823 4935 1069 4990 ediscere
1099 4936 1308 5001 coacti,
1353 4953 1421 4991 ne
1465 4937 1680 5005 quidem
1726 4939 1768 4991 si

163 5042 367 5079 aenum
407 5026 670 5094 integrum
717 5025 800 5080 his
823 5028 1180 5094 insumamus,
1213 5042 1462 5096 maguum
1494 5029 1769 5098 quidpiam

162 5118 294 5172 lucri
322 5119 581 5172 referent.
630 5117 910 5184 Quomodo
945 5128 1168 5187 possent
1218 5119 1386 5185 enim,
1435 5135 1556 5172 cum
1594 5121 1770 5173 obiter

162 5222 369 5265 tantum
395 5220 452 5266 et
482 5211 628 5266 brevi
671 5223 914 5281 tempore
956 5212 1116 5267 dictis
1159 5213 1482 5267 attendant?
1521 5214 1674 5282 Quod
1725 5217 1767 5269 si

156 5303 246 5368 qui
297 5301 509 5371 negotia
541 5302 880 5372 prietendant
917 5311 971 5356 et
1003 5304 1417 5368 sollicitudines,
1464 5306 1508 5358 si
1545 5298 1766 5360 multam

158 5394 211 5446 in
245 5392 472 5460 publicis
501 5393 827 5462 privatisque
862 5394 1023 5449 rebus
1049 5412 1268 5466 operam
1299 5413 1314 5460 ;
1351 5399 1526 5466 primo
1551 5398 1766 5467 quidem

159 5499 266 5536 non
301 5483 434 5537 levis
462 5485 615 5555 culpa
649 5485 763 5539 hate
791 5496 892 5551 est,
920 5501 1042 5542 sese
1067 5498 1209 5541 tanta
1238 5493 1575 5561 negotiorum
1609 5491 1765 5546 turba

159 5580 413 5643 tilitllL‘l‘C,
441 5588 494 5632 et
518 5580 871 5634 sweulariltus
912 5581 1074 5634 rebus
1129 5582 1196 5635 ita
1243 5599 1461 5653 semper
1501 5583 1662 5655 attigi,
1711 5597 1769 5642 ut

161 5687 227 5723 ne
272 5669 554 5726 minimum
587 5674 804 5743 quidem
836 5673 996 5728 studii
1041 5675 1381 5744 impendatur
1412 5679 1474 5732 iis
1499 5695 1618 5750 qum
1647 5695 1762 5734 ma-

227 5791 478 5861 taLlllud.
500 5803 597 5859 ιιιιᾳ
625 5791 938 5861 sabbatorum
959 5796 1116 5861 Δ(κοιτςᾲ
1138 5797 1250 5856 μίαν
1274 5799 1578 5861 σαῇὅάτων),
1604 5807 1770 5861 potest

164 5851 471 5910 signiﬁcare.
507 5851 669 5914 prima
695 5853 1016 5915 hebdomme
1049 5851 1151 5915 die,
1198 5865 1249 5906 ul
1285 5858 1423 5914 alibi,
1460 5851 1770 5912 inmanium;-

166 5923 327 5978 torum
374 5915 492 5978 (piat
524 5915 825 5978 adﬂari-ww)
875 5914 1079 5978 primam
1125 5914 1447 5969 hebdomadas
1495 5922 1762 5978 si-niti(‘at.

172 5976 319 6026 etiam
355 5976 488 6028 apud
514 5975 933 6034 Chrysostomum.
1543 5979 1551 5986 ’

491 6061 739 6122 Parum.
809 6063 924 6119 Gn.
982 6060 1045 6120 Ll
1063 6059 1136 6120 Χ.

1901 2618 2046 2676 xime
2075 2625 2377 2675 necessaria
2410 2633 2557 2678 sunt.
2601 2621 2806 2681 Deinde
2837 2627 2980 2682 o’uod
3024 2627 3139 2682 ba'e
3179 2629 3287 2684 sint
3321 2629 3514 2684 οιιιριιι

1897 2725 1980 2770 tus
2023 2723 2081 2769 et
2118 2715 2515 2781 simulationes,
2565 2727 2794 2788 arguunt
2825 2719 3095 2790 co‘lquuia
3125 2735 3247 2776 cum
3276 2723 3467 2777 amicis
3493 2760 3511 2790 ο

1889 2807 2226 2862 theatrorum
2275 2807 2771 2878 fretltte;.t;ttittttes,
2820 2818 3108 2866 COIISC>SHS
3149 2812 3214 2866 ad
3247 2828 3511 2882 equorum

1893 2900 2221 2954 certantium
2250 2889 2581 2974 spectacula,
2633 2903 2684 2955 in
2711 2904 2908 2973 quibus
2939 2920 3083 2975 saepe
3121 2905 3237 2960 dies
3272 2906 3512 2977 integros

1893 3001 2256 3060 consumunt,
2305 3009 2480 3061 neque
2531 3000 2709 3050 tamen
2744 2996 2798 3050 in
2824 2982 2918 3050 bis
2960 2997 3297 3067 negotiorum
3333 3000 3508 3054 moles

1895 3097 2130 3152 unquam
2159 3070 2490 3138 obtenditur.
2528 3086 2580 3138 Ιιι
2614 3086 2808 3140 vilibus
2850 3087 3009 3158 igitur
3056 3089 3362 3157 hujusmoali
3416 3107 3499 3144 ris

1893 3174 1992 3230 bus
2038 3174 2239 3228 nullam
2285 3176 2579 3232 ohleuditis
2611 3179 3023 3246 occupationem
3066 3199 3080 3235 :
3125 3181 3168 3236 si
3202 3191 3382 3236 autem
3427 3184 3508 3237 di-

1893 3267 2034 3321 vinis
2083 3266 2247 3322 rebus
2295 3267 2365 3322 sit
2415 3268 2872 3334 i‘ncumbemlum,
2933 3271 3046 3326 lITI‘C
3075 3271 3213 3327 adeo
3236 3270 3386 3328 vobis
3415 3290 3509 3330 su-

1894 3356 2096 3426 perﬂua
2123 3359 2176 3411 et
2203 3357 2404 3412 nullius
2435 3360 2591 3428 pretii
2626 3361 2880 3416 videntur
2907 3376 3025 3417 csse
3049 3404 3065 3429 ,
3117 3375 3175 3418 ut
3220 3381 3287 3418 ne
3337 3363 3498 3419 mini-

1893 3467 2038 3504 mum
2103 3450 2322 3521 quidem
2395 3449 2633 3506 studium
2686 3451 2744 3524 iu
2809 3451 2893 3507 his
2956 3453 3322 3510 adhibendum
3387 3462 3505 3511 t‘sst-

1890 3542 2118 3596 dueal'is.
2163 3545 2242 3596 An
2289 3550 2568 3597 mereatur
2603 3544 2692 3614 qui
2741 3543 2821 3598 sic
2873 3538 3050 3600 allecti
3106 3556 3234 3601 Sunt
3286 3548 3368 3602 vel
3421 3565 3508 3601 re-

1894 3639 2127 3706 spirare,
2179 3637 2263 3692 vel
2309 3636 2453 3691 lmnc
2491 3637 2670 3692 solem
2719 3638 3006 3708 aspicere?
3050 3639 3142 3694 Est
3183 3648 3234 3695 et
3265 3641 3364 3695 alia
3397 3652 3504 3697 tant

1891 3731 2099 3800 igumis
2147 3729 2458 3784 hominibus
2511 3725 2846 3800 inc'plissium
2887 3732 3203 3797 excusatio,
3241 3733 3505 3788 librorum

1888 3823 2089 3876 scilicet
2133 3821 2334 3891 inOpia.
2370 3826 2455 3884 Ac
2500 3820 2760 3877 divitibus
2791 3823 3011 3893 quidem
3042 3822 3330 3880 ridiculum
3360 3839 3502 3880 esset

1888 3932 1946 3967 ea
1978 3915 2046 3971 de
2089 3929 2148 3971 re
2177 3916 2338 3971 verba
2362 3914 2546 3972 lacere
2576 3934 2590 3970 :
2617 3929 2804 3972 verum
2835 3918 2959 3988 qu”a
3007 3918 3207 3973 multos
3239 3931 3511 3989 pauperes

1887 4007 1988 4060 hae
2034 4007 2350 4078 irequenter
2398 4010 2753 4064 exettsatione
2803 4011 2876 4064 uti
2925 4018 3080 4080 puto,
3131 4011 3235 4066 hoc
3281 4012 3351 4066 ab
3399 4012 3505 4066 illis

1889 4101 2094 4168 placide
2140 4101 2407 4156 sciscitari
2453 4102 2639 4168 velim,
2687 4117 2870 4156 annon
2920 4102 3116 4172 singuli
3167 4103 3300 4158 artis
3356 4118 3505 4162 sum.

1884 4208 2043 4262 qttattt
2077 4201 2352 4255 exercent,
2382 4192 2742 4248 instrumenta
2772 4206 2902 4248 sana
2931 4204 2985 4248 et
3011 4195 3218 4265 integra
3245 4193 3510 4256 habeant.

1883 4295 1939 4338 et
1961 4280 2007 4340 si
2034 4293 2280 4341 extrema
2311 4287 2494 4356 inopia
2521 4292 2864 4358 premantur.
2915 4288 3198 4356 Quomodo
3236 4301 3366 4358 ergo
3394 4301 3502 4343 non

1884 4378 2176 4433 absurdum
2222 4379 2403 4445 fuerit,
2451 4378 2558 4434 illic
2603 4383 2974 4450 paupertatem
3017 4391 3126 4433 non
3177 4380 3495 4442 obtendere.

1881 4485 1944 4524 ac
1971 4471 2101 4526 nihil
2133 4486 2239 4526 non
2262 4486 2426 4543 agerc
2448 4465 2514 4527 ad
2546 4486 2737 4528 omnes
2767 4474 3128 4528 removendus
3161 4474 3378 4540 obices;
3409 4473 3497 4530 ul.l

1880 4571 2060 4619 autem
2091 4573 2235 4619 tanta
2269 4558 2613 4634 decernenda
2640 4575 2725 4620 est
2757 4566 2981 4630 utilitas,
3022 4568 3408 4638 oet-apationes
3446 4577 3501 4624 et

1882 4656 2120 4726 inopiam
2153 4655 2391 4711 deﬂere?
2416 4656 2684 4712 (Ia-terum
2718 4658 2762 4712 si
2787 4659 2875 4728 qui
2903 4659 2969 4712 ila
3005 4670 3272 4728 pauperes
3295 4673 3490 4725 essent,

1882 4763 2100 4818 possent
2125 4765 2188 4805 ex
2227 4751 2444 4807 assidua
2478 4751 2564 4805 hic
2596 4752 2706 4807 ﬁeri
2747 4753 2903 4806 solita
2937 4753 3193 4818 lectione,
3249 4754 3381 4807 nihil
3431 4771 3494 4809 et

1880 4848 1947 4902 iis
1977 4865 2098 4919 qua!
2144 4849 2339 4905 divina:
2383 4850 2678 4920 Serip‘turze
2706 4851 2992 4904 continent
3032 4850 3308 4919 ignorare.
3342 4851 3495 4916 Quod

1879 4941 1921 4992 si
1955 4941 2006 4996 id
2036 4943 2371 5010 impossibile
2410 4944 2561 4997 vobis
2596 4943 2847 4999 videatur
2875 4958 3017 5005 esse,
3076 4960 3182 4996 non
3229 4945 3502 4999 immerito

1879 5033 2109 5089 videtur.
2153 5035 2296 5090 Mulli
2347 5037 2491 5090 enim
2540 5048 2647 5089 non
2703 5046 2952 5107 magnam
2988 5038 3205 5090 lectioni
3237 5038 3495 5092 ιιιιριιιίιιο

1880 5142 2002 5181 ncm
2033 5125 2313 5192 adhibent,
2344 5127 2438 5183 sed
2475 5127 2707 5183 lectione
2751 5127 3117 5197 perluucmtie
3143 5130 3347 5196 audita,
3388 5141 3498 5186 sta-

1878 5218 1972 5270 tim
2001 5218 2224 5272 domum
2266 5233 2326 5274 se
2370 5220 2658 5288 rccipiunt.
2699 5217 2861 5298 Quod
2896 5215 2940 5276 si
2979 5222 3068 5292 qui
3103 5223 3421 5285 manserint,
3460 5224 3492 5275 ii

1876 5327 1981 5364 non
2028 5308 2252 5366 meliore
2283 5320 2410 5366 sunt
2435 5313 2772 5378 conditione,
2802 5329 2964 5384 quam
2996 5317 3089 5384 qui
3123 5325 3488 5379 recesserunt,

1875 5416 2106 5469 corpore
2149 5402 2323 5456 solum
2359 5412 2681 5471 praise-mes.
2723 5401 2831 5458 Sed
2861 5414 2928 5458 ne
2956 5404 3188 5474 amplius
3217 5408 3494 5476 querimo-

1876 5496 1977 5547 niis
2007 5512 2101 5548 vos
2133 5495 2294 5549 ta-dio
2322 5495 2646 5561 al‘lieiamus,
2697 5513 2835 5552 neve
2877 5499 2929 5552 in
2961 5499 3481 5569 reprehensionibus

1875 5598 2043 5641 totum
2058 5595 2273 5655 tempus
2300 5595 2557 5650 teramus,
2585 5588 2862 5659 Evangelii
2888 5589 3050 5644 verba
3073 5591 3484 5660 aggrediamur:

1874 5687 2088 5748 tempus
2117 5679 2262 5732 enim
2293 5687 2378 5733 e~t
2411 5692 2466 5733 ιιι
2491 5695 2604 5734 rem
2645 5664 2974 5749 propositam
3003 5682 3350 5750 attingamus.
3379 5682 3486 5737 Sed

1872 5773 2110 5827 animum
2138 5772 2411 5838 adhibete,
2461 5789 2528 5827 tte
2559 5774 2687 5844 quid
2721 5791 2817 5830 vos
2853 5776 3121 5830 dictortnn
3148 5775 3385 5848 effugiat.
3423 5778 3487 5831 lat

1875 5866 2075 5917 verbum
2115 5881 2236 5919 curo
2273 5867 2466 5934 factum
2509 5879 2607 5932 est,
2640 5878 2686 5920 et
2726 5867 2975 5921 habitarit
3020 5869 3073 5921 iu
3117 5870 3282 5924 nobis.
3330 5870 3486 5923 l’nsto

1873 5971 2037 6025 quam
2067 5955 2270 6012 dixerat
2301 5959 2414 6010 ilius
2447 5959 2534 6028 qui
2568 5973 2691 6016 cum
2722 5975 3068 6032 receperunt.
3101 5979 3165 6014 υτ
3199 5964 3303 6014 lteo
3334 5972 3490 6017 natet

3120 6053 3152 6107 ii
