4064 6456
590 538 660 593 7D
1344 527 1400 582 S.
1439 521 1713 580 JOANNlS
1751 515 2213 575 (Il‘lRY‘SDSTOMl
2255 514 2569 569 ARCHIEP.
2610 511 3140 569 CONSTANTINOP.
3826 507 3894 575 80

594 663 643 705 el
678 651 769 707 Dei
797 650 937 703 ‘lilios
963 660 1118 711 esse,
1171 640 1452 698 inell‘abilis
1490 637 1648 707 hujus
1694 633 1915 689 honoris
1950 643 2166 686 causam

593 744 767 811 ail’ert,
818 742 953 796 hanc
980 752 1192 809 nempe,
1224 735 1367 806 quod
1397 732 1633 788 Verbum
1672 743 1797 783 caro
1829 727 2023 782 factum
2066 723 2168 787 sit,

595 845 649 891 et
676 832 929 889 Dominus
968 829 1112 885 servi
1141 826 1368 882 formam
1396 822 1684 892 acceperit.
1719 818 1882 873 Filius
1908 815 2049 870 enim
2074 811 2170 867 ho-

594 925 751 980 minis
795 920 1017 978 enectus
1054 928 1157 985 est,
1187 931 1327 972 cum
1370 928 1531 970 verus
1574 910 1664 966 Dei
1696 908 1865 964 Filius
1891 914 2064 972 isset,
2116 910 2174 956 ιιι

600 1015 842 1070 homines
874 1011 979 1068 Dei
1014 1009 1156 1066 ﬁlios
1200 1007 1457 1063 el'licerct.
1498 1001 1735 1058 Sublime
1782 1010 2012 1066 namque
2050 1008 2171 1047 cttm

596 1106 785 1163 humili
806 1116 1046 1168 versans,
1070 1100 1203 1156 nihil
1230 1099 1281 1152 in
1306 1096 1473 1168 gloria
1506 1108 1597 1149 sua
1625 1089 1856 1155 iterlitur,
1887 1084 2017 1141 illud
2046 1099 2172 1138 vero

594 1218 659 1256 ex
704 1200 865 1255 multa
907 1196 1063 1267 erigit
1109 1192 1407 1247 humilitate
1448 1206 1465 1244 :
1506 1183 1646 1257 quod
1678 1193 1732 1238 et
1760 1183 1810 1237 in
1838 1180 2051 1235 Clu-isto
2082 1176 2159 1229 fa-

592 1302 737 1346 ctum
783 1298 883 1345 est.
921 1286 1171 1341 Naturam
1207 1282 1404 1352 quippe
1438 1292 1587 1333 suam
1631 1274 1723 1329 tali
1768 1273 2030 1328 descensu
2062 1282 2168 1323 non

595 1382 814 1447 minuit;
842 1392 1044 1449 nosque
1072 1376 1159 1447 qtti
1185 1375 1237 1430 in
1269 1371 1559 1443 ignominia
1588 1377 1644 1425 et
1682 1367 1735 1422 in
1766 1363 2003 1422 tenebris
2028 1375 2167 1416 sem-

598 1489 692 1545 per
730 1470 1095 1533 versabamur,
1140 1465 1207 1521 ad
1237 1464 1458 1536 gloriam
1488 1459 1659 1517 erexit
1685 1454 2032 1513 ineffabilem.
2082 1451 2173 1508 Sic

592 1565 649 1621 'et
674 1580 762 1621 rex
793 1578 913 1619 cum
946 1549 1233 1631 pauperem
1277 1565 1331 1612 et
1376 1553 1677 1610 mendicum
1720 1548 2008 1618 alloquitur
2048 1559 2170 1598 cum

590 1655 775 1712 studio
800 1664 855 1710 et
895 1649 1286 1717 benevolentia,
1327 1646 1455 1703 nihil
1486 1654 1641 1714 turpe
1669 1643 1817 1705 facit,
1863 1640 2010 1694 illum
2044 1652 2171 1691 vero

601 1749 738 1818 apud
784 1762 972 1802 omnes
1012 1746 1271 1801 illustrem
1322 1756 1383 1796 ac
1424 1737 1762 1809 splendidum
1794 1732 1984 1789 reddit.
2019 1728 2171 1796 Quod

594 1840 639 1894 si
686 1840 737 1893 in
783 1839 870 1894 illa
915 1837 1199 1893 adventitia
1225 1847 1444 1905 prorsus
1472 1830 1747 1885 hominum
1780 1827 2040 1896 dignitate
2071 1822 2173 1875 ho-

596 1931 918 1984 noratiorem
989 1943 1108 1984 cum
1178 1923 1351 1981 viliori
1404 1920 1737 1979 consuetudo
1790 1917 1920 1973 nihil
1986 1914 2169 1978 lzedit;

595 2022 761 2077 multo
810 2022 985 2075 minus
1027 2017 1381 2074 immortalem
1427 2030 1489 2069 ac
1522 2014 1730 2069 beatam
1758 2012 1903 2066 illam
1934 2009 2175 2065 substan-

598 2116 745 2179 tiam,
778 2128 895 2183 quae
923 2112 1054 2167 nihil
1082 2107 1645 2172 adventitium‘habet,
1678 2105 1810 2161 nihil
1838 2104 1981 2174 quod
2014 2102 2175 2158 modo

595 2204 754 2266 adsit,
803 2203 961 2258 modo
997 2201 1154 2267 absit,
1198 2200 1291 2255 sed
1322 2199 1498 2252 omnia
1525 2198 1661 2251 bona
1690 2198 1908 2249 innuota
1937 2203 1990 2249 et
2016 2193 2080 2247 ad
2110 2194 2171 2245 ti-

596 2310 718 2350 nem
763 2309 928 2364 usque
976 2290 1266 2347 manentia.
1302 2288 1484 2360 Itaque
1518 2302 1637 2343 cum
1666 2286 1920 2349 audieris,
1956 2283 2174 2339 Verbum

597 2405 715 2441 caro
756 2393 943 2458 factum
988 2396 1095 2447 est,
1140 2402 1210 2442 ne
1261 2385 1511 2451 turberis,
1568 2398 1637 2439 ne
1680 2380 1950 2438 concidas.
1990 2378 2174 2449 Neque

599 2479 741 2532 enim
782 2478 1078 2533 substantia
1122 2476 1319 2533 decidit
1362 2476 1414 2531 in
1465 2490 1681 2531 carnem
1723 2473 1981 2544 (impium
2030 2471 2173 2525 cnim

598 2578 739 2623 esset
772 2567 821 2621 id
851 2567 929 2621 vel
960 2568 1199 2638 cogitare
1225 2567 1265 2637 ).
1312 2565 1405 2623 sed
1460 2580 1685 2621 manens
1729 2563 1871 2635 quod
1919 2570 2055 2625 erat,
2098 2560 2177 2616 sic

597 2657 821 2713 formam
852 2660 991 2713 servi
1021 2659 1247 2728 accepit.

665 2748 722 2802 2.
750 2746 856 2805 Cur
874 2759 1049 2803 autem
1086 2749 1175 2803 illo
1206 2748 1388 2813 verbo,
1423 2746 1640 2802 Factum
1669 2758 1760 2811 est,
1796 2760 1923 2801 usus
1951 2744 2075 2801 est?
2112 2744 2179 2801 Ut

603 2839 970 2894 luereticorum
998 2853 1087 2893 ora
1128 2839 1429 2894 Obstrueret
1456 2837 1557 2909 (α).
1588 2837 1719 2906 Quia
1758 2839 1898 2891 enim
1940 2836 2179 2907 suntqui

600 2930 798 2993 dicant,
822 2946 881 2985 ea
905 2946 1021 3001 qua:
1043 2932 1457 2987 incarnationem
1485 2938 1807 3001 spectarent,
1848 2930 2177 2999 phantasiam

598 3028 653 3073 et
685 3020 983 3087 ﬁgmentum
1010 3035 1149 3084 esse,
1183 3029 1238 3075 ut
1286 3036 1470 3075 eorum
1507 3019 1885 3090 blasphemiam
1914 3019 1979 3073 de
2006 3018 2179 3073 medio

603 3109 788 3163 tollere
812 3119 1169 3178 przcvertcrct,
1193 3110 1316 3164 illud
1343 3109 1582 3174 verbum,
1612 3108 1822 3162 Factum
1848 3119 1939 3173 est,
1962 3108 2135 3177 posuit
2164 3126 2176 3160 :

606 3214 711 3254 non
752 3210 809 3254 ut
858 3200 1201 3256 mutationem
1242 3202 1572 3266 substantiae,
1612 3200 1768 3265 absit,
1811 3200 1903 3255 sed
1950 3210 2006 3252 nt
2044 3213 2183 3252 vera:

603 3291 778 3347 carnis
794 3291 1209 3361 assumptionem
1229 3292 1542 3347 declararet.
1566 3290 2018 3360 Quemadmodmn
2041 3291 2180 3345 enim

603 3396 722 3434 eum
766 3380 913 3446 dicit,
961 3380 1187 3436 Christus
1232 3399 1320 3436 nos
1357 3383 1583 3437 liberat-it
1625 3382 1689 3436 de
1721 3381 1985 3436 maledicto
2037 3381 2179 3451 legis,

604 3470 765 3539 {actus
796 3487 887 3541 pro
915 3471 1055 3527 nobis
1085 3474 1400 3527 maledictum
1436 3472 1578 3542 (Gul.
1611 3473 1662 3527 5.
1698 3471 1803 3542 15),
1836 3488 1939 3526 non
1980 3472 2182 3542 signiti-

602 3577 688 3617 ca.
725 3563 1069 3618 substantiam
1100 3578 1249 3618 suam
1278 3578 1306 3617 a
1334 3565 1501 3634 gloria
1542 3563 1931 3627 abscedentem,
1976 3563 2025 3617 in
2066 3578 2181 3617 ma-

606 3653 855 3709 lcdiclum
894 3670 1099 3710 versam
1139 3670 1257 3711 esse
1280 3655 1438 3725 (illud
1478 3656 1617 3710 enim
1650 3671 1716 3709 ne
1753 3656 2024 3710 dtemones
2063 3655 2181 3724 qni-

604 3744 745 3808 dem,
779 3761 952 3816 neque
980 3747 1063 3802 vel
1105 3747 1402 3801 stultissimi
1433 3756 1487 3801 et
1524 3758 1764 3802 amentes
1801 3746 2180 3817 cogitaverim;

609 3844 805 3890 tantam
838 3853 1027 3908 nempe
1060 3839 1196 3907 sapit
1240 3838 1366 3893 illud
1396 3854 1519 3893 cum
1548 3838 1816 3908 impietate
1845 3839 2182 3907 conjunctam

605 3925 904 3997 stultitiam)
936 3944 949 3981 :
983 3944 1086 3984 non
1129 3930 1286 3999 igitur
1308 3928 1411 3985 hoc
1438 3931 1584 3994 dicit,
1629 3930 1721 3985 sed
1759 3930 1927 4000 ipsum
1970 3940 2186 4003 accrpto

607 4017 716 4083 illo,
744 4020 883 4089 quod
910 4031 1093 4075 contra
1123 4036 1218 4075 tios
1244 4028 1378 4087 erat,
1398 4021 1711 4085 maledicto,
1748 4038 1851 4077 non
1886 4023 2061 4078 sinere
2088 4040 2186 4079 nos

606 4113 829 4180 amplius
861 4113 1169 4169 maledictos
1196 4128 1314 4168 esse
1346 4131 1360 4169 :
1392 4114 1469 4169 sic
1492 4122 1545 4168 ct
1581 4113 1681 4169 hoc
1709 4114 1827 4169 loco
1851 4114 1979 4169 dicit
2014 4114 2181 4185 ipsum

607 4217 817 4257 ett-nem
856 4203 1044 4259 factum
1073 4221 1209 4267 esse,
1242 4221 1345 4259 non
1379 4216 1576 4261 umtata
1608 4206 1657 4259 in
1685 4221 1897 4260 carnem
1935 4206 2182 4260 substan-

608 4292 695 4355 tia,
732 4294 822 4347 sed
855 4305 971 4363 post
1008 4306 1279 4365 acceptam
1309 4312 1524 4351 carnem
1566 4297 1653 4351 illa
1691 4298 1883 4353 intacta
1914 4310 2183 4353 manente.

607 4384 757 4450 Quod
787 4386 829 4438 si
863 4386 1109 4445 dixerint.
1145 4386 1308 4441 Deum
1345 4396 1398 4441 ut
1438 4389 1525 4457 qui
1557 4389 1731 4441 omnia
1771 4390 1952 4457 possit,
1989 4390 2040 4443 in
2072 4405 2186 4444 carv

610 4493 729 4531 nem
776 4478 1021 4534 decidere
1070 4481 1302 4550 potuisse
1350 4496 1362 4531 :
1409 4480 1850 4548 respondebimus
1895 4481 2018 4547 illis,
2067 4497 2187 4537 eum

609 4572 785 4623 omnia
818 4587 969 4637 posse
997 4572 1165 4628 donec
1191 4589 1257 4626 nu
1281 4581 1365 4626 net
1396 4572 1573 4637 Deus;
1616 4572 1708 4627 sed
1750 4572 1792 4626 si
1840 4575 2182 4629 mutationem

607 4661 895 4726 admiserit,
930 4664 1033 4717 imo
1061 4665 1406 4719 mutationem
1440 4665 1493 4719 in
1538 4667 1708 4736 pejus,
1738 4666 2004 4736 quomodo
2049 4667 2185 4721 Deus

610 4752 803 4806 fuerit?
827 4752 957 4807 Nam
988 4754 1200 4818 mutari,
1236 4755 1390 4825 longe
1422 4763 1503 4810 cst
1532 4755 1599 4810 ab
1642 4758 1925 4811 itnmortali
1961 4757 2046 4811 illa
2088 4774 2151 4811 na

611 4854 744 4895 tura.
771 4844 1103 4912 Quapropter
1125 4845 1377 4915 propheta
1406 4845 1613 4901 diccbat
1642 4864 1655 4902 :
1682 4848 1866 4902 Omnes
1886 4849 2013 4902 sicut
2045 4849 2187 4901 resti-

610 4940 826 4983 mcntum
871 4943 1193 4993 reterascent,
1245 4944 1288 4987 et
1328 4935 1453 4987 sicut
1490 4937 1796 5005 opertorium
1833 4938 2046 4989 mutabis
2082 4953 2183 5000 eos,

606 5031 651 5074 et
682 5033 1015 5080 mutabuntur.
1056 5023 1131 5078 Ttt
1158 5036 1320 5078 autem
1352 5026 1481 5078 idem
1514 5028 1622 5095 ipse
1646 5044 1718 5091 es,
1744 5038 1792 5081 et
1818 5028 1940 5080 anui
1971 5028 2043 5080 tui
2088 5045 2187 5081 nou

608 5114 835 5181 deﬁcient
860 5114 1025 5185 (I’sul.
1064 5118 1181 5171 101.
1206 5116 1321 5187 9.7).
1355 5117 1475 5173 llzuc
1506 5121 1699 5189 quippe
1727 5122 2019 5174 substantia
2043 5120 2185 5175 omni

607 5206 894 5260 mutatione
933 5210 1177 5276 superior
1215 5218 1313 5262 est.
1363 5208 1543 5278 Neque
1586 5210 1727 5263 aliud
1781 5212 2052 5280 quidpiam
2100 5212 2188 5264 illo

608 5298 794 5351 melius
826 5308 926 5362 est,
960 5310 1013 5353 ιιι
1050 5300 1374 5369 proficiendo
1414 5304 1578 5372 possit
1620 5303 1682 5357 ad
1714 5304 1838 5358 illud
1888 5306 2183 5374 pervenire.

667 5470 738 5531 (ιι)
773 5473 853 5520 tlie
885 5471 991 5540 illos
1026 5474 1284 5523 insectatur
1307 5476 1578 5533 hiereticos,
1602 5476 1685 5540 qui
1724 5485 1954 5538 [)ttL'tl'Clll.
1987 5478 2184 5527 simula-

605 5541 699 5603 t-nn
737 5547 847 5603 esse
885 5534 1292 5603 incarnationem;
1319 5551 1496 5603 nempe
1530 5534 1839 5603 simulatione
1875 5549 1925 5589 et
1958 5542 2185 5601 opinione

605 5602 788 5661 tantum
814 5597 859 5642 iu
884 5609 1030 5644 carne
1053 5597 1310 5661 advenisse
1334 5597 1551 5648 Verbum
1599 5600 1901 5661 ell'utieutes,
1929 5597 2074 5659 δωζάσιι
2097 5606 2186 5651 sci—

606 5654 735 5727 licet,
769 5670 877 5727 qua
904 5671 991 5705 vox
1034 5660 1166 5727 initio
1201 5662 1441 5727 nascentis
1475 5661 1699 5727 Ecclesia:
1722 5676 1757 5727 ra
1793 5654 2189 5727 novatorilmsin-

605 5716 749 5785 ducta
782 5716 893 5771 l‘utt.
928 5721 1183 5785 ut__videas
1205 5720 1341 5785 apud
1368 5720 1607 5785 [gnatium
1644 5723 1857 5785 Epistula
1891 5726 1951 5771 ad
1988 5724 2183 5773 Trallia-

607 5789 709 5845 nos,
740 5780 953 5841 itemque
979 5780 1131 5845 Epist.
1157 5781 1216 5830 ad
1237 5780 1501 5845 Smyrn'mos
1550 5780 1870 5834 illam'auteu
1897 5800 2066 5835 vocem
2102 5796 2182 5834 Ia-

606 5842 709 5919 llare
733 5854 1021 5919 ιςιιιιινιιειιιιι
1058 5842 1209 5919 habes
1241 5842 1366 5903 apud
1405 5844 1773 5919 inclitum-nubi
1810 5848 2184 5919 saxrﬁtz‘fmlﬂiil'e

606 5902 889 5971 expt’pnitur
915 5902 1045 5971 libro
1068 5904 1177 5960 l,et
1208 5902 1550 5966 setiuenttbns.
1576 5902 1899 5971 Subindeque
1916 5902 1996 5957 alii
2022 5919 2091 5958 ss.
2109 5920 2183 5959 ra-

608 5965 709 6008 tres
732 5963 851 6011 hanc
877 5967 1100 6012 ha‘resim
1124 5963 1578 6016 commemorarunt.

2280 629 2415 697 Quid
2444 628 2562 683 dico
2602 628 2829 683 melius?
2869 627 3006 682 Nihil
3036 628 3083 682 ci
3125 642 3221 697 par
3248 637 3346 691 est,
3394 628 3472 682 vel
3516 625 3795 681 tantillum
3825 629 3897 679 ad

2280 723 2426 776 illum
2453 721 2668 777 accedit.
2707 720 2961 791 Sequitur
2982 734 3111 789 ergo
3142 720 3312 790 ipsum
3343 720 3392 773 in
3426 718 3579 789 pejus
3613 727 3891 772 mutatum

2280 828 2399 867 csse
2421 813 2462 867 si
2492 820 2725 866 mutatus
2749 814 2835 866 sit.
2871 810 2981 866 [loc
3002 819 3182 866 autem
3216 825 3320 865 non
3352 819 3525 880 potest
3556 810 3704 863 Deus
3741 823 3889 863 esse.

2281 904 2385 959 Sed
2422 903 2746 974 blasphemia
2778 904 2829 957 in
2856 914 3014 972 caput
3041 918 3249 967 eorum,
3292 905 3380 972 qui
3424 901 3539 956 lure
3573 900 3890 970 proferunt,

2280 1005 2534 1050 vertatur.
2558 993 2708 1061 Quod
2734 995 2878 1050 enim
2917 994 3069 1059 illud,
3108 992 3326 1047 Factum
3354 1002 3452 1060 cst,
3512 992 3637 1048 ideo
3675 992 3892 1046 dictum

2280 1089 2368 1155 sit,
2402 1097 2459 1144 ut
2485 1105 2550 1145 ne
2581 1088 2913 1159 phantasiam
2938 1102 3056 1143 esse
3082 1087 3390 1157 8n5piceris,
3422 1085 3800 1141 animadverte
3822 1099 3893 1138 ex

2280 1181 2344 1234 iis
2370 1197 2489 1252 qua:
2515 1190 2829 1252 sequuntur,
2861 1178 3128 1250 quomodo
3177 1189 3231 1235 et
3265 1178 3462 1234 dictum
3496 1177 3625 1233 illud
3653 1185 3712 1233 ct.
3758 1192 3890 1247 pm-

2279 1288 2399 1327 vam
2431 1273 2565 1328 hanc
2615 1273 2971 1342 suspicionem
3018 1280 3301 1343 expurget.
3353 1268 3543 1325 Snbtlit
3591 1270 3766 1331 enim,
3817 1267 3887 1322 Et

2280 1364 2520 1417 habitavit
2546 1365 2597 1418 in
2624 1364 2784 1429 nobis,
2817 1378 2880 1419 ac
2919 1363 2965 1417 si
2998 1362 3197 1418 diceret
3228 1378 3244 1417 :
3274 1362 3414 1417 Nihil
3447 1360 3745 1416 absurdum
3789 1375 3856 1414 su
3876 1390 3889 1401 -

2278 1457 2500 1526 spiceris
2522 1471 2585 1511 ex
2610 1456 2709 1511 hoc
2733 1456 2903 1521 dicto,
2935 1455 2981 1510 ια’
2984 1466 3149 1510 actum
3173 1466 3264 1511 est.
3304 1454 3421 1510 Non
3452 1456 3593 1511 enim
3623 1455 3888 1510 immuta-

2281 1547 2399 1601 bilis
2448 1556 2650 1601 natura:
2698 1549 3081 1613 mutationem,
3142 1547 3236 1603 sed
3296 1546 3685 1602 habitationem
3739 1545 3885 1599 dixi.

2282 1637 2544 1693 llabitatio
2564 1646 2741 1693 autem
2786 1654 2893 1694 non
2934 1638 3160 1709 idipsnm
3189 1648 3271 1694 est
3315 1636 3455 1710 quod
3486 1637 3883 1701 habitaculum,

2279 1728 2372 1783 sed
2404 1727 2564 1783 aliud.
2593 1728 2749 1784 Aliud
2779 1729 2920 1785 enim
2948 1730 2998 1784 in
3025 1730 3129 1785 alio
3154 1728 3391 1795 habitat;
3424 1728 3557 1783 alias
3591 1728 3738 1783 enim
3771 1743 3881 1781 non

2279 1830 2421 1876 esset
2450 1820 2705 1876 habitatio
2739 1839 2751 1876 :
2782 1822 2915 1877 nihil
2957 1822 3099 1877 enim
3143 1821 3195 1875 in
3241 1821 3420 1891 seipso
3454 1818 3683 1875 habitat.
3716 1817 3883 1873 Aliud

2281 1927 2407 1965 vero
2431 1911 2542 1966 dixi
2569 1911 2859 1967 secundum
2888 1912 3260 1967 substantiam.
3291 1910 3423 1966 Nam
3445 1912 3651 1965 unitate
3675 1919 3727 1964 et
3750 1924 3884 1964 con-

2274 2003 2549 2072 junctione
2578 2003 2718 2059 Deus
2749 2002 2981 2059 Verbum
3014 2012 3066 2059 et
3090 2018 3216 2058 caro
3239 2017 3403 2059 unum
3425 2011 3551 2058 sunt
3579 2020 3592 2055 :
3621 2002 3742 2055 sine
3775 2001 3883 2055 ulla

2280 2092 2610 2159 confusione,
2631 2094 2713 2150 vel
2734 2095 3149 2151 substantiartun
3173 2095 3461 2159 ablatione,
3485 2092 3579 2149 sed
3599 2108 3695 2161 per
3718 2091 3883 2143 mlio-

2282 2202 2402 2241 nem
2426 2187 2744 2243 ineffabilem
2785 2188 3336 2257 iuexplicabilcmque.
3378 2186 3659 2254 Quomodo
3695 2194 3881 2238 autem

2282 2278 2331 2332 id
2386 2280 2471 2333 liat
2523 2294 2589 2333 ne
2626 2294 2869 2350 quaeras;
2919 2278 3113 2335 factum
3144 2288 3226 2334 cst
3255 2279 3396 2333 enim
3444 2290 3501 2331 ut
3542 2277 3657 2347 ipse
3705 2277 3877 2330 novit.

2280 2369 2560 2437 Quodnam
2594 2385 2722 2441 ergo
2764 2370 2860 2425 fuit
2908 2369 3290 2433 habitaculum,
3336 2370 3388 2424 in
3430 2383 3537 2440 quo
3579 2367 3882 2421 habitavit?

2282 2461 2419 2516 Audi
2467 2461 2779 2532 prophetam
2825 2461 3091 2517 (licentem
3138 2478 3151 2514 :
3196 2460 3460 2515 Suscitabo
3491 2457 3879 2512 tabernaculum

2284 2552 2471 2621 David,
2496 2554 2630 2625 quod
2655 2555 2831 2609 cecidit
2854 2554 3051 2624 (Αιιιοε.
3077 2554 3127 2610 9.
3160 2554 3268 2623 ll).
3301 2552 3438 2608 Vere
3467 2567 3700 2621 namque
3726 2552 3877 2605 ccci-

2282 2646 2378 2707 dit,
2407 2648 2598 2701 cecidit
2636 2656 2818 2701 natura
2852 2655 3029 2701 nostra
3080 2661 3207 2700 casu
3238 2645 3538 2709 incurabili,
3583 2653 3633 2698 et
3664 2645 3876 2713 potenti

2286 2738 2373 2793 illa
2404 2755 2561 2793 manu
2591 2739 2702 2793 Sttia
2730 2739 2940 2810 egebat.
2974 2739 3155 2809 Neque
3177 2739 3317 2793 enim
3349 2747 3555 2808 poterat
3579 2737 3686 2790 alio
3714 2736 3881 2791 nmdo

2285 2849 2585 2904 remrgcre,
2618 2835 2716 2887 nisi
2750 2833 2793 2888 is
2822 2834 2911 2905 qui
2940 2834 2993 2887 in
3019 2832 3278 2903 principio
3306 2832 3447 2886 illam
3476 2829 3876 2895 ell‘ormavcmt,

2286 2925 2384 2994 i,si
2418 2941 2631 2978 manum
2658 2926 3003 2995 perrexisset,
3030 2934 3079 2978 et
3102 2938 3332 2993 superne
3361 2924 3502 2977 illam
3532 2924 3879 2976 reformasset

2286 3032 2381 3085 per
2409 3032 2558 3087 aqua:
2601 3016 3057 3087 regenerationem
3102 3023 3157 3070 et
3191 3015 3439 3085 Spiritus.
3472 3014 3538 3068 Et
3581 3013 3699 3067 vide
3742 3012 3877 3065 mihi

2287 3108 2611 3163 htn'rendum
2641 3117 2695 3162 ct
2718 3123 2969 3163 arcanum
2993 3106 3327 3180 mysterium.
3349 3106 3573 3176 Semper
3590 3104 3791 3158 habitat
3826 3104 3878 3157 iu

2290 3200 2389 3254 hoc
2446 3201 3083 3257 tabernaculozcarnem
3140 3199 3336 3270 quippe
3391 3208 3623 3252 nostrain
3680 3198 3879 3259 ind..it,

2290 3311 2392 3347 non
2426 3304 2479 3346 ιιι
2517 3304 2697 3361 postea
2742 3293 3086 3364 relinqueret,
3133 3292 3226 3347 sed
3258 3291 3399 3346 illam
3440 3305 3655 3360 semper
3693 3304 3879 3344 St'ClllH

2290 3385 2580 3439 h..bitnrus.
2617 3385 2724 3439 Nisi
2756 3386 2901 3441 enim
2925 3383 3025 3439 hoc
3044 3392 3208 3447 esset,
3241 3399 3345 3437 non
3377 3382 3520 3437 illaut
3554 3381 3700 3451 regio
3740 3379 3883 3434 solio

2288 3480 2533 3549 dignatus
2551 3488 2713 3545 esset,
2739 3494 2911 3550 neque
2928 3478 3094 3548 ipsam
3117 3475 3294 3531 ferens
3311 3475 3628 3530 adorarctur
3644 3474 3713 3528 ab
3732 3474 3880 3527 omni

2287 3572 2483 3627 etetesti
2531 3571 2793 3638 exercitu,
2835 3569 2903 3624 ab
2943 3568 3167 3639 angelis,
3216 3566 3550 3637 archangelis
3576 3607 3590 3629 ,
3647 3565 3878 3627 tbroois,

2288 3664 2775 3729 dominationibus,
2834 3662 3259 3734 [wineipatibuh
3320 3660 3690 3731 potestatibus.
3749 3658 3885 3727 Quis

2289 3773 2487 3821 sermo,
2513 3772 2631 3827 qna:
2654 3772 2828 3821 meus,
2863 3766 3067 3811 tantum
3108 3754 3255 3809 illum
3282 3752 3541 3808 honorent
3572 3751 3754 3821 generi
3786 3767 3884 3805 no-

2282 3859 2401 3903 stro
2424 3850 2697 3914 collatura,
2744 3846 3210 3917 supernaturalem
3262 3846 3407 3899 illum
3453 3854 3507 3898 et
3553 3842 3883 3898 horrendum

2289 3940 2557 4010 explicare
2590 3941 2822 4010 poterit?
2871 3938 3000 4007 Quis
3043 3937 3297 4009 angelus?
3325 3938 3443 4008 quis
3483 3934 3886 4006 al‘chaugelus?

2290 4032 2477 4087 Nullus
2506 4048 2724 4105 usquam
2748 4033 2833 4088 vel
2864 4033 2914 4087 in
2944 4033 3076 4088 melo
3108 4032 3187 4087 vel
3229 4030 3281 4086 in
3313 4040 3475 4087 terra.
3505 4029 3653 4085 Talia
3684 4033 3888 4099 quippe

2290 4135 2415 4181 sunt
2438 4126 2528 4182 Dei
2562 4142 2745 4197 opera,
2774 4136 2915 4180 tanta
2946 4136 3161 4196 tamque
3185 4124 3609 4195 supernaturalia
3635 4123 3754 4193 ejus
3787 4124 3885 4179 bc-

2292 4218 2500 4281 nel'icia,
2520 4229 2581 4273 nt
2611 4237 2713 4273 non
2746 4220 2903 4273 modo
2918 4218 3209 4273 humanam
3236 4218 3489 4286 linguam,
3514 4215 3608 4271 sed
3630 4224 3692 4272 et
3714 4231 3887 4286 ange-

2283 4310 2446 4365 licam
2496 4312 2744 4366 virtutem
2799 4318 3015 4380 supcrct
3068 4325 3255 4365 eorum
3314 4317 3562 4363 accurata
3624 4310 3884 4365 narratio.

2293 4400 2648 4469 Quamobrem
2674 4415 2776 4455 nos
2806 4401 3118 4455 concionem
3144 4400 3279 4454 hanc
3301 4399 3516 4455 silentio
3541 4398 3885 4468 claudentes,

2293 4511 2411 4548 cum
2452 4510 2547 4549 vos
2596 4496 2979 4561 monuerimus,
3024 4504 3082 4549 ut
3128 4494 3454 4550 benefactori
3507 4502 3659 4549 tanto
3708 4495 3886 4550 vicem

2292 4587 2615 4657 rependatis,
2645 4588 2799 4655 cujus
2834 4588 2908 4642 rei
2939 4588 3144 4643 lucrum
3180 4596 3355 4641 totum
3391 4588 3543 4641 nobis
3575 4598 3760 4657 postea
3794 4604 3887 4643 re-

2294 4678 2568 4747 pendetur.
2586 4678 2769 4733 Vicetn
2790 4690 2964 4733 autem
2985 4678 3342 4748 rependimns,
3369 4679 3411 4733 si
3430 4693 3673 4749 magnam
3690 4679 3889 4733 anima:

2294 4778 2489 4822 nostra:
2538 4784 2721 4822 curam
2768 4768 3081 4823 habeamus.
3132 4769 3262 4823 Nam
3296 4779 3347 4824 ct
3388 4768 3491 4823 hoc
3540 4770 3889 4840 benignitatis

2294 4864 2434 4918 illius
2464 4879 2597 4933 Opus
2644 4874 2748 4930 est,
2800 4874 2855 4918 nt
2895 4880 3017 4919 ctnn
3067 4863 3213 4917 nullo
3265 4874 3509 4918 nostrum
3557 4875 3730 4933 egeat,
3783 4867 3888 4921 sibi

2294 4957 2460 5009 vicem
2492 4956 2707 5025 rependi
2748 4956 2910 5017 dicat,
2956 4972 3077 5010 cum
3121 4972 3216 5011 nos
3245 4958 3477 5010 animam
3505 4966 3744 5012 nostram
3779 4974 3888 5013 non

2295 5047 2628 5117 negligimus.
2658 5047 3015 5115 Quamobrem
3046 5058 3301 5102 extremae
3340 5046 3589 5103 :nnentire
3629 5058 3797 5114 esset,
3840 5061 3893 5105 et

2293 5139 2583 5193 innumeris
2604 5138 2819 5209 dignum
2844 5139 3136 5208 suppliciis,
3171 5148 3374 5192 tantum
3395 5146 3758 5207 consequutus
3794 5138 3893 5193 ho-

2296 5247 2499 5295 norem,
2535 5244 2637 5284 non
2667 5246 2727 5285 ea
2756 5246 2875 5300 quat
2899 5245 3062 5300 penes
3094 5245 3189 5284 nos
3217 5239 3342 5283 sunt
3365 5228 3592 5294 referre,
3624 5244 3750 5285 cum
3777 5247 3893 5285 ma-

2295 5322 2435 5377 xime
2481 5330 2585 5375 tota
2629 5323 2704 5376 rei
2752 5322 2951 5376 utilitas
2980 5323 3029 5375 in
3074 5337 3170 5375 nos
3200 5322 3484 5385 redundet,
3521 5330 3574 5375 et
3602 5320 3890 5376 innumera

2296 5413 2445 5469 nobis
2475 5415 2524 5468 in
2553 5414 2708 5482 hujus
2735 5414 2812 5468 rei
2846 5413 3148 5468 mercedem
3174 5413 3407 5480 reposita
3442 5412 3580 5467 bona
3622 5415 3748 5466 sint.
3785 5413 3891 5467 l‘ro

2295 5505 2374 5561 his
2408 5523 2536 5561 vero
2585 5507 2830 5560 ntunibus
2878 5506 3106 5574 gleriatn
3158 5504 3453 5559 referamus
3505 5506 3893 5573 benignissimo

2295 5598 2423 5663 Deo,
2455 5614 2559 5651 non
2582 5599 2761 5652 verbis
2790 5607 3015 5651 tantum.
3060 5596 3152 5649 sed
3194 5596 3362 5650 multo
3403 5597 3569 5666 magis
3608 5597 3887 5665 operibus,

2295 5700 2350 5743 ut
2382 5690 2553 5743 futura
2602 5704 2995 5757 consequamur
3044 5688 3180 5741 bona
3223 5706 3234 5741 :
3276 5702 3394 5756 qua:
3447 5688 3648 5740 utinam
3694 5702 3889 5741 Otum-5

2292 5780 2668 5847 adipiscamur,
2704 5779 2872 5847 gratia
2902 5788 2955 5831 et
2983 5778 3305 5847 benignitate
3341 5777 3546 5830 Domini
3574 5779 3741 5831 nostri
3762 5778 3889 5832 Jesu

2293 5869 2512 5934 Christi,
2541 5884 2635 5938 per
2660 5883 2817 5938 quent
2846 5878 2899 5921 et
2940 5884 3058 5922 cmn
3089 5884 3194 5936 quo
3225 5867 3361 5921 Patri
3395 5868 3586 5935 gloria,
3617 5868 3887 5938 simulque

2296 5964 2513 6032 Spiritui
2538 5974 2743 6029 sancto,
2777 5964 2828 6015 in
2857 5962 3048 6015 sa‘cnla
3084 5961 3422 6015 smeulorum.
3459 5963 3649 6015 Amen.
