  <div class='ocr_page' id='page_1' title='image "/cluster/home/n/w/nwhite01/storage/ocr_20150623/59/ien.35556001660869/088.png"; bbox 0 0 4048 6440; ppageno 0'>
   <div class='ocr_carea' id='block_1_1' title="bbox 159 427 3477 508">
    <p class='ocr_par' dir='ltr' id='par_1_1' title="bbox 159 427 3477 508">
     <span class='ocr_line' id='line_1_1' title="bbox 159 427 3477 508; baseline 0.004 -26"><span class='ocrx_word' id='word_1_1' title='bbox 159 467 222 508; x_wconf 53' lang='grc' dir='ltr'>ο,</span> <span class='ocrx_word' id='word_1_2' title='bbox 1294 432 1363 488; x_wconf 74' lang='lat' dir='ltr'><strong>IN</strong></span> <span class='ocrx_word' id='word_1_3' title='bbox 1407 431 1720 490; x_wconf 60' lang='lat' dir='ltr'><strong>iussae.“</strong></span> <span class='ocrx_word' id='word_1_4' title='bbox 1753 430 1985 485; x_wconf 64' lang='lat' dir='ltr'><strong>nomn.</strong></span> <span class='ocrx_word' id='word_1_5' title='bbox 2027 429 2142 485; x_wconf 83' lang='lat' dir='ltr'><strong>xu.</strong></span> <span class='ocrx_word' id='word_1_6' title='bbox 2184 431 2254 483; x_wconf 91' lang='lat' dir='ltr'><strong>al.</strong></span> <span class='ocrx_word' id='word_1_7' title='bbox 2301 427 2390 484; x_wconf 78' lang='lat' dir='ltr'><strong>XI.</strong></span> <span class='ocrx_word' id='word_1_8' title='bbox 3407 439 3477 496; x_wconf 67' lang='lat' dir='ltr'><strong>ss</strong></span> 
     </span>
    </p>
   </div>
   <div class='ocr_carea' id='block_1_2' title="bbox 159 561 3478 599">
    <p class='ocr_par' dir='ltr' id='par_1_2' title="bbox 159 561 3478 599">
     <span class='ocr_line' id='line_1_2' title="bbox 159 561 3478 599; baseline 0.004 -15"><span class='ocrx_word' id='word_1_9' title='bbox 159 561 3478 599; x_wconf 49' lang='grc' dir='ltr'><strong>’Μ</strong></span> 
     </span>
    </p>
   </div>
   <div class='ocr_carea' id='block_1_3' title="bbox 1571 638 2125 704">
    <p class='ocr_par' dir='ltr' id='par_1_3' title="bbox 1571 638 2125 704">
     <span class='ocr_line' id='line_1_3' title="bbox 1571 638 2125 704; baseline 0 -4"><span class='ocrx_word' id='word_1_10' title='bbox 1571 638 1916 702; x_wconf 76' lang='lat' dir='ltr'><strong>HOMILIA</strong></span> <span class='ocrx_word' id='word_1_11' title='bbox 1983 641 2125 704; x_wconf 83' lang='lat' dir='ltr'><strong>XII.</strong></span> 
     </span>
    </p>
   </div>
   <div class='ocr_carea' id='block_1_4' title="bbox 161 790 1762 876">
    <p class='ocr_par' dir='ltr' id='par_1_4' title="bbox 161 790 1762 876">
     <span class='ocr_line' id='line_1_4' title="bbox 161 790 1762 876; baseline -0.013 -15"><span class='ocrx_word' id='word_1_12' title='bbox 161 805 226 862; x_wconf 81' lang='lat' dir='ltr'><strong>Et</strong></span> <span class='ocrx_word' id='word_1_13' title='bbox 275 806 490 860; x_wconf 72' lang='lat' dir='ltr'><strong>uidimus</strong></span> <span class='ocrx_word' id='word_1_14' title='bbox 536 805 751 876; x_wconf 76' lang='lat' dir='ltr'><strong>gloriam</strong></span> <span class='ocrx_word' id='word_1_15' title='bbox 790 804 920 873; x_wconf 78' lang='lat' dir='ltr'><strong>ejus,</strong></span> <span class='ocrx_word' id='word_1_16' title='bbox 975 799 1190 872; x_wconf 79' lang='lat' dir='ltr'><strong>gloriam</strong></span> <span class='ocrx_word' id='word_1_17' title='bbox 1231 794 1378 865; x_wconf 84' lang='lat' dir='ltr'><strong>quasi</strong></span> <span class='ocrx_word' id='word_1_18' title='bbox 1429 790 1689 862; x_wconf 74' lang='lat' dir='ltr'><strong>Uuigruiti</strong></span> <span class='ocrx_word' id='word_1_19' title='bbox 1727 804 1762 840; x_wconf 79' lang='grc' dir='ltr'><em>α</em></span> 
     </span>
    </p>
   </div>
   <div class='ocr_carea' id='block_1_5' title="bbox 485 885 1442 965">
    <p class='ocr_par' dir='ltr' id='par_1_5' title="bbox 485 885 1442 965">
     <span class='ocr_line' id='line_1_5' title="bbox 485 885 1442 965; baseline -0.01 -15"><span class='ocrx_word' id='word_1_20' title='bbox 485 895 658 960; x_wconf 83' lang='lat' dir='ltr'><strong>Patre,</strong></span> <span class='ocrx_word' id='word_1_21' title='bbox 689 895 892 965; x_wconf 85' lang='lat' dir='ltr'><strong>plenum</strong></span> <span class='ocrx_word' id='word_1_22' title='bbox 920 891 1098 963; x_wconf 69' lang='lat' dir='ltr'><strong>gratia:</strong></span> <span class='ocrx_word' id='word_1_23' title='bbox 1125 901 1170 943; x_wconf 83' lang='lat' dir='ltr'><strong>et</strong></span> <span class='ocrx_word' id='word_1_24' title='bbox 1199 885 1442 942; x_wconf 76' lang='lat' dir='ltr'><strong>ueritatis.</strong></span> 
     </span>
    </p>
   </div>
   <div class='ocr_carea' id='block_1_6' title="bbox 235 976 1760 1058">
    <p class='ocr_par' dir='ltr' id='par_1_6' title="bbox 235 976 1760 1058">
     <span class='ocr_line' id='line_1_6' title="bbox 235 976 1760 1058; baseline -0.009 -14"><span class='ocrx_word' id='word_1_25' title='bbox 235 992 288 1045; x_wconf 73' lang='grc' dir='ltr'><strong>ί.</strong></span> <span class='ocrx_word' id='word_1_26' title='bbox 320 987 483 1044; x_wconf 81' lang='lat' dir='ltr'><strong>Forte</strong></span> <span class='ocrx_word' id='word_1_27' title='bbox 519 987 640 1058; x_wconf 88' lang='lat' dir='ltr'><strong>plus</strong></span> <span class='ocrx_word' id='word_1_28' title='bbox 679 1002 838 1057; x_wconf 88' lang='lat' dir='ltr'><strong>quam</strong></span> <span class='ocrx_word' id='word_1_29' title='bbox 883 1000 977 1054; x_wconf 90' lang='lat' dir='ltr'><strong>par</strong></span> <span class='ocrx_word' id='word_1_30' title='bbox 1003 990 1122 1039; x_wconf 83' lang='lat' dir='ltr'><strong>erat</strong></span> <span class='ocrx_word' id='word_1_31' title='bbox 1152 981 1306 1036; x_wconf 81' lang='lat' dir='ltr'><strong>vobis</strong></span> <span class='ocrx_word' id='word_1_32' title='bbox 1341 993 1511 1048; x_wconf 97' lang='lat' dir='ltr'><strong>nuper</strong></span> <span class='ocrx_word' id='word_1_33' title='bbox 1546 976 1760 1032; x_wconf 89' lang='lat' dir='ltr'><strong>onerosi</strong></span> 
     </span>
    </p>
   </div>
   <div class='ocr_carea' id='block_1_7' title="bbox 157 1075 1764 1145">
    <p class='ocr_par' dir='ltr' id='par_1_7' title="bbox 157 1075 1764 1145">
     <span class='ocr_line' id='line_1_7' title="bbox 157 1075 1764 1145; baseline -0.006 -8"><span class='ocrx_word' id='word_1_34' title='bbox 157 1093 213 1137; x_wconf 85' lang='lat' dir='ltr'><strong>et</strong></span> <span class='ocrx_word' id='word_1_35' title='bbox 245 1083 455 1138; x_wconf 86' lang='lat' dir='ltr'><strong>molesti</strong></span> <span class='ocrx_word' id='word_1_36' title='bbox 490 1081 706 1142; x_wconf 76' lang='lat' dir='ltr'><strong>fuiunts,</strong></span> <span class='ocrx_word' id='word_1_37' title='bbox 739 1078 932 1133; x_wconf 91' lang='lat' dir='ltr'><strong>acriori</strong></span> <span class='ocrx_word' id='word_1_38' title='bbox 963 1078 1043 1131; x_wconf 89' lang='lat' dir='ltr'><strong>usi</strong></span> <span class='ocrx_word' id='word_1_39' title='bbox 1071 1089 1342 1138; x_wconf 89' lang='lat' dir='ltr'><strong>sermone,</strong></span> <span class='ocrx_word' id='word_1_40' title='bbox 1374 1083 1430 1129; x_wconf 90' lang='lat' dir='ltr'><strong>et</strong></span> <span class='ocrx_word' id='word_1_41' title='bbox 1457 1075 1612 1145; x_wconf 85' lang='lat' dir='ltr'><strong>longa</strong></span> <span class='ocrx_word' id='word_1_42' title='bbox 1641 1087 1764 1128; x_wconf 86' lang='lat' dir='ltr'><strong>con-</strong></span> 
     </span>
    </p>
   </div>
   <div class='ocr_carea' id='block_1_8' title="bbox 160 1162 1768 1228">
    <p class='ocr_par' dir='ltr' id='par_1_8' title="bbox 160 1162 1768 1228">
     <span class='ocr_line' id='line_1_8' title="bbox 160 1162 1768 1228; baseline -0.004 -2"><span class='ocrx_word' id='word_1_43' title='bbox 160 1185 240 1228; x_wconf 89' lang='lat' dir='ltr'><strong>tra</strong></span> <span class='ocrx_word' id='word_1_44' title='bbox 276 1174 566 1228; x_wconf 89' lang='lat' dir='ltr'><strong>multorum</strong></span> <span class='ocrx_word' id='word_1_45' title='bbox 613 1170 872 1225; x_wconf 92' lang='lat' dir='ltr'><strong>desidiam</strong></span> <span class='ocrx_word' id='word_1_46' title='bbox 901 1168 1148 1223; x_wconf 85' lang='lat' dir='ltr'><strong>oratione</strong></span> <span class='ocrx_word' id='word_1_47' title='bbox 1174 1165 1375 1221; x_wconf 81' lang='lat' dir='ltr'><strong>habita.</strong></span> <span class='ocrx_word' id='word_1_48' title='bbox 1407 1163 1605 1219; x_wconf 78' lang='lat' dir='ltr'><strong>Verum</strong></span> <span class='ocrx_word' id='word_1_49' title='bbox 1634 1164 1679 1219; x_wconf 90' lang='lat' dir='ltr'><strong>si</strong></span> <span class='ocrx_word' id='word_1_50' title='bbox 1711 1162 1768 1219; x_wconf 85' lang='lat' dir='ltr'><strong>id</strong></span> 
     </span>
    </p>
   </div>
   <div class='ocr_carea' id='block_1_9' title="bbox 160 1247 1762 1329">
    <p class='ocr_par' dir='ltr' id='par_1_9' title="bbox 160 1247 1762 1329">
     <span class='ocr_line' id='line_1_9' title="bbox 160 1247 1762 1329; baseline -0.005 -10"><span class='ocrx_word' id='word_1_51' title='bbox 160 1265 444 1322; x_wconf 90' lang='lat' dir='ltr'><strong>mordendi</strong></span> <span class='ocrx_word' id='word_1_52' title='bbox 484 1265 660 1320; x_wconf 81' lang='lat' dir='ltr'><strong>solum</strong></span> <span class='ocrx_word' id='word_1_53' title='bbox 701 1277 858 1317; x_wconf 87' lang='lat' dir='ltr'><strong>causa</strong></span> <span class='ocrx_word' id='word_1_54' title='bbox 888 1247 1220 1327; x_wconf 73' lang='lat' dir='ltr'><strong>fecissemus,</strong></span> <span class='ocrx_word' id='word_1_55' title='bbox 1245 1257 1543 1329; x_wconf 85' lang='lat' dir='ltr'><strong>jurenubis</strong></span> <span class='ocrx_word' id='word_1_56' title='bbox 1568 1256 1762 1328; x_wconf 90' lang='lat' dir='ltr'><strong>singuli</strong></span> 
     </span>
    </p>
   </div>
   <div class='ocr_carea' id='block_1_10' title="bbox 159 1352 1761 1421">
    <p class='ocr_par' dir='ltr' id='par_1_10' title="bbox 159 1352 1761 1421">
     <span class='ocr_line' id='line_1_10' title="bbox 159 1352 1761 1421; baseline -0.006 -11"><span class='ocrx_word' id='word_1_57' title='bbox 159 1365 579 1420; x_wconf 73' lang='lat' dir='ltr'><strong>sticcenseretit;</strong></span> <span class='ocrx_word' id='word_1_58' title='bbox 603 1355 648 1410; x_wconf 89' lang='lat' dir='ltr'><strong>si</strong></span> <span class='ocrx_word' id='word_1_59' title='bbox 681 1370 806 1409; x_wconf 87' lang='lat' dir='ltr'><strong>vero</strong></span> <span class='ocrx_word' id='word_1_60' title='bbox 841 1352 1393 1409; x_wconf 70' lang='lat' dir='ltr'><strong>utilitatemvestram</strong></span> <span class='ocrx_word' id='word_1_61' title='bbox 1429 1355 1761 1421; x_wconf 73' lang='lat' dir='ltr'><strong>spectantes,</strong></span> 
     </span>
    </p>
   </div>
   <div class='ocr_carea' id='block_1_11' title="bbox 163 1439 1763 1518">
    <p class='ocr_par' dir='ltr' id='par_1_11' title="bbox 163 1439 1763 1518">
     <span class='ocr_line' id='line_1_11' title="bbox 163 1439 1763 1518; baseline -0.006 -17"><span class='ocrx_word' id='word_1_62' title='bbox 163 1447 470 1503; x_wconf 86' lang='lat' dir='ltr'><strong>auditorum</strong></span> <span class='ocrx_word' id='word_1_63' title='bbox 491 1447 715 1518; x_wconf 75' lang='lat' dir='ltr'><strong>gratiam</strong></span> <span class='ocrx_word' id='word_1_64' title='bbox 740 1445 875 1499; x_wconf 73' lang='lat' dir='ltr'><strong>inire</strong></span> <span class='ocrx_word' id='word_1_65' title='bbox 897 1441 1352 1508; x_wconf 36' lang='lat' dir='ltr'><strong>nonicuravimus,</strong></span> <span class='ocrx_word' id='word_1_66' title='bbox 1384 1439 1595 1496; x_wconf 88' lang='lat' dir='ltr'><strong>etiamsi</strong></span> <span class='ocrx_word' id='word_1_67' title='bbox 1619 1439 1763 1493; x_wconf 91' lang='lat' dir='ltr'><strong>illam</strong></span> 
     </span>
    </p>
   </div>
   <div class='ocr_carea' id='block_1_12' title="bbox 163 1529 1766 1608">
    <p class='ocr_par' dir='ltr' id='par_1_12' title="bbox 163 1529 1766 1608">
     <span class='ocr_line' id='line_1_12' title="bbox 163 1529 1766 1608; baseline -0.006 -16"><span class='ocrx_word' id='word_1_68' title='bbox 163 1538 438 1608; x_wconf 83' lang='lat' dir='ltr'><strong>profectus</strong></span> <span class='ocrx_word' id='word_1_69' title='bbox 464 1537 628 1592; x_wconf 82' lang='lat' dir='ltr'><strong>vestri</strong></span> <span class='ocrx_word' id='word_1_70' title='bbox 668 1551 873 1601; x_wconf 85' lang='lat' dir='ltr'><strong>curam,</strong></span> <span class='ocrx_word' id='word_1_71' title='bbox 894 1550 1054 1606; x_wconf 89' lang='lat' dir='ltr'><strong>quam</strong></span> <span class='ocrx_word' id='word_1_72' title='bbox 1080 1533 1364 1605; x_wconf 76' lang='lat' dir='ltr'><strong>gessimus,</strong></span> <span class='ocrx_word' id='word_1_73' title='bbox 1380 1539 1654 1601; x_wconf 90' lang='lat' dir='ltr'><strong>acceptam</strong></span> <span class='ocrx_word' id='word_1_74' title='bbox 1673 1529 1766 1584; x_wconf 84' lang='lat' dir='ltr'><strong>ha-</strong></span> 
     </span>
    </p>
   </div>
   <div class='ocr_carea' id='block_1_13' title="bbox 165 1622 1766 1696">
    <p class='ocr_par' dir='ltr' id='par_1_13' title="bbox 165 1622 1766 1696">
     <span class='ocr_line' id='line_1_13' title="bbox 165 1622 1766 1696; baseline -0.005 -11"><span class='ocrx_word' id='word_1_75' title='bbox 165 1631 296 1686; x_wconf 87' lang='lat' dir='ltr'><strong>bere</strong></span> <span class='ocrx_word' id='word_1_76' title='bbox 327 1630 530 1696; x_wconf 88' lang='lat' dir='ltr'><strong>nolitis,</strong></span> <span class='ocrx_word' id='word_1_77' title='bbox 574 1629 743 1683; x_wconf 87' lang='lat' dir='ltr'><strong>amori</strong></span> <span class='ocrx_word' id='word_1_78' title='bbox 779 1628 970 1683; x_wconf 83' lang='lat' dir='ltr'><strong>saltem</strong></span> <span class='ocrx_word' id='word_1_79' title='bbox 1002 1637 1188 1682; x_wconf 87' lang='lat' dir='ltr'><strong>nostro</strong></span> <span class='ocrx_word' id='word_1_80' title='bbox 1216 1625 1428 1681; x_wconf 78' lang='lat' dir='ltr'><strong>veniam</strong></span> <span class='ocrx_word' id='word_1_81' title='bbox 1458 1622 1766 1678; x_wconf 78' lang='lat' dir='ltr'><strong>concedatis</strong></span> 
     </span>
    </p>
   </div>
   <div class='ocr_carea' id='block_1_14' title="bbox 163 1713 1768 1791">
    <p class='ocr_par' dir='ltr' id='par_1_14' title="bbox 163 1713 1768 1791">
     <span class='ocr_line' id='line_1_14' title="bbox 163 1713 1768 1791; baseline -0.004 -16"><span class='ocrx_word' id='word_1_82' title='bbox 163 1730 397 1791; x_wconf 81' lang='lat' dir='ltr'><strong>Oportet.</strong></span> <span class='ocrx_word' id='word_1_83' title='bbox 419 1720 718 1776; x_wconf 80' lang='lat' dir='ltr'><strong>Admodum</strong></span> <span class='ocrx_word' id='word_1_84' title='bbox 741 1720 882 1773; x_wconf 89' lang='lat' dir='ltr'><strong>enim</strong></span> <span class='ocrx_word' id='word_1_85' title='bbox 903 1720 1174 1784; x_wconf 77' lang='lat' dir='ltr'><strong>timemus,</strong></span> <span class='ocrx_word' id='word_1_86' title='bbox 1194 1734 1259 1772; x_wconf 90' lang='lat' dir='ltr'><strong>nc</strong></span> <span class='ocrx_word' id='word_1_87' title='bbox 1274 1715 1432 1772; x_wconf 84' lang='lat' dir='ltr'><strong>nobis</strong></span> <span class='ocrx_word' id='word_1_88' title='bbox 1450 1729 1572 1771; x_wconf 90' lang='lat' dir='ltr'><strong>cum</strong></span> <span class='ocrx_word' id='word_1_89' title='bbox 1589 1713 1768 1769; x_wconf 87' lang='lat' dir='ltr'><strong>studio</strong></span> 
     </span>
    </p>
   </div>
   <div class='ocr_carea' id='block_1_15' title="bbox 166 1807 1768 1879">
    <p class='ocr_par' dir='ltr' id='par_1_15' title="bbox 166 1807 1768 1879">
     <span class='ocr_line' id='line_1_15' title="bbox 166 1807 1768 1879; baseline -0.004 -12"><span class='ocrx_word' id='word_1_90' title='bbox 166 1815 338 1868; x_wconf 88' lang='lat' dir='ltr'><strong>multo</strong></span> <span class='ocrx_word' id='word_1_91' title='bbox 367 1814 827 1879; x_wconf 83' lang='lat' dir='ltr'><strong>concionantibus,</strong></span> <span class='ocrx_word' id='word_1_92' title='bbox 873 1812 1026 1866; x_wconf 80' lang='lat' dir='ltr'><strong>vobis</strong></span> <span class='ocrx_word' id='word_1_93' title='bbox 1063 1820 1241 1864; x_wconf 90' lang='lat' dir='ltr'><strong>autem</strong></span> <span class='ocrx_word' id='word_1_94' title='bbox 1285 1809 1444 1864; x_wconf 89' lang='lat' dir='ltr'><strong>dictis</strong></span> <span class='ocrx_word' id='word_1_95' title='bbox 1487 1807 1768 1863; x_wconf 85' lang='lat' dir='ltr'><strong>attendere</strong></span> 
     </span>
    </p>
   </div>
   <div class='ocr_carea' id='block_1_16' title="bbox 169 1901 1765 1977">
    <p class='ocr_par' dir='ltr' id='par_1_16' title="bbox 169 1901 1765 1977">
     <span class='ocr_line' id='line_1_16' title="bbox 169 1901 1765 1977; baseline -0.004 -17"><span class='ocrx_word' id='word_1_96' title='bbox 169 1907 579 1977; x_wconf 74' lang='lat' dir='ltr'><strong>negligentibus,</strong></span> <span class='ocrx_word' id='word_1_97' title='bbox 603 1906 875 1976; x_wconf 74' lang='lat' dir='ltr'><strong>graviores</strong></span> <span class='ocrx_word' id='word_1_98' title='bbox 903 1904 1052 1958; x_wconf 88' lang='lat' dir='ltr'><strong>vobis</strong></span> <span class='ocrx_word' id='word_1_99' title='bbox 1075 1904 1311 1958; x_wconf 87' lang='lat' dir='ltr'><strong>rationes</strong></span> <span class='ocrx_word' id='word_1_100' title='bbox 1329 1901 1618 1957; x_wconf 78' lang='lat' dir='ltr'><strong>reddenda:</strong></span> <span class='ocrx_word' id='word_1_101' title='bbox 1638 1901 1765 1954; x_wconf 86' lang='lat' dir='ltr'><strong>sint.</strong></span> 
     </span>
    </p>
   </div>
   <div class='ocr_carea' id='block_1_17' title="bbox 169 1987 1766 2068">
    <p class='ocr_par' dir='ltr' id='par_1_17' title="bbox 169 1987 1766 2068">
     <span class='ocr_line' id='line_1_17' title="bbox 169 1987 1766 2068; baseline -0.006 -14"><span class='ocrx_word' id='word_1_102' title='bbox 169 1999 296 2056; x_wconf 89' lang='lat' dir='ltr'><strong>Ideo</strong></span> <span class='ocrx_word' id='word_1_103' title='bbox 321 2015 484 2068; x_wconf 88' lang='lat' dir='ltr'><strong>cogor</strong></span> <span class='ocrx_word' id='word_1_104' title='bbox 513 2014 608 2053; x_wconf 87' lang='lat' dir='ltr'><strong>vos</strong></span> <span class='ocrx_word' id='word_1_105' title='bbox 647 1996 956 2068; x_wconf 78' lang='lat' dir='ltr'><strong>frequenter</strong></span> <span class='ocrx_word' id='word_1_106' title='bbox 986 1996 1220 2050; x_wconf 83' lang='lat' dir='ltr'><strong>excitare</strong></span> <span class='ocrx_word' id='word_1_107' title='bbox 1246 2003 1301 2049; x_wconf 93' lang='lat' dir='ltr'><strong>et</strong></span> <span class='ocrx_word' id='word_1_108' title='bbox 1334 1987 1766 2063; x_wconf 79' lang='lat' dir='ltr'><strong>espergelacere,</strong></span> 
     </span>
    </p>
   </div>
   <div class='ocr_carea' id='block_1_18' title="bbox 171 2083 1769 2159">
    <p class='ocr_par' dir='ltr' id='par_1_18' title="bbox 171 2083 1769 2159">
     <span class='ocr_line' id='line_1_18' title="bbox 171 2083 1769 2159; baseline -0.005 -15"><span class='ocrx_word' id='word_1_109' title='bbox 171 2107 237 2144; x_wconf 88' lang='lat' dir='ltr'><strong>ne</strong></span> <span class='ocrx_word' id='word_1_110' title='bbox 249 2090 515 2144; x_wconf 88' lang='lat' dir='ltr'><strong>dictorum</strong></span> <span class='ocrx_word' id='word_1_111' title='bbox 532 2087 799 2159; x_wconf 80' lang='lat' dir='ltr'><strong>quidpiam</strong></span> <span class='ocrx_word' id='word_1_112' title='bbox 820 2087 1077 2141; x_wconf 88' lang='lat' dir='ltr'><strong>inutiliter</strong></span> <span class='ocrx_word' id='word_1_113' title='bbox 1095 2083 1299 2141; x_wconf 77' lang='lat' dir='ltr'><strong>efﬂuat.</strong></span> <span class='ocrx_word' id='word_1_114' title='bbox 1319 2083 1431 2139; x_wconf 82' lang='lat' dir='ltr'><strong>Hoc</strong></span> <span class='ocrx_word' id='word_1_115' title='bbox 1448 2084 1589 2138; x_wconf 85' lang='lat' dir='ltr'><strong>enim</strong></span> <span class='ocrx_word' id='word_1_116' title='bbox 1614 2092 1769 2151; x_wconf 90' lang='lat' dir='ltr'><strong>pacto</strong></span> 
     </span>
    </p>
   </div>
   <div class='ocr_carea' id='block_1_19' title="bbox 168 2175 1771 2244">
    <p class='ocr_par' dir='ltr' id='par_1_19' title="bbox 168 2175 1771 2244">
     <span class='ocr_line' id='line_1_19' title="bbox 168 2175 1771 2244; baseline -0.005 -7"><span class='ocrx_word' id='word_1_117' title='bbox 168 2182 352 2237; x_wconf 82' lang='lat' dir='ltr'><strong>licebit</strong></span> <span class='ocrx_word' id='word_1_118' title='bbox 375 2181 528 2236; x_wconf 79' lang='lat' dir='ltr'><strong>vobis</strong></span> <span class='ocrx_word' id='word_1_119' title='bbox 552 2180 779 2236; x_wconf 87' lang='lat' dir='ltr'><strong>lideuler</strong></span> <span class='ocrx_word' id='word_1_120' title='bbox 808 2190 861 2235; x_wconf 95' lang='lat' dir='ltr'><strong>ct</strong></span> <span class='ocrx_word' id='word_1_121' title='bbox 884 2179 970 2235; x_wconf 89' lang='lat' dir='ltr'><strong>hic</strong></span> <span class='ocrx_word' id='word_1_122' title='bbox 999 2178 1200 2244; x_wconf 86' lang='lat' dir='ltr'><strong>vivere,</strong></span> <span class='ocrx_word' id='word_1_123' title='bbox 1233 2186 1288 2232; x_wconf 89' lang='lat' dir='ltr'><strong>et</strong></span> <span class='ocrx_word' id='word_1_124' title='bbox 1317 2177 1369 2232; x_wconf 93' lang='lat' dir='ltr'><strong>in</strong></span> <span class='ocrx_word' id='word_1_125' title='bbox 1405 2176 1494 2230; x_wconf 91' lang='lat' dir='ltr'><strong>illo</strong></span> <span class='ocrx_word' id='word_1_126' title='bbox 1531 2175 1617 2231; x_wconf 91' lang='lat' dir='ltr'><strong>die</strong></span> <span class='ocrx_word' id='word_1_127' title='bbox 1646 2185 1771 2229; x_wconf 89' lang='lat' dir='ltr'><strong>ante</strong></span> 
     </span>
    </p>
   </div>
   <div class='ocr_carea' id='block_1_20' title="bbox 172 2266 1771 2340">
    <p class='ocr_par' dir='ltr' id='par_1_20' title="bbox 172 2266 1771 2340">
     <span class='ocr_line' id='line_1_20' title="bbox 172 2266 1771 2340; baseline -0.004 -13"><span class='ocrx_word' id='word_1_128' title='bbox 172 2272 405 2327; x_wconf 84' lang='lat' dir='ltr'><strong>tribunal</strong></span> <span class='ocrx_word' id='word_1_129' title='bbox 444 2272 641 2328; x_wconf 87' lang='lat' dir='ltr'><strong>Christi</strong></span> <span class='ocrx_word' id='word_1_130' title='bbox 673 2272 908 2328; x_wconf 84' lang='lat' dir='ltr'><strong>adstare.</strong></span> <span class='ocrx_word' id='word_1_131' title='bbox 948 2270 1080 2338; x_wconf 88' lang='lat' dir='ltr'><strong>Quia</strong></span> <span class='ocrx_word' id='word_1_132' title='bbox 1120 2269 1280 2340; x_wconf 83' lang='lat' dir='ltr'><strong>igitur</strong></span> <span class='ocrx_word' id='word_1_133' title='bbox 1310 2283 1405 2322; x_wconf 85' lang='lat' dir='ltr'><strong>vos</strong></span> <span class='ocrx_word' id='word_1_134' title='bbox 1445 2282 1615 2336; x_wconf 55' lang='lat' dir='ltr'><strong>nuper</strong></span> <span class='ocrx_word' id='word_1_135' title='bbox 1641 2266 1771 2320; x_wconf 87' lang='lat' dir='ltr'><strong>satis</strong></span> 
     </span>
    </p>
   </div>
   <div class='ocr_carea' id='block_1_21' title="bbox 171 2361 1771 2436">
    <p class='ocr_par' dir='ltr' id='par_1_21' title="bbox 171 2361 1771 2436">
     <span class='ocr_line' id='line_1_21' title="bbox 171 2361 1771 2436; baseline -0.006 -15"><span class='ocrx_word' id='word_1_136' title='bbox 171 2366 603 2436; x_wconf 85' lang='lat' dir='ltr'><strong>perstrinximus,</strong></span> <span class='ocrx_word' id='word_1_137' title='bbox 632 2380 731 2435; x_wconf 91' lang='lat' dir='ltr'><strong>age</strong></span> <span class='ocrx_word' id='word_1_138' title='bbox 760 2364 919 2420; x_wconf 85' lang='lat' dir='ltr'><strong>hodie</strong></span> <span class='ocrx_word' id='word_1_139' title='bbox 948 2365 1128 2419; x_wconf 87' lang='lat' dir='ltr'><strong>statim</strong></span> <span class='ocrx_word' id='word_1_140' title='bbox 1158 2363 1270 2432; x_wconf 87' lang='lat' dir='ltr'><strong>ipsa</strong></span> <span class='ocrx_word' id='word_1_141' title='bbox 1311 2361 1472 2418; x_wconf 86' lang='lat' dir='ltr'><strong>verba</strong></span> <span class='ocrx_word' id='word_1_142' title='bbox 1505 2375 1771 2432; x_wconf 83' lang='lat' dir='ltr'><strong>propona-</strong></span> 
     </span>
    </p>
   </div>
   <div class='ocr_carea' id='block_1_22' title="bbox 172 2450 1774 2527">
    <p class='ocr_par' dir='ltr' id='par_1_22' title="bbox 172 2450 1774 2527">
     <span class='ocr_line' id='line_1_22' title="bbox 172 2450 1774 2527; baseline -0.006 -15"><span class='ocrx_word' id='word_1_143' title='bbox 172 2473 312 2512; x_wconf 87' lang='lat' dir='ltr'><strong>mus.</strong></span> <span class='ocrx_word' id='word_1_144' title='bbox 334 2455 396 2511; x_wconf 84' lang='lat' dir='ltr'><strong>Et</strong></span> <span class='ocrx_word' id='word_1_145' title='bbox 409 2457 646 2523; x_wconf 77' lang='lat' dir='ltr'><strong>vidimus,</strong></span> <span class='ocrx_word' id='word_1_146' title='bbox 668 2456 857 2526; x_wconf 91' lang='lat' dir='ltr'><strong>inquit,</strong></span> <span class='ocrx_word' id='word_1_147' title='bbox 871 2455 1086 2527; x_wconf 85' lang='lat' dir='ltr'><strong>gloriam</strong></span> <span class='ocrx_word' id='word_1_148' title='bbox 1101 2455 1229 2524; x_wconf 80' lang='lat' dir='ltr'><strong>ejus,</strong></span> <span class='ocrx_word' id='word_1_149' title='bbox 1250 2453 1622 2525; x_wconf 72' lang='lat' dir='ltr'><strong>gloriantqttasi</strong></span> <span class='ocrx_word' id='word_1_150' title='bbox 1645 2450 1774 2507; x_wconf 85' lang='lat' dir='ltr'><strong>Uni-</strong></span> 
     </span>
    </p>
   </div>
   <div class='ocr_carea' id='block_1_23' title="bbox 171 2544 1776 2624">
    <p class='ocr_par' dir='ltr' id='par_1_23' title="bbox 171 2544 1776 2624">
     <span class='ocr_line' id='line_1_23' title="bbox 171 2544 1776 2624; baseline -0.004 -19"><span class='ocrx_word' id='word_1_151' title='bbox 171 2551 329 2624; x_wconf 78' lang='lat' dir='ltr'><strong>gem&#39;ti</strong></span> <span class='ocrx_word' id='word_1_152' title='bbox 345 2567 375 2604; x_wconf 88' lang='lat' dir='ltr'><strong>a</strong></span> <span class='ocrx_word' id='word_1_153' title='bbox 403 2548 582 2604; x_wconf 84' lang='lat' dir='ltr'><strong>Putre.</strong></span> <span class='ocrx_word' id='word_1_154' title='bbox 611 2550 898 2619; x_wconf 86' lang='lat' dir='ltr'><strong>Postquam</strong></span> <span class='ocrx_word' id='word_1_155' title='bbox 929 2548 1144 2604; x_wconf 81' lang='lat' dir='ltr'><strong>dixerat</strong></span> <span class='ocrx_word' id='word_1_156' title='bbox 1168 2562 1268 2603; x_wconf 91' lang='lat' dir='ltr'><strong>nos</strong></span> <span class='ocrx_word' id='word_1_157' title='bbox 1288 2547 1429 2602; x_wconf 89' lang='lat' dir='ltr'><strong>lilios</strong></span> <span class='ocrx_word' id='word_1_158' title='bbox 1441 2545 1534 2600; x_wconf 87' lang='lat' dir='ltr'><strong>Dei</strong></span> <span class='ocrx_word' id='word_1_159' title='bbox 1554 2544 1776 2600; x_wconf 71' lang='lat' dir='ltr'><strong>ell‘cctos</strong></span> 
     </span>
    </p>
   </div>
   <div class='ocr_carea' id='block_1_24' title="bbox 171 2639 1773 2712">
    <p class='ocr_par' dir='ltr' id='par_1_24' title="bbox 171 2639 1773 2712">
     <span class='ocr_line' id='line_1_24' title="bbox 171 2639 1773 2712; baseline -0.006 -13"><span class='ocrx_word' id='word_1_160' title='bbox 171 2659 313 2712; x_wconf 87' lang='lat' dir='ltr'><strong>esse,</strong></span> <span class='ocrx_word' id='word_1_161' title='bbox 343 2653 400 2699; x_wconf 89' lang='lat' dir='ltr'><strong>et</strong></span> <span class='ocrx_word' id='word_1_162' title='bbox 429 2642 738 2699; x_wconf 85' lang='lat' dir='ltr'><strong>ostenderat</strong></span> <span class='ocrx_word' id='word_1_163' title='bbox 772 2656 876 2697; x_wconf 92' lang='lat' dir='ltr'><strong>non</strong></span> <span class='ocrx_word' id='word_1_164' title='bbox 902 2641 1010 2696; x_wconf 88' lang='lat' dir='ltr'><strong>alio</strong></span> <span class='ocrx_word' id='word_1_165' title='bbox 1039 2640 1199 2695; x_wconf 89' lang='lat' dir='ltr'><strong>modo</strong></span> <span class='ocrx_word' id='word_1_166' title='bbox 1231 2639 1280 2694; x_wconf 90' lang='lat' dir='ltr'><strong>id</strong></span> <span class='ocrx_word' id='word_1_167' title='bbox 1313 2639 1580 2702; x_wconf 78' lang='lat' dir='ltr'><strong>evenisse,</strong></span> <span class='ocrx_word' id='word_1_168' title='bbox 1613 2652 1773 2706; x_wconf 89' lang='lat' dir='ltr'><strong>quam</strong></span> 
     </span>
    </p>
   </div>
   <div class='ocr_carea' id='block_1_25' title="bbox 174 2731 1772 2806">
    <p class='ocr_par' dir='ltr' id='par_1_25' title="bbox 174 2731 1772 2806">
     <span class='ocr_line' id='line_1_25' title="bbox 174 2731 1772 2806; baseline -0.005 -16"><span class='ocrx_word' id='word_1_169' title='bbox 174 2735 317 2806; x_wconf 89' lang='lat' dir='ltr'><strong>quod</strong></span> <span class='ocrx_word' id='word_1_170' title='bbox 341 2734 573 2790; x_wconf 80' lang='lat' dir='ltr'><strong>Verbum</strong></span> <span class='ocrx_word' id='word_1_171' title='bbox 587 2750 712 2789; x_wconf 88' lang='lat' dir='ltr'><strong>caro</strong></span> <span class='ocrx_word' id='word_1_172' title='bbox 736 2734 931 2790; x_wconf 79' lang='lat' dir='ltr'><strong>factum</strong></span> <span class='ocrx_word' id='word_1_173' title='bbox 951 2743 1114 2796; x_wconf 88' lang='lat' dir='ltr'><strong>esset,</strong></span> <span class='ocrx_word' id='word_1_174' title='bbox 1134 2731 1274 2786; x_wconf 88' lang='lat' dir='ltr'><strong>aliud</strong></span> <span class='ocrx_word' id='word_1_175' title='bbox 1296 2731 1421 2786; x_wconf 86' lang='lat' dir='ltr'><strong>hinc</strong></span> <span class='ocrx_word' id='word_1_176' title='bbox 1436 2731 1772 2784; x_wconf 79' lang='lat' dir='ltr'><strong>emolumen-</strong></span> 
     </span>
    </p>
   </div>
   <div class='ocr_carea' id='block_1_26' title="bbox 173 2821 1772 2898">
    <p class='ocr_par' dir='ltr' id='par_1_26' title="bbox 173 2821 1772 2898">
     <span class='ocr_line' id='line_1_26' title="bbox 173 2821 1772 2898; baseline -0.004 -16"><span class='ocrx_word' id='word_1_177' title='bbox 173 2837 287 2882; x_wconf 87' lang='lat' dir='ltr'><strong>tum</strong></span> <span class='ocrx_word' id='word_1_178' title='bbox 313 2829 623 2898; x_wconf 66' lang='lat' dir='ltr'><strong>provcuissc</strong></span> <span class='ocrx_word' id='word_1_179' title='bbox 650 2827 718 2881; x_wconf 66' lang='lat' dir='ltr'><strong>di.</strong></span> <span class='ocrx_word' id='word_1_180' title='bbox 739 2827 796 2882; x_wconf 92' lang='lat' dir='ltr'><strong>it.</strong></span> <span class='ocrx_word' id='word_1_181' title='bbox 819 2826 1100 2894; x_wconf 89' lang='lat' dir='ltr'><strong>Quodnam</strong></span> <span class='ocrx_word' id='word_1_182' title='bbox 1117 2825 1246 2881; x_wconf 87' lang='lat' dir='ltr'><strong>illud</strong></span> <span class='ocrx_word' id='word_1_183' title='bbox 1267 2823 1384 2877; x_wconf 77' lang='lat' dir='ltr'><strong>est?</strong></span> <span class='ocrx_word' id='word_1_184' title='bbox 1411 2821 1637 2876; x_wconf 81' lang='lat' dir='ltr'><strong>Vidimus</strong></span> <span class='ocrx_word' id='word_1_185' title='bbox 1659 2822 1772 2893; x_wconf 81' lang='lat' dir='ltr'><strong>glo-</strong></span> 
     </span>
    </p>
   </div>
   <div class='ocr_carea' id='block_1_27' title="bbox 174 2914 1775 2989">
    <p class='ocr_par' dir='ltr' id='par_1_27' title="bbox 174 2914 1775 2989">
     <span class='ocr_line' id='line_1_27' title="bbox 174 2914 1775 2989; baseline -0.003 -17"><span class='ocrx_word' id='word_1_186' title='bbox 174 2921 308 2972; x_wconf 87' lang='lat' dir='ltr'><strong>riam</strong></span> <span class='ocrx_word' id='word_1_187' title='bbox 325 2919 456 2988; x_wconf 85' lang='lat' dir='ltr'><strong>ejus,</strong></span> <span class='ocrx_word' id='word_1_188' title='bbox 476 2919 689 2989; x_wconf 85' lang='lat' dir='ltr'><strong>gloriam</strong></span> <span class='ocrx_word' id='word_1_189' title='bbox 718 2919 864 2989; x_wconf 85' lang='lat' dir='ltr'><strong>quasi</strong></span> <span class='ocrx_word' id='word_1_190' title='bbox 893 2916 1154 2988; x_wconf 85' lang='lat' dir='ltr'><strong>Unigeuiti</strong></span> <span class='ocrx_word' id='word_1_191' title='bbox 1174 2932 1211 2969; x_wconf 78' lang='grc' dir='ltr'><em>α</em></span> <span class='ocrx_word' id='word_1_192' title='bbox 1244 2914 1397 2970; x_wconf 80' lang='lat' dir='ltr'><strong>Patre</strong></span> <span class='ocrx_word' id='word_1_193' title='bbox 1415 2931 1433 2968; x_wconf 91' lang='lat'><strong><em>:</em></strong></span> <span class='ocrx_word' id='word_1_194' title='bbox 1461 2930 1566 2968; x_wconf 88' lang='lat' dir='ltr'><strong>non</strong></span> <span class='ocrx_word' id='word_1_195' title='bbox 1591 2915 1775 2983; x_wconf 80' lang='lat' dir='ltr'><strong>utique</strong></span> 
     </span>
    </p>
   </div>
   <div class='ocr_carea' id='block_1_28' title="bbox 175 3006 1772 3078">
    <p class='ocr_par' dir='ltr' id='par_1_28' title="bbox 175 3006 1772 3078">
     <span class='ocr_line' id='line_1_28' title="bbox 175 3006 1772 3078; baseline -0.001 -16"><span class='ocrx_word' id='word_1_196' title='bbox 175 3010 365 3076; x_wconf 90' lang='lat' dir='ltr'><strong>visuri,</strong></span> <span class='ocrx_word' id='word_1_197' title='bbox 398 3009 495 3063; x_wconf 87' lang='lat' dir='ltr'><strong>nisi</strong></span> <span class='ocrx_word' id='word_1_198' title='bbox 531 3024 624 3078; x_wconf 89' lang='lat' dir='ltr'><strong>per</strong></span> <span class='ocrx_word' id='word_1_199' title='bbox 648 3009 852 3063; x_wconf 88' lang='lat' dir='ltr'><strong>socium</strong></span> <span class='ocrx_word' id='word_1_200' title='bbox 877 3009 979 3064; x_wconf 86' lang='lat' dir='ltr'><strong>sibi</strong></span> <span class='ocrx_word' id='word_1_201' title='bbox 1008 3023 1207 3078; x_wconf 88' lang='lat' dir='ltr'><strong>corpus</strong></span> <span class='ocrx_word' id='word_1_202' title='bbox 1228 3007 1380 3062; x_wconf 89' lang='lat' dir='ltr'><strong>nobis</strong></span> <span class='ocrx_word' id='word_1_203' title='bbox 1416 3006 1772 3078; x_wconf 84' lang='lat' dir='ltr'><strong>apparuisset.</strong></span> 
     </span>
    </p>
   </div>
   <div class='ocr_carea' id='block_1_29' title="bbox 176 3097 1780 3174">
    <p class='ocr_par' dir='ltr' id='par_1_29' title="bbox 176 3097 1780 3174">
     <span class='ocr_line' id='line_1_29' title="bbox 176 3097 1780 3174; baseline -0.003 -15"><span class='ocrx_word' id='word_1_204' title='bbox 176 3103 309 3159; x_wconf 78' lang='lat' dir='ltr'><strong>Nam</strong></span> <span class='ocrx_word' id='word_1_205' title='bbox 336 3102 380 3157; x_wconf 90' lang='lat' dir='ltr'><strong>si</strong></span> <span class='ocrx_word' id='word_1_206' title='bbox 407 3101 602 3174; x_wconf 81' lang='lat' dir='ltr'><strong>Moysis</strong></span> <span class='ocrx_word' id='word_1_207' title='bbox 629 3114 832 3157; x_wconf 68' lang='lat' dir='ltr'><strong>natura:</strong></span> <span class='ocrx_word' id='word_1_208' title='bbox 877 3111 1076 3156; x_wconf 56' lang='lat' dir='ltr'><strong>nostrai</strong></span> <span class='ocrx_word' id='word_1_209' title='bbox 1110 3101 1342 3155; x_wconf 87' lang='lat' dir='ltr'><strong>hominis</strong></span> <span class='ocrx_word' id='word_1_210' title='bbox 1386 3101 1590 3154; x_wconf 89' lang='lat' dir='ltr'><strong>vultum</strong></span> <span class='ocrx_word' id='word_1_211' title='bbox 1640 3097 1780 3154; x_wconf 82' lang='lat' dir='ltr'><strong>ferre</strong></span> 
     </span>
    </p>
   </div>
   <div class='ocr_carea' id='block_1_30' title="bbox 177 3193 1778 3266">
    <p class='ocr_par' dir='ltr' id='par_1_30' title="bbox 177 3193 1778 3266">
     <span class='ocr_line' id='line_1_30' title="bbox 177 3193 1778 3266; baseline -0.001 -16"><span class='ocrx_word' id='word_1_212' title='bbox 177 3211 286 3250; x_wconf 89' lang='lat' dir='ltr'><strong>non</strong></span> <span class='ocrx_word' id='word_1_213' title='bbox 325 3203 576 3266; x_wconf 87' lang='lat' dir='ltr'><strong>poterant</strong></span> <span class='ocrx_word' id='word_1_214' title='bbox 625 3195 764 3250; x_wconf 88' lang='lat' dir='ltr'><strong>illius</strong></span> <span class='ocrx_word' id='word_1_215' title='bbox 795 3195 1052 3265; x_wconf 88' lang='lat' dir='ltr'><strong>temporis</strong></span> <span class='ocrx_word' id='word_1_216' title='bbox 1105 3193 1371 3258; x_wconf 82' lang='lat' dir='ltr'><strong>homines,</strong></span> <span class='ocrx_word' id='word_1_217' title='bbox 1420 3195 1562 3264; x_wconf 79' lang='lat' dir='ltr'><strong>quod</strong></span> <span class='ocrx_word' id='word_1_218' title='bbox 1610 3194 1778 3264; x_wconf 85' lang='lat' dir='ltr'><strong>gloria</strong></span> 
     </span>
    </p>
   </div>
   <div class='ocr_carea' id='block_1_31' title="bbox 180 3287 1779 3357">
    <p class='ocr_par' dir='ltr' id='par_1_31' title="bbox 180 3287 1779 3357">
     <span class='ocr_line' id='line_1_31' title="bbox 180 3287 1779 3357; baseline 0 -15"><span class='ocrx_word' id='word_1_219' title='bbox 180 3287 680 3351; x_wconf 80' lang='lat' dir='ltr'><strong>illustraretur,_scd</strong></span> <span class='ocrx_word' id='word_1_220' title='bbox 731 3288 848 3342; x_wconf 89' lang='lat' dir='ltr'><strong>velo</strong></span> <span class='ocrx_word' id='word_1_221' title='bbox 883 3303 1018 3357; x_wconf 89' lang='lat' dir='ltr'><strong>opus</strong></span> <span class='ocrx_word' id='word_1_222' title='bbox 1055 3287 1242 3341; x_wconf 89' lang='lat' dir='ltr'><strong>habuit</strong></span> <span class='ocrx_word' id='word_1_223' title='bbox 1285 3288 1366 3342; x_wconf 90' lang='lat' dir='ltr'><strong>vir</strong></span> <span class='ocrx_word' id='word_1_224' title='bbox 1407 3289 1605 3355; x_wconf 85' lang='lat' dir='ltr'><strong>justus,</strong></span> <span class='ocrx_word' id='word_1_225' title='bbox 1638 3287 1779 3356; x_wconf 89' lang='lat' dir='ltr'><strong>quod</strong></span> 
     </span>
    </p>
   </div>
   <div class='ocr_carea' id='block_1_32' title="bbox 179 3379 1786 3453">
    <p class='ocr_par' dir='ltr' id='par_1_32' title="bbox 179 3379 1786 3453">
     <span class='ocr_line' id='line_1_32' title="bbox 179 3379 1786 3453; baseline 0.001 -20"><span class='ocrx_word' id='word_1_226' title='bbox 179 3381 403 3453; x_wconf 81' lang='lat' dir='ltr'><strong>gloriam</strong></span> <span class='ocrx_word' id='word_1_227' title='bbox 427 3380 594 3434; x_wconf 54' lang='lat' dir='ltr'><strong>.illatn</strong></span> <span class='ocrx_word' id='word_1_228' title='bbox 621 3380 888 3451; x_wconf 86' lang='lat' dir='ltr'><strong>ingentem</strong></span> <span class='ocrx_word' id='word_1_229' title='bbox 926 3379 1298 3443; x_wconf 79' lang='lat' dir='ltr'><strong>obumbraret,</strong></span> <span class='ocrx_word' id='word_1_230' title='bbox 1333 3395 1394 3434; x_wconf 90' lang='lat' dir='ltr'><strong>ac</strong></span> <span class='ocrx_word' id='word_1_231' title='bbox 1423 3385 1605 3433; x_wconf 89' lang='lat' dir='ltr'><strong>mitem</strong></span> <span class='ocrx_word' id='word_1_232' title='bbox 1633 3379 1786 3434; x_wconf 90' lang='lat' dir='ltr'><strong>blan-</strong></span> 
     </span>
    </p>
   </div>
   <div class='ocr_carea' id='block_1_33' title="bbox 179 3469 1785 3543">
    <p class='ocr_par' dir='ltr' id='par_1_33' title="bbox 179 3469 1785 3543">
     <span class='ocr_line' id='line_1_33' title="bbox 179 3469 1785 3543; baseline -0.002 -15"><span class='ocrx_word' id='word_1_233' title='bbox 179 3475 413 3543; x_wconf 81' lang='lat' dir='ltr'><strong>damque</strong></span> <span class='ocrx_word' id='word_1_234' title='bbox 436 3471 708 3541; x_wconf 71' lang='lat' dir='ltr'><strong>prin-bene</strong></span> <span class='ocrx_word' id='word_1_235' title='bbox 738 3469 925 3525; x_wconf 81' lang='lat' dir='ltr'><strong>faciem</strong></span> <span class='ocrx_word' id='word_1_236' title='bbox 957 3470 1270 3527; x_wconf 85' lang='lat' dir='ltr'><strong>ostenderet</strong></span> <span class='ocrx_word' id='word_1_237' title='bbox 1300 3473 1315 3501; x_wconf 76' lang='lat'><strong>‘</strong></span> <span class='ocrx_word' id='word_1_238' title='bbox 1349 3490 1362 3525; x_wconf 89' lang='lat'><strong>:</strong></span> <span class='ocrx_word' id='word_1_239' title='bbox 1388 3470 1659 3540; x_wconf 90' lang='lat' dir='ltr'><strong>quomodo</strong></span> <span class='ocrx_word' id='word_1_240' title='bbox 1686 3487 1785 3525; x_wconf 84' lang='lat' dir='ltr'><strong>nu-</strong></span> 
     </span>
    </p>
   </div>
   <div class='ocr_carea' id='block_1_34' title="bbox 180 3562 1780 3632">
    <p class='ocr_par' dir='ltr' id='par_1_34' title="bbox 180 3562 1780 3632">
     <span class='ocr_line' id='line_1_34' title="bbox 180 3562 1780 3632; baseline -0.001 -15"><span class='ocrx_word' id='word_1_241' title='bbox 180 3566 309 3618; x_wconf 79' lang='lat' dir='ltr'><strong>dam</strong></span> <span class='ocrx_word' id='word_1_242' title='bbox 335 3564 688 3626; x_wconf 77' lang='lat' dir='ltr'><strong>divinitatem,</strong></span> <span class='ocrx_word' id='word_1_243' title='bbox 716 3563 843 3632; x_wconf 85' lang='lat' dir='ltr'><strong>ipsis</strong></span> <span class='ocrx_word' id='word_1_244' title='bbox 864 3562 1111 3631; x_wconf 84' lang='lat' dir='ltr'><strong>supernis</strong></span> <span class='ocrx_word' id='word_1_245' title='bbox 1129 3562 1414 3616; x_wconf 85' lang='lat' dir='ltr'><strong>virtutibus</strong></span> <span class='ocrx_word' id='word_1_246' title='bbox 1432 3564 1780 3626; x_wconf 78' lang='lat' dir='ltr'><strong>inaccessam,</strong></span> 
     </span>
    </p>
   </div>
   <div class='ocr_carea' id='block_1_35' title="bbox 185 3654 1786 3725">
    <p class='ocr_par' dir='ltr' id='par_1_35' title="bbox 185 3654 1786 3725">
     <span class='ocr_line' id='line_1_35' title="bbox 185 3654 1786 3725; baseline -0.001 -13"><span class='ocrx_word' id='word_1_247' title='bbox 185 3674 289 3713; x_wconf 87' lang='lat' dir='ltr'><strong>nos</strong></span> <span class='ocrx_word' id='word_1_248' title='bbox 314 3658 443 3716; x_wconf 88' lang='lat' dir='ltr'><strong>lutei</strong></span> <span class='ocrx_word' id='word_1_249' title='bbox 474 3669 527 3712; x_wconf 90' lang='lat' dir='ltr'><strong>et</strong></span> <span class='ocrx_word' id='word_1_250' title='bbox 555 3656 756 3712; x_wconf 90' lang='lat' dir='ltr'><strong>terreni</strong></span> <span class='ocrx_word' id='word_1_251' title='bbox 782 3655 922 3710; x_wconf 86' lang='lat' dir='ltr'><strong>t‘crre</strong></span> <span class='ocrx_word' id='word_1_252' title='bbox 947 3656 1349 3725; x_wconf 62' lang='lat' dir='ltr'><strong>potuissemus?</strong></span> <span class='ocrx_word' id='word_1_253' title='bbox 1378 3654 1500 3710; x_wconf 91' lang='lat' dir='ltr'><strong>ldco</strong></span> <span class='ocrx_word' id='word_1_254' title='bbox 1526 3655 1786 3711; x_wconf 83' lang='lat' dir='ltr'><strong>habitavit</strong></span> 
     </span>
    </p>
   </div>
   <div class='ocr_carea' id='block_1_36' title="bbox 187 3747 1786 3819">
    <p class='ocr_par' dir='ltr' id='par_1_36' title="bbox 187 3747 1786 3819">
     <span class='ocr_line' id='line_1_36' title="bbox 187 3747 1786 3819; baseline -0.001 -16"><span class='ocrx_word' id='word_1_255' title='bbox 187 3751 238 3803; x_wconf 91' lang='lat' dir='ltr'><strong>iu</strong></span> <span class='ocrx_word' id='word_1_256' title='bbox 265 3749 445 3815; x_wconf 89' lang='lat' dir='ltr'><strong>nobis,</strong></span> <span class='ocrx_word' id='word_1_257' title='bbox 477 3758 534 3803; x_wconf 90' lang='lat' dir='ltr'><strong>ut</strong></span> <span class='ocrx_word' id='word_1_258' title='bbox 578 3749 752 3817; x_wconf 86' lang='lat' dir='ltr'><strong>ipsum</strong></span> <span class='ocrx_word' id='word_1_259' title='bbox 800 3748 968 3810; x_wconf 84' lang='lat' dir='ltr'><strong>adire.</strong></span> <span class='ocrx_word' id='word_1_260' title='bbox 1016 3747 1237 3818; x_wconf 83' lang='lat' dir='ltr'><strong>alloqui,</strong></span> <span class='ocrx_word' id='word_1_261' title='bbox 1283 3763 1405 3804; x_wconf 88' lang='lat' dir='ltr'><strong>cum</strong></span> <span class='ocrx_word' id='word_1_262' title='bbox 1439 3748 1556 3819; x_wconf 84' lang='lat' dir='ltr'><strong>ipso</strong></span> <span class='ocrx_word' id='word_1_263' title='bbox 1584 3751 1786 3803; x_wconf 86' lang='lat' dir='ltr'><strong>versari</strong></span> 
     </span>
    </p>
   </div>
   <div class='ocr_carea' id='block_1_37' title="bbox 187 3845 698 3913">
    <p class='ocr_par' dir='ltr' id='par_1_37' title="bbox 187 3845 698 3913">
     <span class='ocr_line' id='line_1_37' title="bbox 187 3845 698 3913; baseline 0 -18"><span class='ocrx_word' id='word_1_264' title='bbox 187 3845 354 3898; x_wconf 87' lang='lat' dir='ltr'><strong>libere</strong></span> <span class='ocrx_word' id='word_1_265' title='bbox 384 3856 698 3913; x_wconf 59' lang='lat' dir='ltr'><strong>possemus.</strong></span> 
     </span>
    </p>
   </div>
   <div class='ocr_carea' id='block_1_38' title="bbox 261 3931 1786 4005">
    <p class='ocr_par' dir='ltr' id='par_1_38' title="bbox 261 3931 1786 4005">
     <span class='ocr_line' id='line_1_38' title="bbox 261 3931 1786 4005; baseline 0.001 -17"><span class='ocrx_word' id='word_1_266' title='bbox 261 3931 440 3988; x_wconf 75' lang='lat' dir='ltr'><strong>Gloria</strong></span> <span class='ocrx_word' id='word_1_267' title='bbox 480 3934 625 4004; x_wconf 85' lang='lat' dir='ltr'><strong>quasi</strong></span> <span class='ocrx_word' id='word_1_268' title='bbox 671 3933 1078 4005; x_wconf 71' lang='lat' dir='ltr'><strong>Uuigeuitiquid</strong></span> <span class='ocrx_word' id='word_1_269' title='bbox 1109 3934 1196 3989; x_wconf 87' lang='lat' dir='ltr'><strong>sit.</strong></span> <span class='ocrx_word' id='word_1_270' title='bbox 1221 3933 1600 4005; x_wconf 79' lang='lat' dir='ltr'><strong>Imperatorum</strong></span> <span class='ocrx_word' id='word_1_271' title='bbox 1629 3952 1786 3990; x_wconf 85' lang='lat' dir='ltr'><strong>orna-</strong></span> 
     </span>
    </p>
   </div>
   <div class='ocr_carea' id='block_1_39' title="bbox 188 4023 1786 4091">
    <p class='ocr_par' dir='ltr' id='par_1_39' title="bbox 188 4023 1786 4091">
     <span class='ocr_line' id='line_1_39' title="bbox 188 4023 1786 4091; baseline 0.003 -16"><span class='ocrx_word' id='word_1_272' title='bbox 188 4035 268 4077; x_wconf 87' lang='lat' dir='ltr'><strong>tus</strong></span> <span class='ocrx_word' id='word_1_273' title='bbox 296 4035 343 4078; x_wconf 85' lang='lat' dir='ltr'><strong>et</strong></span> <span class='ocrx_word' id='word_1_274' title='bbox 376 4023 800 4091; x_wconf 84' lang='lat' dir='ltr'><strong>cultus.—Quid</strong></span> <span class='ocrx_word' id='word_1_275' title='bbox 827 4034 1007 4079; x_wconf 88' lang='lat' dir='ltr'><strong>autem</strong></span> <span class='ocrx_word' id='word_1_276' title='bbox 1050 4025 1152 4080; x_wconf 89' lang='lat' dir='ltr'><strong>sibi</strong></span> <span class='ocrx_word' id='word_1_277' title='bbox 1199 4027 1312 4080; x_wconf 91' lang='lat' dir='ltr'><strong>vult</strong></span> <span class='ocrx_word' id='word_1_278' title='bbox 1361 4025 1514 4091; x_wconf 87' lang='lat' dir='ltr'><strong>illud,</strong></span> <span class='ocrx_word' id='word_1_279' title='bbox 1558 4026 1786 4081; x_wconf 82' lang='lat' dir='ltr'><strong>Gloriam</strong></span> 
     </span>
    </p>
   </div>
   <div class='ocr_carea' id='block_1_40' title="bbox 191 4116 1785 4191">
    <p class='ocr_par' dir='ltr' id='par_1_40' title="bbox 191 4116 1785 4191">
     <span class='ocr_line' id='line_1_40' title="bbox 191 4116 1785 4191; baseline 0.005 -24"><span class='ocrx_word' id='word_1_280' title='bbox 191 4118 334 4186; x_wconf 78' lang='lat' dir='ltr'><strong>quasi</strong></span> <span class='ocrx_word' id='word_1_281' title='bbox 391 4116 648 4186; x_wconf 79' lang='lat' dir='ltr'><strong>Uuigeuiti</strong></span> <span class='ocrx_word' id='word_1_282' title='bbox 696 4134 729 4170; x_wconf 88' lang='lat' dir='ltr'><strong>a</strong></span> <span class='ocrx_word' id='word_1_283' title='bbox 781 4116 981 4173; x_wconf 81' lang='lat' dir='ltr'><strong>Patre?</strong></span> <span class='ocrx_word' id='word_1_284' title='bbox 1024 4119 1157 4187; x_wconf 85' lang='lat' dir='ltr'><strong>Quia</strong></span> <span class='ocrx_word' id='word_1_285' title='bbox 1207 4121 1358 4175; x_wconf 89' lang='lat' dir='ltr'><strong>tuulti</strong></span> <span class='ocrx_word' id='word_1_286' title='bbox 1402 4122 1785 4191; x_wconf 77' lang='lat' dir='ltr'><strong>prephetarum</strong></span> 
     </span>
    </p>
   </div>
   <div class='ocr_carea' id='block_1_41' title="bbox 191 4206 1787 4283">
    <p class='ocr_par' dir='ltr' id='par_1_41' title="bbox 191 4206 1787 4283">
     <span class='ocr_line' id='line_1_41' title="bbox 191 4206 1787 4283; baseline 0.004 -22"><span class='ocrx_word' id='word_1_287' title='bbox 191 4210 357 4280; x_wconf 80' lang='lat' dir='ltr'><strong>gloria</strong></span> <span class='ocrx_word' id='word_1_288' title='bbox 386 4209 521 4264; x_wconf 81' lang='lat' dir='ltr'><strong>clari</strong></span> <span class='ocrx_word' id='word_1_289' title='bbox 557 4206 793 4276; x_wconf 68' lang='lat' dir='ltr'><strong>luemus,</strong></span> <span class='ocrx_word' id='word_1_290' title='bbox 824 4208 883 4264; x_wconf 86' lang='lat' dir='ltr'><strong>ut</strong></span> <span class='ocrx_word' id='word_1_291' title='bbox 912 4211 1027 4279; x_wconf 87' lang='lat' dir='ltr'><strong>ipse</strong></span> <span class='ocrx_word' id='word_1_292' title='bbox 1055 4212 1286 4283; x_wconf 69' lang='lat' dir='ltr'><strong>Moyses,</strong></span> <span class='ocrx_word' id='word_1_293' title='bbox 1336 4213 1500 4281; x_wconf 83' lang='lat' dir='ltr'><strong>Elias,</strong></span> <span class='ocrx_word' id='word_1_294' title='bbox 1534 4214 1787 4281; x_wconf 74' lang='lat' dir='ltr'><strong>Elisaens;</strong></span> 
     </span>
    </p>
   </div>
   <div class='ocr_carea' id='block_1_42' title="bbox 193 4303 1792 4378">
    <p class='ocr_par' dir='ltr' id='par_1_42' title="bbox 193 4303 1792 4378">
     <span class='ocr_line' id='line_1_42' title="bbox 193 4303 1792 4378; baseline 0.004 -23"><span class='ocrx_word' id='word_1_295' title='bbox 193 4303 650 4372; x_wconf 58' lang='lat' dir='ltr'><strong>ille-iguedcursu</strong></span> <span class='ocrx_word' id='word_1_296' title='bbox 679 4310 863 4357; x_wconf 89' lang='lat' dir='ltr'><strong>vectus</strong></span> <span class='ocrx_word' id='word_1_297' title='bbox 890 4344 904 4365; x_wconf 89' lang='lat'><strong>,</strong></span> <span class='ocrx_word' id='word_1_298' title='bbox 958 4303 1045 4360; x_wconf 91' lang='lat' dir='ltr'><strong>hic</strong></span> <span class='ocrx_word' id='word_1_299' title='bbox 1082 4317 1340 4378; x_wconf 86' lang='lat' dir='ltr'><strong>receptus</strong></span> <span class='ocrx_word' id='word_1_300' title='bbox 1380 4326 1393 4362; x_wconf 90' lang='lat'><strong>:</strong></span> <span class='ocrx_word' id='word_1_301' title='bbox 1455 4314 1508 4361; x_wconf 90' lang='lat' dir='ltr'><strong>et</strong></span> <span class='ocrx_word' id='word_1_302' title='bbox 1535 4308 1792 4376; x_wconf 75' lang='lat' dir='ltr'><strong>pastillos</strong></span> 
     </span>
    </p>
   </div>
   <div class='ocr_carea' id='block_1_43' title="bbox 195 4393 1790 4468">
    <p class='ocr_par' dir='ltr' id='par_1_43' title="bbox 195 4393 1790 4468">
     <span class='ocr_line' id='line_1_43' title="bbox 195 4393 1790 4468; baseline 0.004 -20"><span class='ocrx_word' id='word_1_303' title='bbox 195 4393 378 4448; x_wconf 83' lang='lat' dir='ltr'><strong>Daniel</strong></span> <span class='ocrx_word' id='word_1_304' title='bbox 396 4402 450 4448; x_wconf 91' lang='lat' dir='ltr'><strong>et</strong></span> <span class='ocrx_word' id='word_1_305' title='bbox 473 4400 582 4448; x_wconf 86' lang='lat' dir='ltr'><strong>tres</strong></span> <span class='ocrx_word' id='word_1_306' title='bbox 609 4394 778 4463; x_wconf 86' lang='lat' dir='ltr'><strong>pueri,</strong></span> <span class='ocrx_word' id='word_1_307' title='bbox 813 4394 1011 4466; x_wconf 84' lang='lat' dir='ltr'><strong>aliique</strong></span> <span class='ocrx_word' id='word_1_308' title='bbox 1047 4397 1282 4464; x_wconf 89' lang='lat' dir='ltr'><strong>plurimi,</strong></span> <span class='ocrx_word' id='word_1_309' title='bbox 1335 4408 1597 4468; x_wconf 79' lang='lat' dir='ltr'><strong>quotquot</strong></span> <span class='ocrx_word' id='word_1_310' title='bbox 1632 4401 1790 4456; x_wconf 83' lang='lat' dir='ltr'><strong>mira-</strong></span> 
     </span>
    </p>
   </div>
   <div class='ocr_carea' id='block_1_44' title="bbox 192 4486 1788 4562">
    <p class='ocr_par' dir='ltr' id='par_1_44' title="bbox 192 4486 1788 4562">
     <span class='ocr_line' id='line_1_44' title="bbox 192 4486 1788 4562; baseline 0.004 -21"><span class='ocrx_word' id='word_1_311' title='bbox 192 4486 310 4542; x_wconf 91' lang='lat' dir='ltr'><strong>cula</strong></span> <span class='ocrx_word' id='word_1_312' title='bbox 340 4496 640 4556; x_wconf 88' lang='lat' dir='ltr'><strong>patrarunt,</strong></span> <span class='ocrx_word' id='word_1_313' title='bbox 689 4486 856 4556; x_wconf 85' lang='lat' dir='ltr'><strong>gloria</strong></span> <span class='ocrx_word' id='word_1_314' title='bbox 904 4486 1171 4557; x_wconf 87' lang='lat' dir='ltr'><strong>splendidi</strong></span> <span class='ocrx_word' id='word_1_315' title='bbox 1214 4487 1363 4542; x_wconf 83' lang='lat' dir='ltr'><strong>luere</strong></span> <span class='ocrx_word' id='word_1_316' title='bbox 1395 4506 1406 4542; x_wconf 93' lang='lat'><strong>:</strong></span> <span class='ocrx_word' id='word_1_317' title='bbox 1441 4490 1614 4561; x_wconf 80' lang='lat' dir='ltr'><strong>angeli</strong></span> <span class='ocrx_word' id='word_1_318' title='bbox 1642 4507 1788 4562; x_wconf 85' lang='lat' dir='ltr'><strong>.quo-</strong></span> 
     </span>
    </p>
   </div>
   <div class='ocr_carea' id='block_1_45' title="bbox 192 4577 1796 4648">
    <p class='ocr_par' dir='ltr' id='par_1_45' title="bbox 192 4577 1796 4648">
     <span class='ocr_line' id='line_1_45' title="bbox 192 4577 1796 4648; baseline 0.005 -18"><span class='ocrx_word' id='word_1_319' title='bbox 192 4593 318 4648; x_wconf 86' lang='lat' dir='ltr'><strong>quc,</strong></span> <span class='ocrx_word' id='word_1_320' title='bbox 343 4577 434 4647; x_wconf 87' lang='lat' dir='ltr'><strong>qui</strong></span> <span class='ocrx_word' id='word_1_321' title='bbox 459 4577 768 4632; x_wconf 89' lang='lat' dir='ltr'><strong>hominibus</strong></span> <span class='ocrx_word' id='word_1_322' title='bbox 797 4587 1181 4647; x_wconf 88' lang='lat' dir='ltr'><strong>apparuerunt,</strong></span> <span class='ocrx_word' id='word_1_323' title='bbox 1201 4589 1502 4637; x_wconf 80' lang='lat' dir='ltr'><strong>.etnaturte</strong></span> <span class='ocrx_word' id='word_1_324' title='bbox 1537 4599 1650 4640; x_wconf 67' lang='lat' dir='ltr'><strong>sum</strong></span> <span class='ocrx_word' id='word_1_325' title='bbox 1689 4585 1796 4641; x_wconf 86' lang='lat' dir='ltr'><strong>lul-</strong></span> 
     </span>
    </p>
   </div>
   <div class='ocr_carea' id='block_1_46' title="bbox 193 4671 1794 4749">
    <p class='ocr_par' dir='ltr' id='par_1_46' title="bbox 193 4671 1794 4749">
     <span class='ocr_line' id='line_1_46' title="bbox 193 4671 1794 4749; baseline 0.009 -28"><span class='ocrx_word' id='word_1_326' title='bbox 193 4687 376 4740; x_wconf 89' lang='lat' dir='ltr'><strong>gorem</strong></span> <span class='ocrx_word' id='word_1_327' title='bbox 412 4671 714 4726; x_wconf 83' lang='lat' dir='ltr'><strong>hemiuilms</strong></span> <span class='ocrx_word' id='word_1_328' title='bbox 753 4671 1110 4727; x_wconf 74' lang='lat' dir='ltr'><strong>exbibuerunt</strong></span> <span class='ocrx_word' id='word_1_329' title='bbox 1141 4692 1153 4729; x_wconf 87' lang='lat'><strong>:</strong></span> <span class='ocrx_word' id='word_1_330' title='bbox 1187 4691 1360 4746; x_wconf 74' lang='lat' dir='ltr'><strong>neque</strong></span> <span class='ocrx_word' id='word_1_331' title='bbox 1398 4678 1794 4749; x_wconf 81' lang='lat' dir='ltr'><strong>angeli-solum,</strong></span> 
     </span>
    </p>
   </div>
   <div class='ocr_carea' id='block_1_47' title="bbox 192 4761 1794 4842">
    <p class='ocr_par' dir='ltr' id='par_1_47' title="bbox 192 4761 1794 4842">
     <span class='ocr_line' id='line_1_47' title="bbox 192 4761 1794 4842; baseline 0.005 -27"><span class='ocrx_word' id='word_1_332' title='bbox 192 4761 288 4815; x_wconf 87' lang='lat' dir='ltr'><strong>sed</strong></span> <span class='ocrx_word' id='word_1_333' title='bbox 318 4762 478 4816; x_wconf 87' lang='lat' dir='ltr'><strong>etiam</strong></span> <span class='ocrx_word' id='word_1_334' title='bbox 520 4762 810 4818; x_wconf 83' lang='lat' dir='ltr'><strong>Clterubiui</strong></span> <span class='ocrx_word' id='word_1_335' title='bbox 840 4776 894 4819; x_wconf 91' lang='lat' dir='ltr'><strong>et</strong></span> <span class='ocrx_word' id='word_1_336' title='bbox 932 4763 1213 4835; x_wconf 83' lang='lat' dir='ltr'><strong>Seraphini</strong></span> <span class='ocrx_word' id='word_1_337' title='bbox 1240 4783 1361 4823; x_wconf 90' lang='lat' dir='ltr'><strong>cum</strong></span> <span class='ocrx_word' id='word_1_338' title='bbox 1402 4769 1568 4839; x_wconf 81' lang='lat' dir='ltr'><strong>gloria</strong></span> <span class='ocrx_word' id='word_1_339' title='bbox 1605 4786 1794 4842; x_wconf 87' lang='lat' dir='ltr'><strong>magna</strong></span> 
     </span>
    </p>
   </div>
   <div class='ocr_carea' id='block_1_48' title="bbox 195 4853 1798 4929">
    <p class='ocr_par' dir='ltr' id='par_1_48' title="bbox 195 4853 1798 4929">
     <span class='ocr_line' id='line_1_48' title="bbox 195 4853 1798 4929; baseline 0.009 -26"><span class='ocrx_word' id='word_1_340' title='bbox 195 4853 471 4923; x_wconf 78' lang='lat' dir='ltr'><strong>propheta:</strong></span> <span class='ocrx_word' id='word_1_341' title='bbox 503 4870 798 4924; x_wconf 85' lang='lat' dir='ltr'><strong>apparuere</strong></span> <span class='ocrx_word' id='word_1_342' title='bbox 837 4874 850 4909; x_wconf 89' lang='lat'><strong>:</strong></span> <span class='ocrx_word' id='word_1_343' title='bbox 894 4856 959 4911; x_wconf 90' lang='lat' dir='ltr'><strong>ab</strong></span> <span class='ocrx_word' id='word_1_344' title='bbox 1008 4857 1156 4913; x_wconf 89' lang='lat' dir='ltr'><strong>hisce</strong></span> <span class='ocrx_word' id='word_1_345' title='bbox 1207 4874 1368 4929; x_wconf 80' lang='lat' dir='ltr'><strong>porro</strong></span> <span class='ocrx_word' id='word_1_346' title='bbox 1413 4862 1661 4918; x_wconf 84' lang='lat' dir='ltr'><strong>omnibus</strong></span> <span class='ocrx_word' id='word_1_347' title='bbox 1699 4879 1798 4918; x_wconf 88' lang='lat' dir='ltr'><strong>nos</strong></span> 
     </span>
    </p>
   </div>
   <div class='ocr_carea' id='block_1_49' title="bbox 196 4947 1796 5018">
    <p class='ocr_par' dir='ltr' id='par_1_49' title="bbox 196 4947 1796 5018">
     <span class='ocr_line' id='line_1_49' title="bbox 196 4947 1796 5018; baseline 0.008 -20"><span class='ocrx_word' id='word_1_348' title='bbox 196 4953 452 4999; x_wconf 85' lang='lat' dir='ltr'><strong>avertens</strong></span> <span class='ocrx_word' id='word_1_349' title='bbox 482 4947 837 5016; x_wconf 81' lang='lat' dir='ltr'><strong>evangelista,</strong></span> <span class='ocrx_word' id='word_1_350' title='bbox 860 4958 1018 5018; x_wconf 89' lang='lat' dir='ltr'><strong>atque</strong></span> <span class='ocrx_word' id='word_1_351' title='bbox 1047 4960 1479 5008; x_wconf 81' lang='lat' dir='ltr'><strong>acreaturarum</strong></span> <span class='ocrx_word' id='word_1_352' title='bbox 1503 4969 1796 5010; x_wconf 64' lang='lat' dir='ltr'><strong>conservm</strong></span> 
     </span>
    </p>
   </div>
   <div class='ocr_carea' id='block_1_50' title="bbox 197 5041 1798 5109">
    <p class='ocr_par' dir='ltr' id='par_1_50' title="bbox 197 5041 1798 5109">
     <span class='ocr_line' id='line_1_50' title="bbox 197 5041 1798 5109; baseline 0.007 -17"><span class='ocrx_word' id='word_1_353' title='bbox 197 5052 425 5107; x_wconf 86' lang='lat' dir='ltr'><strong>rumque</strong></span> <span class='ocrx_word' id='word_1_354' title='bbox 456 5049 759 5093; x_wconf 89' lang='lat' dir='ltr'><strong>nostrorum</strong></span> <span class='ocrx_word' id='word_1_355' title='bbox 800 5041 1087 5109; x_wconf 81' lang='lat' dir='ltr'><strong>splendore</strong></span> <span class='ocrx_word' id='word_1_356' title='bbox 1128 5052 1363 5098; x_wconf 87' lang='lat' dir='ltr'><strong>mentem</strong></span> <span class='ocrx_word' id='word_1_357' title='bbox 1398 5045 1671 5102; x_wconf 86' lang='lat' dir='ltr'><strong>adducens</strong></span> <span class='ocrx_word' id='word_1_358' title='bbox 1697 5065 1798 5102; x_wconf 82' lang='lat' dir='ltr'><strong>no-</strong></span> 
     </span>
    </p>
   </div>
   <div class='ocr_carea' id='block_1_51' title="bbox 195 5127 1797 5197">
    <p class='ocr_par' dir='ltr' id='par_1_51' title="bbox 195 5127 1797 5197">
     <span class='ocr_line' id='line_1_51' title="bbox 195 5127 1797 5197; baseline 0.006 -15"><span class='ocrx_word' id='word_1_359' title='bbox 195 5137 388 5194; x_wconf 89' lang='lat' dir='ltr'><strong>stram,</strong></span> <span class='ocrx_word' id='word_1_360' title='bbox 421 5127 472 5182; x_wconf 92' lang='lat' dir='ltr'><strong>in</strong></span> <span class='ocrx_word' id='word_1_361' title='bbox 511 5129 626 5197; x_wconf 90' lang='lat' dir='ltr'><strong>ipso</strong></span> <span class='ocrx_word' id='word_1_362' title='bbox 660 5145 757 5184; x_wconf 90' lang='lat' dir='ltr'><strong>uos</strong></span> <span class='ocrx_word' id='word_1_363' title='bbox 795 5131 1056 5187; x_wconf 88' lang='lat' dir='ltr'><strong>bonorum</strong></span> <span class='ocrx_word' id='word_1_364' title='bbox 1087 5135 1319 5191; x_wconf 89' lang='lat' dir='ltr'><strong>culmine</strong></span> <span class='ocrx_word' id='word_1_365' title='bbox 1354 5137 1650 5192; x_wconf 89' lang='lat' dir='ltr'><strong>constituit.</strong></span> <span class='ocrx_word' id='word_1_366' title='bbox 1682 5138 1797 5193; x_wconf 86' lang='lat' dir='ltr'><strong>Non</strong></span> 
     </span>
    </p>
   </div>
   <div class='ocr_carea' id='block_1_52' title="bbox 197 5220 1800 5300">
    <p class='ocr_par' dir='ltr' id='par_1_52' title="bbox 197 5220 1800 5300">
     <span class='ocr_line' id='line_1_52' title="bbox 197 5220 1800 5300; baseline 0.007 -27"><span class='ocrx_word' id='word_1_367' title='bbox 197 5221 344 5274; x_wconf 88' lang='lat' dir='ltr'><strong>enim</strong></span> <span class='ocrx_word' id='word_1_368' title='bbox 377 5220 677 5292; x_wconf 72' lang='lat' dir='ltr'><strong>prephetm,</strong></span> <span class='ocrx_word' id='word_1_369' title='bbox 713 5238 816 5277; x_wconf 89' lang='lat' dir='ltr'><strong>non</strong></span> <span class='ocrx_word' id='word_1_370' title='bbox 848 5226 1044 5295; x_wconf 72' lang='lat' dir='ltr'><strong>angeli,</strong></span> <span class='ocrx_word' id='word_1_371' title='bbox 1076 5241 1179 5280; x_wconf 93' lang='lat' dir='ltr'><strong>non</strong></span> <span class='ocrx_word' id='word_1_372' title='bbox 1212 5228 1676 5300; x_wconf 86' lang='lat' dir='ltr'><strong>archangeli,.non</strong></span> <span class='ocrx_word' id='word_1_373' title='bbox 1707 5245 1800 5284; x_wconf 63' lang='lat' dir='ltr'><strong>suo</strong></span> 
     </span>
    </p>
   </div>
   <div class='ocr_carea' id='block_1_53' title="bbox 200 5313 1801 5388">
    <p class='ocr_par' dir='ltr' id='par_1_53' title="bbox 200 5313 1801 5388">
     <span class='ocr_line' id='line_1_53' title="bbox 200 5313 1801 5388; baseline 0.007 -23"><span class='ocrx_word' id='word_1_374' title='bbox 200 5326 492 5380; x_wconf 85' lang='lat' dir='ltr'><strong>pernarunt</strong></span> <span class='ocrx_word' id='word_1_375' title='bbox 541 5313 817 5377; x_wconf 89' lang='lat' dir='ltr'><strong>virtutum,</strong></span> <span class='ocrx_word' id='word_1_376' title='bbox 848 5331 952 5369; x_wconf 90' lang='lat' dir='ltr'><strong>non</strong></span> <span class='ocrx_word' id='word_1_377' title='bbox 997 5317 1218 5372; x_wconf 91' lang='lat' dir='ltr'><strong>alterius</strong></span> <span class='ocrx_word' id='word_1_378' title='bbox 1247 5330 1444 5374; x_wconf 71' lang='lat' dir='ltr'><strong>creata:</strong></span> <span class='ocrx_word' id='word_1_379' title='bbox 1486 5329 1712 5388; x_wconf 66' lang='lat' dir='ltr'><strong>naturae,</strong></span> <span class='ocrx_word' id='word_1_380' title='bbox 1757 5324 1801 5376; x_wconf 89' lang='lat' dir='ltr'><strong>si</strong></span> 
     </span>
    </p>
   </div>
   <div class='ocr_carea' id='block_1_54' title="bbox 198 5402 1803 5484">
    <p class='ocr_par' dir='ltr' id='par_1_54' title="bbox 198 5402 1803 5484">
     <span class='ocr_line' id='line_1_54' title="bbox 198 5402 1803 5484; baseline 0.009 -29"><span class='ocrx_word' id='word_1_381' title='bbox 198 5420 299 5472; x_wconf 87' lang='lat' dir='ltr'><strong>qua</strong></span> <span class='ocrx_word' id='word_1_382' title='bbox 328 5404 397 5457; x_wconf 91' lang='lat' dir='ltr'><strong>sit</strong></span> <span class='ocrx_word' id='word_1_383' title='bbox 422 5402 559 5469; x_wconf 87' lang='lat' dir='ltr'><strong>alia;</strong></span> <span class='ocrx_word' id='word_1_384' title='bbox 611 5405 704 5458; x_wconf 88' lang='lat' dir='ltr'><strong>sed</strong></span> <span class='ocrx_word' id='word_1_385' title='bbox 742 5406 906 5474; x_wconf 84' lang='lat' dir='ltr'><strong>ipsius</strong></span> <span class='ocrx_word' id='word_1_386' title='bbox 953 5409 1182 5477; x_wconf 85' lang='lat' dir='ltr'><strong>Domini,</strong></span> <span class='ocrx_word' id='word_1_387' title='bbox 1213 5411 1382 5480; x_wconf 82' lang='lat' dir='ltr'><strong>ipsius</strong></span> <span class='ocrx_word' id='word_1_388' title='bbox 1423 5412 1605 5483; x_wconf 76' lang='lat' dir='ltr'><strong>Regis,</strong></span> <span class='ocrx_word' id='word_1_389' title='bbox 1637 5413 1803 5484; x_wconf 85' lang='lat' dir='ltr'><strong>ipsius</strong></span> 
     </span>
    </p>
   </div>
   <div class='ocr_carea' id='block_1_55' title="bbox 201 5497 1802 5578">
    <p class='ocr_par' dir='ltr' id='par_1_55' title="bbox 201 5497 1802 5578">
     <span class='ocr_line' id='line_1_55' title="bbox 201 5497 1802 5578; baseline 0.011 -33"><span class='ocrx_word' id='word_1_390' title='bbox 201 5512 328 5550; x_wconf 82' lang='lat' dir='ltr'><strong>vere</strong></span> <span class='ocrx_word' id='word_1_391' title='bbox 357 5497 612 5566; x_wconf 84' lang='lat' dir='ltr'><strong>unigeniti</strong></span> <span class='ocrx_word' id='word_1_392' title='bbox 639 5498 778 5566; x_wconf 85' lang='lat' dir='ltr'><strong>Filii,</strong></span> <span class='ocrx_word' id='word_1_393' title='bbox 808 5503 1048 5556; x_wconf 90' lang='lat' dir='ltr'><strong>omnium</strong></span> <span class='ocrx_word' id='word_1_394' title='bbox 1073 5515 1312 5558; x_wconf 84' lang='lat' dir='ltr'><strong>nostrum</strong></span> <span class='ocrx_word' id='word_1_395' title='bbox 1341 5506 1548 5560; x_wconf 91' lang='lat' dir='ltr'><strong>Domini</strong></span> <span class='ocrx_word' id='word_1_396' title='bbox 1577 5508 1802 5578; x_wconf 78' lang='lat' dir='ltr'><strong>gloriam</strong></span> 
     </span>
    </p>
   </div>
   <div class='ocr_carea' id='block_1_56' title="bbox 203 5586 1804 5667">
    <p class='ocr_par' dir='ltr' id='par_1_56' title="bbox 203 5586 1804 5667">
     <span class='ocr_line' id='line_1_56' title="bbox 203 5586 1804 5667; baseline 0.009 -29"><span class='ocrx_word' id='word_1_397' title='bbox 203 5586 456 5642; x_wconf 86' lang='lat' dir='ltr'><strong>vidimus.</strong></span> <span class='ocrx_word' id='word_1_398' title='bbox 491 5587 622 5644; x_wconf 88' lang='lat' dir='ltr'><strong>Illud</strong></span> <span class='ocrx_word' id='word_1_399' title='bbox 665 5601 865 5660; x_wconf 88' lang='lat' dir='ltr'><strong>autem,</strong></span> <span class='ocrx_word' id='word_1_400' title='bbox 911 5592 1092 5660; x_wconf 84' lang='lat' dir='ltr'><strong>Quasi,</strong></span> <span class='ocrx_word' id='word_1_401' title='bbox 1137 5611 1242 5652; x_wconf 87' lang='lat' dir='ltr'><strong>non</strong></span> <span class='ocrx_word' id='word_1_402' title='bbox 1287 5598 1650 5656; x_wconf 85' lang='lat' dir='ltr'><strong>similitudinis</strong></span> <span class='ocrx_word' id='word_1_403' title='bbox 1697 5609 1804 5667; x_wconf 89' lang='lat' dir='ltr'><strong>cst,</strong></span> 
     </span>
    </p>
   </div>
   <div class='ocr_carea' id='block_1_57' title="bbox 267 5814 1826 5900">
    <p class='ocr_par' dir='ltr' id='par_1_57' title="bbox 267 5814 1826 5900">
     <span class='ocr_line' id='line_1_57' title="bbox 267 5814 1826 5900; baseline 0.022 -42"><span class='ocrx_word' id='word_1_404' title='bbox 267 5814 373 5900; x_wconf 34' lang='lat' dir='ltr'><strong>Et”</strong></span> <span class='ocrx_word' id='word_1_405' title='bbox 391 5819 574 5900; x_wconf 46' lang='lat' dir='ltr'><strong>ament.</strong></span> <span class='ocrx_word' id='word_1_406' title='bbox 599 5817 805 5900; x_wconf 57' lang='lat' dir='ltr'><strong>legion,</strong></span> <span class='ocrx_word' id='word_1_407' title='bbox 826 5834 879 5900; x_wconf 32' lang='lat' dir='ltr'><strong>let</strong></span> <span class='ocrx_word' id='word_1_408' title='bbox 902 5829 1029 5888; x_wconf 72' lang='lat' dir='ltr'><strong>quod</strong></span> <span class='ocrx_word' id='word_1_409' title='bbox 1054 5826 1102 5881; x_wconf 77' lang='lat' dir='ltr'><strong>in</strong></span> <span class='ocrx_word' id='word_1_410' title='bbox 1127 5830 1275 5894; x_wconf 79' lang='lat' dir='ltr'><strong>ipsius</strong></span> <span class='ocrx_word' id='word_1_411' title='bbox 1299 5841 1498 5900; x_wconf 74' lang='lat' dir='ltr'><strong>aspectu</strong></span> <span class='ocrx_word' id='word_1_412' title='bbox 1516 5846 1641 5889; x_wconf 64' lang='lat' dir='ltr'><strong>erat</strong></span> <span class='ocrx_word' id='word_1_413' title='bbox 1678 5839 1826 5891; x_wconf 66' lang='lat' dir='ltr'><strong>inm.-</strong></span> 
     </span>
    </p>
   </div>
   <div class='ocr_carea' id='block_1_58' title="bbox 198 5859 962 5942">
    <p class='ocr_par' dir='ltr' id='par_1_58' title="bbox 198 5859 962 5942">
     <span class='ocr_line' id='line_1_58' title="bbox 198 5859 962 5942; baseline 0.026 -20"><span class='ocrx_word' id='word_1_414' title='bbox 198 5874 230 5922; x_wconf 71' lang='grc' dir='ltr'><strong>ιι</strong></span> <span class='ocrx_word' id='word_1_415' title='bbox 248 5893 260 5920; x_wconf 79' lang='grc' dir='ltr'><strong>ι</strong></span> <span class='ocrx_word' id='word_1_416' title='bbox 275 5859 418 5936; x_wconf 48' lang='grc' dir='ltr'><strong>ιιιῖίλν,</strong></span> <span class='ocrx_word' id='word_1_417' title='bbox 861 5859 962 5942; x_wconf 43' lang='grc' dir='ltr'><strong>λιὲιὶ</strong></span> 
     </span>
    </p>
   </div>
   <div class='ocr_carea' id='block_1_59' title="bbox 1877 796 3479 865">
    <p class='ocr_par' dir='ltr' id='par_1_59' title="bbox 1877 796 3479 865">
     <span class='ocr_line' id='line_1_59' title="bbox 1877 796 3479 865; baseline 0.012 -20"><span class='ocrx_word' id='word_1_418' title='bbox 1877 807 2049 863; x_wconf 87' lang='lat' dir='ltr'><strong>neque</strong></span> <span class='ocrx_word' id='word_1_419' title='bbox 2090 796 2382 865; x_wconf 53' lang='lat' dir='ltr'><strong>parabolae,</strong></span> <span class='ocrx_word' id='word_1_420' title='bbox 2425 798 2521 856; x_wconf 84' lang='lat' dir='ltr'><strong>sed</strong></span> <span class='ocrx_word' id='word_1_421' title='bbox 2568 801 3000 860; x_wconf 76' lang='lat' dir='ltr'><strong>conﬁrmationis</strong></span> <span class='ocrx_word' id='word_1_422' title='bbox 3051 814 3104 860; x_wconf 86' lang='lat' dir='ltr'><strong>et</strong></span> <span class='ocrx_word' id='word_1_423' title='bbox 3149 806 3479 864; x_wconf 77' lang='lat' dir='ltr'><strong>definitionis</strong></span> 
     </span>
    </p>
   </div>
   <div class='ocr_carea' id='block_1_60' title="bbox 1870 885 3474 971">
    <p class='ocr_par' dir='ltr' id='par_1_60' title="bbox 1870 885 3474 971">
     <span class='ocr_line' id='line_1_60' title="bbox 1870 885 3474 971; baseline 0.009 -34"><span class='ocrx_word' id='word_1_424' title='bbox 1870 885 2003 940; x_wconf 89' lang='lat' dir='ltr'><strong>nulli</strong></span> <span class='ocrx_word' id='word_1_425' title='bbox 2029 886 2193 942; x_wconf 85' lang='lat' dir='ltr'><strong>dubio</strong></span> <span class='ocrx_word' id='word_1_426' title='bbox 2214 888 2498 958; x_wconf 63' lang='lat' dir='ltr'><strong>obnoxiae;</strong></span> <span class='ocrx_word' id='word_1_427' title='bbox 2526 906 2590 948; x_wconf 88' lang='lat' dir='ltr'><strong>ac</strong></span> <span class='ocrx_word' id='word_1_428' title='bbox 2612 893 2656 948; x_wconf 91' lang='lat' dir='ltr'><strong>si</strong></span> <span class='ocrx_word' id='word_1_429' title='bbox 2683 894 2891 950; x_wconf 87' lang='lat' dir='ltr'><strong>diceret</strong></span> <span class='ocrx_word' id='word_1_430' title='bbox 2914 910 2929 951; x_wconf 87' lang='lat'><strong>:</strong></span> <span class='ocrx_word' id='word_1_431' title='bbox 2967 897 3207 954; x_wconf 75' lang='lat' dir='ltr'><strong>Vidimus</strong></span> <span class='ocrx_word' id='word_1_432' title='bbox 3227 900 3474 971; x_wconf 83' lang='lat' dir='ltr'><strong>gloriam,</strong></span> 
     </span>
    </p>
   </div>
   <div class='ocr_carea' id='block_1_61' title="bbox 1871 981 3476 1062">
    <p class='ocr_par' dir='ltr' id='par_1_61' title="bbox 1871 981 3476 1062">
     <span class='ocr_line' id='line_1_61' title="bbox 1871 981 3476 1062; baseline 0.009 -29"><span class='ocrx_word' id='word_1_433' title='bbox 1871 981 2081 1049; x_wconf 88' lang='lat' dir='ltr'><strong>qualem</strong></span> <span class='ocrx_word' id='word_1_434' title='bbox 2111 981 2336 1039; x_wconf 78' lang='lat' dir='ltr'><strong>decebat</strong></span> <span class='ocrx_word' id='word_1_435' title='bbox 2365 984 2565 1042; x_wconf 86' lang='lat' dir='ltr'><strong>habere</strong></span> <span class='ocrx_word' id='word_1_436' title='bbox 2595 988 2927 1058; x_wconf 86' lang='lat' dir='ltr'><strong>unigenitum</strong></span> <span class='ocrx_word' id='word_1_437' title='bbox 2956 1001 3008 1045; x_wconf 87' lang='lat' dir='ltr'><strong>et</strong></span> <span class='ocrx_word' id='word_1_438' title='bbox 3037 1006 3353 1062; x_wconf 89' lang='lat' dir='ltr'><strong>germanum</strong></span> <span class='ocrx_word' id='word_1_439' title='bbox 3385 992 3476 1047; x_wconf 83' lang='lat' dir='ltr'><strong>Fi-</strong></span> 
     </span>
    </p>
   </div>
   <div class='ocr_carea' id='block_1_62' title="bbox 1870 1073 3480 1154">
    <p class='ocr_par' dir='ltr' id='par_1_62' title="bbox 1870 1073 3480 1154">
     <span class='ocr_line' id='line_1_62' title="bbox 1870 1073 3480 1154; baseline 0.007 -27"><span class='ocrx_word' id='word_1_440' title='bbox 1870 1074 2002 1128; x_wconf 89' lang='lat' dir='ltr'><strong>lium</strong></span> <span class='ocrx_word' id='word_1_441' title='bbox 2031 1073 2148 1141; x_wconf 87' lang='lat' dir='ltr'><strong>Dei,</strong></span> <span class='ocrx_word' id='word_1_442' title='bbox 2195 1076 2568 1133; x_wconf 87' lang='lat' dir='ltr'><strong>universorum</strong></span> <span class='ocrx_word' id='word_1_443' title='bbox 2613 1079 2792 1151; x_wconf 77' lang='lat' dir='ltr'><strong>llegis.</strong></span> <span class='ocrx_word' id='word_1_444' title='bbox 2825 1080 2878 1137; x_wconf 80' lang='lat' dir='ltr'><strong>id</strong></span> <span class='ocrx_word' id='word_1_445' title='bbox 2913 1081 2966 1136; x_wconf 79' lang='lat' dir='ltr'><strong>in</strong></span> <span class='ocrx_word' id='word_1_446' title='bbox 3000 1097 3151 1138; x_wconf 92' lang='lat' dir='ltr'><strong>more</strong></span> <span class='ocrx_word' id='word_1_447' title='bbox 3184 1093 3266 1138; x_wconf 92' lang='lat' dir='ltr'><strong>est</strong></span> <span class='ocrx_word' id='word_1_448' title='bbox 3310 1084 3480 1154; x_wconf 87' lang='lat' dir='ltr'><strong>pluri-</strong></span> 
     </span>
    </p>
   </div>
   <div class='ocr_carea' id='block_1_63' title="bbox 1871 1167 3480 1240">
    <p class='ocr_par' dir='ltr' id='par_1_63' title="bbox 1871 1167 3480 1240">
     <span class='ocr_line' id='line_1_63' title="bbox 1871 1167 3480 1240; baseline 0.007 -21"><span class='ocrx_word' id='word_1_449' title='bbox 1871 1167 2004 1232; x_wconf 88' lang='lat' dir='ltr'><strong>mis;</strong></span> <span class='ocrx_word' id='word_1_450' title='bbox 2035 1183 2211 1240; x_wconf 86' lang='lat' dir='ltr'><strong>neqne</strong></span> <span class='ocrx_word' id='word_1_451' title='bbox 2237 1170 2394 1226; x_wconf 81' lang='lat' dir='ltr'><strong>enim</strong></span> <span class='ocrx_word' id='word_1_452' title='bbox 2419 1171 2682 1227; x_wconf 85' lang='lat' dir='ltr'><strong>recusabo</strong></span> <span class='ocrx_word' id='word_1_453' title='bbox 2710 1187 2740 1227; x_wconf 90' lang='lat' dir='ltr'><strong>a</strong></span> <span class='ocrx_word' id='word_1_454' title='bbox 2769 1173 3041 1229; x_wconf 86' lang='lat' dir='ltr'><strong>communi</strong></span> <span class='ocrx_word' id='word_1_455' title='bbox 3085 1175 3480 1230; x_wconf 84' lang='lat' dir='ltr'><strong>consuetudine</strong></span> 
     </span>
    </p>
   </div>
   <div class='ocr_carea' id='block_1_64' title="bbox 1869 1257 3481 1337">
    <p class='ocr_par' dir='ltr' id='par_1_64' title="bbox 1869 1257 3481 1337">
     <span class='ocr_line' id='line_1_64' title="bbox 1869 1257 3481 1337; baseline 0.007 -26"><span class='ocrx_word' id='word_1_456' title='bbox 1869 1257 1922 1313; x_wconf 92' lang='lat' dir='ltr'><strong>id</strong></span> <span class='ocrx_word' id='word_1_457' title='bbox 1944 1273 2208 1316; x_wconf 88' lang='lat' dir='ltr'><strong>asserere.</strong></span> <span class='ocrx_word' id='word_1_458' title='bbox 2240 1260 2449 1316; x_wconf 67' lang='lat' dir='ltr'><strong>Etenim</strong></span> <span class='ocrx_word' id='word_1_459' title='bbox 2472 1279 2577 1317; x_wconf 88' lang='lat' dir='ltr'><strong>non</strong></span> <span class='ocrx_word' id='word_1_460' title='bbox 2609 1262 2677 1317; x_wconf 86' lang='lat' dir='ltr'><strong>ad</strong></span> <span class='ocrx_word' id='word_1_461' title='bbox 2705 1263 2993 1320; x_wconf 87' lang='lat' dir='ltr'><strong>verborum</strong></span> <span class='ocrx_word' id='word_1_462' title='bbox 3021 1266 3280 1336; x_wconf 88' lang='lat' dir='ltr'><strong>speciem,</strong></span> <span class='ocrx_word' id='word_1_463' title='bbox 3306 1282 3481 1337; x_wconf 86' lang='lat' dir='ltr'><strong>neque</strong></span> 
     </span>
    </p>
   </div>
   <div class='ocr_carea' id='block_1_65' title="bbox 1869 1350 3482 1428">
    <p class='ocr_par' dir='ltr' id='par_1_65' title="bbox 1869 1350 3482 1428">
     <span class='ocr_line' id='line_1_65' title="bbox 1869 1350 3482 1428; baseline 0.007 -23"><span class='ocrx_word' id='word_1_464' title='bbox 1869 1350 1935 1406; x_wconf 87' lang='lat' dir='ltr'><strong>ad</strong></span> <span class='ocrx_word' id='word_1_465' title='bbox 1965 1353 2128 1408; x_wconf 88' lang='lat' dir='ltr'><strong>seriei</strong></span> <span class='ocrx_word' id='word_1_466' title='bbox 2148 1363 2395 1408; x_wconf 87' lang='lat' dir='ltr'><strong>ornatqu</strong></span> <span class='ocrx_word' id='word_1_467' title='bbox 2425 1356 2568 1424; x_wconf 82' lang='lat' dir='ltr'><strong>loqui</strong></span> <span class='ocrx_word' id='word_1_468' title='bbox 2599 1357 2649 1410; x_wconf 89' lang='lat' dir='ltr'><strong>in</strong></span> <span class='ocrx_word' id='word_1_469' title='bbox 2676 1359 2952 1428; x_wconf 88' lang='lat' dir='ltr'><strong>proposito</strong></span> <span class='ocrx_word' id='word_1_470' title='bbox 2974 1357 3256 1427; x_wconf 81' lang='lat' dir='ltr'><strong>habemus,</strong></span> <span class='ocrx_word' id='word_1_471' title='bbox 3290 1361 3384 1416; x_wconf 88' lang='lat' dir='ltr'><strong>sed</strong></span> <span class='ocrx_word' id='word_1_472' title='bbox 3413 1361 3482 1416; x_wconf 87' lang='lat' dir='ltr'><strong>ad</strong></span> 
     </span>
    </p>
   </div>
   <div class='ocr_carea' id='block_1_66' title="bbox 1872 1446 3477 1519">
    <p class='ocr_par' dir='ltr' id='par_1_66' title="bbox 1872 1446 3477 1519">
     <span class='ocr_line' id='line_1_66' title="bbox 1872 1446 3477 1519; baseline 0.007 -23"><span class='ocrx_word' id='word_1_473' title='bbox 1872 1453 2101 1500; x_wconf 82' lang='lat' dir='ltr'><strong>vestram</strong></span> <span class='ocrx_word' id='word_1_474' title='bbox 2140 1446 2314 1500; x_wconf 88' lang='lat' dir='ltr'><strong>solum</strong></span> <span class='ocrx_word' id='word_1_475' title='bbox 2358 1448 2678 1513; x_wconf 84' lang='lat' dir='ltr'><strong>utilitatem;</strong></span> <span class='ocrx_word' id='word_1_476' title='bbox 2729 1459 3060 1519; x_wconf 89' lang='lat' dir='ltr'><strong>quapr0pter</strong></span> <span class='ocrx_word' id='word_1_477' title='bbox 3096 1450 3228 1505; x_wconf 91' lang='lat' dir='ltr'><strong>nihil</strong></span> <span class='ocrx_word' id='word_1_478' title='bbox 3275 1452 3477 1518; x_wconf 70' lang='lat' dir='ltr'><strong>officit,</strong></span> 
     </span>
    </p>
   </div>
   <div class='ocr_carea' id='block_1_67' title="bbox 1871 1537 3480 1605">
    <p class='ocr_par' dir='ltr' id='par_1_67' title="bbox 1871 1537 3480 1605">
     <span class='ocr_line' id='line_1_67' title="bbox 1871 1537 3480 1605; baseline 0.006 -17"><span class='ocrx_word' id='word_1_479' title='bbox 1871 1537 2156 1605; x_wconf 88' lang='lat' dir='ltr'><strong>quominus</strong></span> <span class='ocrx_word' id='word_1_480' title='bbox 2198 1553 2226 1590; x_wconf 91' lang='lat' dir='ltr'><strong>a</strong></span> <span class='ocrx_word' id='word_1_481' title='bbox 2268 1541 2537 1593; x_wconf 89' lang='lat' dir='ltr'><strong>connnuui</strong></span> <span class='ocrx_word' id='word_1_482' title='bbox 2584 1540 2977 1596; x_wconf 88' lang='lat' dir='ltr'><strong>consuetudine</strong></span> <span class='ocrx_word' id='word_1_483' title='bbox 3019 1540 3070 1595; x_wconf 92' lang='lat' dir='ltr'><strong>id</strong></span> <span class='ocrx_word' id='word_1_484' title='bbox 3105 1543 3480 1598; x_wconf 80' lang='lat' dir='ltr'><strong>conﬁrmetur.</strong></span> 
     </span>
    </p>
   </div>
   <div class='ocr_carea' id='block_1_68' title="bbox 1870 1627 3482 1708">
    <p class='ocr_par' dir='ltr' id='par_1_68' title="bbox 1870 1627 3482 1708">
     <span class='ocr_line' id='line_1_68' title="bbox 1870 1627 3482 1708; baseline 0.008 -32"><span class='ocrx_word' id='word_1_485' title='bbox 1870 1627 2129 1695; x_wconf 75' lang='lat' dir='ltr'><strong>Quzeuam</strong></span> <span class='ocrx_word' id='word_1_486' title='bbox 2145 1638 2228 1684; x_wconf 88' lang='lat' dir='ltr'><strong>est</strong></span> <span class='ocrx_word' id='word_1_487' title='bbox 2245 1629 2331 1683; x_wconf 92' lang='lat' dir='ltr'><strong>illa</strong></span> <span class='ocrx_word' id='word_1_488' title='bbox 2353 1630 2644 1685; x_wconf 92' lang='lat' dir='ltr'><strong>multorum</strong></span> <span class='ocrx_word' id='word_1_489' title='bbox 2664 1631 3034 1708; x_wconf 86' lang='lat' dir='ltr'><strong>consuetudo?</strong></span> <span class='ocrx_word' id='word_1_490' title='bbox 3050 1632 3277 1701; x_wconf 83' lang='lat' dir='ltr'><strong>Quidam</strong></span> <span class='ocrx_word' id='word_1_491' title='bbox 3298 1649 3482 1706; x_wconf 80' lang='lat' dir='ltr'><strong>regem</strong></span> 
     </span>
    </p>
   </div>
   <div class='ocr_carea' id='block_1_69' title="bbox 1871 1721 3482 1799">
    <p class='ocr_par' dir='ltr' id='par_1_69' title="bbox 1871 1721 3482 1799">
     <span class='ocr_line' id='line_1_69' title="bbox 1871 1721 3482 1799; baseline 0.004 -23"><span class='ocrx_word' id='word_1_492' title='bbox 1871 1721 2273 1777; x_wconf 82' lang='lat' dir='ltr'><strong>ornatissimum</strong></span> <span class='ocrx_word' id='word_1_493' title='bbox 2293 1721 2556 1789; x_wconf 87' lang='lat' dir='ltr'><strong>videntes,</strong></span> <span class='ocrx_word' id='word_1_494' title='bbox 2579 1732 2634 1780; x_wconf 92' lang='lat' dir='ltr'><strong>ct</strong></span> <span class='ocrx_word' id='word_1_495' title='bbox 2656 1725 2909 1795; x_wconf 88' lang='lat' dir='ltr'><strong>pretiosis</strong></span> <span class='ocrx_word' id='word_1_496' title='bbox 2927 1725 3166 1797; x_wconf 84' lang='lat' dir='ltr'><strong>undique</strong></span> <span class='ocrx_word' id='word_1_497' title='bbox 3193 1725 3482 1799; x_wconf 81' lang='lat' dir='ltr'><strong>fulgentem</strong></span> 
     </span>
    </p>
   </div>
   <div class='ocr_carea' id='block_1_70' title="bbox 1874 1813 3481 1886">
    <p class='ocr_par' dir='ltr' id='par_1_70' title="bbox 1874 1813 3481 1886">
     <span class='ocr_line' id='line_1_70' title="bbox 1874 1813 3481 1886; baseline 0.005 -22"><span class='ocrx_word' id='word_1_498' title='bbox 1874 1813 2158 1882; x_wconf 83' lang='lat' dir='ltr'><strong>lapidibus,</strong></span> <span class='ocrx_word' id='word_1_499' title='bbox 2186 1813 2449 1882; x_wconf 88' lang='lat' dir='ltr'><strong>siquando</strong></span> <span class='ocrx_word' id='word_1_500' title='bbox 2475 1815 2618 1868; x_wconf 88' lang='lat' dir='ltr'><strong>illam</strong></span> <span class='ocrx_word' id='word_1_501' title='bbox 2645 1815 3127 1886; x_wconf 57' lang='lat' dir='ltr'><strong>pulchritudinem,</strong></span> <span class='ocrx_word' id='word_1_502' title='bbox 3145 1818 3292 1874; x_wconf 89' lang='lat' dir='ltr'><strong>illum</strong></span> <span class='ocrx_word' id='word_1_503' title='bbox 3319 1834 3481 1875; x_wconf 88' lang='lat' dir='ltr'><strong>orna-</strong></span> 
     </span>
    </p>
   </div>
   <div class='ocr_carea' id='block_1_71' title="bbox 1876 1905 3483 1982">
    <p class='ocr_par' dir='ltr' id='par_1_71' title="bbox 1876 1905 3483 1982">
     <span class='ocr_line' id='line_1_71' title="bbox 1876 1905 3483 1982; baseline 0.006 -25"><span class='ocrx_word' id='word_1_504' title='bbox 1876 1914 2006 1969; x_wconf 87' lang='lat' dir='ltr'><strong>tum,</strong></span> <span class='ocrx_word' id='word_1_505' title='bbox 2037 1905 2258 1974; x_wconf 78' lang='lat' dir='ltr'><strong>gloriam</strong></span> <span class='ocrx_word' id='word_1_506' title='bbox 2299 1905 2444 1961; x_wconf 81' lang='lat' dir='ltr'><strong>illam</strong></span> <span class='ocrx_word' id='word_1_507' title='bbox 2484 1907 2604 1963; x_wconf 88' lang='lat' dir='ltr'><strong>aliis</strong></span> <span class='ocrx_word' id='word_1_508' title='bbox 2645 1923 2905 1966; x_wconf 85' lang='lat' dir='ltr'><strong>enarrare</strong></span> <span class='ocrx_word' id='word_1_509' title='bbox 2941 1910 3128 1975; x_wconf 85' lang='lat' dir='ltr'><strong>velint,</strong></span> <span class='ocrx_word' id='word_1_510' title='bbox 3180 1926 3277 1982; x_wconf 90' lang='lat' dir='ltr'><strong>pro</strong></span> <span class='ocrx_word' id='word_1_511' title='bbox 3321 1911 3483 1968; x_wconf 90' lang='lat' dir='ltr'><strong>modo</strong></span> 
     </span>
    </p>
   </div>
   <div class='ocr_carea' id='block_1_72' title="bbox 1874 1998 3482 2077">
    <p class='ocr_par' dir='ltr' id='par_1_72' title="bbox 1874 1998 3482 2077">
     <span class='ocr_line' id='line_1_72' title="bbox 1874 1998 3482 2077; baseline 0.005 -25"><span class='ocrx_word' id='word_1_512' title='bbox 1874 2014 1972 2053; x_wconf 76' lang='lat' dir='ltr'><strong>suo</strong></span> <span class='ocrx_word' id='word_1_513' title='bbox 1999 1998 2314 2071; x_wconf 83' lang='lat' dir='ltr'><strong>depingunt,</strong></span> <span class='ocrx_word' id='word_1_514' title='bbox 2352 2015 2602 2072; x_wconf 73' lang='lat' dir='ltr'><strong>purpura:</strong></span> <span class='ocrx_word' id='word_1_515' title='bbox 2645 2000 2856 2070; x_wconf 83' lang='lat' dir='ltr'><strong>ﬂorem,</strong></span> <span class='ocrx_word' id='word_1_516' title='bbox 2906 2019 3240 2074; x_wconf 86' lang='lat' dir='ltr'><strong>gemmarum</strong></span> <span class='ocrx_word' id='word_1_517' title='bbox 3272 2005 3482 2077; x_wconf 86' lang='lat' dir='ltr'><strong>magni-</strong></span> 
     </span>
    </p>
   </div>
   <div class='ocr_carea' id='block_1_73' title="bbox 1878 2093 3486 2166">
    <p class='ocr_par' dir='ltr' id='par_1_73' title="bbox 1878 2093 3486 2166">
     <span class='ocr_line' id='line_1_73' title="bbox 1878 2093 3486 2166; baseline 0.005 -22"><span class='ocrx_word' id='word_1_518' title='bbox 1878 2093 2135 2156; x_wconf 87' lang='lat' dir='ltr'><strong>tudinem,</strong></span> <span class='ocrx_word' id='word_1_519' title='bbox 2179 2093 2446 2147; x_wconf 88' lang='lat' dir='ltr'><strong>mularum</strong></span> <span class='ocrx_word' id='word_1_520' title='bbox 2490 2094 2766 2163; x_wconf 90' lang='lat' dir='ltr'><strong>alborem,</strong></span> <span class='ocrx_word' id='word_1_521' title='bbox 2812 2095 3001 2166; x_wconf 82' lang='lat' dir='ltr'><strong>jugum</strong></span> <span class='ocrx_word' id='word_1_522' title='bbox 3047 2111 3294 2156; x_wconf 87' lang='lat' dir='ltr'><strong>aureum.</strong></span> <span class='ocrx_word' id='word_1_523' title='bbox 3329 2098 3486 2152; x_wconf 84' lang='lat' dir='ltr'><strong>strati</strong></span> 
     </span>
    </p>
   </div>
   <div class='ocr_carea' id='block_1_74' title="bbox 1877 2181 3483 2258">
    <p class='ocr_par' dir='ltr' id='par_1_74' title="bbox 1877 2181 3483 2258">
     <span class='ocr_line' id='line_1_74' title="bbox 1877 2181 3483 2258; baseline 0.006 -22"><span class='ocrx_word' id='word_1_524' title='bbox 1877 2181 2138 2251; x_wconf 71' lang='lat' dir='ltr'><strong>fulgorem</strong></span> <span class='ocrx_word' id='word_1_525' title='bbox 2175 2195 2397 2255; x_wconf 85' lang='lat' dir='ltr'><strong>:postea</strong></span> <span class='ocrx_word' id='word_1_526' title='bbox 2422 2201 2551 2241; x_wconf 89' lang='lat' dir='ltr'><strong>vero</strong></span> <span class='ocrx_word' id='word_1_527' title='bbox 2579 2185 2663 2242; x_wconf 92' lang='lat' dir='ltr'><strong>his</strong></span> <span class='ocrx_word' id='word_1_528' title='bbox 2691 2186 2919 2258; x_wconf 80' lang='lat' dir='ltr'><strong>aliisque</strong></span> <span class='ocrx_word' id='word_1_529' title='bbox 2962 2187 3146 2244; x_wconf 89' lang='lat' dir='ltr'><strong>multis</strong></span> <span class='ocrx_word' id='word_1_530' title='bbox 3181 2191 3483 2256; x_wconf 80' lang='lat' dir='ltr'><strong>recensitis,</strong></span> 
     </span>
    </p>
   </div>
   <div class='ocr_carea' id='block_1_75' title="bbox 1876 2279 3487 2352">
    <p class='ocr_par' dir='ltr' id='par_1_75' title="bbox 1876 2279 3487 2352">
     <span class='ocr_line' id='line_1_75' title="bbox 1876 2279 3487 2352; baseline 0.004 -24"><span class='ocrx_word' id='word_1_531' title='bbox 1876 2290 1996 2330; x_wconf 84' lang='lat' dir='ltr'><strong>cum</strong></span> <span class='ocrx_word' id='word_1_532' title='bbox 2046 2291 2151 2330; x_wconf 86' lang='lat' dir='ltr'><strong>non</strong></span> <span class='ocrx_word' id='word_1_533' title='bbox 2199 2289 2423 2347; x_wconf 88' lang='lat' dir='ltr'><strong>possunt</strong></span> <span class='ocrx_word' id='word_1_534' title='bbox 2461 2287 2631 2333; x_wconf 90' lang='lat' dir='ltr'><strong>totum</strong></span> <span class='ocrx_word' id='word_1_535' title='bbox 2678 2279 3021 2350; x_wconf 87' lang='lat' dir='ltr'><strong>splendorem</strong></span> <span class='ocrx_word' id='word_1_536' title='bbox 3067 2281 3248 2337; x_wconf 86' lang='lat' dir='ltr'><strong>verbis</strong></span> <span class='ocrx_word' id='word_1_537' title='bbox 3287 2298 3487 2352; x_wconf 73' lang='lat' dir='ltr'><strong>reprae-</strong></span> 
     </span>
    </p>
   </div>
   <div class='ocr_carea' id='block_1_76' title="bbox 1878 2369 3488 2444">
    <p class='ocr_par' dir='ltr' id='par_1_76' title="bbox 1878 2369 3488 2444">
     <span class='ocr_line' id='line_1_76' title="bbox 1878 2369 3488 2444; baseline 0.004 -25"><span class='ocrx_word' id='word_1_538' title='bbox 1878 2377 2110 2433; x_wconf 80' lang='lat' dir='ltr'><strong>sentare,</strong></span> <span class='ocrx_word' id='word_1_539' title='bbox 2130 2369 2385 2424; x_wconf 88' lang='lat' dir='ltr'><strong>continuo</strong></span> <span class='ocrx_word' id='word_1_540' title='bbox 2414 2370 2618 2426; x_wconf 87' lang='lat' dir='ltr'><strong>addunt</strong></span> <span class='ocrx_word' id='word_1_541' title='bbox 2653 2389 2665 2425; x_wconf 93' lang='lat'><strong>:</strong></span> <span class='ocrx_word' id='word_1_542' title='bbox 2698 2371 2834 2439; x_wconf 81' lang='lat' dir='ltr'><strong>Quid</strong></span> <span class='ocrx_word' id='word_1_543' title='bbox 2865 2373 3049 2428; x_wconf 90' lang='lat' dir='ltr'><strong>multis</strong></span> <span class='ocrx_word' id='word_1_544' title='bbox 3077 2389 3213 2444; x_wconf 90' lang='lat' dir='ltr'><strong>opus</strong></span> <span class='ocrx_word' id='word_1_545' title='bbox 3240 2376 3356 2429; x_wconf 82' lang='lat' dir='ltr'><strong>est?</strong></span> <span class='ocrx_word' id='word_1_546' title='bbox 3379 2388 3488 2428; x_wconf 89' lang='lat' dir='ltr'><strong>uno</strong></span> 
     </span>
    </p>
   </div>
   <div class='ocr_carea' id='block_1_77' title="bbox 1885 2457 3486 2535">
    <p class='ocr_par' dir='ltr' id='par_1_77' title="bbox 1885 2457 3486 2535">
     <span class='ocr_line' id='line_1_77' title="bbox 1885 2457 3486 2535; baseline 0.007 -25"><span class='ocrx_word' id='word_1_547' title='bbox 1885 2457 2046 2512; x_wconf 74' lang='lat' dir='ltr'><strong>verbo</strong></span> <span class='ocrx_word' id='word_1_548' title='bbox 2081 2459 2280 2525; x_wconf 88' lang='lat' dir='ltr'><strong>dicam,</strong></span> <span class='ocrx_word' id='word_1_549' title='bbox 2319 2462 2470 2530; x_wconf 87' lang='lat' dir='ltr'><strong>quasi</strong></span> <span class='ocrx_word' id='word_1_550' title='bbox 2517 2477 2612 2517; x_wconf 74' lang='lat' dir='ltr'><strong>rex</strong></span> <span class='ocrx_word' id='word_1_551' title='bbox 2651 2481 2662 2514; x_wconf 89' lang='lat'><strong><em>:</em></strong></span> <span class='ocrx_word' id='word_1_552' title='bbox 2703 2480 2904 2534; x_wconf 86' lang='lat' dir='ltr'><strong>perque</strong></span> <span class='ocrx_word' id='word_1_553' title='bbox 2956 2464 3108 2531; x_wconf 82' lang='lat' dir='ltr'><strong>illud,</strong></span> <span class='ocrx_word' id='word_1_554' title='bbox 3152 2465 3328 2535; x_wconf 78' lang='lat' dir='ltr'><strong>quasi,</strong></span> <span class='ocrx_word' id='word_1_555' title='bbox 3377 2482 3486 2522; x_wconf 74' lang='lat' dir='ltr'><strong>non</strong></span> 
     </span>
    </p>
   </div>
   <div class='ocr_carea' id='block_1_78' title="bbox 1880 2550 3488 2629">
    <p class='ocr_par' dir='ltr' id='par_1_78' title="bbox 1880 2550 3488 2629">
     <span class='ocr_line' id='line_1_78' title="bbox 1880 2550 3488 2629; baseline 0.009 -27"><span class='ocrx_word' id='word_1_556' title='bbox 1880 2550 1991 2619; x_wconf 77' lang='lat' dir='ltr'><strong>regi</strong></span> <span class='ocrx_word' id='word_1_557' title='bbox 2034 2553 2265 2606; x_wconf 85' lang='lat' dir='ltr'><strong>similem</strong></span> <span class='ocrx_word' id='word_1_558' title='bbox 2306 2554 2616 2611; x_wconf 89' lang='lat' dir='ltr'><strong>describere</strong></span> <span class='ocrx_word' id='word_1_559' title='bbox 2644 2555 2849 2619; x_wconf 87' lang='lat' dir='ltr'><strong>volunt,</strong></span> <span class='ocrx_word' id='word_1_560' title='bbox 2896 2557 2992 2613; x_wconf 88' lang='lat' dir='ltr'><strong>sed</strong></span> <span class='ocrx_word' id='word_1_561' title='bbox 3035 2558 3208 2629; x_wconf 90' lang='lat' dir='ltr'><strong>ipsum</strong></span> <span class='ocrx_word' id='word_1_562' title='bbox 3243 2575 3369 2615; x_wconf 87' lang='lat' dir='ltr'><strong>vere</strong></span> <span class='ocrx_word' id='word_1_563' title='bbox 3396 2575 3488 2615; x_wconf 89' lang='lat' dir='ltr'><strong>re-</strong></span> 
     </span>
    </p>
   </div>
   <div class='ocr_carea' id='block_1_79' title="bbox 1879 2644 3486 2723">
    <p class='ocr_par' dir='ltr' id='par_1_79' title="bbox 1879 2644 3486 2723">
     <span class='ocr_line' id='line_1_79' title="bbox 1879 2644 3486 2723; baseline 0.005 -25"><span class='ocrx_word' id='word_1_564' title='bbox 1879 2659 2026 2715; x_wconf 80' lang='lat' dir='ltr'><strong>gem.</strong></span> <span class='ocrx_word' id='word_1_565' title='bbox 2056 2644 2145 2700; x_wconf 90' lang='lat' dir='ltr'><strong>Sic</strong></span> <span class='ocrx_word' id='word_1_566' title='bbox 2173 2646 2332 2716; x_wconf 86' lang='lat' dir='ltr'><strong>igitur</strong></span> <span class='ocrx_word' id='word_1_567' title='bbox 2356 2649 2685 2720; x_wconf 77' lang='lat' dir='ltr'><strong>evangelista</strong></span> <span class='ocrx_word' id='word_1_568' title='bbox 2717 2649 2867 2716; x_wconf 87' lang='lat' dir='ltr'><strong>illud,</strong></span> <span class='ocrx_word' id='word_1_569' title='bbox 2904 2651 3083 2718; x_wconf 80' lang='lat' dir='ltr'><strong>Quasi,</strong></span> <span class='ocrx_word' id='word_1_570' title='bbox 3108 2654 3287 2723; x_wconf 90' lang='lat' dir='ltr'><strong>posuit</strong></span> <span class='ocrx_word' id='word_1_571' title='bbox 3313 2663 3370 2706; x_wconf 87' lang='grc' dir='ltr'><strong>ιιι</strong></span> <span class='ocrx_word' id='word_1_572' title='bbox 3401 2651 3486 2708; x_wconf 83' lang='grc' dir='ltr'><strong>ἰη-</strong></span> 
     </span>
    </p>
   </div>
   <div class='ocr_carea' id='block_1_80' title="bbox 1880 2741 3487 2815">
    <p class='ocr_par' dir='ltr' id='par_1_80' title="bbox 1880 2741 3487 2815">
     <span class='ocr_line' id='line_1_80' title="bbox 1880 2741 3487 2815; baseline 0.005 -21"><span class='ocrx_word' id='word_1_573' title='bbox 1880 2741 2295 2809; x_wconf 89' lang='lat' dir='ltr'><strong>comparabilem</strong></span> <span class='ocrx_word' id='word_1_574' title='bbox 2331 2741 2476 2797; x_wconf 88' lang='lat' dir='ltr'><strong>illam</strong></span> <span class='ocrx_word' id='word_1_575' title='bbox 2505 2751 2555 2797; x_wconf 91' lang='lat' dir='ltr'><strong>et</strong></span> <span class='ocrx_word' id='word_1_576' title='bbox 2589 2743 2984 2813; x_wconf 39' lang='lat' dir='ltr'><strong>prmcillleutem</strong></span> <span class='ocrx_word' id='word_1_577' title='bbox 3015 2744 3240 2815; x_wconf 88' lang='lat' dir='ltr'><strong>gloriam</strong></span> <span class='ocrx_word' id='word_1_578' title='bbox 3263 2745 3487 2802; x_wconf 77' lang='lat' dir='ltr'><strong>exhibe-</strong></span> 
     </span>
    </p>
   </div>
   <div class='ocr_carea' id='block_1_81' title="bbox 1882 2833 3487 2909">
    <p class='ocr_par' dir='ltr' id='par_1_81' title="bbox 1882 2833 3487 2909">
     <span class='ocr_line' id='line_1_81' title="bbox 1882 2833 3487 2909; baseline 0.003 -20"><span class='ocrx_word' id='word_1_579' title='bbox 1882 2842 1982 2889; x_wconf 92' lang='lat' dir='ltr'><strong>ret.</strong></span> <span class='ocrx_word' id='word_1_580' title='bbox 2013 2833 2112 2886; x_wconf 75' lang='lat' dir='ltr'><strong>Alii</strong></span> <span class='ocrx_word' id='word_1_581' title='bbox 2149 2835 2348 2905; x_wconf 86' lang='lat' dir='ltr'><strong>quippe</strong></span> <span class='ocrx_word' id='word_1_582' title='bbox 2372 2850 2578 2899; x_wconf 89' lang='lat' dir='ltr'><strong>omnes,</strong></span> <span class='ocrx_word' id='word_1_583' title='bbox 2611 2837 2806 2906; x_wconf 86' lang='lat' dir='ltr'><strong>angeli,</strong></span> <span class='ocrx_word' id='word_1_584' title='bbox 2829 2837 3158 2909; x_wconf 81' lang='lat' dir='ltr'><strong>archangeli,</strong></span> <span class='ocrx_word' id='word_1_585' title='bbox 3191 2837 3487 2908; x_wconf 68' lang='lat' dir='ltr'><strong>pr0phette.</strong></span> 
     </span>
    </p>
   </div>
   <div class='ocr_carea' id='block_1_82' title="bbox 1879 2927 3490 3002">
    <p class='ocr_par' dir='ltr' id='par_1_82' title="bbox 1879 2927 3490 3002">
     <span class='ocr_line' id='line_1_82' title="bbox 1879 2927 3490 3002; baseline 0.005 -24"><span class='ocrx_word' id='word_1_586' title='bbox 1879 2927 2012 2995; x_wconf 85' lang='lat' dir='ltr'><strong>jussi</strong></span> <span class='ocrx_word' id='word_1_587' title='bbox 2042 2928 2219 2981; x_wconf 83' lang='lat' dir='ltr'><strong>oniuia</strong></span> <span class='ocrx_word' id='word_1_588' title='bbox 2248 2927 2556 2982; x_wconf 82' lang='lat' dir='ltr'><strong>faciebant:</strong></span> <span class='ocrx_word' id='word_1_589' title='bbox 2591 2929 2703 2996; x_wconf 86' lang='lat' dir='ltr'><strong>ipse</strong></span> <span class='ocrx_word' id='word_1_590' title='bbox 2740 2945 2869 2984; x_wconf 84' lang='lat' dir='ltr'><strong>vero</strong></span> <span class='ocrx_word' id='word_1_591' title='bbox 2910 2945 3031 2984; x_wconf 92' lang='lat' dir='ltr'><strong>eum</strong></span> <span class='ocrx_word' id='word_1_592' title='bbox 3067 2941 3330 3000; x_wconf 88' lang='lat' dir='ltr'><strong>potestate</strong></span> <span class='ocrx_word' id='word_1_593' title='bbox 3368 2948 3490 3002; x_wconf 79' lang='lat' dir='ltr'><strong>quat</strong></span> 
     </span>
    </p>
   </div>
   <div class='ocr_carea' id='block_1_83' title="bbox 1884 3021 3520 3093">
    <p class='ocr_par' dir='ltr' id='par_1_83' title="bbox 1884 3021 3520 3093">
     <span class='ocr_line' id='line_1_83' title="bbox 1884 3021 3520 3093; baseline 0.005 -21"><span class='ocrx_word' id='word_1_594' title='bbox 1884 3035 2062 3090; x_wconf 75' lang='lat' dir='ltr'><strong>regem</strong></span> <span class='ocrx_word' id='word_1_595' title='bbox 2090 3030 2142 3076; x_wconf 90' lang='lat' dir='ltr'><strong>et</strong></span> <span class='ocrx_word' id='word_1_596' title='bbox 2173 3021 2450 3077; x_wconf 90' lang='lat' dir='ltr'><strong>dominum</strong></span> <span class='ocrx_word' id='word_1_597' title='bbox 2477 3022 2694 3077; x_wconf 89' lang='lat' dir='ltr'><strong>deceret</strong></span> <span class='ocrx_word' id='word_1_598' title='bbox 2722 3041 2735 3078; x_wconf 90' lang='lat'>:</span> <span class='ocrx_word' id='word_1_599' title='bbox 2761 3023 2813 3078; x_wconf 92' lang='lat' dir='ltr'><strong>id</strong></span> <span class='ocrx_word' id='word_1_600' title='bbox 2840 3023 2984 3093; x_wconf 89' lang='lat' dir='ltr'><strong>quod</strong></span> <span class='ocrx_word' id='word_1_601' title='bbox 3014 3025 3175 3080; x_wconf 88' lang='lat' dir='ltr'><strong>etiam</strong></span> <span class='ocrx_word' id='word_1_602' title='bbox 3206 3025 3376 3080; x_wconf 73' lang='lat' dir='ltr'><strong>turba:</strong></span> <span class='ocrx_word' id='word_1_603' title='bbox 3398 3021 3520 3080; x_wconf 83' lang='lat' dir='ltr'><strong>mi-&#39;</strong></span> 
     </span>
    </p>
   </div>
   <div class='ocr_carea' id='block_1_84' title="bbox 1887 3114 3490 3186">
    <p class='ocr_par' dir='ltr' id='par_1_84' title="bbox 1887 3114 3490 3186">
     <span class='ocr_line' id='line_1_84' title="bbox 1887 3114 3490 3186; baseline 0.002 -19"><span class='ocrx_word' id='word_1_604' title='bbox 1887 3114 2160 3178; x_wconf 88' lang='lat' dir='ltr'><strong>rabanlur,</strong></span> <span class='ocrx_word' id='word_1_605' title='bbox 2195 3114 2336 3185; x_wconf 89' lang='lat' dir='ltr'><strong>quod</strong></span> <span class='ocrx_word' id='word_1_606' title='bbox 2366 3114 2583 3171; x_wconf 89' lang='lat' dir='ltr'><strong>doceret</strong></span> <span class='ocrx_word' id='word_1_607' title='bbox 2609 3123 2888 3186; x_wconf 78' lang='lat' dir='ltr'><strong>tamquam</strong></span> <span class='ocrx_word' id='word_1_608' title='bbox 2910 3125 3229 3185; x_wconf 88' lang='lat' dir='ltr'><strong>potestatem</strong></span> <span class='ocrx_word' id='word_1_609' title='bbox 3266 3117 3490 3173; x_wconf 86' lang='lat' dir='ltr'><strong>habens.</strong></span> 
     </span>
    </p>
   </div>
   <div class='ocr_carea' id='block_1_85' title="bbox 1956 3205 3492 3278">
    <p class='ocr_par' dir='ltr' id='par_1_85' title="bbox 1956 3205 3492 3278">
     <span class='ocr_line' id='line_1_85' title="bbox 1956 3205 3492 3278; baseline 0.003 -19"><span class='ocrx_word' id='word_1_610' title='bbox 1956 3205 2011 3259; x_wconf 74' lang='grc'><strong>2.</strong></span> <span class='ocrx_word' id='word_1_611' title='bbox 2034 3206 2316 3262; x_wconf 82' lang='lat' dir='ltr'><strong>Discrimen</strong></span> <span class='ocrx_word' id='word_1_612' title='bbox 2335 3207 2464 3262; x_wconf 78' lang='lat' dir='ltr'><strong>inter</strong></span> <span class='ocrx_word' id='word_1_613' title='bbox 2483 3205 2741 3263; x_wconf 81' lang='lat' dir='ltr'><strong>Christum</strong></span> <span class='ocrx_word' id='word_1_614' title='bbox 2753 3216 2798 3263; x_wconf 81' lang='lat' dir='ltr'><strong>et</strong></span> <span class='ocrx_word' id='word_1_615' title='bbox 2817 3209 3025 3278; x_wconf 85' lang='lat' dir='ltr'><strong>angelos</strong></span> <span class='ocrx_word' id='word_1_616' title='bbox 3043 3209 3095 3262; x_wconf 86' lang='lat' dir='ltr'><strong>iu</strong></span> <span class='ocrx_word' id='word_1_617' title='bbox 3115 3221 3247 3263; x_wconf 84' lang='lat' dir='ltr'><strong>terra</strong></span> <span class='ocrx_word' id='word_1_618' title='bbox 3266 3211 3492 3278; x_wconf 78' lang='lat' dir='ltr'><strong>aliquau-</strong></span> 
     </span>
    </p>
   </div>
   <div class='ocr_carea' id='block_1_86' title="bbox 1889 3291 3497 3374">
    <p class='ocr_par' dir='ltr' id='par_1_86' title="bbox 1889 3291 3497 3374">
     <span class='ocr_line' id='line_1_86' title="bbox 1889 3291 3497 3374; baseline 0.005 -25"><span class='ocrx_word' id='word_1_619' title='bbox 1889 3300 1954 3353; x_wconf 78' lang='lat' dir='ltr'><strong>rlo</strong></span> <span class='ocrx_word' id='word_1_620' title='bbox 1966 3309 2304 3355; x_wconf 62' lang='lat' dir='ltr'><strong>conversuros.</strong></span> <span class='ocrx_word' id='word_1_621' title='bbox 2324 3291 2729 3355; x_wconf 73' lang='lat' dir='ltr'><strong>Circumstautiar</strong></span> <span class='ocrx_word' id='word_1_622' title='bbox 2739 3300 2984 3355; x_wconf 74' lang='lat' dir='ltr'><strong>aduentus</strong></span> <span class='ocrx_word' id='word_1_623' title='bbox 2995 3304 3124 3374; x_wconf 83' lang='lat' dir='ltr'><strong>ejus.</strong></span> <span class='ocrx_word' id='word_1_624' title='bbox 3142 3302 3309 3373; x_wconf 81' lang='lat' dir='ltr'><strong>Ipsius</strong></span> <span class='ocrx_word' id='word_1_625' title='bbox 3327 3315 3497 3370; x_wconf 61' lang='lat' dir='ltr'><strong>poten-</strong></span> 
     </span>
    </p>
   </div>
   <div class='ocr_carea' id='block_1_87' title="bbox 1889 3393 3492 3467">
    <p class='ocr_par' dir='ltr' id='par_1_87' title="bbox 1889 3393 3492 3467">
     <span class='ocr_line' id='line_1_87' title="bbox 1889 3393 3492 3467; baseline 0.004 -23"><span class='ocrx_word' id='word_1_626' title='bbox 1889 3393 1979 3458; x_wconf 86' lang='lat' dir='ltr'><strong>tia,</strong></span> <span class='ocrx_word' id='word_1_627' title='bbox 2009 3393 2062 3446; x_wconf 83' lang='lat' dir='ltr'><strong>in</strong></span> <span class='ocrx_word' id='word_1_628' title='bbox 2092 3394 2272 3448; x_wconf 78' lang='lat' dir='ltr'><strong>ordine</strong></span> <span class='ocrx_word' id='word_1_629' title='bbox 2298 3393 2531 3465; x_wconf 70' lang='lat' dir='ltr'><strong>physico,</strong></span> <span class='ocrx_word' id='word_1_630' title='bbox 2561 3397 2763 3458; x_wconf 87' lang='lat' dir='ltr'><strong>morali,</strong></span> <span class='ocrx_word' id='word_1_631' title='bbox 2793 3398 3193 3464; x_wconf 74' lang='lat' dir='ltr'><strong>suprrmrturali.</strong></span> <span class='ocrx_word' id='word_1_632' title='bbox 3218 3427 3290 3436; x_wconf 95' lang='lat'><strong>—</strong></span> <span class='ocrx_word' id='word_1_633' title='bbox 3312 3398 3492 3467; x_wconf 80' lang='lat' dir='ltr'><strong>Appa-</strong></span> 
     </span>
    </p>
   </div>
   <div class='ocr_carea' id='block_1_88' title="bbox 1889 3489 3495 3562">
    <p class='ocr_par' dir='ltr' id='par_1_88' title="bbox 1889 3489 3495 3562">
     <span class='ocr_line' id='line_1_88' title="bbox 1889 3489 3495 3562; baseline 0.002 -19"><span class='ocrx_word' id='word_1_634' title='bbox 1889 3497 2114 3544; x_wconf 82' lang='lat' dir='ltr'><strong>rnertmt</strong></span> <span class='ocrx_word' id='word_1_635' title='bbox 2161 3489 2362 3559; x_wconf 80' lang='lat' dir='ltr'><strong>itaque,</strong></span> <span class='ocrx_word' id='word_1_636' title='bbox 2406 3500 2458 3544; x_wconf 89' lang='lat' dir='ltr'><strong>ut</strong></span> <span class='ocrx_word' id='word_1_637' title='bbox 2510 3489 2641 3554; x_wconf 80' lang='lat' dir='ltr'><strong>dixi,</strong></span> <span class='ocrx_word' id='word_1_638' title='bbox 2675 3490 2850 3560; x_wconf 77' lang='lat' dir='ltr'><strong>angeli</strong></span> <span class='ocrx_word' id='word_1_639' title='bbox 2891 3491 2942 3543; x_wconf 94' lang='lat' dir='ltr'><strong>in</strong></span> <span class='ocrx_word' id='word_1_640' title='bbox 2993 3501 3133 3545; x_wconf 89' lang='lat' dir='ltr'><strong>terra</strong></span> <span class='ocrx_word' id='word_1_641' title='bbox 3171 3507 3294 3545; x_wconf 91' lang='lat' dir='ltr'><strong>cum</strong></span> <span class='ocrx_word' id='word_1_642' title='bbox 3325 3491 3495 3562; x_wconf 81' lang='lat' dir='ltr'><strong>glria</strong></span> 
     </span>
    </p>
   </div>
   <div class='ocr_carea' id='block_1_89' title="bbox 1891 3579 3500 3652">
    <p class='ocr_par' dir='ltr' id='par_1_89' title="bbox 1891 3579 3500 3652">
     <span class='ocr_line' id='line_1_89' title="bbox 1891 3579 3500 3652; baseline 0.002 -20"><span class='ocrx_word' id='word_1_643' title='bbox 1891 3580 2079 3646; x_wconf 89' lang='lat' dir='ltr'><strong>multa,</strong></span> <span class='ocrx_word' id='word_1_644' title='bbox 2139 3587 2198 3634; x_wconf 89' lang='lat' dir='ltr'><strong>ut</strong></span> <span class='ocrx_word' id='word_1_645' title='bbox 2257 3579 2487 3645; x_wconf 90' lang='lat' dir='ltr'><strong>Danicli,</strong></span> <span class='ocrx_word' id='word_1_646' title='bbox 2539 3580 2747 3644; x_wconf 87' lang='lat' dir='ltr'><strong>Davidi,</strong></span> <span class='ocrx_word' id='word_1_647' title='bbox 2784 3579 2984 3652; x_wconf 82' lang='lat' dir='ltr'><strong>Moysi;</strong></span> <span class='ocrx_word' id='word_1_648' title='bbox 3039 3582 3133 3636; x_wconf 87' lang='lat' dir='ltr'><strong>sed</strong></span> <span class='ocrx_word' id='word_1_649' title='bbox 3189 3591 3245 3636; x_wconf 90' lang='lat' dir='ltr'><strong>ut</strong></span> <span class='ocrx_word' id='word_1_650' title='bbox 3273 3583 3414 3636; x_wconf 88' lang='lat' dir='ltr'><strong>servi</strong></span> <span class='ocrx_word' id='word_1_651' title='bbox 3443 3593 3500 3636; x_wconf 89' lang='lat' dir='ltr'><strong>et</strong></span> 
     </span>
    </p>
   </div>
   <div class='ocr_carea' id='block_1_90' title="bbox 1891 3669 3502 3744">
    <p class='ocr_par' dir='ltr' id='par_1_90' title="bbox 1891 3669 3502 3744">
     <span class='ocr_line' id='line_1_90' title="bbox 1891 3669 3502 3744; baseline 0.002 -20"><span class='ocrx_word' id='word_1_652' title='bbox 1891 3669 2112 3725; x_wconf 87' lang='lat' dir='ltr'><strong>domino</strong></span> <span class='ocrx_word' id='word_1_653' title='bbox 2149 3669 2508 3741; x_wconf 83' lang='lat' dir='ltr'><strong>obsequentes</strong></span> <span class='ocrx_word' id='word_1_654' title='bbox 2548 3671 2730 3726; x_wconf 88' lang='lat' dir='ltr'><strong>omnia</strong></span> <span class='ocrx_word' id='word_1_655' title='bbox 2779 3672 3043 3727; x_wconf 83' lang='lat' dir='ltr'><strong>iaciebant</strong></span> <span class='ocrx_word' id='word_1_656' title='bbox 3074 3691 3087 3728; x_wconf 90' lang='lat'><strong>:</strong></span> <span class='ocrx_word' id='word_1_657' title='bbox 3137 3673 3252 3744; x_wconf 87' lang='lat' dir='ltr'><strong>ipse</strong></span> <span class='ocrx_word' id='word_1_658' title='bbox 3283 3689 3411 3728; x_wconf 89' lang='lat' dir='ltr'><strong>vero</strong></span> <span class='ocrx_word' id='word_1_659' title='bbox 3443 3688 3502 3728; x_wconf 84' lang='grc' dir='ltr'><strong>ιιι</strong></span> 
     </span>
    </p>
   </div>
   <div class='ocr_carea' id='block_1_91' title="bbox 1891 3761 3502 3835">
    <p class='ocr_par' dir='ltr' id='par_1_91' title="bbox 1891 3761 3502 3835">
     <span class='ocr_line' id='line_1_91' title="bbox 1891 3761 3502 3835; baseline 0.006 -21"><span class='ocrx_word' id='word_1_660' title='bbox 1891 3761 2142 3817; x_wconf 88' lang='lat' dir='ltr'><strong>dominus</strong></span> <span class='ocrx_word' id='word_1_661' title='bbox 2166 3771 2220 3819; x_wconf 92' lang='lat' dir='ltr'><strong>et</strong></span> <span class='ocrx_word' id='word_1_662' title='bbox 2245 3764 2484 3819; x_wconf 89' lang='lat' dir='ltr'><strong>omnium</strong></span> <span class='ocrx_word' id='word_1_663' title='bbox 2519 3766 2831 3835; x_wconf 84' lang='lat' dir='ltr'><strong>imperator,</strong></span> <span class='ocrx_word' id='word_1_664' title='bbox 2875 3765 2976 3820; x_wconf 90' lang='lat' dir='ltr'><strong>etsi</strong></span> <span class='ocrx_word' id='word_1_665' title='bbox 3003 3765 3106 3822; x_wconf 83' lang='lat' dir='ltr'><strong>sub</strong></span> <span class='ocrx_word' id='word_1_666' title='bbox 3133 3766 3221 3820; x_wconf 88' lang='lat' dir='ltr'><strong>vili</strong></span> <span class='ocrx_word' id='word_1_667' title='bbox 3254 3766 3424 3821; x_wconf 69' lang='lat' dir='ltr'><strong>(urina</strong></span> <span class='ocrx_word' id='word_1_668' title='bbox 3447 3779 3502 3822; x_wconf 89' lang='lat' dir='ltr'><strong>ct</strong></span> 
     </span>
    </p>
   </div>
   <div class='ocr_carea' id='block_1_92' title="bbox 1896 3858 3502 3930">
    <p class='ocr_par' dir='ltr' id='par_1_92' title="bbox 1896 3858 3502 3930">
     <span class='ocr_line' id='line_1_92' title="bbox 1896 3858 3502 3930; baseline 0 -19"><span class='ocrx_word' id='word_1_669' title='bbox 1896 3859 2078 3913; x_wconf 88' lang='lat' dir='ltr'><strong>habitu</strong></span> <span class='ocrx_word' id='word_1_670' title='bbox 2108 3858 2417 3929; x_wconf 89' lang='lat' dir='ltr'><strong>apparuerit</strong></span> <span class='ocrx_word' id='word_1_671' title='bbox 2453 3874 2466 3911; x_wconf 91' lang='lat'><strong>:</strong></span> <span class='ocrx_word' id='word_1_672' title='bbox 2496 3869 2732 3915; x_wconf 86' lang='lat' dir='ltr'><strong>attamen</strong></span> <span class='ocrx_word' id='word_1_673' title='bbox 2770 3859 2849 3915; x_wconf 86' lang='lat' dir='ltr'><strong>sic</strong></span> <span class='ocrx_word' id='word_1_674' title='bbox 2873 3874 3088 3930; x_wconf 90' lang='lat' dir='ltr'><strong>quoque</strong></span> <span class='ocrx_word' id='word_1_675' title='bbox 3111 3871 3359 3915; x_wconf 83' lang='lat' dir='ltr'><strong>creatura</strong></span> <span class='ocrx_word' id='word_1_676' title='bbox 3393 3861 3502 3914; x_wconf 79' lang='lat' dir='ltr'><strong>Du-</strong></span> 
     </span>
    </p>
   </div>
   <div class='ocr_carea' id='block_1_93' title="bbox 1895 3951 3503 4025">
    <p class='ocr_par' dir='ltr' id='par_1_93' title="bbox 1895 3951 3503 4025">
     <span class='ocr_line' id='line_1_93' title="bbox 1895 3951 3503 4025; baseline 0.004 -22"><span class='ocrx_word' id='word_1_677' title='bbox 1895 3953 2098 4006; x_wconf 92' lang='lat' dir='ltr'><strong>minum</strong></span> <span class='ocrx_word' id='word_1_678' title='bbox 2115 3966 2270 4006; x_wconf 91' lang='lat' dir='ltr'><strong>suum</strong></span> <span class='ocrx_word' id='word_1_679' title='bbox 2289 3952 2523 4022; x_wconf 77' lang='lat' dir='ltr'><strong>agnovit.</strong></span> <span class='ocrx_word' id='word_1_680' title='bbox 2549 3951 2865 4020; x_wconf 85' lang='lat' dir='ltr'><strong>Quomodo?</strong></span> <span class='ocrx_word' id='word_1_681' title='bbox 2883 3953 3046 4009; x_wconf 82' lang='lat' dir='ltr'><strong>Stella</strong></span> <span class='ocrx_word' id='word_1_682' title='bbox 3072 3954 3139 4008; x_wconf 90' lang='lat' dir='ltr'><strong>de</strong></span> <span class='ocrx_word' id='word_1_683' title='bbox 3161 3954 3299 4008; x_wconf 67' lang='lat' dir='ltr'><strong>melo</strong></span> <span class='ocrx_word' id='word_1_684' title='bbox 3317 3969 3503 4025; x_wconf 87' lang='lat' dir='ltr'><strong>magos</strong></span> 
     </span>
    </p>
   </div>
   <div class='ocr_carea' id='block_1_94' title="bbox 1897 4043 3505 4118">
    <p class='ocr_par' dir='ltr' id='par_1_94' title="bbox 1897 4043 3505 4118">
     <span class='ocr_line' id='line_1_94' title="bbox 1897 4043 3505 4118; baseline 0.003 -22"><span class='ocrx_word' id='word_1_685' title='bbox 1897 4045 2123 4108; x_wconf 84' lang='lat' dir='ltr'><strong>vocavit,</strong></span> <span class='ocrx_word' id='word_1_686' title='bbox 2159 4044 2331 4114; x_wconf 87' lang='lat' dir='ltr'><strong>ipsum</strong></span> <span class='ocrx_word' id='word_1_687' title='bbox 2361 4043 2715 4113; x_wconf 88' lang='lat' dir='ltr'><strong>adoraturos;</strong></span> <span class='ocrx_word' id='word_1_688' title='bbox 2751 4046 3064 4118; x_wconf 85' lang='lat' dir='ltr'><strong>angelorum</strong></span> <span class='ocrx_word' id='word_1_689' title='bbox 3088 4057 3259 4102; x_wconf 65' lang='lat' dir='ltr'><strong>cauus</strong></span> <span class='ocrx_word' id='word_1_690' title='bbox 3280 4059 3505 4116; x_wconf 84' lang='lat' dir='ltr'><strong>magnus</strong></span> 
     </span>
    </p>
   </div>
   <div class='ocr_carea' id='block_1_95' title="bbox 1897 4136 3504 4209">
    <p class='ocr_par' dir='ltr' id='par_1_95' title="bbox 1897 4136 3504 4209">
     <span class='ocr_line' id='line_1_95' title="bbox 1897 4136 3504 4209; baseline 0.002 -19"><span class='ocrx_word' id='word_1_691' title='bbox 1897 4136 2364 4207; x_wconf 74' lang='lat' dir='ltr'><strong>undique-effusus</strong></span> <span class='ocrx_word' id='word_1_692' title='bbox 2392 4138 2619 4192; x_wconf 91' lang='lat' dir='ltr'><strong>Domino</strong></span> <span class='ocrx_word' id='word_1_693' title='bbox 2659 4153 2757 4193; x_wconf 88' lang='lat' dir='ltr'><strong>suo</strong></span> <span class='ocrx_word' id='word_1_694' title='bbox 2786 4137 3184 4203; x_wconf 78' lang='lat' dir='ltr'><strong>ministrabant,</strong></span> <span class='ocrx_word' id='word_1_695' title='bbox 3219 4139 3504 4209; x_wconf 85' lang='lat' dir='ltr'><strong>ipsumque</strong></span> 
     </span>
    </p>
   </div>
   <div class='ocr_carea' id='block_1_96' title="bbox 1899 4229 3510 4302">
    <p class='ocr_par' dir='ltr' id='par_1_96' title="bbox 1899 4229 3510 4302">
     <span class='ocr_line' id='line_1_96' title="bbox 1899 4229 3510 4302; baseline 0.004 -22"><span class='ocrx_word' id='word_1_696' title='bbox 1899 4229 2110 4300; x_wconf 76' lang='lat' dir='ltr'><strong>hymnis</strong></span> <span class='ocrx_word' id='word_1_697' title='bbox 2136 4229 2540 4296; x_wconf 82' lang='lat' dir='ltr'><strong>celebrabant’;</strong></span> <span class='ocrx_word' id='word_1_698' title='bbox 2571 4239 2633 4286; x_wconf 89' lang='lat' dir='ltr'><strong>et-</strong></span> <span class='ocrx_word' id='word_1_699' title='bbox 2651 4231 2739 4285; x_wconf 85' lang='lat' dir='ltr'><strong>alii</strong></span> <span class='ocrx_word' id='word_1_700' title='bbox 2770 4241 2993 4300; x_wconf 87' lang='lat' dir='ltr'><strong>repente</strong></span> <span class='ocrx_word' id='word_1_701' title='bbox 3020 4248 3297 4302; x_wconf 85' lang='lat' dir='ltr'><strong>pr:ecencs</strong></span> <span class='ocrx_word' id='word_1_702' title='bbox 3328 4234 3510 4288; x_wconf 84' lang='lat' dir='ltr'><strong>insur-</strong></span> 
     </span>
    </p>
   </div>
   <div class='ocr_carea' id='block_1_97' title="bbox 1898 4321 3505 4393">
    <p class='ocr_par' dir='ltr' id='par_1_97' title="bbox 1898 4321 3505 4393">
     <span class='ocr_line' id='line_1_97' title="bbox 1898 4321 3505 4393; baseline 0.004 -22"><span class='ocrx_word' id='word_1_703' title='bbox 1898 4321 2111 4390; x_wconf 83' lang='lat' dir='ltr'><strong>gebant,</strong></span> <span class='ocrx_word' id='word_1_704' title='bbox 2159 4336 2456 4393; x_wconf 89' lang='lat' dir='ltr'><strong>omnesque</strong></span> <span class='ocrx_word' id='word_1_705' title='bbox 2504 4322 2666 4377; x_wconf 84' lang='lat' dir='ltr'><strong>simul</strong></span> <span class='ocrx_word' id='word_1_706' title='bbox 2711 4323 2812 4377; x_wconf 94' lang='lat' dir='ltr'><strong>sibi</strong></span> <span class='ocrx_word' id='word_1_707' title='bbox 2862 4324 3090 4378; x_wconf 88' lang='lat' dir='ltr'><strong>invicem</strong></span> <span class='ocrx_word' id='word_1_708' title='bbox 3136 4336 3505 4392; x_wconf 79' lang='lat' dir='ltr'><strong>occurrentes,</strong></span> 
     </span>
    </p>
   </div>
   <div class='ocr_carea' id='block_1_98' title="bbox 1899 4413 3504 4487">
    <p class='ocr_par' dir='ltr' id='par_1_98' title="bbox 1899 4413 3504 4487">
     <span class='ocr_line' id='line_1_98' title="bbox 1899 4413 3504 4487; baseline 0.005 -23"><span class='ocrx_word' id='word_1_709' title='bbox 1899 4428 2153 4467; x_wconf 87' lang='lat' dir='ltr'><strong>arcanum</strong></span> <span class='ocrx_word' id='word_1_710' title='bbox 2187 4413 2291 4467; x_wconf 92' lang='lat' dir='ltr'><strong>hoc</strong></span> <span class='ocrx_word' id='word_1_711' title='bbox 2333 4415 2647 4485; x_wconf 78' lang='lat' dir='ltr'><strong>mysterium</strong></span> <span class='ocrx_word' id='word_1_712' title='bbox 2690 4415 3026 4479; x_wconf 89' lang='lat' dir='ltr'><strong>nuntiabant,</strong></span> <span class='ocrx_word' id='word_1_713' title='bbox 3072 4417 3379 4487; x_wconf 64' lang='lat' dir='ltr'><strong>pistoribus</strong></span> <span class='ocrx_word' id='word_1_714' title='bbox 3405 4433 3504 4472; x_wconf 90' lang='lat' dir='ltr'><strong>an-</strong></span> 
     </span>
    </p>
   </div>
   <div class='ocr_carea' id='block_1_99' title="bbox 1897 4506 3507 4578">
    <p class='ocr_par' dir='ltr' id='par_1_99' title="bbox 1897 4506 3507 4578">
     <span class='ocr_line' id='line_1_99' title="bbox 1897 4506 3507 4578; baseline 0.001 -18"><span class='ocrx_word' id='word_1_715' title='bbox 1897 4507 2025 4576; x_wconf 84' lang='lat' dir='ltr'><strong>geli,</strong></span> <span class='ocrx_word' id='word_1_716' title='bbox 2054 4506 2262 4562; x_wconf 90' lang='lat' dir='ltr'><strong>civibus</strong></span> <span class='ocrx_word' id='word_1_717' title='bbox 2288 4516 2566 4578; x_wconf 86' lang='lat' dir='ltr'><strong>pastores;</strong></span> <span class='ocrx_word' id='word_1_718' title='bbox 2595 4507 2812 4564; x_wconf 77' lang='lat' dir='ltr'><strong>Gabricl</strong></span> <span class='ocrx_word' id='word_1_719' title='bbox 2842 4509 3021 4564; x_wconf 67' lang='lat' dir='ltr'><strong>Maria:</strong></span> <span class='ocrx_word' id='word_1_720' title='bbox 3059 4521 3106 4565; x_wconf 92' lang='lat' dir='ltr'><strong>et</strong></span> <span class='ocrx_word' id='word_1_721' title='bbox 3147 4511 3507 4576; x_wconf 62' lang='lat' dir='ltr'><strong>Elisabcthas;</strong></span> 
     </span>
    </p>
   </div>
   <div class='ocr_carea' id='block_1_100' title="bbox 1902 4600 3545 4673">
    <p class='ocr_par' dir='ltr' id='par_1_100' title="bbox 1902 4600 3545 4673">
     <span class='ocr_line' id='line_1_100' title="bbox 1902 4600 3545 4673; baseline 0.003 -17"><span class='ocrx_word' id='word_1_722' title='bbox 1902 4603 1968 4656; x_wconf 90' lang='lat' dir='ltr'><strong>iis</strong></span> <span class='ocrx_word' id='word_1_723' title='bbox 1987 4600 2080 4673; x_wconf 83' lang='lat' dir='ltr'><strong>qui</strong></span> <span class='ocrx_word' id='word_1_724' title='bbox 2115 4600 2165 4655; x_wconf 90' lang='lat' dir='ltr'><strong>in</strong></span> <span class='ocrx_word' id='word_1_725' title='bbox 2191 4602 2392 4673; x_wconf 78' lang='lat' dir='ltr'><strong>templo</strong></span> <span class='ocrx_word' id='word_1_726' title='bbox 2417 4612 2572 4657; x_wconf 83' lang='lat' dir='ltr'><strong>erant</strong></span> <span class='ocrx_word' id='word_1_727' title='bbox 2595 4605 2743 4658; x_wconf 89' lang='lat' dir='ltr'><strong>Anna</strong></span> <span class='ocrx_word' id='word_1_728' title='bbox 2776 4614 2830 4657; x_wconf 92' lang='lat' dir='ltr'><strong>ct</strong></span> <span class='ocrx_word' id='word_1_729' title='bbox 2856 4603 3097 4660; x_wconf 78' lang='lat' dir='ltr'><strong>Sitncon.</strong></span> <span class='ocrx_word' id='word_1_730' title='bbox 3130 4605 3238 4660; x_wconf 80' lang='lat' dir='ltr'><strong>Nec</strong></span> <span class='ocrx_word' id='word_1_731' title='bbox 3265 4606 3361 4660; x_wconf 86' lang='lat' dir='ltr'><strong>viri</strong></span> <span class='ocrx_word' id='word_1_732' title='bbox 3394 4622 3510 4661; x_wconf 82' lang='lat' dir='ltr'><strong>mu-</strong></span> <span class='ocrx_word' id='word_1_733' title='bbox 3537 4661 3545 4668; x_wconf 89' lang='lat'><strong>_</strong></span> 
     </span>
    </p>
   </div>
   <div class='ocr_carea' id='block_1_101' title="bbox 1904 4693 3511 4765">
    <p class='ocr_par' dir='ltr' id='par_1_101' title="bbox 1904 4693 3511 4765">
     <span class='ocr_line' id='line_1_101' title="bbox 1904 4693 3511 4765; baseline 0.004 -18"><span class='ocrx_word' id='word_1_734' title='bbox 1904 4694 2168 4764; x_wconf 83' lang='lat' dir='ltr'><strong>lieresque</strong></span> <span class='ocrx_word' id='word_1_735' title='bbox 2195 4693 2367 4748; x_wconf 82' lang='lat' dir='ltr'><strong>solum</strong></span> <span class='ocrx_word' id='word_1_736' title='bbox 2401 4693 2580 4749; x_wconf 63' lang='lat' dir='ltr'><strong>laetitia</strong></span> <span class='ocrx_word' id='word_1_737' title='bbox 2608 4710 2801 4765; x_wconf 87' lang='lat' dir='ltr'><strong>magna</strong></span> <span class='ocrx_word' id='word_1_738' title='bbox 2819 4707 2951 4751; x_wconf 89' lang='lat' dir='ltr'><strong>sunt</strong></span> <span class='ocrx_word' id='word_1_739' title='bbox 2978 4695 3178 4763; x_wconf 69' lang='lat' dir='ltr'><strong>allecti,</strong></span> <span class='ocrx_word' id='word_1_740' title='bbox 3219 4698 3314 4753; x_wconf 84' lang='lat' dir='ltr'><strong>sed</strong></span> <span class='ocrx_word' id='word_1_741' title='bbox 3347 4697 3511 4755; x_wconf 84' lang='lat' dir='ltr'><strong>etiam</strong></span> 
     </span>
    </p>
   </div>
   <div class='ocr_carea' id='block_1_102' title="bbox 1906 4786 3510 4863">
    <p class='ocr_par' dir='ltr' id='par_1_102' title="bbox 1906 4786 3510 4863">
     <span class='ocr_line' id='line_1_102' title="bbox 1906 4786 3510 4863; baseline 0.004 -23"><span class='ocrx_word' id='word_1_742' title='bbox 1906 4786 2161 4853; x_wconf 85' lang='lat' dir='ltr'><strong>puerulus</strong></span> <span class='ocrx_word' id='word_1_743' title='bbox 2195 4786 2437 4842; x_wconf 90' lang='lat' dir='ltr'><strong>nondum</strong></span> <span class='ocrx_word' id='word_1_744' title='bbox 2492 4803 2558 4844; x_wconf 78' lang='lat' dir='ltr'><strong>ex</strong></span> <span class='ocrx_word' id='word_1_745' title='bbox 2605 4788 2760 4843; x_wconf 88' lang='lat' dir='ltr'><strong>vulva</strong></span> <span class='ocrx_word' id='word_1_746' title='bbox 2788 4805 3061 4860; x_wconf 83' lang='lat' dir='ltr'><strong>egressus,</strong></span> <span class='ocrx_word' id='word_1_747' title='bbox 3113 4790 3224 4857; x_wconf 90' lang='lat' dir='ltr'><strong>ille,</strong></span> <span class='ocrx_word' id='word_1_748' title='bbox 3270 4792 3510 4863; x_wconf 88' lang='lat' dir='ltr'><strong>inquam,</strong></span> 
     </span>
    </p>
   </div>
   <div class='ocr_carea' id='block_1_103' title="bbox 1903 4877 3516 4954">
    <p class='ocr_par' dir='ltr' id='par_1_103' title="bbox 1903 4877 3516 4954">
     <span class='ocr_line' id='line_1_103' title="bbox 1903 4877 3516 4954; baseline 0.004 -20"><span class='ocrx_word' id='word_1_749' title='bbox 1903 4877 2100 4935; x_wconf 78' lang='lat' dir='ltr'><strong>deserti</strong></span> <span class='ocrx_word' id='word_1_750' title='bbox 2132 4880 2327 4945; x_wconf 82' lang='lat' dir='ltr'><strong>cultor,</strong></span> <span class='ocrx_word' id='word_1_751' title='bbox 2355 4881 2701 4952; x_wconf 78' lang='lat' dir='ltr'><strong>evangelista:</strong></span> <span class='ocrx_word' id='word_1_752' title='bbox 2744 4883 3105 4954; x_wconf 80' lang='lat' dir='ltr'><strong>cognominis,</strong></span> <span class='ocrx_word' id='word_1_753' title='bbox 3146 4884 3436 4941; x_wconf 72' lang='lat' dir='ltr'><strong>exsultavit</strong></span> <span class='ocrx_word' id='word_1_754' title='bbox 3465 4886 3516 4941; x_wconf 91' lang='lat' dir='ltr'><strong>in</strong></span> 
     </span>
    </p>
   </div>
   <div class='ocr_carea' id='block_1_104' title="bbox 1906 4973 3516 5049">
    <p class='ocr_par' dir='ltr' id='par_1_104' title="bbox 1906 4973 3516 5049">
     <span class='ocr_line' id='line_1_104' title="bbox 1906 4973 3516 5049; baseline 0.005 -24"><span class='ocrx_word' id='word_1_755' title='bbox 1906 4982 2059 5027; x_wconf 86' lang='lat' dir='ltr'><strong>utero</strong></span> <span class='ocrx_word' id='word_1_756' title='bbox 2085 4973 2272 5028; x_wconf 85' lang='lat' dir='ltr'><strong>matris</strong></span> <span class='ocrx_word' id='word_1_757' title='bbox 2301 4992 2314 5028; x_wconf 93' lang='lat'><strong>:</strong></span> <span class='ocrx_word' id='word_1_758' title='bbox 2348 4989 2646 5044; x_wconf 89' lang='lat' dir='ltr'><strong>onmesque</strong></span> <span class='ocrx_word' id='word_1_759' title='bbox 2684 4989 2781 5046; x_wconf 80' lang='lat' dir='ltr'><strong>spe</strong></span> <span class='ocrx_word' id='word_1_760' title='bbox 2805 4975 2872 5030; x_wconf 85' lang='lat' dir='ltr'><strong>ad</strong></span> <span class='ocrx_word' id='word_1_761' title='bbox 2919 4976 3151 5031; x_wconf 79' lang='lat' dir='ltr'><strong>latumm</strong></span> <span class='ocrx_word' id='word_1_762' title='bbox 3187 4989 3401 5049; x_wconf 89' lang='lat' dir='ltr'><strong>partum</strong></span> <span class='ocrx_word' id='word_1_763' title='bbox 3438 4982 3516 5034; x_wconf 92' lang='lat' dir='ltr'><strong>in-</strong></span> 
     </span>
    </p>
   </div>
   <div class='ocr_carea' id='block_1_105' title="bbox 1907 5061 3520 5141">
    <p class='ocr_par' dir='ltr' id='par_1_105' title="bbox 1907 5061 3520 5141">
     <span class='ocr_line' id='line_1_105' title="bbox 1907 5061 3520 5141; baseline 0.006 -26"><span class='ocrx_word' id='word_1_764' title='bbox 1907 5061 2145 5117; x_wconf 89' lang='lat' dir='ltr'><strong>hiabant.</strong></span> <span class='ocrx_word' id='word_1_765' title='bbox 2181 5064 2248 5117; x_wconf 88' lang='lat' dir='ltr'><strong>Et</strong></span> <span class='ocrx_word' id='word_1_766' title='bbox 2274 5065 2388 5120; x_wconf 71' lang='lat' dir='ltr'><strong>htL-c</strong></span> <span class='ocrx_word' id='word_1_767' title='bbox 2409 5066 2625 5136; x_wconf 88' lang='lat' dir='ltr'><strong>quidem</strong></span> <span class='ocrx_word' id='word_1_768' title='bbox 2654 5065 2796 5121; x_wconf 84' lang='lat' dir='ltr'><strong>eirea</strong></span> <span class='ocrx_word' id='word_1_769' title='bbox 2829 5077 3021 5138; x_wconf 82' lang='lat' dir='ltr'><strong>partus</strong></span> <span class='ocrx_word' id='word_1_770' title='bbox 3043 5076 3278 5140; x_wconf 86' lang='lat' dir='ltr'><strong>tempus;</strong></span> <span class='ocrx_word' id='word_1_771' title='bbox 3303 5073 3520 5141; x_wconf 88' lang='lat' dir='ltr'><strong>quamlo</strong></span> 
     </span>
    </p>
   </div>
   <div class='ocr_carea' id='block_1_106' title="bbox 1906 5156 3613 5233">
    <p class='ocr_par' dir='ltr' id='par_1_106' title="bbox 1906 5156 3613 5233">
     <span class='ocr_line' id='line_1_106' title="bbox 1906 5156 3613 5233; baseline 0.008 -25"><span class='ocrx_word' id='word_1_772' title='bbox 1906 5165 2085 5212; x_wconf 88' lang='lat' dir='ltr'><strong>autem</strong></span> <span class='ocrx_word' id='word_1_773' title='bbox 2137 5156 2374 5228; x_wconf 85' lang='lat' dir='ltr'><strong>scipsum</strong></span> <span class='ocrx_word' id='word_1_774' title='bbox 2407 5159 2863 5230; x_wconf 80' lang='lat' dir='ltr'><strong>magiseshibuit,</strong></span> <span class='ocrx_word' id='word_1_775' title='bbox 2897 5177 3085 5218; x_wconf 88' lang='lat' dir='ltr'><strong>rursus</strong></span> <span class='ocrx_word' id='word_1_776' title='bbox 3110 5165 3213 5220; x_wconf 72' lang='lat' dir='ltr'><strong>alia</strong></span> <span class='ocrx_word' id='word_1_777' title='bbox 3260 5166 3517 5222; x_wconf 86' lang='lat' dir='ltr'><strong>miracula</strong></span> <span class='ocrx_word' id='word_1_778' title='bbox 3611 5231 3613 5233; x_wconf 11' lang='lat'><strong><em>1</em></strong></span> 
     </span>
    </p>
   </div>
   <div class='ocr_carea' id='block_1_107' title="bbox 1910 5247 3517 5322">
    <p class='ocr_par' dir='ltr' id='par_1_107' title="bbox 1910 5247 3517 5322">
     <span class='ocr_line' id='line_1_107' title="bbox 1910 5247 3517 5322; baseline 0.01 -20"><span class='ocrx_word' id='word_1_779' title='bbox 1910 5247 2180 5317; x_wconf 87' lang='lat' dir='ltr'><strong>prioribus</strong></span> <span class='ocrx_word' id='word_1_780' title='bbox 2201 5250 2405 5321; x_wconf 84' lang='lat' dir='ltr'><strong>majora</strong></span> <span class='ocrx_word' id='word_1_781' title='bbox 2433 5252 2840 5322; x_wconf 80' lang='lat' dir='ltr'><strong>splenduerunt.</strong></span> <span class='ocrx_word' id='word_1_782' title='bbox 2880 5254 2995 5310; x_wconf 86' lang='lat' dir='ltr'><strong>Non</strong></span> <span class='ocrx_word' id='word_1_783' title='bbox 3027 5256 3161 5310; x_wconf 87' lang='lat' dir='ltr'><strong>ultra</strong></span> <span class='ocrx_word' id='word_1_784' title='bbox 3185 5259 3329 5313; x_wconf 91' lang='lat' dir='ltr'><strong>enim</strong></span> <span class='ocrx_word' id='word_1_785' title='bbox 3363 5263 3517 5318; x_wconf 85' lang='lat' dir='ltr'><strong>stella</strong></span> 
     </span>
    </p>
   </div>
   <div class='ocr_carea' id='block_1_108' title="bbox 1910 5341 3519 5418">
    <p class='ocr_par' dir='ltr' id='par_1_108' title="bbox 1910 5341 3519 5418">
     <span class='ocr_line' id='line_1_108' title="bbox 1910 5341 3519 5418; baseline 0.008 -23"><span class='ocrx_word' id='word_1_786' title='bbox 1910 5351 1964 5395; x_wconf 88' lang='lat' dir='ltr'><strong>et</strong></span> <span class='ocrx_word' id='word_1_787' title='bbox 1990 5341 2203 5405; x_wconf 60' lang='lat' dir='ltr'><strong>caelum,</strong></span> <span class='ocrx_word' id='word_1_788' title='bbox 2248 5357 2354 5397; x_wconf 90' lang='lat' dir='ltr'><strong>non</strong></span> <span class='ocrx_word' id='word_1_789' title='bbox 2400 5344 2578 5414; x_wconf 85' lang='lat' dir='ltr'><strong>angeli</strong></span> <span class='ocrx_word' id='word_1_790' title='bbox 2611 5356 2664 5400; x_wconf 90' lang='lat' dir='ltr'><strong>et</strong></span> <span class='ocrx_word' id='word_1_791' title='bbox 2705 5345 3039 5418; x_wconf 86' lang='lat' dir='ltr'><strong>archangeli,</strong></span> <span class='ocrx_word' id='word_1_792' title='bbox 3081 5364 3186 5402; x_wconf 90' lang='lat' dir='ltr'><strong>non</strong></span> <span class='ocrx_word' id='word_1_793' title='bbox 3220 5349 3437 5407; x_wconf 87' lang='lat' dir='ltr'><strong>Gabriel</strong></span> <span class='ocrx_word' id='word_1_794' title='bbox 3470 5362 3519 5408; x_wconf 82' lang='lat' dir='ltr'><strong>et</strong></span> 
     </span>
    </p>
   </div>
   <div class='ocr_carea' id='block_1_109' title="bbox 1912 5433 3516 5514">
    <p class='ocr_par' dir='ltr' id='par_1_109' title="bbox 1912 5433 3516 5514">
     <span class='ocr_line' id='line_1_109' title="bbox 1912 5433 3516 5514; baseline 0.007 -28"><span class='ocrx_word' id='word_1_795' title='bbox 1912 5433 2172 5500; x_wconf 77' lang='lat' dir='ltr'><strong>Michael;</strong></span> <span class='ocrx_word' id='word_1_796' title='bbox 2204 5435 2297 5490; x_wconf 87' lang='lat' dir='ltr'><strong>sed</strong></span> <span class='ocrx_word' id='word_1_797' title='bbox 2330 5436 2443 5504; x_wconf 90' lang='lat' dir='ltr'><strong>ipse</strong></span> <span class='ocrx_word' id='word_1_798' title='bbox 2476 5437 2634 5492; x_wconf 82' lang='lat' dir='ltr'><strong>Pater</strong></span> <span class='ocrx_word' id='word_1_799' title='bbox 2664 5455 2896 5508; x_wconf 87' lang='lat' dir='ltr'><strong>superne</strong></span> <span class='ocrx_word' id='word_1_800' title='bbox 2925 5451 2978 5494; x_wconf 89' lang='lat' dir='ltr'><strong>et</strong></span> <span class='ocrx_word' id='word_1_801' title='bbox 3003 5457 3066 5497; x_wconf 83' lang='lat' dir='ltr'><strong>ex</strong></span> <span class='ocrx_word' id='word_1_802' title='bbox 3098 5444 3231 5497; x_wconf 89' lang='lat' dir='ltr'><strong>ea-lo</strong></span> <span class='ocrx_word' id='word_1_803' title='bbox 3261 5446 3516 5514; x_wconf 74' lang='lat' dir='ltr'><strong>prmdica-</strong></span> 
     </span>
    </p>
   </div>
   <div class='ocr_carea' id='block_1_110' title="bbox 1913 5522 3523 5593">
    <p class='ocr_par' dir='ltr' id='par_1_110' title="bbox 1913 5522 3523 5593">
     <span class='ocr_line' id='line_1_110' title="bbox 1913 5522 3523 5593; baseline 0.009 -15"><span class='ocrx_word' id='word_1_804' title='bbox 1913 5522 1999 5579; x_wconf 88' lang='lat' dir='ltr'><strong>bat</strong></span> <span class='ocrx_word' id='word_1_805' title='bbox 2033 5526 2202 5592; x_wconf 85' lang='lat' dir='ltr'><strong>illum,</strong></span> <span class='ocrx_word' id='word_1_806' title='bbox 2238 5536 2291 5581; x_wconf 91' lang='lat' dir='ltr'><strong>et</strong></span> <span class='ocrx_word' id='word_1_807' title='bbox 2319 5543 2440 5583; x_wconf 88' lang='lat' dir='ltr'><strong>cum</strong></span> <span class='ocrx_word' id='word_1_808' title='bbox 2477 5530 2633 5584; x_wconf 87' lang='lat' dir='ltr'><strong>l&#39;atrc</strong></span> <span class='ocrx_word' id='word_1_809' title='bbox 2662 5531 2971 5587; x_wconf 81' lang='lat' dir='ltr'><strong>Panicletns</strong></span> <span class='ocrx_word' id='word_1_810' title='bbox 2999 5535 3256 5590; x_wconf 81' lang='lat' dir='ltr'><strong>advolans</strong></span> <span class='ocrx_word' id='word_1_811' title='bbox 3284 5538 3348 5590; x_wconf 87' lang='lat' dir='ltr'><strong>ad</strong></span> <span class='ocrx_word' id='word_1_812' title='bbox 3377 5537 3523 5593; x_wconf 91' lang='lat' dir='ltr'><strong>illum</strong></span> 
     </span>
    </p>
   </div>
   <div class='ocr_carea' id='block_1_111' title="bbox 1913 5624 3522 5700">
    <p class='ocr_par' dir='ltr' id='par_1_111' title="bbox 1913 5624 3522 5700">
     <span class='ocr_line' id='line_1_111' title="bbox 1913 5624 3522 5700; baseline 0.009 -30"><span class='ocrx_word' id='word_1_813' title='bbox 1913 5630 2034 5670; x_wconf 89' lang='lat' dir='ltr'><strong>cum</strong></span> <span class='ocrx_word' id='word_1_814' title='bbox 2064 5633 2215 5683; x_wconf 88' lang='lat' dir='ltr'><strong>voce,</strong></span> <span class='ocrx_word' id='word_1_815' title='bbox 2249 5634 2581 5690; x_wconf 86' lang='lat' dir='ltr'><strong>manensque</strong></span> <span class='ocrx_word' id='word_1_816' title='bbox 2609 5638 2769 5692; x_wconf 86' lang='lat' dir='ltr'><strong>supra</strong></span> <span class='ocrx_word' id='word_1_817' title='bbox 2801 5624 2994 5694; x_wconf 85' lang='lat' dir='ltr'><strong>ipsum.</strong></span> <span class='ocrx_word' id='word_1_818' title='bbox 3053 5627 3188 5684; x_wconf 73' lang='lat' dir='ltr'><strong>Vere</strong></span> <span class='ocrx_word' id='word_1_819' title='bbox 3239 5641 3522 5700; x_wconf 83' lang='lat' dir='ltr'><strong>propterea</strong></span> 
     </span>
    </p>
   </div>
   <div class='ocr_carea' id='block_1_112' title="bbox 1914 5707 3527 5789">
    <p class='ocr_par' dir='ltr' id='par_1_112' title="bbox 1914 5707 3527 5789">
     <span class='ocr_line' id='line_1_112' title="bbox 1914 5707 3527 5789; baseline 0.009 -27"><span class='ocrx_word' id='word_1_820' title='bbox 1914 5707 2048 5763; x_wconf 78' lang='lat' dir='ltr'><strong>dixit</strong></span> <span class='ocrx_word' id='word_1_821' title='bbox 2075 5726 2089 5763; x_wconf 90' lang='lat'><strong>:</strong></span> <span class='ocrx_word' id='word_1_822' title='bbox 2136 5709 2363 5766; x_wconf 81' lang='lat' dir='ltr'><strong>Vidimus</strong></span> <span class='ocrx_word' id='word_1_823' title='bbox 2387 5713 2606 5783; x_wconf 85' lang='lat' dir='ltr'><strong>gloriam</strong></span> <span class='ocrx_word' id='word_1_824' title='bbox 2631 5716 2762 5782; x_wconf 68' lang='lat' dir='ltr'><strong>eius,</strong></span> <span class='ocrx_word' id='word_1_825' title='bbox 2790 5717 3007 5788; x_wconf 77' lang='lat' dir='ltr'><strong>gloriam</strong></span> <span class='ocrx_word' id='word_1_826' title='bbox 3034 5720 3178 5789; x_wconf 78' lang='lat' dir='ltr'><strong>quasi</strong></span> <span class='ocrx_word' id='word_1_827' title='bbox 3211 5721 3468 5788; x_wconf 77' lang='lat' dir='ltr'><strong>Unigeuiti</strong></span> <span class='ocrx_word' id='word_1_828' title='bbox 3495 5742 3527 5777; x_wconf 76' lang='grc' dir='ltr'><strong><em>ο</em></strong></span> 
     </span>
    </p>
   </div>
   <div class='ocr_carea' id='block_1_113' title="bbox 1952 5846 3530 5919">
    <p class='ocr_par' dir='ltr' id='par_1_113' title="bbox 1952 5846 3530 5919">
     <span class='ocr_line' id='line_1_113' title="bbox 1952 5846 3530 5919; baseline 0.01 -24"><span class='ocrx_word' id='word_1_829' title='bbox 1952 5849 2006 5917; x_wconf 41' lang='grc'><strong>.¹’</strong></span> <span class='ocrx_word' id='word_1_830' title='bbox 2034 5846 2087 5896; x_wconf 85' lang='lat' dir='ltr'><strong>lu</strong></span> <span class='ocrx_word' id='word_1_831' title='bbox 2125 5847 2286 5919; x_wconf 75' lang='lat' dir='ltr'><strong>Morel.</strong></span> <span class='ocrx_word' id='word_1_832' title='bbox 2334 5848 2720 5919; x_wconf 65' lang='lat' dir='ltr'><strong>legitur,_turlvte</strong></span> <span class='ocrx_word' id='word_1_833' title='bbox 2765 5853 2978 5919; x_wconf 63' lang='lat' dir='ltr'><strong>calcators</strong></span> <span class='ocrx_word' id='word_1_834' title='bbox 3018 5855 3530 5918; x_wconf 66' lang='lat' dir='ltr'><strong>atrgelornminterra</strong></span> 
     </span>
    </p>
   </div>
   <div class='ocr_carea' id='block_1_114' title="bbox 1918 5913 3468 5980">
    <p class='ocr_par' dir='ltr' id='par_1_114' title="bbox 1918 5913 3468 5980">
     <span class='ocr_line' id='line_1_114' title="bbox 1918 5913 3468 5980; baseline 0.009 -20"><span class='ocrx_word' id='word_1_835' title='bbox 1918 5913 2173 5961; x_wconf 65' lang='lat' dir='ltr'><strong>cista-suat</strong></span> <span class='ocrx_word' id='word_1_836' title='bbox 2205 5913 2404 5962; x_wconf 68' lang='lat' dir='ltr'><strong>bonum</strong></span> <span class='ocrx_word' id='word_1_837' title='bbox 2425 5913 2822 5976; x_wconf 70' lang='lat' dir='ltr'><strong>ntulistramimu,</strong></span> <span class='ocrx_word' id='word_1_838' title='bbox 2850 5913 3145 5980; x_wconf 73' lang='lat' dir='ltr'><strong>hymnosque</strong></span> <span class='ocrx_word' id='word_1_839' title='bbox 3170 5920 3468 5973; x_wconf 69' lang='lat' dir='ltr'><strong>amentium.</strong></span> 
     </span>
    </p>
   </div>
  </div>
