4048 6440
596 404 666 461 93
1295 401 1350 459 S.
1390 400 1668 458 IUANNIS
1701 396 2170 456 CllltYSOSTOSIl
2211 396 2527 451 Alttillllﬁl’.
2569 395 3104 452 CONSTANI'lNUP.
3821 401 3886 451 tu

603 524 776 580 Patre.
803 523 980 593 Neque
1005 530 1217 594 propter
1249 520 1338 574 illa
1361 520 1553 578 solum,
1578 517 1669 572 sed
1695 527 1907 586 propter
1928 530 1986 569 ea
2014 513 2172 567 etiam

601 632 716 684 qua:
762 625 983 684 sequuta
1028 622 1172 667 sunt.
1201 610 1319 665 Νοη
1344 612 1478 664 ultra
1511 617 1652 664 enim
1687 618 1925 677 pastores
1952 614 2176 667 tantum,

603 708 679 759 vel
733 705 924 768 vidum,
978 702 1065 757 vel
1113 718 1271 758 senes
1319 699 1472 755 nobis
1520 701 1664 754 illum
1709 692 2173 758 annuntiant;scd

597 800 757 852 etiam
806 798 916 865 ipsa
965 809 1141 849 rerum
1189 793 1551 848 uatura‘tnba
1598 793 1794 844 clarius
1837 790 2091 845 clamans.
2125 798 2178 841 et

601 901 707 941 tam
739 888 842 943 alta
871 903 1023 951 voce,
1058 898 1111 940 ιιι
1138 885 1252 954 ejus
1278 900 1444 938 sonus
1470 883 1648 938 statim
1694 882 1962 949 luteusque
1992 894 2179 948 pervr-

600 982 760 1034 uerit.
793 978 1039 1035 Pervenit
1074 978 1236 1040 enim,
1274 976 1465 1044 inquit,
1495 989 1661 1044 usque
1707 974 1761 1026 in
1803 971 2010 1042 Syriam
2039 971 2174 1023 fama

595 1073 714 1141 ejus
742 1071 950 1145 (Matth.
983 1070 1036 1125 4.
1066 1067 1181 1138 24),
1213 1083 1330 1136 qua:
1376 1067 1546 1137 ipsum
1577 1064 1827 1118 omnibus
1873 1061 2129 1118 reri-tavit
2160 1079 2172 1114 :

596 1162 770 1215 omnia
787 1161 1018 1228 undique
1034 1158 1351 1222 clamabant,
1379 1171 1556 1226 regem
1573 1156 1821 1210 caelorum
1839 1153 1902 1208 ad
1921 1161 2173 1208 .eutasse.

597 1253 726 1306 Nam
756 1253 1030 1308 dzemoues
1053 1250 1285 1321 undique
1313 1248 1582 1319 fugiebant
1621 1257 1672 1301 et
1698 1245 2022 1307 resiliebant,
2058 1245 2174 1298 dia-

596 1345 750 1400 bolus
776 1345 1060 1398 obvolutus
1079 1342 1377 1404 recedebat,
1408 1340 1520 1408 ipsa
1540 1354 1686 1394 mors
1704 1337 1914 1409 repulsa
1941 1336 2172 1402 interim,

594 1450 776 1494 postea
824 1438 1040 1508 penitus
1073 1437 1268 1490 abolita
1300 1447 1420 1490 est:
1453 1432 1615 1487 omne
1657 1430 1978 1486 infirmitatis
2006 1445 2177 1500 genus

594 1532 832 1605 solutth
852 1538 953 1595 est;
981 1537 1320 1584 monumenta
1342 1536 1583 1580 mortuos
1602 1524 1933 1585 emittebant,
1959 1522 2175 1575 insanos

593 1624 861 1678 daemtmia
900 1621 1286 1692 relinquebant,
1338 1618 1509 1673 morbi
1552 1617 1792 1670 infirmos
1821 1613 2172 1678 deserebant;

595 1716 881 1786 ridereque
909 1723 1023 1770 erat
1049 1730 1134 1769 res
1177 1712 1464 1782 stupendas
1504 1720 1555 1766 ct
1587 1709 1880 1770 mirabiles,
1911 1724 2030 1780 qua:
2052 1710 2174 1777 jure

594 1807 867 1878 prophctre
913 1801 1286 1861 desiderabant
1315 1804 1515 1870 videre,
1560 1813 1614 1858 ct
1643 1819 1746 1856 non
1777 1802 2043 1856 viderunt.
2081 1799 2172 1853 Vi-

592 1899 721 1955 dere
771 1908 885 1954 erat
943 1897 1198 1953 formatos
1248 1897 1453 1961 oculos,
1505 1905 1558 1950 ct
1611 1895 1740 1950 illud
1783 1903 1888 1948 tam
1917 1893 2170 1963 optabile,

511 2021 521 2033 -
591 1989 746 2059 cujus
790 2002 983 2044 omnes
1031 1997 1357 2058 spectatores
1401 2001 1521 2041 esse
1568 1985 1872 2055 cupiebant,
1904 1982 2172 2054 quomodo

589 2082 852 2135 Adamum
882 2080 947 2136 de
971 2088 1108 2135 terra
1136 2081 1410 2134 formasset
1443 2079 1599 2141 Deus.
1631 2078 1680 2132 id
1709 2078 1854 2133 brevi
1884 2075 2009 2131 etin
2039 2090 2174 2144 prte-

589 2173 847 2227 stautiore
907 2172 1146 2240 corporis
1214 2179 1363 2238 parte
1426 2170 1796 2223 ostcmlcntcm
1858 2165 2167 2230 Christum;

589 2265 824 2320 membra
855 2265 1067 2332 insuper
1096 2263 1320 2332 paralysi
1353 2261 1523 2316 soluta
1552 2270 1607 2314 et
1634 2260 1910 2322 dissoluta,
1940 2259 2048 2328 jam
2082 2273 2167 2311 rc-

586 2357 769 2410 stitnta
825 2369 878 2411 et
930 2355 1136 2410 caneris
1183 2355 1451 2424 eopulala,
1482 2370 1669 2408 manus
1713 2361 1983 2406 cutortuas
2023 2361 2168 2406 motu

583 2447 898 2516 gaudentes,
949 2445 1110 2514 pedes
1157 2445 1365 2499 solutos
1408 2455 1626 2512 repente
1653 2444 1981 2509 exsilientes,
2008 2456 2168 2496 aures

583 2538 882 2591 obstructas
907 2538 1016 2606 jam
1042 2547 1272 2605 apertas,
1305 2545 1360 2590 et
1388 2535 1617 2605 linguam
1659 2549 1851 2604 magno
1877 2535 2054 2588 sonitu
2084 2533 2166 2587 lo-

582 2637 856 2700 quentem,
889 2645 1006 2698 qua:
1039 2629 1183 2698 prius
1209 2639 1355 2681 muta
1373 2637 1504 2681 erat.
1531 2625 1990 2694 Quemadmodum
2022 2624 2162 2679 enim

580 2723 812 2791 optimus
837 2720 1180 2784 architectus,
1210 2720 1426 2774 domum
1455 2729 1714 2774 vetustate
1743 2719 2008 2773 labantem
2041 2737 2052 2771 :
2086 2717 2163 2772 sic

580 2814 669 2868 ille
700 2812 986 2867 humanam
1031 2823 1272 2866 naturam
1320 2813 1570 2875 restituit,
1618 2821 1794 2879 partes
1836 2811 2030 2866 fractas
2072 2826 2158 2864 re-

578 2905 756 2970 Sarsit,
814 2904 1108 2974 disjunetas
1158 2914 1212 2960 et
1263 2904 1550 2959 dissolutas
1603 2902 1894 2972 copulavit,
1948 2901 2162 2972 penitus

579 2997 754 3064 lapsas
778 2998 965 3051 erexit.
997 2995 1131 3062 Quid
1154 2995 1443 3050 dixerimus
1464 2995 1532 3050 de
1552 2997 1743 3049 anima:
1763 2995 2158 3057 reformatione,

578 3089 850 3157 corporeis
902 3088 1265 3142 curationibus
1316 3087 1472 3156 longe
1528 3087 1933 3157 prmStantiore?
1973 3085 2158 3154 Magna

579 3195 664 3233 res
717 3191 862 3234 certe
912 3189 994 3234 est
1044 3180 1284 3247 corporis
1336 3179 1598 3244 valetudo,
1652 3179 1746 3233 sed
1796 3179 1963 3232 multo
1991 3177 2161 3245 major

577 3270 801 3334 aniuue;
856 3280 1108 3339 tantoque
1150 3271 1341 3339 major,
1374 3280 1575 3340 quanto
1615 3271 1789 3323 anima
1824 3268 2158 3338 prmstantior

574 3373 655 3418 est
684 3379 948 3434 corpore:
983 3381 1153 3435 neque
1209 3365 1308 3420 hac
1357 3373 1557 3418 tantum
1614 3363 1840 3429 ratione,
1895 3362 1991 3418 sed
2035 3362 2157 3431 quia

574 3470 856 3524 corporum
912 3467 1131 3522 natm'a,
1181 3471 1517 3527 quocumque
1559 3456 1701 3510 illam
1756 3456 1884 3511 velit
1935 3455 2159 3510 Greater

575 3563 753 3616 agere,
802 3548 1058 3617 sequitur,
1111 3565 1209 3604 nec
1250 3549 1486 3613 resistit;
1531 3549 1706 3601 anima
1758 3562 1888 3602 vero
1928 3565 2045 3618 qure
2075 3550 2157 3604 Sui

575 3639 775 3693 arbitrii
822 3650 923 3705 est,
969 3650 1022 3694 et
1065 3643 1115 3694 in
1156 3643 1359 3697 actibus
1411 3643 1708 3698 libertatem
1743 3643 1922 3710 habet,
1966 3661 2070 3697 non
2105 3644 2154 3698 in

574 3731 824 3787 ontnibus
845 3733 1177 3804 obtemperat
1205 3736 1330 3798 Deo,
1362 3736 1404 3788 si
1433 3736 1644 3805 quidem
1677 3738 1824 3790 nolit.
1848 3736 1993 3790 Illam
2015 3737 2155 3792 enim

576 3822 790 3876 invitam
821 3839 925 3877 non
957 3825 1068 3879 vult
1099 3826 1256 3882 Deus.
1268 3843 1362 3895 per
1397 3828 1498 3882 vim
1532 3837 1585 3882 et
1615 3828 2004 3886 necessitatem.
2039 3830 2155 3898 pul-

574 3916 760 3968 eltram
787 3926 841 3969 et
873 3916 1062 3971 virtute
1108 3918 1379 3985 pravditam
1432 3919 1660 3976 reddere
1689 3940 1701 3975 :
1730 3922 2154 3992 quandoquidem

577 4008 702 4060 illud
731 4009 900 4065 virtus
932 4024 1033 4062 non
1060 4019 1203 4063 esset
1233 4025 1246 4066 :
1276 4012 1367 4064 sed
1400 4013 1472 4066 illi
1499 4013 1695 4067 volenti
1718 4025 1768 4068 et
1797 4013 1997 4068 lubenti
2028 4030 2153 4068 sua-

573 4101 822 4163 dendum,
857 4111 912 4154 ut
943 4101 1064 4154 talis
1089 4103 1349 4156 efticialur
1377 4122 1388 4157 :
1426 4104 1475 4157 id
1517 4105 1656 4173 quod
1689 4106 1844 4175 longe
1885 4107 2155 4162 difﬁcilius

571 4206 647 4247 est
681 4209 838 4263 quam
873 4195 959 4246 illa
987 4194 1086 4246 alia
1115 4197 1337 4248 curatio.
1375 4196 1428 4249 ιιι
1477 4207 1650 4250 tamen
1682 4196 1807 4251 fecit
1835 4199 1944 4263 ille,
1997 4214 2156 4270 atque

576 4285 825 4354 nequitia:
850 4300 1018 4354 genus
1048 4300 1206 4340 omne
1235 4285 1508 4354 depulsum
1537 4298 1638 4341 est.
1664 4290 1738 4342 Ac
1765 4290 1901 4344 sicut
1930 4305 2154 4358 corpora

572 4378 715 4432 bene
759 4387 940 4432 curata
983 4394 1086 4431 non
1131 4377 1197 4431 ad
1231 4378 1588 4433 valetudinem
1635 4384 1814 4447 modo,
1848 4383 1946 4437 sed
1972 4383 2037 4437 ad
2066 4400 2156 4438 su—

573 4486 814 4538 premunt
843 4470 1082 4524 sanitatis
1101 4480 1291 4524 statum
1321 4471 1528 4526 reduxit
1562 4490 1574 4525 :
1604 4472 1680 4527 sic
1701 4485 1755 4528 et
1783 4477 2009 4543 animas,
2046 4493 2149 4530 non

573 4565 731 4618 modo
757 4565 822 4618 ah
850 4575 1085 4619 extrema
1119 4565 1353 4632 nequitia
1381 4567 1592 4633 eripuit,
1627 4567 1719 4621 sed
1748 4569 1811 4621 ad
1847 4569 2014 4639 ipsum
2049 4571 2153 4624 vir-

503 4641 515 4653 ’
571 4657 696 4709 tutis
726 4657 941 4709 culmen
991 4657 1177 4708 erexit.
1233 4655 1553 4709 Publicanus
1608 4658 1774 4712 factus
1815 4669 1898 4712 (τρι
1937 4673 2153 4730 aposto-

573 4755 688 4813 ltts;
720 4758 1092 4816 persequutor,
1123 4748 1464 4814 blasphemus
1484 4757 1537 4800 et
1565 4752 2152 4813 (IonilllllCiltlSllS,lll'iliS

575 4839 888 4908 pra-dicator
935 4838 1072 4891 fuit:
1122 4838 1277 4905 magi,
1331 4837 1636 4892 JtltiJBttl‘lltll
1684 4840 1963 4905 doctores;
1995 4843 2147 4906 latro,

572 4931 796 4999 ιληιῖιάίδί
827 4931 991 4993 civis;
1026 4931 1296 4991 meretrix,
1332 4931 1432 4986 fide
1463 4948 1648 5002 magna
1677 4935 1913 4999 refulsit;
1947 4938 2154 4989 Clema-

571 5040 680 5076 n:ea
708 5034 760 5078 et
782 5025 1113 5078 Samaritana
1139 5025 1406 5088 mulieres,
1440 5042 1660 5094 quarnm
1686 5039 1949 5095 postrema
1982 5047 2152 5084 tuere-

573 5120 667 5170 trix
697 5127 838 5181 erat;
870 5134 934 5171 ex
963 5117 1068 5181 his,
1091 5119 1325 5186 inquam,
1362 5121 1669 5174 mulieribus
1698 5123 1863 5176 altera
1898 5127 2152 5192 pr.ediea-

575 5219 766 5261 tionem
819 5209 956 5277 apud
1007 5208 1334 5262 COttll‘iblliCS
1388 5224 1512 5262 suos
1564 5215 1818 5280 suscepit,
1879 5223 2150 5283 lOl:ll|ll|llC

573 5302 840 5352 rivitatem
874 5300 1019 5366 quasi
1049 5316 1239 5368 sageua
1272 5313 1477 5369 captam
1510 5304 1574 5356 ad
1603 5303 1876 5358 Christum
1903 5308 2146 5373 adduxit;

572 5393 734 5443 :il;era
766 5401 940 5443 autem
971 5389 1072 5442 fide
1098 5400 1150 5443 et
1174 5391 1479 5446 assiduitate
1513 5394 1562 5446 id
1590 5393 1784 5458 effecit,
1831 5407 1889 5449 ut
1939 5397 2146 5452 tl.rntott

568 5481 828 5550 malignus
854 5497 916 5534 ex
948 5481 1065 5533 lilia:
1092 5497 1200 5534 sua:
1228 5482 1397 5536 anima
1439 5485 1746 5553 pelleretur.
1790 5489 1894 5542 Alii
1939 5506 2148 5559 quoque

567 5575 720 5641 longe
746 5572 826 5626 his
859 5573 1067 5642 pejores
1119 5574 1168 5625 in
1217 5573 1596 5644 discipulorum
1648 5595 1927 5633 numerum
1968 5585 2145 5637 statim

565 5665 1000 5720 admittebantur.
1027 5665 1216 5719 Omnia
1243 5666 1398 5720 simul
1423 5673 1932 5736 traastnutabautur,
1960 5690 2146 5744 corpo-

641 5840 653 5870 ¹
699 5847 838 5896 sarit.
873 5849 1013 5913 legit,
1039 5847 1144 5914 ipsa
1173 5861 1335 5899 rerum
1358 5861 1462 5900 rex.

2287 495 2403 566 rum
2432 510 2791 580 (egritudines,
2817 512 2987 565 morbi
3017 513 3336 576 animarum,
3361 529 3480 582 quae
3503 514 3567 566 ad
3588 518 3884 569 sanitati-.a

2285 603 2680 672 perfectamque
2701 603 2947 657 virtutem
2977 602 3386 658 reducebantur.
3413 605 3518 660 Nec
3534 607 3642 660 duo
3673 618 3888 660 tantum

2285 700 2548 762 homines,
2591 711 2680 754 aut
2727 711 2854 768 tres,
2903 715 2996 758 aut
3026 707 3283 776 quinque,
3332 711 3411 761 vel
3441 706 3653 770 decem,
3691 705 3779 758 vel
3815 705 3888 756 vi-

2283 791 2437 859 ginti,
2474 792 2552 844 vel
2580 795 3176 863 centumSolummodo,
3229 798 3321 851 sed
3365 799 3585 867 integra:
3632 800 3887 853 civitates

2284 891 2335 935 et
2362 894 2547 950 gentes
2596 882 2847 940 facillime
2878 890 3386 943 transnnuabantur.
3415 889 3546 956 Quis
3575 906 3707 943 vero
3741 905 3886 958 pra:-

2283 983 2557 1039 ceptorutn
2604 974 2941 1040 sapientiam,
3002 979 3295 1033 catlestium
3347 980 3521 1050 legum
3576 981 3883 1040 virtutem.

2282 1066 2535 1134 angelice
2604 1068 2725 1121 vine
2794 1070 3034 1124 ordinem
3086 1070 3245 1141 digne
3305 1071 3698 1142 descripserit?
3755 1073 3886 1127 Tale

2283 1155 2476 1226 quippe
2506 1156 2712 1211 induxit
2740 1159 2861 1212 vita:
2886 1176 3076 1230 genus,
3124 1164 3254 1217 tales
3297 1165 3448 1217 uoltis
3489 1165 3775 1220 constituit
3813 1167 3888 1220 le-

2280 1261 2394 1315 ges,
2431 1248 2589 1300 talem
2619 1264 2829 1302 morum
2860 1249 3110 1313 formant.
3141 1256 3308 1324 utqui
3334 1255 3400 1309 iis
3425 1265 3668 1321 utuntur,
3701 1258 3883 1325 angeli

2281 1337 2458 1389 statim
2512 1338 2832 1404 cfliciautur,
2887 1351 2939 1396 et
2989 1354 3246 1412 quantum
3309 1345 3510 1400 homini
3565 1347 3714 1413 licet,
3776 1349 3886 1401 Deo

2281 1429 2521 1493 similes,
2562 1432 2660 1486 etsi
2704 1435 2942 1488 Omnium
2988 1437 3259 1489 hominum
3303 1439 3616 1506 nequissimi
3656 1438 3881 1494 fuerint.

2352 1522 2403 1576 5.
2431 1521 2493 1574 In
2513 1524 2688 1585 quibus
2715 1525 2821 1578 visa
2847 1529 2908 1579 sit
2926 1529 3088 1595 gloria
3113 1528 3298 1584 Christi
3321 1533 3464 1600 quasi
3481 1533 3649 1603 gloria
3683 1532 3881 1602 linige-

2282 1613 2374 1664 niti
2401 1630 2431 1663 α
2460 1611 2632 1667 l’atrc.
2673 1614 3000 1671 Diriuitatcm
3023 1618 3212 1674 Chriin
3230 1632 3451 1687 potestas
3472 1624 3583 1691 ejus
3605 1626 3881 1692 prmitieat.

2281 1703 2456 1757 Gloria
2495 1704 2684 1760 Christi
2722 1709 2772 1760 in
2819 1711 2956 1762 cwli:
2997 1722 3189 1781 quanta
3215 1728 3232 1771 ;
3260 1714 3328 1765 ad
3354 1713 3444 1765 illa
3484 1715 3763 1782 fruendam
3795 1734 3884 1770 ra-

2279 1797 2375 1847 cati
2416 1814 2608 1851 sanius.
2650 1828 2716 1838 —
2746 1799 2870 1854 Ilzec
2899 1801 3074 1871 itaque
3105 1805 3282 1858 otunia
3316 1807 3569 1860 miracula
3611 1810 3884 1878 colligens

2279 1889 2625 1957 evangelista,
2660 1907 2777 1960 qua:
2807 1892 2858 1945 in
2899 1896 3236 1963 corporibus,
3265 1913 3384 1966 qtne
3415 1898 3464 1950 in
3497 1901 3714 1961 animis,
3758 1919 3882 1969 qua:

2277 1980 2328 2034 iu
2379 1982 2693 2047 clementis;
2754 1999 2960 2038 necnon
3019 1999 3307 2057 pra-cepta,
3365 1990 3502 2043 dona
3540 1992 3626 2044 illa
3678 2009 3878 2045 art-ana

2277 2073 2405 2141 ipsis
2433 2075 2577 2128 erlis
2609 2075 2944 2139 sublimiora,
2981 2079 3146 2147 leges,
3183 2082 3301 2134 vita:
3350 2083 3678 2148 institutum,
3709 2086 3876 2140 obsc-

2273 2167 2566 2233 queutiam,
2602 2166 2900 2223 futurorum
2934 2173 3339 2240 promissioues,
3393 2176 3617 2244 ejusque
3663 2183 3877 2234 crto-ia-

2275 2267 2373 2315 tus.
2431 2259 2567 2311 haue
2625 2262 2922 2316 mirabilem
2977 2274 3030 2317 ct
3087 2265 3302 2318 subiitui
3359 2267 3602 2323 doctrina
3655 2273 3874 2338 plenam

2273 2349 2450 2404 emisit
2479 2367 2707 2406 vocem:
2752 2353 2977 2408 Vidimus
3026 2357 3242 2425 gloriam
3297 2359 3425 2425 eius,
3476 2361 3696 2429 gloriam
3723 2367 3876 2428 quasi

2277 2439 2536 2511 Uuiqcniti
2583 2460 2614 2495 a
2664 2442 2838 2509 Patre,
2896 2449 3098 2513 plenam
3150 2450 3329 2517 gratia:
3376 2462 3421 2504 ct
3474 2455 3715 2509 veritatis.
3752 2456 3872 2509 Non

2271 2533 2412 2586 cuitu
2456 2545 2673 2604 propter
2721 2537 2974 2591 miracula
3025 2549 3226 2593 tantum
3259 2540 3429 2608 ipsum
3460 2544 3737 2608 mirantur,
3772 2549 3870 2601 sed

2268 2625 2426 2679 etiam
2475 2637 2690 2696 propter
2717 2631 3023 2695 cruciatus;
3073 2640 3129 2683 ut
3169 2647 3290 2685 cum
3339 2635 3531 2687 affixus
3571 2635 3664 2689 fuit
3693 2642 3868 2705 cruci,

2269 2715 2580 2785 ﬂagellatus,
2616 2719 2785 2788 alapis
2811 2735 3002 2785 cresus,
3033 2733 3346 2790 consputus,
3377 2736 3427 2778 et
3453 2743 3572 2778 cum
3602 2728 3651 2780 in
3673 2731 3870 2784 main-

2267 2811 2331 2864 Iis
2361 2812 2540 2882 plagas
2566 2815 2771 2884 accepit
2815 2816 2882 2869 ab
2928 2816 2991 2869 iis
3017 2831 3153 2886 quos
3181 2817 3452 2872 beneﬁciis
3480 2820 3750 2875 affecerat.
3797 2826 3870 2878 At

2264 2905 2406 2954 cultu
2437 2902 2485 2954 iu
2519 2901 2601 2956 his
2628 2920 2839 2973 quoque
2867 2922 2984 2973 qua:
3017 2907 3370 2975 ignominiosa
3412 2910 3676 2972 videntur.
3715 2913 3863 2969 idem

2268 2993 2438 3061 ipsuut
2468 2993 2669 3049 dictum
2710 2999 2954 3066 apposite
2987 2998 3311 3068 proferatur,
3343 3004 3773 3073 quamloquidctn
3809 3019 3868 3064 et

2267 3084 2380 3151 ipse
2410 3101 2520 3139 rem
2550 3087 2712 3153 illam,
2742 3089 2966 3158 gloriam
2997 3092 3308 3160 appellavit.
3353 3094 3467 3149 Non
3498 3098 3642 3151 enim
3675 3104 3864 3168 provi-

2263 3175 2456 3230 dentia:
2492 3186 2691 3232 tantum
2721 3188 2774 3233 et
2801 3181 3041 3235 caritatis
3071 3183 3156 3237 illa
3211 3195 3382 3250 erant,
3415 3187 3506 3240 sed
3538 3190 3700 3244 etiam
3757 3193 3864 3247 itn-

2263 3279 2462 3320 meusa:
2511 3269 2811 3338 potestatis.
2843 3270 2993 3326 Tunc
3023 3273 3165 3328 enim
3199 3284 3252 3327 et
3283 3292 3428 3332 tuors
3458 3278 3862 3351 destruebatur,

2261 3367 2315 3411 et
2344 3359 2648 3414 maledictio
2676 3361 3004 3429 solvebatur,
3050 3364 3325 3424 da-moucs
3367 3373 3860 3444 etntfundebantur,

2261 3450 2432 3522 deque
2453 3453 2580 3523 ipsis
2605 3455 3051 3523 triumphabatur,
3081 3468 3134 3512 et
3159 3459 3572 3532 chirographum
3603 3481 3865 3536 peccato-

2264 3558 2378 3596 rum
2407 3544 2546 3597 cruei
2573 3543 2906 3615 afﬁgebattn'.
2941 3549 3163 3615 Deinde,
3197 3551 3318 3620 quia
3347 3552 3461 3608 lure
3490 3557 3745 3613 miracula
3778 3562 3866 3616 in-

2263 3634 2542 3687 visibiliter
2585 3637 2931 3704 patrahantur
2963 3682 2976 3705 ,
3026 3641 3268 3710 quantam
3318 3645 3597 3702 visibiliter
3641 3666 3862 3718 peracta

2262 3734 2423 3788 sunt,
2478 3741 2596 3795 qua:
2644 3726 3080 3785 demonstrarent
3134 3733 3304 3802 ipsum
3351 3751 3471 3791 esse
3522 3739 3859 3810 unigenitum

2264 3820 2452 3874 Filium
2494 3822 2618 3886 Dei,
2655 3824 2920 3893 totiusque
2963 3837 3163 3881 natura:
3210 3829 3512 3886 Dominum.
3555 3833 3688 3888 Nam
3731 3853 3856 3892 eum

2263 3913 2473 3966 beatum
2505 3929 2698 3983 corpus
2740 3916 2915 3971 adhuc
2953 3919 3002 3972 in
3037 3936 3194 3975 cruce
3228 3924 3482 3991 penderet
3506 3969 3519 3991 ,
3552 3928 3630 3981 sol
3675 3932 3863 3984 radios

2261 4006 2470 4068 atcrtit,
2499 4016 2638 4060 terra
2668 4010 2883 4062 tremuit
2907 4020 2958 4064 et
2988 4015 3218 4067 tenebris
3244 4017 3454 4085 oppleta
3480 4029 3581 4084 est,
3607 4022 3860 4090 sepulcm

2261 4112 2442 4168 aperta
2470 4145 2484 4167 ,
2519 4111 2672 4156 teme
2705 4105 2874 4156 solum
2905 4121 3221 4161 concussum
3249 4121 3328 4162 est
3354 4152 3366 4171 ,
3402 4124 3733 4167 lll0l'lll0l’tllll
3771 4118 3860 4170 in-

2265 4209 2480 4245 immera
2524 4195 2804 4247 multitudo
2849 4197 3080 4262 exsiliit,
3113 4210 3165 4252 et
3205 4200 3254 4253 in
3296 4201 3564 4257 civitatem
3613 4206 3857 4277 ingressa

2261 4293 2342 4336 est
2373 4302 2383 4335 :
2412 4298 2472 4336 ac
2498 4283 2624 4336 dum
2657 4289 2982 4340 monumenti
3031 4288 3193 4356 ipsius
3235 4290 3437 4360 lapides
3468 4295 3654 4349 loculis
3685 4301 3857 4367 apzati

2263 4385 2556 4442 manerent,
2588 4385 2639 4429 et
2669 4377 2938 4447 signacula
2972 4388 3196 4446 starent,
3229 4385 3461 4438 surrexit
3492 4398 3734 4442 mortuus
3765 4393 3859 4448 ille

2259 4469 2344 4535 qui
2374 4469 2516 4522 cruci
2545 4470 2707 4524 clavis
2735 4471 2923 4524 affixus
2954 4473 3142 4532 fuerat,
3173 4491 3233 4529 ac
3263 4477 3456 4531 virtute
3483 4481 3709 4548 quadam
3740 4503 3860 4539 ma-

2257 4577 2354 4629 gna
2399 4561 2628 4628 repletos
2672 4563 2914 4616 undecim
2960 4565 3248 4632 discipulos
3290 4569 3436 4622 misit
3478 4573 3726 4627 omuilms
3761 4594 3860 4646 per

2258 4654 2443 4706 orbem
2475 4653 2776 4708 hominibus
2797 4699 2810 4720 ,
2843 4673 3156 4712 communes
3188 4669 3390 4713 natur:e
3425 4664 3583 4716 totius
3615 4670 3857 4724 lllt‘tiit'tls

2261 4745 2484 4803 futuros,
2515 4747 2602 4814 qui
2637 4748 2794 4799 vitam
2829 4749 3100 4802 hominum
3131 4753 3497 4817 emendarem,
3529 4759 3858 4815 CilfitBSlittltt-

2258 4852 2358 4904 que
2390 4838 2694 4906 tlogtnatum
2742 4841 2980 4893 notitiatu
3034 4843 3226 4912 ubique
3257 4845 3670 4901 disseminarcnt
3697 4893 3711 4915 ,
3746 4854 3854 4905 ιΙ.ι--

2261 4946 2473 4981 ι;ι‹›ειιιιιι
2516 4931 2848 5000 tyrannidem
2883 4921 3190 4998 solverent,
3235 4954 3530 5006 magnaque
3561 4951 3615 4994 et
3655 4958 3856 4998 arcana

2261 5019 2392 5071 bona
2420 5021 2660 5075 homines
2683 5023 2940 5077 docerent
2967 5043 2977 5077 :
3001 5028 3189 5078 anima:
3214 5027 3667 5088 immortalitatem
3697 5038 3859 5091 nolis

2261 5112 2600 5178 prardicareut
2633 5156 2646 5175 ,
2694 5117 3041 5184 ςωι·[)‹›ι·ἱ.-(μ;ο
3087 5120 3244 5170 vitam
3291 5133 3584 5186 :e'crnam,
3634 5129 3856 5192 pt'amiia

2259 5212 2488 5256 tuentem
2540 5207 2910 5273 exsnpetautia
2963 5218 3012 5260 ct
3063 5225 3328 5278 nuuquatn
3374 5214 3531 5266 linem
3581 5215 3854 5274 habitura.

2257 5294 2378 5349 llrc
2411 5311 2590 5349 St‘Clllll
2635 5309 2888 5366 reputans
2921 5300 3104 5354 beatus
3139 5303 3221 5354 ille.
3248 5346 3260 5366 ,
3292 5314 3343 5356 et
3373 5305 3471 5358 alia
3507 5307 3652 5375 plura
3682 5351 3695 5372 ,
3732 5328 3856 5379 qua:

2258 5388 2368 5454 ipse
2413 5389 2627 5449 quidem
2672 5403 2923 5456 neverat,
2957 5393 3048 5445 sed
3090 5394 3322 5449 scribere
3363 5398 3562 5462 noluit,
3595 5405 3734 5468 quud
3790 5423 3854 5459 ea

2257 5482 2481 5533 ltttttttltts
2507 5498 2608 5533 non
2629 5497 2842 5549 caperet
2867 5487 3007 5550 (nam
3032 5487 3232 5551 omnia,
3266 5488 3449 5557 inquit,
3481 5493 3540 5544 Si
3563 5493 3856 5550 ευιίὺιιηιηι·

2257 5588 2343 5638 per
2372 5573 2590 5639 singula,
2623 5591 2710 5625 nec
2742 5575 2904 5642 ipsum
2935 5578 3152 5630 (tl'i’ii’l'Ol'
3181 5582 3420 5633 mundam
3449 5600 3627 5652 capere
3655 5604 3737 5639 eos
3765 5594 3854 5658 qui

2254 5666 2498 5716 scribendi
2527 5679 2636 5716 sunt
2672 5667 2820 5720 libros
2847 5669 3033 5739 μοίρην.
3065 5671 3152 5724 “ll.
3185 5673 3251 5726 ‘lfi
3278 5673 3288 5745 ]
3314 5676 3329 5741 )
3359 5694 3368 5725 :
3402 5675 3511 5728 iure
3541 5721 3552 5736 ,
3591 5679 3806 5745 inqua-tt
3835 5723 3850 5744 ,

2255 5757 2429 5808 munia
2479 5759 2716 5826 fugitans
2762 5762 3122 5817 exclamavit:
3168 5765 3392 5816 ι’ίιίὲιμδ
3437 5769 3650 5836 gloriam
3701 5773 3850 5837 ejus.

2255 5854 2417 5918 g-"Fli(t
2441 5868 2467 5898 lt
2500 5852 2638 5918 ςκντεδί
2676 5850 2929 5923 Γίνῐσιηίῖίί
2961 5874 2987 5906 a
3024 5855 3172 5909 Patre
3201 5903 3208 5920 ,
3242 5860 3441 5928 lienam
3482 5880 3510 5928 ρ
3545 5865 3658 5915 ait}:
3691 5879 3735 5916 et
3768 5882 3849 5918 r3-
