4048 6448
607 331 672 384 87
1345 330 1397 382 S.
1439 326 1724 381 J0.-\.\'MS
1766 323 2147 379 CllllYSUSTl

2296 319 2610 374 Allllllllil’.
2655 319 2997 375 CUXSTAN'I
3018 322 3190 378 lNOl’.
3838 332 3901 381 88

607 446 700 508 tis,
724 445 767 498 si
798 444 945 499 nulla
973 443 1226 512 nequitiae
1253 442 1519 511 lippitudo
1547 442 1737 496 oculos
1763 441 1958 495 utentis
1985 450 2177 493 vestra:

607 535 884 599 obscuret,
945 535 1175 604 ejusque
1210 535 1678 606 perspicuitatetu
1714 532 1992 588 obturbet.
2035 531 2173 598 Quid

609 626 774 691 igitur
804 625 963 682 nobis
985 627 1146 682 hodie
1175 629 1500 696 proponitur
1524 625 1794 681 Uouuues
1821 625 2174 680 testimonium

604 716 831 786 perhibet
852 717 915 772 de
936 720 1073 788 ipso,
1094 730 1140 774 et
1162 719 1358 773 clamat
1381 719 1591 773 dicens:
1617 718 1715 772 llic
1737 727 2015 787 eratquem
2037 717 2175 770 dixi:

604 809 706 875 Qui
729 820 843 877 post
872 827 954 864 me
983 811 1144 876 venit,
1183 821 1304 864 ante
1332 829 1411 864 me
1440 811 1612 878 [actus
1641 822 1738 874 est,
1763 811 1884 880 quia
1915 811 2062 878 prior
2094 825 2176 862 me

603 909 739 955 erat.
774 901 930 972 Saepe
972 901 1058 955 hic
1089 903 1420 971 evangelista
1448 900 1713 955 Joannem
1747 903 1890 955 ultro
1922 901 2173 970 citroque

602 1001 801 1051 versat.
819 995 1045 1062 ejusque
1069 994 1433 1044 testimoniu-n
1461 993 1797 1050 circumfert.
1824 993 1878 1046 Ιι]
1912 1008 2042 1047 vero
2063 1007 2175 1046 non

589 1083 706 1136 siuc
748 1098 904 1136 causa
929 1124 944 1145 ,
978 1082 1070 1136 sed
1113 1080 1399 1135 admodum
1440 1077 1727 1148 prudenter
1766 1087 2000 1147 pnrstat.
2039 1077 2171 1144 Quia

590 1175 731 1226 enim
760 1173 929 1228 Judtei
961 1173 1129 1226 virum
1162 1187 1320 1241 supra
1351 1171 1562 1225 modum
1596 1170 1924 1225 mirabantur
1949 1169 2091 1240 (iam
2119 1179 2174 1225 et

587 1263 849 1332 Jnsepbus
875 1279 940 1318 cx
968 1263 1084 1332 ejus
1111 1278 1240 1318 nrce
1265 1261 1461 1316 bellum
1490 1270 1663 1314 ortum
1695 1270 1896 1325 narrat,
1927 1254 2171 1331 illiusque

587 1354 700 1408 ιιι-εί
752 1354 1112 1424 metropoleos
1154 1355 1416 1409 excidium
1466 1353 1723 1407 adscribit
1755 1353 1828 1422 (a)
1855 1395 1868 1417 ,
1909 1368 1970 1406 ae
2014 1352 2170 1421 longo

585 1464 829 1502 sermone
863 1448 1047 1502 laudes
1073 1447 1188 1516 eius
1218 1446 1610 1517 prosequitur),
1643 1458 1692 1498 ut
1726 1445 1938 1500 .lud:eos
1967 1443 2170 1514 pudore

583 1540 872 1605 suil’uttdat,
891 1538 1166 1594 Prodrumi
1196 1538 1552 1592 testimonium
1577 1539 1676 1592 illis
1700 1537 2003 1606 frequenter
2023 1551 2171 1591 cont-

582 1641 860 1684 memorat.
896 1629 962 1684 Et
989 1629 1077 1684 alii
1110 1627 1318 1699 quidem
1349 1628 1723 1698 evangelista),
1758 1628 2165 1683 iactavelcrum

582 1723 961 1790 prophetarum
991 1721 1279 1785 mentione,
1303 1720 1368 1774 ad
1397 1720 1600 1790 singula
1626 1730 1772 1792 gesta
1793 1735 1861 1777 eo
1889 1721 2168 1776 remittunt

580 1804 874 1858 auditorem
905 1822 919 1860 :
947 1819 1010 1859 ac
1050 1805 1262 1875 quando
1293 1814 1448 1858 natus
1477 1815 1558 1859 cst
1597 1804 1778 1860 dicunt
1810 1822 1824 1859 :
1859 1803 1970 1858 lloc
1997 1815 2167 1858 autent

579 1903 736 1946 totunt
776 1896 968 1966 factum
1012 1905 1086 1948 est
1111 1936 1124 1959 ,
1153 1905 1206 1948 ut
1248 1895 1542 1965 impleretur
1584 1896 1721 1966 quod
1757 1897 1945 1950 dictum
1975 1907 2046 1951 est
2077 1913 2166 1967 per

581 1985 766 2039 lsaiatn
795 1987 1094 2055 prophetam
1121 1988 1365 2041 dicentem
1388 2004 1406 2042 :
1430 1987 1562 2043 Ecce
1598 1989 1749 2058 Virgo
1776 1989 1829 2042 in
1858 1999 1998 2043 utero
2019 1987 2165 2043 liabe-

575 2076 664 2142 bit,
694 2089 741 2131 et
768 2079 928 2146 pariet
956 2079 1116 2146 [ilium
1139 2078 1350 2147 (.llatt/t.
1384 2079 1406 2134 1
1443 2079 1556 2135 .22.
1580 2079 1670 2137 23.
1712 2080 1839 2134 Iani.
1873 2081 1924 2134 7.
1953 2081 2064 2150 14).
2097 2081 2164 2135 Et

577 2185 695 2222 eum
739 2170 946 2226 insidiis
984 2180 1361 2240 appeterctur,
1399 2182 1454 2228 et
1493 2174 1564 2228 ita
1603 2174 1886 2245 diligenter
1929 2173 2161 2244 undique

576 2260 1010 2329 perquireretur,
1051 2272 1109 2316 ut
1154 2263 1434 2318 immatura
1475 2265 1635 2321 ctiam
1681 2277 1810 2321 artas
1849 2266 1917 2321 ab
1950 2266 2162 2321 llerodc

570 2350 920 2419 jugularetur,
954 2352 1240 2408 Jeremiam
1273 2354 1418 2410 iitum
1450 2357 1578 2412 olim
1611 2357 1924 2427 pmphetam
1957 2359 2009 2413 in
2039 2373 2157 2414 mc-

573 2441 717 2494 dium
762 2441 1027 2496 adducunt
1065 2443 1328 2499 dicentem
1363 2463 1376 2499 :
1418 2444 1532 2501 Vox
1561 2449 1613 2502 iu
1643 2448 1809 2502 [tanta
1838 2451 2016 2502 audita
2045 2459 2116 2504 est
2139 2490 2154 2514 ,

574 2531 883 2598 lantentatio,
911 2532 1138 2602 ploratur
1166 2544 1211 2588 et
1240 2536 1469 2593 ululatus
1491 2538 1697 2603 inultus,
1727 2537 1921 2597 Rachel
1947 2540 2156 2609 plorans

571 2620 707 2688 [ilics
733 2639 846 2676 suos
875 2622 1009 2691 (Jer.
1038 2625 1126 2680 5|.
1158 2625 1249 2696 15)
1274 2641 1288 2690 ;
1320 2637 1374 2682 et
1401 2644 1522 2682 cum
1551 2643 1620 2683 ex
1652 2628 1886 2702 [Egypto
1917 2630 2115 2686 rediret
2137 2623 2163 2698 ,-

570 2712 760 2767 Oseam
803 2714 1075 2784 proferunt
1117 2718 1195 2772 sic
1235 2717 1540 2788 loquentem
1567 2760 1582 2784 ,
1612 2720 1696 2774 Ea:
1723 2721 1953 2794 zEgypto
1983 2724 2155 2778 vocavi

568 2805 730 2872 [ilium
777 2822 939 2860 meum
982 2807 1152 2880 (Osee
1193 2809 1279 2869 11.
1325 2810 1385 2882 1)
1424 2829 1438 2866 :
1479 2823 1532 2867 et
1572 2814 1764 2884 ubique
1794 2815 1858 2870 ad
1904 2816 2042 2871 hunc
2073 2815 2150 2871 fac

566 2897 713 2950 ciunt
751 2900 985 2953 modum.
1028 2901 1123 2955 llic
1149 2917 1276 2956 vero
1297 2946 1311 2969 ,
1346 2913 1528 2974 utpote
1557 2907 1646 2974 qui
1686 2907 1963 2962 sublimius
1992 2924 2151 2978 quam

566 2990 652 3042 alii
689 2990 965 3059 Ιοτιιιηιιιτ,
993 2993 1186 3049 clarius
1213 3004 1371 3065 atque
1401 2997 1667 3052 recentius
1695 2998 1970 3068 proferens
2002 3001 2152 3055 testi-

566 3080 802 3134 monium
825 3123 838 3146 ,
868 3099 974 3136 non
1003 3093 1239 3140 mortuos
1271 3095 1471 3142 tantum
1491 3128 1504 3151 ,
1535 3087 1626 3142 sed
1656 3097 1713 3143 et
1739 3091 2035 3156 viventem,
2059 3092 2146 3160 qui

563 3185 686 3224 eum
716 3184 768 3224 et
799 3183 1113 3240 pra-sentem
1144 3176 1452 3231 ostenderat
1475 3187 1528 3232 et
1557 3177 1932 3247 baptizaverat,
1963 3181 2013 3236 in
2044 3197 2149 3236 me-

561 3259 706 3313 diutn
749 3260 1055 3332 frequenter
1090 3265 1352 3332 adducit;
1383 3283 1488 3321 non
1533 3285 1639 3339 quo
1684 3270 1962 3327 Dominum
2004 3276 2144 3330 ser-vi

561 3352 866 3405 testimonio
899 3354 1002 3408 ﬁde
1031 3355 1248 3426 dignum
1277 3359 1652 3429 comprobaret
1677 3403 1692 3427 ,
1720 3360 1813 3416 sed
1850 3373 1906 3417 ut
1931 3364 2142 3418 audito-

560 3460 674 3498 rum
705 3446 1002 3503 inﬁrmitati.
1036 3463 1093 3503 sc
1120 3460 1520 3520 attemperaret.
1550 3452 1698 3519 Sicut
1725 3456 1866 3510 enim
1899 3456 1998 3511 nisi
2030 3456 2141 3511 for-

559 3552 698 3591 tnam
746 3541 883 3594 servi
936 3542 1271 3611 accepisset,
1322 3561 1442 3601 non.
1475 3557 1726 3617 acceptus
1771 3549 2142 3621 admissusque

560 3631 744 3685 fuisset
765 3650 778 3683 :
803 3635 879 3686 sic
911 3635 1007 3687 nisi
1038 3637 1175 3689 servi
1209 3651 1339 3692 voce
1364 3652 1743 3694 conservorum
1773 3657 1931 3697 aures
1961 3658 2143 3699 assue-

559 3723 773 3779 feeisset
797 3766 810 3789 ,
841 3727 1074 3781 maxima
1108 3743 1228 3797 pars
1270 3728 1576 3786 Judteurum
1603 3736 1882 3797 ,sermoni
1916 3751 2020 3790 non
2047 3737 2135 3794 ob-

556 3824 922 3886 temperasset.

621 3914 678 3963 2.
721 3908 822 3965 Cur
857 3921 900 3965 et
930 3914 1180 3982 quomodo
1206 3914 1431 3970 Joannes
1462 3915 1688 3987 Baptista
1720 3918 1973 3974 Christum
2008 3939 2138 3992 prte-

553 4001 704 4054 tlicet.
726 4032 794 4040 —
816 4003 894 4056 Ad
924 4002 1037 4058 haec
1063 4005 1204 4061 aliud
1233 4009 1592 4078 apparabatur
1617 4026 1864 4081 magnum
1895 4023 1948 4067 et
1978 4015 2136 4067 mit-a-

552 4093 682 4149 bilc.
710 4094 841 4162 Quia
887 4097 1067 4163 enim,
1111 4099 1198 4168 qui
1243 4099 1310 4155 de
1353 4100 1531 4170 seipso
1571 4117 1818 4173 magnum
1864 4104 2134 4174 quidpiam

550 4183 740 4249 eil‘ert,
781 4196 1062 4255 suspectus
1103 4198 1218 4253 est,
1261 4201 1314 4244 et
1351 4191 1651 4244 auditorum
1698 4193 1955 4262 plurimos
1994 4211 2137 4264 sa'pe

550 4275 805 4343 oﬂ’endit;
835 4278 952 4334 ideo
975 4280 1111 4334 alius
1138 4283 1201 4334 de
1229 4283 1318 4336 illo
1345 4283 1718 4339 tesuﬁeaturus
1739 4287 1963 4342 accedit.
1990 4290 2136 4344 Alio-

547 4369 675 4439 quin
703 4379 879 4424 autem
906 4411 920 4436 ,
951 4370 1070 4440 quia
1103 4373 1240 4426 solet
1269 4374 1549 4428 multitudo
1587 4376 1652 4430 ad
1684 4375 1994 4434 l'atuiiiarem
2033 4380 2131 4436 sibi

546 4471 599 4514 et
624 4461 854 4514 innatam
883 4477 1066 4516 vocem
1095 4478 1400 4530 accurrere,
1429 4475 1610 4534 utpote
1634 4484 1790 4538 quam
1819 4471 2009 4525 melius
2037 4486 2131 4526 uo-

547 4551 718 4605 verint
746 4569 760 4606 :
791 4551 910 4604 ideo
942 4566 1039 4605 vox
1082 4552 1148 4606 de
1188 4554 1321 4608 caelo
1349 4555 1513 4609 semel
1555 4565 1646 4610 aut
1688 4557 1767 4612 bis
1794 4559 1972 4613 audita
2006 4570 2089 4616 est
2111 4602 2126 4625 ,

543 4655 646 4692 vox
698 4655 825 4694 vero
870 4639 1090 4696 Joannis
1137 4643 1584 4713 frequentissime.
1635 4647 1764 4700 Nam
1813 4650 1901 4717 qui
1949 4653 2128 4720 populi

545 4730 958 4786 imbecillitatem
999 4735 1356 4802 superabant,
1399 4746 1452 4790 et
1492 4753 1521 4790 a
1564 4740 1846 4794 sensilibus
1881 4745 2129 4798 omnibus

541 4825 773 4892 exempti
805 4834 976 4887 erant,
1012 4826 1206 4895 quique
1235 4843 1518 4897 supernam
1553 4847 1735 4886 vocem
1763 4834 1948 4890 audire
1980 4845 2127 4906 pote-

538 4923 658 4967 t-aut
680 4955 693 4975 ,
724 4930 825 4968 nou
853 4915 1138 4971 admodum
1172 4933 1303 4987 opus
1336 4920 1600 4976 hauebant
1631 4924 1860 4980 lunnana
1886 4943 1898 4990 ;
1931 4929 2127 4998 quippe

532 4997 625 5087 iqui
651 5003 772 5059 huic
789 5009 1006 5060 omnino
1028 5008 1483 5079 obtemperabant,
1506 5015 1643 5068 etab
1666 5017 1749 5069 illa
1773 5017 2120 5073 ducebantur.

541 5093 640 5158 ριιὶ
694 5112 816 5150 vero
851 5098 1020 5153 adhuc
1053 5101 1191 5154 circa
1235 5102 1412 5156 intima
1452 5108 1832 5175 versabantur,
1865 5119 1921 5164 et
1958 5111 2123 5164 multa

603 5253 674 5312 (ιι)
697 5252 835 5334 Quod
855 5253 932 5302 hic
956 5254 1078 5334 dicit
1102 5257 1491 5334 _Clirysestoitttts,
1516 5265 1777 5334 .tose'luim
1801 5270 2122 5334 Jerosolymo-

537 5315 644 5362 'rtun
679 5315 922 5364 excidium
947 5320 1140 5390 Joannis
1163 5315 1381 5380 Baptista
1418 5315 1525 5373 neci
1561 5315 1860 5391 adscribere,
1890 5315 2119 5383 nouat-itii-

540 5385 914 5456 upmftiusouat
947 5391 1056 5425 cum
1106 5381 1164 5456 iis
1194 5396 1302 5443 (pne
1336 5394 1497 5455 narrat
1529 5394 1654 5449 Joscl
1676 5381 1950 5456 husl.'18,
1976 5381 2116 5456 cati,

537 5440 614 5508 ubi
634 5439 779 5508 Idicit,
804 5446 956 5487 totum
992 5444 1191 5491 Herodis
1212 5439 1484 5508 exercitum
1509 5439 1689 5498 exesum
1721 5439 1879 5502 fuisse
1897 5439 1958 5503 ab
1970 5439 2116 5508 iii-Jul

539 5500 722 5570 Arabia;
749 5507 946 5550 Petra-ai
965 5515 1089 5563 rege
1110 5517 1120 5550 :
1138 5513 1201 5570 et
1226 5504 1345 5554 hanc
1364 5509 1567 5566 cladem,
1585 5500 2116 5570 nonanteiit—eiicidiiiiii

534 5561 954 5631 Jt-rusulymorum,
981 5561 1185 5631 Joannis
1224 5572 1440 5628 Baptislte
1477 5561 1580 5621 neci
1616 5561 1856 5625 adscribit.
1880 5561 2113 5631 atii-tudo:

537 5630 826 5698 i'llll'llllutn
851 5627 976 5673 inter
1003 5628 1129 5675 viros
1158 5627 1326 5698 doctus
1350 5633 1440 5698 qui
1478 5635 1602 5683 hunc
1627 5639 1826 5698 rJosepbi
1852 5640 1914 5688 de
1933 5627 2114 5693 Joanne

533 5683 738 5752 baptista
777 5685 929 5734 locum
964 5698 1243 5760 διιδιιρςιιιιῃ
1287 5683 1511 5764 habt-aut.
1548 5697 1637 5746 sed

538 5759 674 5804 sequi
713 5761 802 5794 non
841 5758 913 5797 est
950 5753 1207 5811 pizcscutis
1233 5752 1453 5804 instituti.

2290 441 2620 485 terrenarum
2654 446 2830 484 rerum
2860 432 3086 502 ealigiue
3121 434 3511 502 obtegebantur
3534 478 3550 501 ,
3585 438 3689 492 hac
3723 437 3904 493 humi-

2289 521 2423 578 liorc
2448 522 2670 589 egebant
2702 537 2848 576 voce.
2883 523 2970 578 Sic
2992 539 3120 594 ergo
3148 524 3382 580 Juauurs
3403 567 3416 583 .
3446 527 3567 596 quia
3598 531 3900 585 sensilibus

2286 629 2345 670 se
2371 615 2601 686 undique
2625 618 2792 680 exuit,
2820 618 3087 688 magistris
3119 618 3424 676 hominibus
3446 623 3461 653 ¹
3486 639 3624 692 opus
3651 642 3765 678 non
3799 625 3898 678 ha-

2285 705 2419 769 buit,
2453 708 2545 763 sed
2577 724 2641 762 ex
2670 709 2804 764 οωιο
2833 710 3075 766 eruditus
3101 721 3202 767 cst.
3236 712 3366 766 Nam
3394 716 3488 779 ait,
3517 714 3618 781 Qui
3649 718 3793 770 misit
3824 735 3902 772 me

2285 797 2543 866 baptizare
2576 799 2628 851 in
2668 815 2801 869 aqua
2825 841 2839 862 ,
2880 800 2967 854 ille
3009 802 3134 856 mihi
3175 803 3304 856 dixit
3326 819 3346 858 :
3371 804 3541 875 Super
3567 823 3723 873 quem
3759 809 3891 861 vide-

2283 887 2354 941 ris
2393 887 2642 958 Spiritum
2683 887 2778 944 Dei
2817 891 2863 944 ἀι
2879 892 3195 946 uendentem
3219 936 3234 955 ,
3281 895 3363 948 ltic
3406 903 3498 948 est.
3540 894 3716 951 Judwi
3765 915 3898 952 vero

2281 979 2455 1033 adhuc
2500 979 2767 1048 infantes,
2797 981 2888 1052 qui
2937 981 3002 1036 ad
3047 982 3383 1038 altitudinem
3434 985 3576 1040 illam
3620 989 3897 1057 attingere

2282 1071 2517 1125 nondum
2562 1082 2845 1142 poterant,
2885 1075 3154 1131 hominem
3211 1075 3479 1132 habebant
3523 1082 3895 1151 magistrum,

2280 1175 2384 1213 non
2429 1176 2524 1215 sua
2556 1162 2633 1217 cis
2658 1204 2671 1227 ,
2703 1161 2796 1218 sed
2834 1164 3065 1219 (λι-11³81111
3111 1168 3537 1223 annuntiantem.
3580 1172 3721 1236 Quid
3758 1189 3894 1242 erga

2280 1249 2364 1303 hic
2390 1251 2662 1322 loquitur?
2687 1253 2711 1305 Ι
2721 1271 2808 1323 pse
2830 1256 3166 1309 testimonium
3189 1258 3412 1328 perhibet
3435 1261 3498 1314 de
3517 1278 3596 1326 eo,
3624 1273 3672 1315 et
3693 1264 3892 1318 clamat

2276 1342 2466 1394 dicen...
2496 1344 2633 1410 Quid
2659 1345 2759 1399 sibi
2786 1346 2890 1400 vult
2921 1348 3070 1414 illati,
3097 1347 3338 1403 Clamat?
3358 1349 3488 1406 Cum
3515 1354 3734 1420 liducia,
3759 1371 3888 1410 cum

2276 1431 2522 1491 libertate
2543 1478 2555 1501 ,
2589 1439 2732 1492 omni
2763 1439 2968 1508 abjecta
2997 1440 3280 1498 formidine
3309 1445 3588 1513 prardicztt.
3622 1447 3766 1515 Qttid
3803 1459 3888 1504 te-

2274 1535 2446 1581 statur
2474 1538 2528 1584 et
2552 1529 2782 1586 clamat?
2811 1530 2914 1586 llic
2939 1543 3069 1600 erat,
3096 1535 3286 1605 inquit,
3310 1552 3456 1606 quem
3486 1539 3615 1602 dixi,
3647 1541 3738 1608 qui
3768 1554 3887 1610 post

2274 1637 2354 1675 tne
2378 1626 2527 1688 venit,
2557 1632 2677 1677 ante
2698 1641 2777 1679 me
2799 1625 2965 1694 [actus
2987 1635 3080 1694 est,
3104 1629 3222 1696 quia
3250 1628 3390 1697 prior
3413 1646 3491 1682 me
3513 1641 3643 1684 erat.
3672 1631 3884 1686 Obscu-

2273 1728 2390 1766 rtun
2430 1722 2513 1768 est
2545 1716 2905 1770 testimonium
2931 1759 2946 1782 ,
2979 1727 3032 1771 et
3060 1718 3236 1774 adhuc
3268 1720 3422 1775 valde
3454 1722 3660 1781 humile
3689 1738 3753 1777 ac
3783 1723 3885 1778 de.

2272 1804 2514 1859 missum.
2557 1804 2672 1861 Non
2698 1808 2840 1862 enim
2865 1808 3042 1874 dixit,
3075 1809 3170 1864 llic
3196 1820 3278 1866 est
3309 1811 3475 1867 Filius
3509 1814 3602 1868 Dei
3633 1815 3884 1885 unigeni-

2272 1903 2356 1950 ttts
2379 1897 2399 1926 ‘
2425 1913 2438 1950 :
2473 1896 2568 1951 sed
2598 1897 2764 1965 quid?
2798 1897 2895 1952 llic
2922 1910 3029 1953 erat
3064 1917 3209 1969 quem
3243 1902 3352 1957 dixi
3377 1945 3389 1966 ,
3419 1906 3509 1976 qui
3547 1915 3662 1974 post
3699 1909 3834 1960 venit
3860 1950 3877 1970 ,

2267 1996 2385 2042 ante
2409 2005 2486 2042 me
2504 1989 2670 2058 [actus
2697 2002 2791 2059 est,
2823 1993 2942 2062 quia
2971 1994 3112 2061 prior
3140 2011 3218 2048 me
3247 2007 3373 2050 erat.
3403 1998 3875 2088 Quentadptodutu

2267 2081 2409 2134 enim
2435 2083 2770 2139 avicularum
2801 2095 3000 2140 matres
3037 2088 3210 2158 pullos
3237 2104 3366 2145 suos
3405 2105 3510 2145 non
3550 2081 3735 2147 statim
3773 2109 3876 2149 nec

2268 2184 2374 2226 uno
2413 2171 2501 2227 die
2529 2174 2738 2230 volandi
2769 2185 2938 2230 artem
2979 2186 3140 2231 totam
3181 2179 3444 2247 educent,
3472 2182 3566 2237 sed
3598 2183 3776 2252 primo
3805 2201 3873 2239 ex

2266 2263 2391 2317 nido
2418 2265 2652 2321 educunt
2681 2275 2907 2332 tantum,
2934 2268 3129 2325 deinde
3156 2287 3183 2323 a
3215 2272 3391 2327 volatu
3423 2275 3767 2344 requiescere
3798 2277 3872 2330 si-

2266 2367 2420 2422 nunt,
2449 2367 2567 2426 post
2589 2359 2914 2414 advolatum
2940 2373 3213 2431 exercent,
3239 2364 3431 2436 dieque
3453 2378 3666 2436 postera
3696 2371 3871 2426 multo

2264 2449 2674 2519 majusvolaudi
2705 2454 3019 2510 exercitium
3046 2457 3270 2525 addunt,
3305 2460 3487 2527 sicque
3519 2463 3772 2531 paulatim
3804 2481 3868 2521 ac

2261 2542 2460 2596 sensim
2504 2543 2570 2598 ad
2621 2557 3005 2615 congruentem
3059 2549 3396 2605 altitudinem
3443 2551 3678 2608 educunt
3729 2574 3742 2607 :
3793 2558 3866 2611 ita

2264 2635 2449 2690 beatus
2474 2636 2707 2693 Joannes
2739 2654 2843 2694 non
2874 2640 3053 2695 statim
3085 2641 3152 2697 ad
3183 2644 3428 2698 sublimia
3457 2645 3672 2702 Judteos
3699 2648 3864 2704 ἀράιιο

2259 2726 2370 2790 1111;
2403 2727 2495 2782 sed
2526 2730 2794 2799 paululum
2817 2746 2848 2787 e
2877 2742 3017 2788 terra
3044 2733 3225 2790 educit
3247 2747 3299 2791 et
3325 2738 3505 2793 volare
3524 2737 3703 2804 docet,
3733 2756 3861 2796 euut

2257 2816 2370 2880 ait,
2397 2815 2668 2874 Christum
2694 2836 2752 2875 se
2779 2822 3056 2878 meliorem
3092 2840 3231 2880 esse.
3264 2825 3450 2898 Neque
3479 2829 3623 2884 enim
3665 2845 3859 2901 parum

2257 2903 2471 2961 interim
2524 2907 2653 2963 illud
2694 2919 2843 2977 erat,
2880 2912 3021 2981 quod
3059 2915 3332 2972 auditores
3374 2918 3596 2975 credere
3637 2934 3862 2991 possent

2258 2996 2430 3061 illum,
2459 3000 2546 3068 qui
2578 3001 2813 3056 nondum
2845 3003 2991 3059 visos
3019 3004 3190 3061 fuerat
3211 3051 3225 3075 ,
3259 3024 3356 3064 nec
3387 3011 3636 3065 miracula
3665 3014 3858 3070 edide-

2256 3097 2355 3150 rat,
2378 3105 2496 3143 esse
2519 3090 2774 3158 majorem
2794 3093 3019 3154 Joanne.
3043 3106 3148 3151 tam
3175 3098 3401 3154 mirabili
3424 3111 3477 3155 et
3501 3102 3690 3158 illustri
3717 3107 3855 3170 viro,

2252 3179 2316 3232 ad
2347 3196 2505 3249 quem
2533 3199 2722 3240 omnes
2746 3189 3102 3243 accurrebant
3122 3207 3432 3262 ,qucmque
3459 3199 3706 3265 angelum
3734 3214 3858 3254 esse

2253 3272 2528 3338 putabant.
2561 3273 2778 3332 Interim
2813 3294 2944 3335 vero
2982 3280 3030 3335 id
3071 3282 3372 3339 auditorum
3402 3289 3597 3343 animis
3625 3292 3856 3348 suadere

2251 3364 2543 3420 conabatur
2567 3408 2582 3435 ,
2612 3383 2759 3435 cum,
2791 3370 2860 3428 de
2889 3389 2995 3442 quo
3028 3377 3394 3432 testimonium
3426 3381 3814 3448 perhibebatur
3837 3429 3854 3452 ,

2249 3457 2564 3526 perhibente
2598 3461 2856 3532 majorem
2894 3480 3036 3532 esse,
3073 3483 3144 3522 eo
3186 3469 3274 3538 qui
3310 3470 3421 3538 jam
3459 3484 3680 3530 venerat
3726 3493 3854 3532 eum

2249 3549 2335 3616 qui
2366 3559 2620 3606 venturus
2651 3563 2799 3620 erat,
2829 3559 3118 3626 conspicuo
3144 3569 3204 3613 et.
3228 3559 3422 3617 illustri
3448 3578 3572 3619 cum
3596 3568 3686 3636 qui
3717 3584 3856 3623 nort-

2247 3638 2375 3692 dum
2402 3653 2718 3710 apparuerat
2749 3659 2870 3701 esse
2896 3650 3347 3716 pra-stantiorcm.
3380 3653 3515 3710 Vide
3539 3673 3696 3726 quam
3726 3675 3845 3729 pru-

2249 3729 2437 3784 denter
2469 3733 2828 3792 testimonium
2871 3738 3128 3807 proferat.
3168 3742 3281 3796 Non
3325 3756 3646 3812 przesentem
3688 3752 3856 3805 modo

2245 3822 2498 3890 ostendit,
2518 3825 2612 3881 sed
2633 3838 2919 3900 antequam
2939 3845 3194 3903 appareat
3218 3835 3492 3905 prtedicat.
3520 3839 3654 3897 Illud
3678 3845 3846 3909 enim,

2253 3914 2346 3968 Hic
2387 3926 2458 3971 est
2498 3935 2646 3982 quem
2685 3921 2828 3988 dixi,
2876 3923 2926 3977 id
2969 3926 3232 3994 signiﬁcat
3257 3971 3272 3993 ,
3305 3935 3758 4001 quemadmodum
3795 3952 3850 3993 1-1

2244 4003 2522 4063 Matthzeus
2561 4009 2636 4063 ait
2669 4009 2969 4068 :Omnibus
3007 4016 3096 4086 qui
3143 4018 3208 4072 ad
3259 4035 3320 4075 se
3361 4024 3649 4080 veniebant
3695 4029 3847 4083 dice-

2243 4093 2333 4148 bat
2365 4114 2377 4148 :
2411 4096 2519 4165 Ego
2548 4099 2748 4168 quidem
2781 4103 2981 4172 baptizo
3010 4124 3095 4160 vos
3123 4109 3174 4162 in
3203 4127 3338 4181 aqua
3367 4128 3384 4166 .'
3412 4116 3502 4184 qui
3533 4128 3703 4171 autem
3735 4133 3848 4190 post

2243 4202 2321 4239 tne
2348 4189 2498 4256 renit,
2526 4193 2708 4260 fortior
2733 4211 2811 4248 me
2835 4206 2928 4262 est,
2957 4199 3108 4264 cujus
3134 4216 3225 4272 ego
3253 4218 3354 4256 non
3385 4221 3498 4258 sum
3525 4208 3712 4279 dignus
3742 4215 3846 4265 sol-

2240 4291 2351 4331 vere
2381 4281 2650 4352 corrigiam
2683 4284 3011 4341 calceantenti
3041 4288 3271 4358 (Matth.
3313 4294 3366 4350 5.
3401 4295 3458 4350 11
3491 4297 3530 4367 ).
3573 4298 3680 4353 Cur
3708 4317 3843 4371 ergo

2239 4379 2520 4441 antequam
2551 4385 2870 4445 appareret.
2904 4380 2973 4434 ita
3014 4380 3264 4452 loquutus
3293 4385 3530 4462 esti-Ut.
3559 4402 3840 4462 acceptum

2237 4471 2379 4515 csSet
2405 4467 2712 4532 apparcnlis
2741 4469 3107 4527 testimonium
3130 4517 3144 4540 ,
3170 4475 3278 4544 jam
3307 4455 3616 4536 audittinum
3645 4455 3840 4540 animis

2235 4550 2300 4604 ad
2329 4549 2431 4607 hoc
2456 4557 2728 4624 apparatis
2750 4575 2844 4628 per
2863 4558 3084 4617 Joannis
3105 4579 3410 4622 sermonem
3434 4584 3449 4634 ;
3481 4587 3615 4628 neve
3637 4571 3836 4630 Clu-isti

2237 4641 2340 4696 vile
2372 4642 2740 4702 imhunentum.
2763 4649 3004 4708 officeret
3041 4655 3143 4722 ipsi
3173 4655 3212 4708 ³.
3247 4656 3378 4712 Nam
3410 4661 3512 4716 uisi
3543 4663 3743 4731 aliquid
3771 4668 3837 4721 de

2236 4731 2446 4786 Christo
2470 4735 2745 4793 audissent
2772 4750 3057 4812 antequam
3087 4745 3237 4800 illum
3266 4748 3530 4817 viderent,
3563 4754 3665 4808 nisi
3698 4759 3837 4811 testi-

2234 4826 2467 4880 monium
2493 4827 2618 4882 illud
2645 4846 2894 4901 magnum
2918 4844 2969 4888 et
2998 4835 3242 4893 mirabile
3265 4840 3330 4894 de
3359 4842 3451 4895 illo
3473 4833 3836 4916 accepissent,

2234 4915 2444 4973 habitus
2476 4919 2746 4978 humilitas
2779 4929 2956 4980 statim
2989 4928 3251 4986 dictorum
3281 4935 3633 5003 magnitudini
3665 4940 3839 4995 obsti-

2233 5010 2402 5067 tisset.
2438 5013 2679 5071 Christus
2706 5019 2847 5072 enim
2879 5031 2982 5074 tant
3019 5024 3174 5077 trivio
3203 5035 3256 5080 et
3285 5031 3487 5097 vulgari
3522 5031 3710 5087 habitu
3750 5037 3837 5090 in-

2229 5102 2449 5156 cedebat
2472 5150 2486 5170 ,
2516 5114 2573 5158 ut
2602 5116 2656 5161 et
2691 5108 3040 5166 Samaritana:
3070 5116 3356 5184 mulieres,
3386 5127 3441 5173 et
3477 5125 3797 5180 meretrices
3820 5169 3834 5192 ,

2229 5203 2281 5245 ct
2313 5196 2576 5263 publicani
2610 5213 2728 5252 cum
2773 5217 2961 5270 magna
2995 5204 3327 5280 libertate‘ac
3358 5211 3547 5267 tiducia
3579 5215 3645 5269 ad
3681 5215 3834 5274 illum

2229 5285 2548 5341 accederent
2580 5288 2860 5361 ipsumque
2886 5295 3306 5365 alloquerentur.

2289 5465 2306 5536 ξ
2341 5466 2480 5536 gavit.
2517 5468 2955 5536 liabet,_nmgistria
2978 5478 3102 5527 aliis.

2221 5528 2306 5648 ﬂ”
2345 5527 2507 5588 Idem,
2535 5540 2641 5592 post
2687 5527 2993 5598 haee'aerba,
3027 5545 3110 5592 Dei
3150 5543 3436 5608 unigenitus,
3475 5551 3626 5611 adiit,
3676 5567 3818 5606 rem:

2242 5602 2368 5638 ιιιιδ.

2286 5651 2534 5730 ³¹ιῖιιι1ι111111
2562 5655 2822 5727 habent..."
2846 5660 3054 5730 o/Iiceret
3081 5664 3172 5727 ipsi
3190 5703 3203 5721 .
3225 5669 3310 5718 sed
3337 5679 3384 5719 ιιι
3412 5682 3568 5730 posset
3586 5679 3810 5728 timow’m

2221 5711 2281 5756 alt
2316 5710 2555 5761 hominum
2593 5720 2764 5770 quintis
2788 5710 2972 5774 nrt'iire.
3004 5710 3055 5774 111

2223 5785 2320 5821 tuo:
2348 5790 2614 5836 sequimur.
