4048 6500
231 410 315 465 ευ
1327 401 1390 456 IN
1430 397 1742 456 tomum:
1787 393 2018 450 nomn.
2055 396 2191 453 xm.
2229 399 2297 452 al.
2344 398 2460 455 xu.
3512 392 3604 464 uti

317 528 375 583 5.
406 526 445 583 U
455 533 476 578 ι
505 538 634 594 ergo
674 521 782 578 dixi
809 563 822 581 .
867 519 911 573 si
957 517 1072 572 inec
1100 513 1258 570 verba
1294 513 1453 569 simul
1494 513 1770 568 audissent
1801 520 1856 564 et

231 622 425 689 ipsum
452 616 729 675 vidissent,
751 611 973 668 Joannis
995 607 1358 665 testimonium
1386 606 1697 662 irrisisscnt.
1716 605 1851 659 Cum

231 722 378 763 vero
407 715 532 762 ante
560 704 760 759 Christi
791 702 1078 758 adventum
1113 698 1163 753 id
1192 712 1338 768 smpe
1365 697 1676 764 audissent,
1708 707 1760 752 et
1788 712 1852 751 ex

231 801 407 856 dictis
437 797 650 853 videndi
695 796 946 866 cupidine
988 789 1242 846 concitati
1272 798 1486 853 essent,
1519 789 1852 842 contrarium

231 891 444 948 accidit.
469 909 482 946 :
507 906 681 960 neque
711 889 828 943 viso
859 885 952 941 illo
981 883 1048 939 de
1077 896 1186 954 quo
1216 879 1581 936 testimonium
1613 879 1851 951 perhibi-

235 994 358 1038 tum
396 982 567 1037 fuerat
590 1023 603 1045 ,
647 980 766 1050 ejus
801 976 1102 1032 doctrinam
1130 973 1478 1043 abjecerunt,
1527 971 1624 1028 sed
1652 987 1716 1027 cx
1752 972 1854 1026 lide

233 1091 407 1146 quam
447 1089 513 1130 ex
543 1072 702 1127 dictis
731 1075 1092 1138 conceperant
1115 1107 1130 1132 ,
1179 1065 1357 1136 ipsum
1383 1064 1666 1121 clariorem
1695 1072 1847 1132 puta-

236 1178 396 1224 runt.
430 1165 562 1221 Illud
593 1173 796 1229 autem,
831 1162 934 1228 Qui
959 1170 1070 1231 post
1100 1176 1180 1214 me
1198 1170 1448 1215 venturus
1477 1167 1571 1225 est,
1601 1156 1703 1214 hoc
1730 1166 1813 1212 est
1833 1198 1849 1220 ,

239 1261 674 1333 prmdicaturus,
731 1271 868 1320 non,
922 1255 1152 1308 futurus.
1212 1250 1327 1308 Hoc
1371 1250 1516 1307 enim
1570 1248 1852 1304 Mattharus

131 1395 142 1404 .
234 1354 460 1424 quoque
487 1347 757 1420 signiﬁcat
798 1361 920 1402 cum
951 1343 1055 1409 ait,
1092 1342 1217 1399 Post
1247 1359 1328 1397 me
1350 1343 1483 1397 venit
1509 1341 1620 1409 uir;
1650 1357 1755 1396 non
1783 1341 1851 1396 de

236 1448 360 1514 ejus
385 1459 450 1498 ex
475 1440 638 1497 Maria
662 1439 1012 1512 generatione
1039 1437 1285 1508 loquens,
1315 1433 1410 1491 sed
1433 1433 1502 1489 de
1524 1433 1757 1489 adventu
1783 1433 1850 1487 ad

239 1532 672 1607 przedieandum.
702 1529 834 1587 Nam
860 1529 905 1584 si
933 1528 1001 1584 de
1029 1528 1380 1600 generatione
1405 1527 1658 1598 loquutus
1683 1535 1848 1592 esset,

239 1644 350 1682 non
373 1626 596 1682 dixisset
617 1623 687 1680 de
707 1620 981 1695 pra-senti,
1015 1620 1108 1676 sed
1135 1619 1203 1676 de
1233 1619 1508 1690 praeterito
1533 1632 1546 1679 :
1567 1618 1677 1689 jam
1703 1622 1848 1674 enim

240 1731 402 1778 natus
432 1729 551 1777 erat
579 1718 826 1775 Christus
849 1758 865 1783 ,
900 1731 1022 1772 cum
1052 1715 1169 1771 ha-c
1197 1714 1435 1772 Joannes
1459 1713 1667 1770 diceret
1711 1713 1848 1782 Quid

237 1823 421 1870 autem
467 1811 736 1884 signiﬁcat
784 1807 947 1876 illud,
997 1808 1130 1862 Ante
1174 1824 1253 1861 me
1291 1808 1460 1876 [actus
1505 1806 1851 1861 estiam-lor

241 1919 442 1975 nempe
487 1918 552 1958 ac
593 1899 945 1973 splendidior.
990 1897 1123 1954 Nam
1170 1897 1314 1969 quod
1361 1897 1510 1966 prior
1551 1895 1851 1967 pnedieans

239 1999 483 2054 venerim
505 2010 626 2067 ego,
656 2009 726 2050 ne
754 2009 840 2048 me
863 1993 984 2048 ideo
1007 1990 1266 2061 majorem
1289 2005 1412 2046 esse
1435 1990 1667 2061 putetis:
1691 1988 1850 2060 longe

239 2091 422 2147 minor
447 2104 547 2159 ego
575 2102 695 2144 sum
718 2129 732 2152 ,
764 2096 818 2142 et
846 2099 1016 2156 usque
1048 2084 1185 2139 adeo
1213 2084 1425 2150 minor,
1456 2093 1514 2139 ut
1540 2099 1609 2139 ne
1630 2083 1849 2155 quidem

240 2185 387 2239 illius
417 2196 606 2238 servus
641 2178 854 2236 censeri
901 2178 1094 2249 dignus
1139 2177 1260 2233 sim.
1306 2177 1361 2232 id
1409 2177 1553 2232 enim
1584 2178 1850 2246 signiﬁcat

239 2275 370 2332 illud
394 2317 406 2334 .
443 2277 573 2329 Ante
600 2289 680 2327 me
719 2272 885 2343 factus
925 2279 995 2324 est
1028 2290 1044 2326 ;
1078 2268 1219 2340 Quod
1258 2270 1364 2324 alio
1407 2268 1645 2323 declarat
1687 2269 1849 2323 modo

239 2365 528 2422 Manlia-us
561 2363 644 2425 his
670 2362 848 2417 verbis
873 2401 891 2426 ,
944 2357 1067 2415 Non
1104 2377 1216 2415 sum
1244 2360 1432 2431 dignus
1459 2359 1654 2414 soluere
1681 2361 1844 2414 corri-

236 2461 377 2530 giam
406 2457 736 2512 calceunteuti
764 2457 894 2527 ejus.
928 2453 1083 2521 Quod
1113 2467 1243 2507 vero
1285 2451 1454 2530 illud,
1489 2453 1619 2508 Ante
1646 2469 1726 2508 me
1767 2456 1848 2526 [a-

235 2563 350 2606 ctus
374 2559 463 2614 est,
497 2563 601 2604 non
633 2548 958 2618 intelligatur
977 2545 1045 2600 de
1066 2544 1267 2600 Christi
1293 2553 1434 2607 ortu,
1467 2560 1533 2601 cx
1563 2544 1666 2600 hoc
1690 2545 1844 2599 addi-

240 2651 480 2696 lmncnlo
507 2649 671 2711 patet.
706 2637 840 2694 Nam
860 2638 906 2692 si
928 2637 980 2693 id
1003 2636 1185 2692 dicere
1205 2636 1481 2700 voluisset,
1514 2637 1844 2707 superﬂuum

239 2734 430 2788 hiissct
455 2732 506 2788 id
528 2731 668 2803 quod
698 2730 932 2795 additur,
961 2727 1096 2795 Quia
1120 2727 1262 2799 prior
1285 2745 1366 2783 me
1385 2737 1512 2784 erat.
1547 2727 1678 2797 Quis
1701 2732 1843 2785 enim

239 2827 312 2882 ita
331 2826 525 2881 stultus
546 2833 600 2880 et
623 2823 884 2893 insipiens
904 2828 988 2877 est
1014 2829 1072 2876 ut
1099 2821 1331 2892 ignoret,
1363 2836 1487 2876 eum
1516 2821 1604 2892 qui
1635 2831 1760 2878 ante
1786 2838 1846 2879 se

239 2920 412 2976 factus
442 2918 598 2973 luerit
625 2932 686 2972 se
713 2916 945 2987 priorem
977 2915 1145 2970 esse?
1181 2914 1333 2982 Quod
1359 2914 1402 2968 si
1435 2915 1485 2968 id
1513 2914 1583 2970 de
1614 2917 1699 2971 illa
1728 2933 1846 2986 qua:

236 3025 364 3068 ante
393 3010 589 3066 smeula
619 3019 699 3063 est
724 3008 1037 3063 exsistuntia
1064 3006 1414 3078 intelligatur,
1447 3007 1580 3062 nihil
1603 3009 1745 3063 aliud
1768 3011 1845 3064 si-

237 3104 458 3177 gniﬁcat
483 3102 682 3156 dictant
713 3099 862 3165 illud,
893 3099 996 3154 nisi
1027 3097 1152 3164 hoc,
1178 3096 1280 3164 Qui
1308 3108 1421 3170 post
1443 3115 1523 3153 me
1547 3101 1701 3166 venit,
1729 3113 1848 3157 ante

239 3198 502 3268 ine-{actus
523 3202 617 3249 est.
639 3192 892 3262 Alioquin
909 3199 1090 3247 autem
1110 3190 1212 3246 hoc
1229 3190 1626 3247 inconsiderate
1645 3192 1847 3249 dictum

239 3298 424 3356 esset,
471 3296 529 3344 c‘t
569 3300 730 3342 causa
763 3293 967 3341 temere
995 3286 1233 3355 projecta
1261 3285 1472 3341 inisset.
1505 3283 1638 3341 Nam
1669 3287 1712 3340 si
1746 3286 1848 3342 hoc

239 3378 546 3452 signiﬁcare
571 3376 866 3444 voluisset,
898 3375 1182 3432 contrario
1215 3374 1376 3432 modo
1403 3390 1493 3432 res
1515 3377 1846 3432 enuntianda

239 3483 377 3539 erat,
404 3472 505 3542 Qui
535 3479 656 3543 post
690 3485 777 3525 me
802 3469 969 3536 venit,
1005 3467 1153 3540 prior
1173 3484 1262 3524 me
1283 3476 1421 3536 erat,
1453 3469 1579 3539 quia
1606 3477 1732 3525 ante
1761 3485 1846 3526 me

240 3568 410 3623 factus
428 3574 532 3621 est.
553 3562 688 3619 Nam
710 3561 852 3632 quod
875 3560 1091 3632 quidam
1120 3559 1267 3630 prior
1292 3559 1385 3626 sit,
1414 3559 1538 3630 jure
1564 3561 1686 3632 quis
1711 3561 1847 3618 hanc

239 3672 458 3715 causam
501 3653 748 3718 dederit,
795 3653 942 3725 quod
986 3652 1135 3724 prior
1160 3651 1342 3708 factus
1371 3652 1847 3724 sit‘:quod-vero

244 3753 393 3824 prior
434 3751 606 3807 factus
626 3750 743 3814 sit,
778 3764 884 3803 non
916 3747 969 3804 id
1008 3747 1060 3802 in
1090 3761 1255 3802 causa
1296 3755 1380 3802 est
1408 3745 1550 3818 quod
1577 3747 1649 3802 sit
1678 3748 1844 3818 prior.

239 3845 392 3914 Quod
423 3858 551 3899 vero
578 3856 678 3897 nos
715 3840 944 3896 dicimus
964 3883 979 3905 ,
1014 3839 1167 3894 ﬁrma
1208 3839 1419 3895 ratione
1449 3839 1657 3895 nititur.
1685 3837 1846 3896 Scitis

238 3939 435 4008 quippe
460 3951 672 4001 omnes,
717 3950 825 3991 non
868 3933 1310 3995 manifestormn,
1351 3933 1447 3988 sed
1491 3933 1844 3990 obscurorum

240 4043 456 4084 causam
486 4041 608 4083 esse
637 4039 854 4096 semper
883 4023 1234 4080 alierendam.
1260 4022 1413 4091 Quod
1440 4024 1485 4078 si
1514 4023 1583 4078 de
1610 4013 1844 4079 essentia

241 4128 609 4186 sermo-esset,
641 4135 750 4174 non
782 4125 927 4174 esset
958 4118 1274 4182 obscurum,
1317 4130 1440 4171 eum
1472 4116 1563 4185 qui
1593 4117 1741 4187 prior
1770 4117 1849 4171 τει-

240 4223 360 4272 ctus
379 4213 468 4268 sit.
491 4212 724 4283 priorem
749 4223 869 4266 esse
889 4218 1178 4282 Oportere;
1205 4207 1331 4278 quia
1353 4217 1534 4263 autem
1557 4207 1624 4263 de
1643 4207 1849 4264 honore

241 4307 478 4367 disserit,
507 4303 630 4374 jure
653 4318 923 4374 eatn'qua:
952 4301 1236 4357 videbatur
1268 4300 1450 4355 inesse
1475 4298 1847 4355 difﬁcultatem

243 4398 418 4453 solvit.
449 4394 581 4451 Nam
612 4393 906 4451 verisimile
926 4404 1028 4458 cst,
1062 4391 1264 4447 multos
1292 4391 1345 4445 in
1374 4389 1598 4445 dubium
1625 4401 1850 4446 vocatu-

246 4507 334 4548 ros
363 4504 504 4556 esse,
534 4503 631 4544 cur
655 4497 708 4542 ct
729 4502 832 4558 qua
855 4487 922 4542 de
942 4500 1104 4541 causa
1135 4485 1184 4540 is
1209 4484 1298 4555 qui
1323 4484 1590 4554 [testarier
1609 4484 1846 4546 advenit.

247 4585 394 4654 prior
431 4583 531 4648 sit;
571 4579 631 4636 id
658 4589 743 4635 est
763 4621 780 4648 ,
825 4577 1200 4633 honorabilior
1232 4576 1380 4632 visus
1400 4576 1496 4632 sit.
1525 4574 1698 4647 Hujus
1723 4592 1853 4647 ergo

245 4676 558 4748 quarstiouis
585 4673 769 4730 statim
797 4687 1018 4728 causam
1064 4681 1118 4727 et
1150 4670 1473 4726 solutionem
1504 4669 1682 4734 allert,
1718 4671 1854 4738 Quia

248 4771 386 4839 prior
413 4783 493 4822 me
517 4776 648 4822 erat.
677 4765 862 4835 Neque
904 4764 1047 4820 enim
1070 4804 1086 4829 ,
1119 4763 1312 4833 inquit,
1343 4761 1576 4831 quodam
1610 4763 1851 4832 proiectu

245 4873 455 4926 auctus,
485 4875 572 4916 me
598 4860 778 4930 priore
801 4869 1096 4914 retrorsum
1118 4856 1354 4924 abjccto,
1377 4855 1524 4926 prior
1549 4856 1664 4925 ipse
1687 4855 1856 4910 uictus

245 4967 362 5021 est;
396 4957 492 5009 sed
525 4951 681 5007 Prior
707 4968 788 5005 me
808 4960 939 5017 erat,
969 4949 1072 5005 etsi
1105 4949 1377 5018 posterior
1403 4945 1678 5001 adveniat.

322 5043 598 5115 Propheta
637 5042 813 5113 futura
851 5049 905 5095 ut
936 5042 1051 5113 jam
1082 5039 1220 5110 facta
1248 5054 1386 5110 serpe
1414 5039 1673 5093 nuntiant.
1694 5067 1768 5080 —
1788 5037 1856 5094 Et

245 5134 554 5208 quomodo,
607 5133 855 5205 inquies,
901 5132 948 5187 si
998 5131 1067 5188 de
1101 5131 1400 5202 conspicuo
1437 5129 1558 5202 ejus
1586 5129 1852 5196 adventu,

215 5226 421 5302 'deque
464 5229 633 5302 gloria
677 5227 854 5298 ipsum
899 5234 1193 5297 exceptura
1243 5238 1423 5281 sermo
1459 5233 1565 5292 est,
1616 5223 1669 5278 id
1713 5224 1855 5294 quod

253 5321 488 5376 nondum
525 5319 687 5375 litiem
719 5326 1006 5389 acceperat
1052 5327 1111 5372 ut
1148 5319 1261 5389 jam
1307 5317 1504 5372 factum
1552 5316 1720 5372 dicit?
1752 5335 1856 5371 non

253 5414 392 5468 enim
418 5412 550 5467 dicit
571 5453 584 5476 ,
617 5411 769 5476 Fiet;
811 5411 906 5465 sed
929 5450 944 5476 ,
989 5408 1182 5463 Factus
1227 5420 1320 5463 est.
1349 5408 1483 5474 Quia
1515 5407 1566 5463 id
1592 5408 1703 5478 jam
1731 5409 1857 5463 olim

257 5503 534 5576 prophetis
560 5505 610 5557 in
640 5517 791 5557 more
814 5502 929 5565 luit,
950 5501 1038 5571 qui
1066 5500 1136 5555 de
1165 5500 1361 5555 futuris
1389 5500 1551 5554 rebus
1574 5500 1727 5570 quasi
1747 5500 1856 5568 jam

254 5597 406 5654 factis
438 5596 748 5666 loquuntur.
784 5595 914 5650 Nam
962 5594 1123 5648 Isaias
1153 5594 1222 5649 de
1268 5608 1400 5650 nece
1431 5593 1574 5648 illius
1603 5593 1855 5664 qumns,

258 5703 358 5745 non
400 5688 557 5755 dixit,
609 5687 909 5758 Tamquam
949 5689 1066 5742 ovis
1109 5687 1177 5741 ad
1222 5688 1552 5742 occisionem
1595 5687 1856 5753 ducetur,

258 5779 396 5851 quod
430 5778 667 5834 fututum
699 5790 844 5846 erat;
872 5780 988 5847 sed,
1020 5779 1300 5849 Tamquam
1327 5781 1432 5836 oris
1459 5781 1527 5833 ad
1557 5782 1858 5836 occisionem

303 5919 338 5946 ·³
379 5911 513 5976 Ilaec,
541 5912 668 5979 quod
693 5911 826 5977 prior
850 5915 1005 5977 factus
1037 5913 1127 5975 sit,
1148 5912 1328 5965 desunt
1355 5915 1402 5962 iu
1425 5911 1569 5965 savii.

1965 509 2149 567 ductus
2196 523 2268 568 cst
2310 514 2465 588 (lsai.
2517 515 2606 571 55.
2658 514 2741 584 7).
2789 517 2952 587 Αιηυί
2992 519 3233 574 nondum
3267 519 3579 577 incarnatus

1965 616 2109 671 erat;
2139 606 2233 664 sed
2259 608 2310 662 id
2335 608 2475 678 quod
2507 607 2743 664 l‘uturum
2761 620 2900 676 erat,
2930 611 3191 682 propheta
3209 614 3361 685 quasi
3383 612 3580 670 factum

1966 709 2168 754 narrat.
2218 701 2283 756 Et
2314 701 2482 756 David
2525 717 2744 759 crucem
2771 704 3116 775 signiﬁcans,
3148 721 3253 759 non
3283 706 3448 761 dixit:
3472 707 3578 762 Fo-

1962 791 2113 847 dicut
2159 809 2350 848 manus
2392 809 2541 850 meas
2585 803 2640 848 et
2689 794 2854 865 pedes
2892 809 3076 862 meos;
3127 795 3256 859 sed.
3309 795 3581 853 Foderuut

1961 902 2144 940 manus
2182 903 2321 942 meas
2365 895 2414 942 el
2452 887 2604 957 pedes
2645 904 2818 954 meos;
2855 895 2929 954 ct,
2979 886 3272 942 Diuiserunt
3300 890 3397 943 sibi
3424 891 3578 944 uesti-

1963 988 2130 1031 menta
2147 993 2278 1042 mea,
2303 984 2348 1030 et
2370 994 2523 1048 super
2542 987 2724 1033 uestem
2748 994 2909 1032 meam
2933 981 3178 1034 miserant
3198 979 3417 1049 sortent(
3429 979 3575 1035 l’sal.

1959 1069 2050 1122 2|.
2084 1071 2174 1125 Π.
2203 1079 2251 1123 et
2281 1067 2394 1140 l9).
2449 1067 2520 1124 Et
2563 1067 2633 1124 de
2681 1069 2958 1139 proditore
3000 1069 3163 1125 verba
3203 1069 3442 1135 faciens,
3485 1072 3576 1141 qui

1961 1163 2198 1219 nondum
2236 1172 2398 1220 natus
2440 1172 2591 1228 erat,
2633 1162 2714 1220 sic
2752 1164 2860 1217 ait:
2883 1162 2984 1230 Qui
3014 1163 3192 1218 edebat
3221 1181 3377 1234 panes
3405 1179 3573 1228 meos,

1960 1256 2307 1327 ntaguiﬁcavit
2337 1272 2491 1329 super
2532 1272 2614 1311 me
2639 1255 3108 1326 supplantationem
3133 1255 3307 1329 (Paul.
3338 1256 3428 1312 40.
3461 1255 3574 1326 10).

1960 1346 2223 1402 Similiter
2252 1356 2306 1402 et
2333 1346 2505 1402 de-iis
2543 1363 2664 1417 quae
2703 1347 2755 1401 in
2782 1360 2945 1401 cruce
2973 1346 3320 1418 contigerunt
3346 1347 3575 1417 loquens

1957 1438 2125 1493 dicit:
2153 1436 2413 1493 Dederunt
2438 1438 2492 1491 in
2518 1453 2686 1492 escam
2711 1453 2876 1492 meam
2906 1435 2998 1509 fel,
3025 1446 3073 1492 et
3104 1438 3157 1492 in
3185 1439 3269 1492 siti
3293 1454 3406 1492 mea
3428 1448 3577 1506 pota-

1959 1539 2140 1584 ueruut
2167 1545 2245 1584 me
2267 1538 2408 1582 aceto
2436 1527 2609 1597 (Psal.
2641 1528 2734 1584 68.
2763 1526 2882 1600 ἥ).

2030 1623 2065 1678 4
2122 1622 2395 1678 Conclusio
2418 1622 2561 1677 :vita
2593 1623 2760 1688 bona,
2801 1621 3085 1694 gratiarum
3130 1622 3304 1688 actio,
3356 1614 3576 1684 caritas.

1958 1715 2400 1769 commendantur.
2445 1712 2595 1768 Dona
2636 1729 2701 1768 ea:
2739 1713 2925 1785 rapina
2966 1712 3578 1783 intprabantur.—\'nl-

1959 1807 2099 1863 tisne
2138 1805 2243 1861 alia
2287 1805 2606 1861 inducamus
2628 1848 2643 1874 ,
2677 1821 2745 1860 an
2775 1804 2893 1860 lucc
2925 1803 3078 1860 vobis
3104 1814 3232 1860 sunt
3262 1805 3431 1870 satis?
3455 1805 3576 1875 Ego

1956 1916 2088 1959 sane
2117 1902 2374 1958 arbitror.
2401 1900 2534 1957 Nam
2558 1902 2602 1956 si
2626 1916 2736 1956 non
2761 1900 2925 1955 latius
2949 1900 3124 1955 locum
3148 1900 3572 1970 exploravimus,

1957 2012 2091 2052 sane
2115 1995 2435 2067 profundius
2459 1996 2686 2051 scrutati
2709 2009 2897 2050 sumus
2926 2011 2939 2049 :
2967 2008 3066 2049 nec
3095 1994 3274 2049 minor
3295 1993 3395 2048 hac
3416 1993 3467 2048 in
3491 2009 3572 2053 re.

1958 2106 2122 2162 quam
2154 2090 2207 2145 in
2239 2090 2358 2157 illa,
2391 2088 2544 2145 lahor
2570 2097 2686 2154 est;
2721 2101 3084 2159 reremurque
3111 2101 3180 2142 ne
3210 2087 3254 2142 si
3285 2103 3380 2141 vos
3407 2087 3458 2140 iu
3491 2088 3574 2139 liis

1956 2181 2073 2239 sine
2092 2182 2254 2238 modo
2270 2182 2632 2248 detineamus,
2654 2178 2928 2236 fastidium
2949 2179 3349 2250 ingeneremus.
3373 2177 3574 2247 Quam-

1958 2275 2176 2343 obrem,
2207 2275 2281 2330 uti
2322 2290 2418 2345 par
2469 2282 2583 2341 est,
2627 2272 2791 2328 linem
2830 2272 3043 2328 dicendi
3089 2271 3372 2328 faciamus.
3430 2269 3567 2339 Quis

1959 2382 2122 2439 porro
2147 2367 2268 2422 linis
2295 2373 2378 2422 est
2407 2363 2828 2436 congruentior?
2852 2363 2906 2419 Si
2935 2361 3120 2418 debita
3153 2363 3263 2418 Deo
3287 2361 3459 2433 gloria
3489 2378 3576 2415 re-

1960 2457 2192 2525 feratur;
2227 2473 2335 2513 non
2361 2455 2540 2513 verbis
2582 2464 2790 2511 tantum
2813 2497 2826 2518 .
2860 2453 2957 2510 sed
3002 2454 3174 2509 multo
3198 2454 3367 2523 magis
3394 2455 3572 2522 operi-

1959 2554 2079 2607 hus.
2115 2551 2339 2618 aneat,
2385 2551 2596 2622 inquit,
2626 2551 2718 2604 lux
2758 2559 2924 2604 vestra
2951 2564 3123 2602 coram
3163 2547 3484 2610 hominibus,
3521 2555 3572 2597 nt

1959 2648 2159 2702 uideant
2180 2663 2336 2718 Opera
2357 2654 2520 2699 vestra
2541 2644 2690 2706 bona,
2722 2651 2769 2697 et
2795 2642 3082 2713 gloriﬁcent
3115 2639 3324 2694 Patrem
3352 2650 3571 2694 vestrum

1957 2743 2045 2811 qui
2073 2742 2123 2794 in
2150 2740 2287 2794 ctelis
2310 2749 2381 2793 est
2402 2734 2617 2807 (Matth.
2642 2735 2697 2792 δ.
2727 2735 2839 2806 16).
2867 2732 3006 2790 Nihil
3034 2734 3176 2788 enim
3201 2730 3535 2801 splendidius
3554 2771 3568 2791 .

1957 2832 2171 2897 dilecte,
2205 2831 2412 2902 optimo
2440 2829 2564 2883 vita:
2608 2827 2880 2882 instituto.
2925 2826 3039 2880 Hoc
3078 2825 3296 2894 sapiens
3340 2823 3432 2877 ille
3471 2821 3566 2873 de-

1956 2928 2128 2983 clarat
2151 2944 2164 2978 :
2196 2924 2307 2979 Via:
2332 2933 2500 2978 autem
2515 2917 2780 2992 justoruin
2808 2929 2862 2974 ut
2888 2919 2979 2973 lux
3003 2917 3271 2989 splendent
3303 2914 3485 2988 (Prov.
3514 2915 3567 2964 ι.

1961 3019 2072 3090 18).
2115 3014 2418 3088 Splendeat
2459 3023 2611 3069 certe
2659 3027 2766 3067 non
2810 3011 2876 3066 iis
2923 3011 3086 3065 modo
3129 3009 3219 3080 qui
3272 3024 3364 3076 ι-ει·
3406 3022 3571 3077 opera

1957 3112 2139 3166 lumen
2172 3108 2498 3171 accendunt,
2543 3115 2596 3162 et
2637 3104 2702 3159 ad
2738 3113 2940 3160 rectam
2971 3103 3174 3159 ducunt
3202 3103 3364 3168 viam,
3393 3101 3487 3155 sed
3519 3113 3574 3153 et

1959 3205 2149 3262 vicinis
2180 3217 2387 3258 eorum.
2436 3199 2785 3254 Inhnnlainus
2811 3213 2939 3268 ergo
2967 3198 3150 3253 oleum
3185 3195 3335 3250 hisee
3360 3196 3568 3263 lampa-

1957 3297 2136 3363 dibus,
2173 3305 2228 3349 ut
2258 3293 2544 3348 sublimior
2570 3292 2634 3345 sit
2668 3291 2828 3360 ignis,
2853 3297 2908 3345 et
2935 3290 3022 3344 lux
3050 3297 3309 3359 appareat
3328 3286 3572 3356 locuplo.

1959 3391 2080 3445 tior.
2118 3389 2230 3444 lloc
2260 3387 2403 3443 enim
2432 3386 2609 3440 oleum
2641 3401 2746 3438 non
2777 3398 2919 3438 nunc
2951 3391 3156 3438 tantum
3189 3395 3436 3452 magnam
3467 3380 3572 3432 vim

1959 3482 2140 3548 habet,
2170 3479 2265 3535 sed
2304 3493 2426 3534 cum
2455 3477 2622 3532 etiam
2673 3475 2937 3530 sarrilicia
2983 3473 3262 3539 ﬂorerent,
3298 3473 3491 3526 mirum
3523 3474 3574 3523 iu

1957 3574 2174 3630 modum
2213 3572 2465 3627 \irtutem
2517 3570 2733 3624 illorum
2779 3566 3024 3636 prohat-it
3051 3581 3216 3620 :ntrm
3252 3563 3575 3619 θὴς-(Πειρη

1955 3669 2089 3722 enim
2137 3663 2250 3718 uolo
2296 3673 2340 3716 et
2385 3678 2485 3716 non
2525 3657 2939 3730 sacri/ieiunam)
2971 3657 3139 3731 (θεεε
3177 3662 3229 3711 b.
3274 3652 3335 3712 ’6.
3380 3654 3565 3707 Matth.

1956 3757 2012 3814 9.
2058 3756 2171 3824 15).
2207 3753 2274 3808 Et
2317 3753 2512 3806 merito
2542 3750 2784 3819 quidem.
2826 3749 2981 3810 Illud,
3008 3751 3152 3805 cuitu
3199 3749 3368 3803 altare
3401 3748 3575 3800 inani-

1957 3857 2159 3904 matum
2202 3853 2340 3902 erat.
2380 3845 2482 3898 huc
2508 3858 2637 3898 vero
2663 3843 2961 3897 animatum
2991 3854 3073 3898 est
3100 3861 3112 3895 :
3138 3852 3192 3897 et
3224 3841 3331 3895 illic
3355 3839 3572 3911 quidem

1957 3937 2212 4010 quidquid
2245 3935 2557 4006 impositum
2587 3943 2689 3998 est,
2724 3952 2842 4005 igne
2870 3936 3226 3997 Consumitur,
3258 3934 3308 3986 in
3336 3933 3574 3988 cinerem

1955 4031 2070 4085 abit
2090 4071 2105 4096 ,
2148 4038 2308 4099 atque
2338 4026 2633 4083 cﬂ'uuditur
2658 4069 2672 4092 ,
2703 4026 3111 4096 disstilttlusquc
3144 4027 3320 4079 tinnus
3352 4025 3403 4077 iu
3431 4039 3510 4078 ac:
3530 4023 3575 4074 is

1958 4132 2208 4178 naturam
2240 4121 2472 4176 transit:
2501 4120 2590 4174 hic
2619 4134 2750 4176 vero
2778 4119 2912 4175 nihil
2943 4119 3153 4185 simile;
3185 4118 3281 4173 sed
3310 4117 3447 4172 alios
3477 4117 3579 4170 teut

1961 4217 2186 4271 fructus.
2214 4213 2343 4269 Haec
2365 4212 2563 4267 Paulus
2589 4211 2918 4276 declaravit;
2942 4228 3070 4266 cum
3098 4212 3243 4266 enim
3270 4209 3578 4265 Corinthio-

1959 4323 2078 4363 rum
2099 4349 2114 4375 ,
2149 4307 2240 4378 qui
2274 4321 2571 4377 pauperum
2605 4305 2830 4361 studiosi
2863 4315 3017 4360 erant
3039 4345 3054 4371 ,
3099 4304 3388 4360 thesauros
3414 4317 3575 4357 eusr-

1961 4407 2127 4463 raret,
2158 4397 2274 4452 hzec
2297 4397 2516 4465 scripsit
2543 4414 2556 4450 :
2585 4395 2842 4460 Quoniam
2878 4395 3218 4449 ministerium
3249 4395 3402 4465 hujus
3429 4394 3580 4465 ofﬁcii

1960 4507 2062 4545 non
2106 4491 2271 4545 solum
2307 4489 2514 4559 supplet
2559 4505 2618 4542 ca
2657 4503 2773 4559 qua:
2822 4487 3004 4542 desunt
3033 4487 3259 4551 sanctis,
3304 4485 3396 4542 sed
3423 4487 3578 4540 etitnn

1960 4581 2187 4634 abundat
2217 4597 2308 4651 per
2332 4580 2521 4633 multas
2545 4581 2828 4650 gratiarum
2857 4579 3085 4634 actiones
3121 4577 3233 4632 0.0
3263 4578 3337 4649 (ἓ.
3364 4576 3489 4634 Cor.
3521 4577 3573 4646 9.

1964 4671 2086 4744 1‘2);
2118 4685 2181 4724 ac
2210 4685 2447 4734 rursum,
2478 4668 2840 4740 (ilori/icantes
2864 4667 3030 4724 Deum
3061 4670 3113 4724 in
3140 4671 3427 4724 obetlientia
3451 4687 3579 4724 con-

1962 4764 2196 4834 fessionis
2223 4774 2401 4817 vestra:
2443 4763 2496 4817 in
2521 4765 2810 4835 euangelio,
2835 4773 2888 4818 et
2927 4765 3258 4836 simplicitate
3300 4769 3585 4819 communi-

1962 4856 2178 4910 cutionis
2216 4867 2400 4910 vestrm
2443 4858 2498 4909 in
2547 4857 2688 4923 illos,
2734 4868 2780 4910 et
2815 4857 2870 4911 in
2915 4874 3126 4923 euntes,
3169 4869 3216 4912 et
3257 4876 3310 4913 tu
3353 4861 3584 4930 ipsorum

1964 4948 2310 5003 obsecratione
2339 4965 2434 5019 pro
2469 4948 2606 5002 rubis
2629 4991 2641 5012 ,
2670 4949 3072 5004 desiderantium
3098 4967 3186 5004 uos
3209 4952 3377 5024 (Ibid.
3409 4968 3457 5007 υ.
3497 4953 3581 5007 IS.

1970 5053 2018 5096 et
2055 5043 2168 5113 li).
2204 5040 2394 5096 Viden'
2419 5043 2572 5097 illum
2602 5043 2652 5096 in
2685 5045 2978 5115 gratiarum
3010 5045 3281 5100 actionem
3310 5046 3582 5111 tlcsinett',

2010 5224 2105 5297 _(a)
2142 5223 2197 5275 In
2221 5231 2386 5297 timeo
2406 5231 2550 5297 textu
2575 5224 2777 5297 legitur,
2805 5237 3116 5297 ῑλφν.;....ῃιὶιρὺ
3140 5238 3282 5284 θυσίαν,
3298 5228 3578 5280 misericor-

1966 5284 2247 5350 diam....et
2264 5299 2360 5336 non
2383 5284 2699 5350 sttui/icium.
2726 5284 2799 5337 Ex
2828 5288 3154 5350 similitudine
3175 5304 3347 5340 vocum
3364 5303 3465 5342 om
3491 5305 3578 5341 nn-

1966 5347 2306 5422 s_eric0rdit_tm,
2329 5356 2382 5398 et
2406 5347 2526 5422 me;
2544 5349 2726 5422 oleum,
2751 5363 2863 5422 qua:
2884 5349 3225 5422 Chrysostomi.
3248 5360 3477 5416 tempore
3503 5367 3588 5422 co-

1964 5411 2080 5477 dem
2113 5411 2261 5477 modo
2279 5412 2737 5477 ln‘onttntiahantur,
2765 5411 3059 5477 factum,'ut.
3080 5414 3308 5476 quadam
3334 5411 3498 5477 exemi
3519 5415 3586 5462 Ia-

1966 5474 2037 5545 ria
2061 5479 2224 5545 crteca
2249 5474 2337 5545 hie_
2352 5487 2470 5545 ξλεξην
2497 5475 2760 5545 haberent,
2788 5482 2841 5545 (ξι
2865 5474 3162 5545 fortassis‘in
3186 5479 3356 5545 priscis
3375 5474 3586 5545 Chryse»

1965 5535 2112 5602 stomi
2139 5537 2666 5602 exemplarilntsumg
2701 5537 2781 5586 hic
2811 5535 3100 5602 legebatur.
3138 5535 3284 5602 certe
3311 5535 3587 5602 liquet-hor

1968 5595 2273 5665 legaticum
2295 5595 2542 5665 intelligi,
2571 5607 2626 5665 et
2655 5600 2782 5665 hanc
2814 5595 3083 5665 lectionem
3120 5602 3198 5665 hic
3215 5595 3590 5665 Cillj§t_tsl0tltttn

1969 5659 2221 5724 adhibuit,
2239 5662 2325 5723 qui
2359 5658 2516 5724 altera
2534 5660 2664 5724 _alil)i
2693 5662 2967 5724 utitur,ubi
3001 5662 3066 5724 de
3102 5658 3440 5713 misericordia
3475 5676 3584 5724 agi-

1970 5728 2069 5786 tur,
2092 5729 2148 5770 ut
2169 5723 2227 5770 ad
2246 5720 2508 5786 Stagirium
2533 5720 2566 5769 ι.
2584 5785 2587 5786 ν
2602 5723 2642 5778 l,
2667 5730 2801 5772 Tom.
2819 5724 2866 5783 1,
2881 5723 2973 5772 col.
2989 5722 3099 5783 437,
3118 5731 3167 5774 et
3192 5724 3337 5781 alibi;
3362 5725 3451 5775 sed
3478 5720 3589 5786 quia

1970 5784 2052 5832 hic
2083 5796 2204 5833 natm
2225 5783 2385 5834 oleum
2411 5784 2470 5831 ad
2495 5785 2679 5833 seriem
2715 5797 2855 5835 suam
2886 5787 3163 5849 aptabatur,
3190 5787 3315 5835 hanc
3338 5783 3582 5850 soqttttltts

1975 5854 2361 5924 est’leetionem.
2393 5853 2461 5924 [in
2495 5852 2710 5924 Helirgca
2748 5866 2915 5908 autem
2963 5858 3145 5922 legitur
3174 5854 3359 5909 ‘I‘L'Ei'i
3373 5854 3487 5906 ’τοῦ
3512 5855 3586 5918 ν),

1979 5917 2093 5984 quia
2113 5917 2502 5970 miscricordiam
2530 5918 2672 5969 t'olni.
