4048 6468
540 443 601 498 9i
1279 433 1332 488 S.
1374 428 1650 487 JOANNIS
1689 421 2160 481 CIIBYSOSTOMI
2195 422 2510 476 ARClllEl’.
2544 421 3074 477 CONSTANTINOP.
3789 429 3860 477 ω

543 567 597 611 et
625 556 679 609 in
715 551 808 609 Dei
839 547 1077 615 laudem;
1113 548 1164 602 in
1195 547 1502 616 frequentes
1532 557 1717 598 eorum
1751 540 2120 612 precationes,

545 646 634 716 qui
669 642 924 699 beneﬁcia
952 647 1288 711 acceperunt,
1321 638 1371 692 in
1406 635 1782 692 lerventiorem
1813 629 2126 688 caritati-ni?

545 734 917 789 Sacrificemus
947 745 1074 801 ergo
1093 773 1107 795 ,
1138 729 1315 785 dilecti
1343 770 1358 794 ,
1406 727 1772 782 sacrificemus
1810 723 2044 794 quotidie
2072 721 2123 774 in

548 827 693 880 hisce
720 825 849 878 aris.
881 822 993 877 Hoc
1017 823 1211 892 quippe
1237 819 1557 876 sacriﬁcium
1577 859 1592 883 ,
1623 827 1675 873 et
1704 816 1949 887 precibus
1972 826 2026 870 et
2047 815 2127 881 je-

541 916 692 983 junio
717 925 768 968 et
802 913 984 968 multis
1023 913 1142 967 aliis
1173 911 1509 982 prmstantius
1538 917 1658 971 est;
1705 906 1830 961 dum
1875 921 1940 961 ex
1979 905 2125 975 justo

545 1006 715 1072 lucro,
762 1021 826 1060 ex
870 1003 1032 1075 justis
1085 1003 1353 1058 laboribus
1393 999 1678 1070 proredat,
1727 1009 1784 1056 et
1832 999 2005 1054 omnis
2055 997 2128 1052 sit

540 1112 735 1166 expers
762 1097 1026 1158 avaritiae,
1062 1096 1280 1165 rapitur,
1314 1093 1599 1147 \‘iolctttitn.
1627 1091 1787 1146 Tales
1811 1091 1952 1147 enim
1980 1090 2126 1146 obla-

543 1190 714 1245 tiones
755 1188 985 1244 admittit
1030 1189 1220 1250 lleus';
1269 1194 1494 1240 ceteras
1532 1193 1715 1240 autem
1755 1192 2033 1237 aversatur
2071 1189 2126 1236 et

544 1279 675 1350 odit.
716 1280 898 1350 Neque
939 1279 1081 1332 enim
1111 1277 1224 1332 vult
1262 1293 1326 1331 ex
1353 1276 1579 1330 aliorum
1610 1275 2002 1329 calamitatibus
2030 1273 2126 1325 bo-

543 1345 743 1428 norari.
763 1373 1030 1442 Impurum
1055 1385 1283 1440 namque
1305 1370 1693 1439 prolanumque
1714 1377 1797 1424 est
1821 1365 2122 1436 huju~modi

539 1464 878 1529 sacrificium,
912 1464 1185 1532 Deumque
1218 1464 1391 1531 potius
1419 1461 1722 1524 irritaverit,
1755 1475 1913 1531 quam
1949 1458 2126 1528 placa-

540 1555 697 1610 verit.
748 1555 1085 1624 Quapropter
1127 1555 1271 1609 omni
1321 1552 1497 1608 studio
1541 1552 1848 1608 enitendum
1890 1562 2004 1615 εει,
2059 1565 2126 1605 ne

540 1647 716 1701 cultus
746 1647 980 1710 nomine,
1008 1661 1164 1716 quem
1193 1643 1458 1698 honorare
1485 1643 1752 1708 volumus,
1784 1641 1980 1712 probro
2007 1639 2123 1694 am-

539 1742 762 1802 ciamus.
787 1739 841 1792 Si
865 1739 1007 1793 enim
1025 1739 1174 1804 Cain,
1191 1738 1278 1808 qui
1297 1753 1360 1792 ea
1378 1753 1497 1806 qum
1519 1736 1785 1792 inferioris
1801 1735 2126 1792 conditionis

539 1837 694 1885 erant
716 1829 929 1896 obtulit,
962 1844 1060 1883 nec
1085 1830 1390 1900 quempiam
1423 1829 1650 1892 la-serat,
1683 1837 1951 1883 extremas
1975 1825 2124 1883 dedit

541 1936 759 1989 Invitas;
788 1935 910 1975 eum
942 1920 1066 1990 quid
1089 1935 1156 1975 ex
1180 1920 1363 1990 rapina
1395 1928 1452 1973 et
1476 1920 1693 1974 avaritia
1724 1918 2076 1974 obtulerimus
2097 1957 2115 1984 ,

540 2027 715 2067 annon
743 2014 993 2084 graviora
1024 2013 1332 2083 patiemur?
1375 2012 1502 2069 Ideo
1535 2027 1765 2082 namque
1799 2011 1940 2068 Deus
1965 2010 2124 2081 hujus

543 2279 562 2318 1
601 2211 612 2242 ι
653 2209 707 2259 ln
731 2209 892 2261 Morel.
917 2210 1100 2274 legitur
1123 2225 1136 2260 :
1165 2211 1298 2263 Tales
1314 2210 1442 2262 enim
1463 2210 1617 2261 solum
1633 2208 1894 2262 oblationes
1913 2208 2124 2262 admittit

565 2283 680 2318 icus.

565 2283 680 2322 καί.

2236 536 2486 606 prmeepti
2519 535 2778 590 rationem
2800 575 2814 601 ,
2850 537 3006 591 nobis
3035 535 3347 605 declaravit,
3368 549 3426 593 ut
3455 539 3857 604 illiset-comitr,

2235 642 2338 682 non
2368 637 2420 680 nt
2449 639 2740 681 conservos
2769 635 3149 698 torqueamns;
3177 628 3267 699 qni
3293 639 3473 685 autem
3497 630 3679 686 aliena
3705 634 3860 701 rapit

2233 728 2288 772 et
2311 718 2465 772 alteri
2489 718 2601 784 dat,
2628 719 2673 772 is
2695 734 2800 772 non
2823 719 3250 775 misericordiam
3272 723 3534 790 exercuit,
3557 724 3658 778 sed
3681 725 3858 788 hesit,

2233 820 2286 864 et
2314 820 2606 864 extremam
2639 819 2893 879 operatus
2933 809 3268 880 iniquitatem
3308 823 3409 868 est.
3444 813 3514 870 Ut
3540 830 3678 886 ergo
3708 815 3859 884 lapis

2238 917 2524 974 numquam
2563 902 2741 957 oleum
2778 903 2985 972 pariat,
3031 903 3109 958 sic
3138 919 3238 960 nec
3266 905 3558 961 crudelitas
3590 907 3860 960 Immani-

2234 1003 2415 1047 tatem.
2458 993 2588 1048 Cum
2636 993 2780 1048 enim
2827 993 2948 1050 talis
2985 994 3055 1048 sit
3090 994 3261 1061 radix,
3289 1012 3576 1067 numquam
3604 998 3662 1051 id
3689 999 3854 1054 elec-

2233 1100 2454 1156 tnosyua
2502 1085 2679 1140 fuerit.
2731 1084 3095 1151 Quamobrem
3149 1089 3378 1142 obsecro
3426 1103 3493 1143 ne
3537 1103 3606 1144 eo
3656 1089 3856 1145 solum

2231 1187 2537 1247 Speetemus
2563 1187 2618 1233 ut
2647 1177 3050 1251 eleemosynam
3081 1194 3368 1251 erogeinus
3389 1223 3402 1245 ,
3445 1181 3540 1238 sed
3583 1183 3759 1239 etiam
3795 1194 3854 1237 ut

2234 1284 2302 1324 ne
2326 1285 2391 1326 es
2420 1272 2602 1340 rapina
2633 1270 2939 1342 largiamur.
2969 1269 3101 1326 Nam
3133 1282 3251 1327 esto
3283 1271 3428 1328 Unus
3451 1265 3538 1342 inii
3561 1284 3852 1346 precetur.

2231 1363 2360 1415 alter
2388 1363 2472 1431 qui
2500 1364 2832 1431 imprecetur;
2860 1364 3022 1419 utrius
3043 1380 3211 1420 vocem
3236 1366 3408 1419 audiet
3433 1365 3685 1424 Dominus
3704 1368 3848 1440 (Er-

2231 1455 2316 1509 cli.
2339 1456 2426 1510 54.
2452 1455 2583 1526 29)?
2613 1455 2668 1511 Si
2696 1473 2794 1512 nos
2821 1458 2899 1513 sic
2923 1457 3206 1530 diligenter
3237 1459 3595 1524 instituamus,
3623 1479 3725 1532 per
3745 1462 3848 1516 Dei

2231 1547 2455 1614 gratiam
2488 1548 2781 1618 poterimus
2813 1549 3033 1604 multam
3065 1551 3448 1622 benignitatem
3472 1595 3488 1616 ,
3522 1555 3848 1609 misericor-

2231 1640 2369 1692 diam
2399 1648 2451 1693 et
2477 1640 2685 1694 veniam
2717 1642 2956 1695 omnium
2977 1683 2992 1706 ,
3021 1658 3139 1713 qua:
3173 1643 3273 1698 hoc
3298 1644 3558 1699 diuturuo
3586 1655 3847 1717 tempore

2229 1731 2562 1798 admisimus,
2593 1744 2932 1803 peccatorum
2961 1736 3240 1805 consequi,
3272 1752 3336 1791 ac
3365 1736 3583 1792 ﬂuvium
3615 1740 3844 1808 igneum

2231 1823 2497 1894 ell'ugcre;
2533 1839 2560 1877 a
2591 1839 2698 1895 quo
2722 1827 2914 1895 erepti,
2943 1828 3142 1882 utinam
3174 1843 3270 1882 nos
3291 1843 3477 1883 oumes
3507 1830 3574 1884 ad
3605 1847 3843 1902 regnum

2227 1916 2480 1971 ca-lorum
2507 1917 2915 1978 ascendamus‘.
2938 1920 3106 1990 gratia
3134 1931 3187 1976 et
3215 1921 3586 1978 misericordia
3620 1925 3840 1979 Domini

2230 2010 2398 2063 nostri
2426 2008 2552 2064 Jesu
2571 2009 2792 2078 Christi,
2824 2027 2920 2081 per
2941 2028 3099 2083 quem
3123 2023 3316 2069 etcum
3339 2031 3448 2086 quo
3471 2016 3614 2072 Patri
3637 2018 3744 2086 gloi
3762 2019 3839 2085 ia,

2227 2099 2386 2155 simul
2414 2111 2466 2156 et
2490 2111 2680 2157 sancto
2697 2102 2938 2173 Spiritui.
2965 2104 3016 2158 in
3041 2106 3234 2160 swcula
3256 2107 3602 2162 sa-culorum.
3631 2111 3835 2165 Amen.

2294 2212 2330 2277 '_
2347 2217 2490 2261 Juxta
2515 2211 2679 2277 Morel.
2706 2212 2978 2276 legendum
3003 2225 3157 2277 esset,
3195 2216 3377 2268 minam
3399 2231 3483 2270 nos
3518 2219 3570 2269 iit
3594 2222 3839 2271 calorum

2226 2271 2438 2324 thalamo
2462 2271 2814 2326 recnmbamu‘s.

545 2376 3834 2433 ——_———'_——"——____—'——_————-————_—_l-—_—

1881 2484 2228 2547 HOMILIA
2284 2487 2456 2548 XIV.

541 2629 624 2686 l6.
657 2629 721 2684 Et
765 2631 830 2685 de
873 2630 1187 2702 plenitudine
1223 2631 1333 2700 ejus
1373 2645 1465 2684 nos
1490 2645 1660 2682 omnes
1699 2627 2025 2698 accepiums,
2074 2636 2122 2681 et

1054 2721 1270 2792 gratiam
1297 2736 1386 2791 pro
1412 2720 1596 2791 gratia.

615 2836 667 2890 l.
723 2834 903 2904 Nuper
930 2833 1238 2889 dicebamus
1293 2832 1552 2889 Joannem
1578 2875 1593 2900 ,
1638 2842 1695 2888 ut
1738 2833 2121 2888 dubitationem

539 2941 723 2980 eorum
767 2925 1036 2992 solveret,
1068 2925 1157 2994 qui
1187 2924 1324 2994 apud
1372 2938 1431 2978 sc
1480 2925 1753 2993 qua°situri
1783 2933 1974 2988 erant,
2028 2937 2124 2976 cur

539 3015 782 3070 Christus
810 3015 898 3084 qui
932 3015 1197 3082 posterior
1224 3016 1290 3068 ad
1320 3013 1718 3084 prmdieandum
1759 3015 1937 3080 venit,
1980 3013 2124 3082 prior

541 3116 593 3160 et
613 3107 936 3173 splendidior
967 3105 1058 3160 illo
1089 3104 1263 3169 fuerit,
1290 3107 1390 3160 hoc
1406 3105 1695 3167 addidisse,
1724 3105 1856 3172 Quia
1883 3107 2022 3173 prior
2048 3120 2126 3157 me

543 3208 668 3252 erat.
703 3197 764 3251 Et
791 3197 907 3252 lucc
941 3213 1041 3251 una
1073 3212 1230 3252 causa
1261 3209 1343 3252 est
1369 3215 1382 3250 :
1412 3197 1504 3252 sed
1534 3196 1711 3252 subdit
1742 3197 1899 3251 aliam
1928 3197 1994 3252 de
2021 3212 2125 3268 qua

543 3303 682 3343 nunc
702 3288 873 3357 agitur
902 3288 940 3340 ⁸.
973 3287 1229 3353 Quaenam
1271 3288 1358 3342 illa
1392 3288 1512 3343 est?
1542 3287 1618 3342 De
1647 3289 1994 3358 plenitudine,
2042 3290 2123 3344 in-

539 3378 687 3447 quit,
719 3379 827 3448 eius
855 3396 944 3433 nos
970 3396 1140 3434 omnes
1165 3381 1448 3451 accepimus
1475 3389 1520 3433 et
1547 3381 1766 3450 gratiam
1787 3398 1881 3452 pro
1919 3383 2124 3453 gratia;

540 3479 593 3523 et
620 3478 735 3538 post
758 3469 872 3525 hznc
903 3475 1092 3526 iterum
1118 3471 1298 3525 aliam.
1328 3471 1496 3538 Quam
1529 3472 1671 3525 illam
1697 3471 1720 3523 ?
1760 3473 1890 3537 Quia
1921 3474 2007 3529 lea:
2035 3491 2124 3540 per

545 3559 768 3629 Moysem
788 3561 909 3613 data
934 3571 1042 3626 est,
1066 3562 1230 3631 gratia
1268 3571 1313 3614 et
1341 3561 1526 3615 veritas
1550 3577 1637 3629 per
1661 3559 1841 3614 Iesum
1866 3559 2123 3617 Christum

540 3650 676 3717 facta
702 3660 791 3704 cst.
825 3650 888 3704 Et
915 3650 1041 3721 quid
1069 3661 1181 3716 est,
1217 3652 1426 3720 inquies
1455 3692 1470 3715 ,
1504 3651 1657 3717 illud,
1706 3651 1788 3705 Ea:
1811 3654 2124 3721 plenitudine

541 3739 654 3808 ejus
700 3757 790 3794 uas
839 3758 1010 3794 omnes
1035 3742 1358 3810 accepimus?
1401 3740 1533 3796 Nam
1580 3757 1644 3796 eo
1687 3743 1897 3796 interim
1947 3759 2126 3799 sermo

546 3830 855 3885 referendus
876 3841 978 3885 est.
1002 3831 1116 3886 Non
1140 3831 1319 3896 habet,
1354 3832 1544 3902 inquit,
1568 3832 1691 3887 doni
1714 3833 1964 3904 erogandi
1996 3851 2125 3889 con-

540 3931 738 3975 sortem
765 3965 779 3989 ,
809 3923 901 3977 sed
933 3924 1046 3993 ipse
1077 3924 1192 3980 fons
1213 3965 1228 3989 ,
1265 3927 1375 3994 ipse
1407 3926 1557 3984 radix
1598 3937 1680 3981 est
1710 3926 1970 3982 bonorum
1999 3945 2118 3983 oui-

543 4011 718 4075 nitnn,
753 4014 862 4082 ipsa
897 4016 997 4069 vita
1019 4057 1032 4080 ,
1060 4015 1169 4085 ipsa
1200 4017 1284 4070 lux
1307 4058 1321 4081 ,
1355 4017 1464 4086 ipsa
1490 4020 1717 4084 veritas,
1749 4021 1836 4089 qui
1864 4021 2124 4077 bonorum

541 4101 754 4158 divitias
776 4121 878 4158 non
910 4108 959 4159 in
992 4121 1049 4160 sc
1074 4109 1288 4173 retinet,
1319 4109 1412 4163 sed
1433 4109 1485 4163 in
1513 4110 1647 4164 alios
1668 4125 1856 4166 omnes
1878 4111 2122 4180 eli'uudit;

543 4203 596 4245 et
621 4202 895 4263 postquam
927 4195 1131 4262 cll‘udit,
1155 4197 1346 4268 plenus
1369 4209 1635 4268 remanet,
1661 4201 1788 4256 nihil
1823 4204 1995 4259 minus
2027 4203 2122 4259 ba-

541 4287 671 4340 bens
693 4299 966 4357 postquam
980 4290 1098 4344 aliis
1113 4291 1365 4362 elargitus
1377 4303 1478 4358 est,
1494 4294 1586 4348 sed
1604 4311 1818 4364 semper
1829 4298 2124 4353 scaturieus

541 4388 593 4429 ιιι
624 4380 740 4433 aliis
767 4380 904 4434 bona
926 4381 1253 4449 impertiens,
1280 4383 1329 4438 iu
1360 4386 1548 4439 eadem
1572 4398 1746 4441 manet
1774 4387 2121 4456 perfectione.

540 4468 691 4535 Quod
723 4482 898 4526 autem
924 4487 1023 4543 ego
1050 4474 1159 4530 fero
1184 4477 1448 4546 particeps
1466 4477 1608 4542 boni,
1634 4478 1700 4532 ab
1721 4480 1829 4534 alio
1850 4484 2047 4551 accepi.
2072 4494 2125 4540 et

539 4561 727 4631 exigua
758 4578 876 4632 pars
902 4565 1063 4619 totius
1081 4577 1162 4621 est
1185 4609 1198 4630 ,
1232 4577 1288 4622 et
1313 4569 1460 4638 quasi
1485 4570 1623 4624 stilla
1646 4571 1840 4644 abysso
1869 4575 2120 4632 inell‘abili

538 4663 590 4703 et
615 4653 800 4722 pelago
843 4655 1103 4711 llillllCllsO
1152 4671 1456 4726 comparata
1489 4678 1502 4715 :
1534 4661 1638 4714 imo
1674 4678 1740 4718 ne
1781 4664 1880 4720 hoc
1904 4668 2119 4738 quidem

538 4743 838 4811 evetnpltnu
889 4756 1060 4813 petest
1104 4749 1233 4801 satis
1261 4750 1527 4818 explicare
1560 4751 1608 4805 id
1649 4759 1790 4822 quod
1840 4772 2122 4816 recensere

539 4847 814 4886 eonautur.
852 4835 1059 4889 Etenim
1103 4838 1147 4890 si
1197 4839 1395 4892 stillam
1423 4855 1488 4895 ex
1533 4841 1720 4912 pelago
1772 4843 2009 4912 haurias,
2057 4865 2123 4904 eo

540 4921 656 4988 ipso
701 4925 915 4993 pelagus
955 4925 1229 4994 minuisti,
1278 4930 1485 4986 etiamsi
1533 4933 1832 4989 iunniuutio
1883 4937 1970 4991 illa
2005 4940 2119 4994 visu

539 5027 645 5067 non
677 5017 1016 5086 percipiatur.
1063 5020 1136 5075 De
1162 5020 1304 5076 fonte
1332 5034 1508 5079 autem
1546 5025 1647 5080 isto
1672 5027 1720 5080 id
1745 5027 1848 5082 dici
1883 5033 2070 5100 nequit
2098 5050 2112 5098 ;

534 5104 627 5157 sed
647 5117 1128 5179 quantumcumque
1156 5111 1413 5178 hauseris,
1438 5127 1616 5170 manet
1646 5127 1824 5173 tamen
1854 5121 1984 5175 nihil
2015 5123 2117 5176 iut-

538 5196 790 5251 ntinutus.
819 5200 992 5267 Quare
1013 5203 1116 5256 alio
1153 5205 1397 5276 exempla
1425 5209 1678 5263 utendum
1707 5229 1719 5264 :
1760 5213 1902 5282 quod
1937 5223 2115 5270 tamen

541 5287 806 5344 infirmum
825 5303 906 5346 cst
925 5335 940 5358 ,
972 5309 1068 5347 nec
1091 5306 1261 5362 potest
1285 5314 1395 5352 rem
1419 5302 1695 5369 quzesitam
1714 5302 2114 5372 demonstrare;

536 5381 628 5435 sed
663 5383 828 5452 magis
854 5400 1010 5454 quam
1057 5387 1282 5456 primum
1311 5390 1374 5445 ad
1407 5395 1730 5462 propositam
1778 5411 1875 5449 nos
1904 5397 2119 5453 adducit

535 5475 873 5527 sentemiatn.
924 5475 1297 5544 Supponamus
1345 5496 1464 5536 esse
1511 5484 1718 5551 igneum
1774 5486 1972 5539 fontem
2010 5506 2112 5542 :ex

537 5577 640 5628 quo
672 5561 815 5616 fotite
847 5565 990 5619 mille
1012 5608 1024 5626 ,
1057 5566 1138 5620 bis
1165 5568 1308 5622 mille
1328 5611 1341 5632 ,
1371 5581 1449 5625 ter
1473 5574 1636 5634 mille,
1669 5586 1721 5628 et
1755 5575 1909 5646 longe
1940 5579 2115 5646 plures

535 5651 764 5708 lucentia:
787 5659 1189 5713 accenduntur:
1221 5677 1395 5716 annon
1429 5681 1577 5733 aque
1603 5667 1791 5735 plenus
1823 5670 1956 5738 ignis
2001 5687 2114 5724 nta-

603 5787 616 5813 ⁸
653 5785 790 5859 savii.
827 5787 1007 5858 habet,
1029 5791 1113 5840 sed
1159 5805 1250 5842 non
1283 5807 1340 5844 ea
1374 5803 1649 5859 contentus,
1678 5798 1838 5848 subdit
1881 5799 2026 5851 aliam
2053 5804 2114 5854 de

536 5857 629 5901 qua
654 5858 773 5896 nunc
798 5857 974 5905 ιιιιειιιτ.

2236 2639 2326 2683 uet
2350 2671 2362 2689 ,
2397 2640 2674 2701 postquam
2703 2642 2780 2687 tot
2806 2634 2925 2688 aliis
2947 2634 3052 2690 vim
3088 2654 3238 2692 suatn
3273 2638 3504 2694 indidit?
3536 2642 3590 2698 ld
3622 2649 3834 2704 nemini

2230 2737 2336 2776 non
2375 2737 2556 2776 notum
2593 2736 2695 2780 cst.
2740 2726 2894 2793 Quod
2924 2729 2966 2781 si
3011 2729 3063 2781 in
3102 2733 3418 2802 corporibus
3445 2735 3831 2804 di\isibiiilttls,

2228 2829 2347 2883 quce
2373 2830 2467 2883 per
2483 2817 2876 2887 ademptionetn
2897 2821 3225 2892 minuuntur,
3246 2827 3514 2897 quidpiam
3538 2831 3719 2888 simile
3747 2849 3833 2889 re-

2230 2907 2449 2974 peritur,
2488 2908 2629 2977 quod
2679 2921 2958 2982 postquam
2989 2914 3112 2970 aliis
3140 2933 3259 2986 qua:
3289 2933 3385 2973 sua
3412 2934 3566 2977 erant
3597 2924 3790 2982 indidit
3813 2969 3831 2989 .

2229 2996 2360 3050 nihil
2394 3007 2568 3052 tamen
2600 3001 2876 3070 minuitur,
2911 3006 3080 3061 ntulto
3111 3009 3280 3079 magis
3331 3011 3381 3064 in
3427 3012 3746 3085 incorporea
3775 3026 3834 3074 et

2232 3089 2515 3147 immortali
2549 3093 2636 3149 illa
2668 3097 2902 3165 potentia
2933 3097 3035 3155 hoc
3060 3101 3358 3173 continget.
3385 3104 3516 3161 Nam
3547 3109 3591 3162 si
3624 3125 3747 3164 cum
3777 3111 3831 3167 id

2231 3182 2370 3251 quod
2405 3185 2752 3257 partieipatur
2779 3199 2864 3248 est
2888 3192 3185 3249 substantia
3213 3205 3266 3250 et
3294 3193 3509 3269 corpus,
3542 3211 3596 3255 ct
3636 3202 3832 3259 dividi-

2233 3282 2338 3338 tur,
2369 3286 2421 3331 et
2447 3293 2552 3332 non
2582 3278 2838 3336 dividitur
2868 3299 2881 3335 :
2916 3284 3083 3339 tnulto
3115 3289 3286 3358 magis
3307 3303 3428 3345 eum
3456 3291 3523 3347 de
3552 3293 3600 3347 vi
3631 3297 3829 3366 agendi

2229 3380 2406 3421 sermo
2435 3379 2549 3435 est,
2597 3370 2773 3443 deque
2802 3374 2851 3428 vi
2892 3377 3083 3446 agendi
3127 3378 3453 3452 incorporea:
3477 3384 3825 3461 substantia,

2235 3458 2568 3526 exploratum
2592 3473 2674 3517 est
2706 3463 2755 3519 id
2783 3466 3020 3522 evenire.

2300 3549 2443 3605 Illud
2463 3595 2477 3618 ,
2517 3554 2591 3609 De
2621 3556 2954 3626 plenitudine
2985 3560 3101 3631 ejus
3131 3564 3438 3634 accepimus
3459 3607 3474 3631 ,
3505 3583 3826 3626 continentu-

2228 3651 2327 3699 tur.
2354 3677 2420 3688 -ο
2446 3646 2570 3703 ideo
2597 3647 2834 3707 Joannes
2860 3651 3073 3708 dicebat
3094 3697 3107 3720 ,
3141 3654 3218 3710 De
3241 3658 3557 3728 plenitudine
3585 3664 3697 3733 ejus
3736 3685 3827 3720 nos

2231 3756 2401 3795 omnes
2431 3743 2720 3812 accepimus
2738 3762 2757 3811 ;
2781 3753 2836 3800 et
2865 3746 3238 3804 testiinonium
3251 3766 3404 3806 suum
3435 3753 3688 3825 Baptista:
3716 3769 3828 3813 tes-

2233 3833 2453 3888 tiutonio
2483 3838 2772 3892 connectit.
2799 3838 2930 3893 Nam
2965 3841 3114 3906 illud,
3148 3842 3220 3896 De
3241 3843 3560 3914 plenitudine
3587 3850 3699 3920 ejus
3729 3868 3823 3906 nos

2230 3939 2401 3978 omnes
2430 3928 2751 3996 accepimus,
2790 3945 2895 3984 non
2926 3935 3270 4000 praecursoris
3290 3977 3305 4001 ,
3337 3936 3431 3991 sed
3455 3937 3703 4010 discipuli
3739 3944 3824 3997 di-

2229 4027 2371 4070 ctum
2404 4029 2504 4072 cst.
2537 4019 2649 4075 lloc
2672 4031 2848 4076 autem
2877 4024 2988 4079 vult
3015 4026 3348 4096 significare:
3373 4028 3451 4085 Nc
3485 4035 3683 4102 putetis
3703 4050 3821 4099 nos,

2229 4107 2315 4177 qui
2345 4110 2512 4163 multo
2536 4119 2775 4181 tempore
2796 4129 2915 4169 cum
2942 4116 3034 4172 illo
3061 4119 3252 4173 versati
3276 4136 3482 4188 sumus,
3507 4135 3561 4178 et
3581 4124 3822 4191 ejusdem

2229 4214 2429 4254 mensa:
2460 4214 2743 4259 consortes
2785 4205 3010 4273 fuimus,
3051 4225 3114 4263 ex
3145 4213 3314 4281 gratia
3346 4213 3521 4282 aliqua
3574 4219 3824 4273 testimo-

2231 4289 2376 4344 nium
2407 4290 2565 4346 ferre.
2595 4293 2726 4347 Nam
2758 4295 2993 4353 Joannes
3014 4342 3026 4363 ,
3051 4302 3141 4370 qui
3170 4302 3317 4358 illum
3347 4314 3502 4360 antea
3532 4323 3640 4363 non
3670 4311 3822 4367 vide-

2231 4389 2314 4436 rat
2334 4423 2348 4443 ,
2382 4398 2482 4439 nec
2511 4399 2632 4439 cum
2660 4386 2753 4441 illo
2784 4400 3025 4445 versatus
3055 4391 3229 4448 fuerat
3254 4437 3268 4462 ,
3297 4397 3390 4451 sed
3421 4413 3541 4453 cum
3581 4399 3821 4472 baptiza-

2229 4483 2309 4528 ret
2342 4484 2541 4529 tantum
2561 4519 2576 4544 ,
2613 4478 2727 4546 ipso
2755 4493 2876 4534 cum
2907 4484 3118 4538 ca-teris
3147 4498 3458 4558 conspecto,
3498 4491 3621 4548 inde
3642 4498 3822 4552 oinnis

2228 4567 2494 4635 accipiens
2510 4611 2525 4635 ,
2550 4571 2902 4638 exclamavit,
2935 4572 3089 4628 Prior
3110 4593 3188 4630 me
3213 4589 3342 4633 erat.
3366 4579 3475 4636 Nos
3498 4594 3678 4639 autent
3701 4605 3821 4642 ιιιιιο

2228 4674 2343 4722 nes.
2375 4660 2684 4727 duodecim,
2721 4665 2940 4719 trecenti
2966 4708 2980 4726 .
3013 4668 3322 4740 quingenti,
3352 4683 3434 4728 ter
3465 4675 3640 4738 mille.
3665 4679 3824 4749 quin-

2227 4754 2376 4820 quies
2401 4755 2546 4808 tnille
2567 4798 2581 4820 ,
2608 4756 2786 4810 multae
2810 4756 3112 4814 Judazoruut
3139 4764 3428 4834 myriades,
3453 4769 3627 4823 omnis
3653 4772 3824 4839 pleni-

2229 4843 2355 4897 tudo
2383 4843 2653 4910 lidcliutn,
2701 4848 2790 4916 qui
2823 4858 2948 4903 tunc
2979 4851 3126 4906 luere
3151 4894 3164 4918 ,
3197 4856 3284 4924 qui
3317 4873 3492 4924 nunc,
3534 4861 3624 4928 qtti
3657 4863 3818 4916 futuri

2225 4943 2381 4998 sunt,
2431 4934 2499 4990 de
2544 4937 2872 5004 plenitudine
2917 4941 3033 5010 ejus
3078 4946 3407 5013 accepimus.
3454 4950 3591 5014 Quid
3639 4962 3822 5007 autem

2225 5025 2561 5095 accepimus?
2589 5025 2828 5083 Gratiam
2861 5047 2956 5100 pro
2984 5035 3174 5102 gratia.
3209 5035 3379 5103 Quam
3408 5055 3504 5108 pro
3534 5055 3638 5109 qua
3662 5041 3684 5092 ?
3713 5042 3821 5096 Pr.»

2228 5119 2391 5171 veteri
2423 5135 2636 5174 notam.
2669 5121 2814 5178 Sicut
2835 5124 2975 5178 enim
3013 5139 3127 5180 erat
3155 5127 3356 5195 justitia
3384 5141 3438 5186 et
3463 5133 3694 5200 jnStitia,
3721 5136 3821 5190 Se-

2224 5212 2440 5263 cundum
2449 5214 2725 5282 justitiam,
2756 5217 2944 5287 ittqttit,
2965 5236 3079 5285 qua:
3098 5221 3148 5274 iit
3174 5221 3279 5292 lege
3296 5233 3387 5288 est,
3411 5227 3576 5296 factus
3598 5229 3816 5300 irrepre—

2224 5303 2479 5358 transibitis
2508 5304 2764 5376 (Philipp.
2798 5310 2850 5362 ὅ.
2878 5310 2934 5380 6)
2959 5328 2974 5374 ;
3019 5313 3141 5366 item
3173 5315 3306 5368 lidcs
3334 5326 3388 5368 et
3421 5317 3551 5372 lides
3579 5332 3662 5372 est
3692 5338 3705 5374 :
3738 5321 3820 5376 li:

2221 5397 2322 5463 [ide
2359 5397 2412 5450 iu
2441 5399 2591 5464 ﬁdem
2632 5399 2808 5470 (Rom.
2858 5404 2904 5456 l.
2953 5405 3060 5470 l7);
3099 5407 3317 5479 adup:io
3351 5426 3562 5480 quoque
3603 5423 3652 5466 et
3689 5415 3819 5468 ado-

2223 5489 2372 5557 ptio:
2431 5490 2659 5556 Quorttut
2702 5496 2909 5563 adoptio
2955 5496 3115 5564 (Ibid.
3165 5499 3216 5554 9.
3260 5501 3337 5570 4),
3393 5503 3595 5570 inquit;
3646 5507 3816 5575 gloria

2219 5597 2429 5649 quoque
2455 5584 2644 5651 dupfex
2682 5604 2692 5639 :
2728 5586 2789 5640 Si
2831 5588 2960 5640 enim
3000 5592 3134 5658 quod
3181 5607 3452 5646 evacuatur
3480 5614 3567 5664 per
3597 5599 3816 5667 gloriam

2219 5683 2312 5739 est,
2338 5675 2492 5726 multo
2516 5677 2676 5745 magis
2698 5679 2834 5745 quod
2858 5692 3022 5732 nume!
3046 5684 3095 5733 in
3116 5685 3281 5751 gloria
3302 5685 3379 5751 (2.
3405 5686 3522 5741 (lor.
3547 5689 3598 5742 5.
3629 5691 3677 5742 ll
3704 5706 3732 5753 ις
3761 5715 3770 5734 ι
3798 5703 3815 5744 ι

2221 5765 2302 5826 lex
2348 5767 2539 5835 duplex
2572 5786 2585 5820 :
2619 5785 2740 5822 nam
2773 5772 2864 5833 ait,
2900 5771 3008 5825 Lex
3055 5777 3266 5843 spiritus
3302 5783 3414 5831 vita:
3468 5781 3693 5835 Ιιὺυιοέιυιι
3737 5803 3814 5837 me

2224 5858 2395 5925 (llam.
2431 5861 2481 5912 8.
2515 5859 2568 5928 ΕΞ)
2597 5879 2608 5926 ;
2638 5871 2685 5915 cl
2717 5863 2886 5916 cultus
2914 5865 3130 5939 duplex,
3177 5868 3398 5934 Quorum
3435 5873 3674 5938 srrt‘ints,
3719 5891 3810 5927 seu
