4048 6462
189 368 268 433 93
1239 359 1304 416 IN
1334 350 1652 415 .lOANNEM
1695 345 1937 406 'llO.\IlI..
1981 345 2122 404 XIV.
2166 347 2238 402 al.
2283 345 2416 402 XIII.
3459 345 3530 403 9,5

187 487 403 551 cultus;
421 491 476 540 et
491 497 730 548 rursum,
747 480 950 548 Spiritu
969 475 1074 531 Deo
1091 474 1356 531 servientes
1374 473 1416 540 ’ί
1430 464 1624 538 Philip.
1639 458 1696 520 3.
1719 465 1796 532 ως

192 579 398 648 duplex
426 591 643 648 quoque
686 579 1068 630 testamentum
1098 586 1112 622 :
1146 566 1428 638 Disponam
1469 561 1608 616 vobis
1651 568 1803 612 τινας

190 682 425 726 rnentum
447 682 657 734 novum,
689 682 790 720 non
818 663 1098 718 secundum
1128 667 1482 714 testamentum
1510 650 1650 725 quod
1689 650 1800 704 dis-

194 763 349 834 posui
406 777 528 816 eum
591 757 820 828 patribus
872 755 1048 810 vestris
1101 751 1236 826 (Jer.
1287 752 1378 806 51.
1431 748 1554 818 3i);
1603 745 1800 815 duplex

230 867 412 922 noque
457 847 845 911 sanctiﬁcatio,
887 844 1082 915 duplex
1131 841 1430 911 baptisma,
1474 838 1670 907 duplex
1708 847 1801 890 sa-

182 943 458 998 criﬁcium
479 981 496 1008 ,
529 938 726 1008 duplex
753 936 1042 1006 templum,
1075 929 1276 1004 duplex
1317 928 1694 991 circumcisio;
1723 925 1803 980 sic

191 1043 253 1089 et
281 1033 485 1103 duplex
518 1030 706 1102 gratia.
754 1027 862 1086 Sed
909 1027 997 1082 illa
1041 1025 1256 1096 quidem
1284 1038 1382 1079 ceu
1425 1021 1591 1093 ﬁgura
1635 1025 1797 1084 sunt;

190 1125 317 1181 haec
359 1133 415 1179 ut
463 1124 704 1179 veritas:
737 1136 857 1192 qua;
903 1120 1226 1189 homonyma
1271 1115 1520 1186 quidem,
1554 1111 1648 1167 sed
1692 1125 1798 1165 non

188 1225 496 1286 synonyma
523 1221 665 1268 sunt.
695 1211 827 1268 Nam
871 1211 924 1265 in
958 1209 1096 1281 typis
1126 1217 1176 1262 et
1221 1203 1542 1276 imaginibus
1566 1202 1658 1274 qui
1701 1216 1800 1256 co-

191 1305 316 1360 lore
337 1305 458 1359 albo
478 1310 540 1359 et
567 1303 717 1373 nigro
739 1301 992 1372 pingitur,
1015 1298 1177 1352 homo
1204 1304 1449 1360 vocatur,
1475 1301 1532 1347 ut
1553 1303 1610 1348 et
1640 1304 1802 1347 verus

194 1403 364 1450 homo
383 1394 568 1449 nativo
591 1393 775 1449 colore
803 1392 1094 1447 instructus
1120 1405 1138 1445 v:
1167 1389 1218 1442 in
1242 1385 1433 1441 statuis
1455 1399 1668 1455 quoque
1698 1397 1798 1437 au-

191 1501 290 1541 sua
323 1484 543 1555 perinde
587 1497 749 1554 atque
797 1481 1010 1551 ﬁglina,
1052 1489 1225 1535 statua
1278 1476 1508 1541 dicitur;
1555 1472 1650 1530 sed
1705 1472 1795 1527 illa

194 1588 365 1650 typus
390 1587 550 1641 sunt,
581 1577 696 1631 ba-c
721 1571 939 1718 νοεῖτε.

269 1668 324 1718 2.
361 1667 502 1718 Inter
525 1676 695 1718 cetera
733 1675 782 1718 et
893 1665 939 1717 vo

269 1668 324 1720 2.
361 1667 502 1720 Inter
525 1676 695 1721 vetera
733 1675 782 1720 et
823 1656 953 1718 riora
987 1661 1282 1716 discrimen.
1314 1687 1388 1699 --
1415 1657 1492 1713 Ne
1538 1656 1698 1728 igitur
1735 1669 1799 1711 ex

193 1760 477 1814 nominum
508 1758 782 1813 consortio
800 1796 814 1821 ,
847 1769 934 1810 res
956 1755 1174 1810 easdem
1194 1794 1208 1815 ,
1241 1750 1338 1808 sed
1367 1765 1538 1821 neque
1560 1749 1801 1804 diversas

193 1867 324 1908 esse
355 1861 527 1921 putes.
577 1847 710 1905 Nam
741 1848 788 1906 si
836 1857 995 1920 typus
1030 1855 1178 1913 erat,
1224 1859 1334 1900 non
1376 1851 1495 1899 erat
1522 1843 1731 1897 alienus
1769 1857 1800 1896 a

190 1942 463 2009 raritate;
510 1941 555 1997 si
586 1941 828 1996 umbram
875 1937 1164 2003 servabat,
1195 1935 1373 1990 minor
1399 1942 1514 1988 erat
1554 1931 1797 1986 veritate.

194 2034 342 2102 Quid
387 2050 518 2105 ergo
541 2032 864 2088 discriminis
908 2039 990 2085 est
1039 2029 1178 2084 inter
1223 2029 1338 2082 haec
1381 2026 1598 2105 omnia?
1630 2025 1801 2080 Vultis

195 2101 366 2184 unum
383 2101 474 2182 aui
491 2126 597 2180 duo
616 2142 680 2182 ex
698 2124 856 2180 dictis
873 2121 1185 2178 tractemus?
1206 2121 1296 2176 Sic
1311 2101 1672 2175 cmtera’vobis
1689 2134 1804 2174 ma-

195 2219 394 2275 nifesta
423 2227 580 2274 erunt
607 2237 620 2273 :
643 2216 1051 2286 videbimusque
1081 2214 1164 2268 illa
1200 2227 1485 2284 puerorum
1508 2220 1798 2282 praecepta,

192 2313 318 2368 hmo
335 2312 566 2366 virorum
600 2307 813 2364 fortium
833 2307 1016 2370 fuisse;
1038 2304 1125 2359 illa
1139 2304 1290 2375 quasi
1328 2302 1656 2363 hominibus.
1685 2301 1802 2357 hanc

191 2405 354 2476 quasi
383 2399 584 2474 angelis
609 2400 922 2457 constituta.
955 2397 1107 2454 Unde
1138 2398 1297 2468 igitur
1327 2394 1640 2451 ordiemur?
1672 2393 1799 2449 Vul-

193 2498 274 2552 tis
303 2496 372 2551 ab
398 2497 509 2566 ipsa
540 2493 832 2563 adeptione
857 2490 1177 2546 ordiamur?
1209 2488 1344 2556 Quid
1370 2487 1697 2545 discriminis
1722 2486 1803 2542 in~

201 2600 290 2644 ter
317 2591 453 2644 hanc
482 2597 538 2643 et
566 2587 708 2641 illam
739 2585 860 2641 est?
885 2585 975 2640 llla
1003 2584 1216 2639 nomine
1244 2592 1399 2639 tenus
1425 2593 1570 2648 erat;
1602 2583 1717 2638 haec
1743 2597 1803 2638 re

197 2681 342 2750 ipsa.
378 2679 453 2735 De
479 2679 566 2734 illa
596 2677 814 2744 dicitur,
846 2675 958 2747 Ego
982 2675 1095 2730 dimi
1116 2717 1131 2741 ,
1167 2675 1254 2728 Dii
1280 2675 1427 2741 estis,
1458 2683 1506 2728 et
1527 2674 1622 2742 ﬁlii
1645 2672 1802 2728 Altis-

195 2771 320 2826 simi
349 2786 521 2824 omnes
550 2767 725 2838 (Psal.
755 2769 844 2824 8i.
875 2768 955 2840 6).
987 2767 1062 2822 De
1088 2765 1188 2821 hac
1207 2776 1386 2822 autem
1407 2807 1422 2834 ,
1451 2765 1666 2822 ExDeo
1693 2767 1804 2822 nati

197 2873 340 2919 sunt.
370 2861 650 2930 Quomodo
677 2868 734 2916 et
767 2875 872 2931 qua
925 2859 1172 2914 ratione?
1200 2859 1303 2913 Per
1329 2860 1600 2912 lavacrum
1646 2873 1803 2928 rege-

199 2955 495 3010 nerationis
513 2962 566 3008 et
584 2951 948 3008 renovationis
959 2950 1192 3021 Spiritus
1209 2950 1401 3005 sancti.
1417 2950 1484 3005 Et
1499 2951 1570 3005 illi
1585 2951 1801 3022 quidem

199 3061 485 3122 postquam
507 3048 597 3103 lilii
617 3046 867 3119 appellati
889 3056 1037 3112 sunt,
1057 3045 1304 3115 Spiritum
1337 3037 1610 3100 servitutis
1626 3044 1804 3100 adhuc

201 3143 475 3199 habebant
508 3159 522 3195 :
567 3157 688 3196 nam
715 3140 855 3196 servi
883 3154 1004 3195 cum
1032 3148 1249 3205 essent,
1301 3138 1402 3193 hac
1445 3139 1802 3209 appellat'one

201 3234 538 3292 ornabantur
563 3249 579 3300 ;
611 3248 710 3288 nos
735 3240 917 3288 autem
967 3229 1124 3287 liberi
1152 3240 1281 3286 tunc
1305 3229 1477 3286 etl‘eeti
1503 3272 1518 3296 ,
1566 3246 1672 3285 non
1702 3247 1802 3284 uo-

202 3325 350 3381 mine
368 3366 385 3393 ,
417 3324 511 3379 sed
543 3339 601 3379 re
628 3324 891 3378 honorem
919 3322 1244 3391 accepimus.
1278 3321 1346 3376 Et
1370 3320 1471 3375 hoc
1495 3320 1692 3376 Paulus
1717 3320 1803 3375 di-

204 3415 364 3473 cebat
392 3432 407 3470 :
441 3413 566 3470 Non
602 3416 736 3470 enim
780 3412 1046 3485 accepistis
1071 3413 1309 3483 spiritum
1333 3413 1583 3467 servitutis
1621 3414 1804 3467 iterum

203 3513 260 3564 in
287 3510 496 3574 timore,
525 3507 613 3562 sed
635 3507 902 3579 accepistis
927 3506 1184 3575 Spiritum
1209 3506 1502 3576 adeptionis
1540 3507 1766 3574 ﬁliorum
1785 3549 1798 3573 ,

204 3601 261 3655 in
287 3616 387 3670 quo
412 3599 716 3664 clamamus,
747 3597 890 3652 Abba
916 3595 1074 3650 Pater
1105 3595 1281 3669 (Rom.
1311 3596 1366 3652 8.
1396 3597 1508 3669 15).
1552 3596 1802 3653 Generati

205 3707 440 3763 namque
481 3705 714 3762 superne
738 3730 755 3758 ,
803 3698 860 3746 et
916 3698 972 3744 ut
1013 3689 1084 3743 ita
1112 3689 1323 3756 dicam,
1367 3688 1681 3756 reformati,
1729 3691 1807 3746 sic

205 3784 382 3838 vocati
419 3797 605 3839 sumus
660 3781 774 3838 lilii.
825 3779 1137 3836 Sauctitatis
1173 3796 1304 3836 vero
1349 3781 1565 3836 modum
1596 3782 1640 3836 si
1685 3782 1806 3852 quis

206 3873 488 3940 didicerit,
521 3873 641 3944 quis
669 3871 776 3938 hic,
807 3872 926 3942 quis
953 3871 1062 3938 ille,
1095 3871 1316 3926 multam
1350 3871 1437 3926 hic
1461 3888 1677 3944 quoque
1705 3873 1804 3928 dif-

205 3965 490 4022 ferentiam
519 3964 739 4019 videbit.
771 3964 846 4018 Illi
874 3979 1106 4034 namque
1131 3963 1346 4035 quando
1372 3964 1511 4019 idola
1539 3981 1643 4021 non
1661 3967 1808 4023 cole-

207 4062 357 4126 bant,
387 4075 508 4117 cum
538 4073 639 4115 nec
664 4058 1086 4123 fornieabantur,
1117 4073 1217 4114 nec
1244 4059 1675 4128 mmebabantnr,
1703 4061 1806 4120 hoc

209 4153 542 4209 vocabantur
581 4152 800 4207 nomine
832 4168 845 4203 :
877 4166 975 4206 nos
1021 4158 1205 4206 autem
1255 4164 1362 4204 non
1391 4150 1710 4208 abstinendo
1739 4153 1808 4208 ab

210 4246 318 4302 illis
346 4245 509 4302 rebus
541 4252 745 4300 tantum
772 4285 789 4312 ,
819 4243 912 4299 sed
940 4249 993 4299 et
1024 4241 1226 4313 majora
1268 4241 1595 4313 possidendo
1633 4246 1806 4300 sancti

206 4337 492 4395 efﬁcimur.
526 4336 594 4392 Et
637 4337 811 4407 primo
835 4333 1050 4405 quidem
1080 4349 1149 4389 ex
1195 4334 1313 4405 ipso
1341 4333 1572 4406 Spiritus
1615 4335 1804 4406 illapsu

209 4430 314 4488 hoc
362 4427 745 4499 consequimur
791 4424 990 4480 donum
1037 4442 1052 4479 :
1107 4425 1303 4480 deinde
1353 4441 1424 4480 ex
1492 4427 1599 4481 vita
1652 4426 1807 4499 longe

211 4520 586 4594 pra-stantiam
613 4534 772 4590 quam
792 4517 1042 4574 Iudaica.
1072 4517 1140 4572 Et
1177 4532 1244 4573 ne
1268 4530 1337 4573 ex
1368 4517 1623 4588 iactantia
1665 4520 1805 4575 dicta

210 4625 404 4686 putes,
457 4611 581 4667 audi
628 4611 755 4682 quid
785 4611 889 4664 illis
911 4610 1096 4665 dicat:
1133 4608 1312 4663 Nolite
1363 4610 1603 4675 lustrare,
1651 4628 1809 4682 neque

246 4706 490 4774 uri/icore
541 4705 676 4775 ﬁlios
727 4714 935 4772 vestros,
988 4703 1110 4774 quia
1153 4705 1375 4774 papulas
1418 4715 1626 4759 sanctus
1690 4707 1807 4762 estis

213 4795 402 4868 (Deut.
433 4795 520 4851 18.
547 4794 662 4866 10).
708 4793 889 4865 Itaque
913 4794 1051 4863 apud
1081 4794 1203 4848 illos
1228 4793 1342 4850 lucc
1370 4796 1629 4850 sanctitas
1653 4807 1769 4852 erat
1788 4781 1843 4864 ,m

209 4891 277 4945 ab
305 4889 570 4945 idolorum
623 4887 828 4958 legibus
872 4885 1178 4954 abstinere;
1207 4887 1349 4957 apud
1398 4903 1497 4944 nos
1521 4905 1652 4945 vero
1700 4907 1806 4946 non

209 4984 303 5048 ita,
325 4980 442 5047 sed,
467 4980 536 5036 Ut
555 4979 617 5034 sit
641 4989 838 5047 sancta,
861 4980 1047 5050 inquit,
1073 4997 1286 5050 corpore
1312 4990 1359 5035 et
1385 4982 1566 5053 spiritu
1584 4983 1662 5052 (1.
1687 4983 1805 5039 Car.

210 5076 260 5128 7.
290 5076 422 5145 34).
462 5073 655 5129 Pacem
703 5074 1057 5144 persequimini
1083 5084 1130 5127 et
1169 5076 1660 5145 sanctiﬁcationem,
1703 5081 1810 5134 sine

207 5185 305 5241 qua
330 5186 475 5224 nemo
512 5169 694 5224 videbit
741 5168 1016 5222 Dominum
1042 5168 1226 5237 (Hebr.
1252 5169 1340 5223 12.
1367 5169 1472 5240 14)
1498 5188 1513 5236 ;
1544 5180 1598 5224 ct
1617 5214 1630 5234 ,
1677 5170 1809 5225 Pcr-

210 5262 430 5330 βεξαυσε
460 5260 912 5329 sancti/irationem
950 5261 1002 5314 in
1031 5263 1208 5314 timore
1232 5259 1330 5315 Dei
1373 5261 1469 5333 (2.
1494 5262 1612 5317 Cor.
1642 5264 1694 5317 'l.
1731 5261 1804 5336 1).

211 5352 322 5408 Non
355 5353 498 5409 enim
530 5352 631 5408 hoc
656 5368 850 5408 nomen
876 5395 892 5420 ,
917 5364 1134 5407 sanctus
1157 5397 1170 5418 ,
1203 5354 1253 5408 in
1279 5355 1526 5411 omnibus
1543 5397 1559 5422 ,
1592 5356 1660 5412 de
1685 5358 1806 5425 qui-
1836 5373 1843 5379 '

211 5445 308 5500 bus
357 5443 571 5510 dicitur,
630 5444 874 5499 eamdem
927 5446 1086 5500 habet
1139 5432 1614 5516 signiﬁcationem.
1674 5449 1804 5503 Nam

213 5535 347 5589 licus
371 5545 590 5590 sanctus
634 5534 849 5600 dicitur,
879 5535 974 5590 sed
1006 5550 1111 5589 non
1140 5537 1278 5592 sicut
1307 5553 1427 5594 nos.
1478 5538 1609 5594 Cum
1657 5541 1802 5594 enim

207 5627 466 5698 propheta
506 5626 646 5690 hanc
674 5641 858 5682 vocem
903 5642 932 5681 a
960 5627 1270 5698 Serapltinis
1296 5629 1499 5685 audivit
1525 5672 1540 5697 ,
1584 5632 1802 5688 attende

232 5894 236 5897 _
277 5825 292 5857 ι
331 5833 470 5875 Juxta
510 5825 631 5876 alios
666 5827 930 5889 legendum
957 5838 1109 5885 esset.
1145 5830 1342 5891 5ιήτίιηί
1385 5833 1468 5882 Dei
1494 5833 1771 5885 scit-ientcs.

536 5908 809 5970 Pnnoc.
859 5915 973 5972 (in.
1031 5913 1188 5972 LIX.

1917 460 2048 532 quid
2069 460 2293 516 dixerit:
2318 460 2416 514 (lci
2438 459 2579 525 milii,
2608 459 2760 514 miser
2783 460 2933 544 ego“,
2953 459 3072 528 quia
3099 460 3251 515 homo
3269 475 3385 514 cum
3408 465 3523 524 sim,

1911 557 2115 626 impura
2147 555 2281 610 labia
2310 555 2471 608 habeo
2492 596 2506 620 ,
2552 563 2598 608 ct
2638 555 2690 607 in
2719 553 2885 607 medio
2912 553 3092 625 pepuli
3143 555 3350 623 impura
3393 551 3530 609 labia

1912 648 2142 702 habentis
2166 663 2257 719 ego
2287 646 2458 702 habito
2485 645 2639 718 (lsai.
2690 645 2744 702 6.
2777 647 2857 713 5).
2886 645 3000 702 Etsi
3029 645 3119 702 ille
3142 649 3198 702 et
3227 657 3449 702 sanctus
3476 657 3530 703 ct

1909 755 2078 810 purus
2122 749 2288 795 esset.
2341 737 2541 794 Verum
2593 738 2640 793 si
2687 745 2928 792 nostram
2979 749 3103 793 cum
3151 753 3386 808 superna
3438 738 3527 793 illa

1908 830 2247 886 sanctitatem
2275 844 2677 901 comparemus,
2721 829 2915 900 impuri
2940 845 3149 884 sumus.
3179 830 3367 886 Sancti
3391 843 3521 887 sunt

1909 922 2107 993 angeli,
2138 921 2310 977 sancti
2333 930 2461 976 sunt
2483 919 2818 987 archangeli,
2846 931 2900 976 et
2921 919 3216 976 Cherubin]
3239 931 3402 992 atque
3421 922 3525 978 Se-

1909 1014 2118 1084 raphim
2146 1030 2162 1080 ;
2193 1012 2289 1069 sed
2322 1013 2480 1082 hujus
2509 1013 2813 1067 sanctitatis
2838 1012 2943 1066 alia
2969 1027 3184 1067 rursum
3211 1013 3516 1070 dill'erentia

1907 1113 1991 1159 est
2019 1104 2160 1160 inter
2182 1119 2279 1160 nos
2306 1103 2558 1159 videlicet
2581 1111 2636 1158 et
2665 1104 2977 1174 superiores
3008 1103 3128 1160 illas
3151 1115 3449 1175 potestates
3477 1109 3522 1164 ⁸.

1907 1195 2130 1253 Possem
2155 1207 2354 1252 extera
2378 1197 2566 1252 omnia
2597 1196 2873 1267 persequi,
2904 1196 2999 1253 sed
3027 1198 3186 1254 video
3214 1200 3518 1256 orationem

1909 1287 2120 1359 longius
2175 1303 2558 1360 progressam;
2637 1298 2971 1360 quapropter
3023 1289 3283 1346 ulteriore
3358 1291 3521 1346 missa

1906 1381 2329 1452 perquisitione,
2391 1382 2545 1437 vobis
2613 1391 2811 1437 cat-tera
2864 1382 3196 1452 exploranda
3247 1383 3524 1454 relinque-

1908 1488 2049 1527 mus.
2084 1471 2250 1528 Vobis
2276 1471 2420 1527 enim
2449 1472 2575 1527 licet
2597 1471 2744 1527 domi
2775 1473 2891 1529 ham
2909 1472 3236 1545 colligendo,
3264 1473 3524 1530 diﬂ‘ereno

1910 1563 2036 1618 tiam
2065 1564 2459 1630 internoscere,
2505 1571 2560 1619 ct
2605 1563 2815 1634 reliqua
2843 1563 3098 1620 similiter
3124 1564 3522 1636 indagare.‘Da

1906 1655 2147 1725 sapienti,
2187 1656 2379 1727 inquit,
2416 1655 2769 1722 occasionem,
2809 1664 2858 1710 et
2897 1657 3178 1727 sapientior
3205 1658 3298 1710 erit
3333 1655 3516 1728 (Prom

1906 1750 1962 1805 9.
1991 1749 2068 1819 9).
2101 1749 2314 1805 Initium
2344 1761 2576 1818 namque
2608 1759 2644 1802 ‘a
2669 1748 2824 1804 nobis
2859 1758 2962 1814 est,
2999 1749 3121 1805 linis
3148 1750 3252 1805 erit
3280 1765 3310 1806 a
3343 1749 3519 1808 vobis.

1905 1840 2098 1912 Opera:
2125 1842 2357 1912 pretium
2381 1851 2562 1896 autem
2593 1850 2676 1896 est
2703 1842 2900 1897 seriem
2928 1842 3202 1912 persequi.

1991 1933 2224 1988 Gratiam
2245 1951 2345 2005 .pro
2372 1935 2541 2004 gratia
2570 1934 2697 2006 quid
2723 1935 3238 2006 signiﬁcet.—Cum
3270 1933 3518 2005 dixisset,

1915 2025 1998 2080 De
2034 2028 2350 2098 plenitudine
2375 2037 2545 2082 autent
2572 2029 2684 2100 ejus
2728 2045 2821 2082 nos
2850 2045 3024 2083 omnes
3051 2031 3364 2100 accepimus,
3393 2031 3521 2084 sub-

1904 2118 2062 2188 didit,
2088 2120 2155 2174 Et
2176 2122 2394 2192 gratiam
2419 2137 2512 2192 pro
2534 2123 2702 2193 gratia
2722 2122 3048 2178 :ostendens
3067 2123 3285 2180 Iudaeos
3305 2140 3520 2195 quoque

1908 2227 2009 2283 per
2032 2214 2262 2284 gratiam
2308 2213 2490 2268 salvos
2519 2212 2704 2269 luisse.
2735 2213 2852 2270 Non
2894 2216 3036 2270 enim
3065 2216 3211 2287 quod
3261 2218 3521 2288 multipli-

1905 2304 2008 2359 cati
2038 2304 2157 2360 sitis
2181 2346 2196 2373 ,
2249 2304 2344 2360 sed
2386 2313 2610 2377 propter
2652 2313 2834 2377 patres
2878 2314 3090 2361 vestros
3129 2307 3267 2377 elegi
3315 2323 3432 2362 vos.
3463 2309 3518 2363 Si

1906 2410 2037 2468 ergo
2063 2412 2169 2451 non
2199 2413 2264 2452 ex
2296 2397 2530 2468 propriis
2555 2398 2764 2453 meritis
2790 2412 2820 2452 a
2849 2396 2961 2453 Deo
2983 2398 3141 2454 electi
3167 2407 3313 2465 sunt,
3340 2402 3516 2470 palam

1907 2501 2002 2541 eos
2053 2502 2152 2557 per
2174 2487 2403 2557 gratiam
2435 2486 2580 2544 hunc
2598 2502 2720 2544 esse
2747 2497 3109 2559 consequutus
3133 2488 3416 2545 honorem.
3454 2492 3519 2547 lit

1905 2594 2005 2634 nos
2037 2593 2251 2650 quoque
2280 2580 2452 2651 gratia
2497 2578 2632 2636 salvi
2660 2579 2786 2636 facti
2816 2595 3004 2637 sumus
3031 2598 3045 2636 :
3075 2584 3172 2638 sed
3205 2598 3312 2637 non
3353 2584 3513 2638 simili

1909 2671 2090 2727 modo.
2138 2671 2324 2741 Neque
2367 2671 2511 2728 enim
2558 2672 2748 2728 iisdem
2798 2675 2849 2728 in
2893 2674 3094 2740 rebus,
3125 2673 3220 2729 sed
3249 2675 3301 2729 in
3347 2675 3516 2731 multo

1908 2762 2202 2834 majoribus
2225 2773 2278 2820 et
2299 2764 2728 2820 sublimioribus.
2758 2764 2877 2820 Non
2903 2765 3087 2836 itaque
3116 2767 3239 2822 talis
3261 2776 3346 2822 est
3373 2767 3516 2838 apud

1909 2869 2008 2909 uos
2049 2855 2243 2927 gratia.
2290 2853 2476 2925 Neque
2519 2854 2665 2910 enim
2715 2864 3059 2926 peccatorum
3112 2865 3318 2911 tantum
3360 2859 3516 2912 venia

1909 2948 2066 3004 nobis
2090 2947 2284 3003 collata
2316 2959 2395 3003 est
2421 2964 2436 3013 ;
2471 2947 2630 3017 huius
2672 2964 2905 3025 namque
2936 2963 3059 3004 cum
3090 2950 3195 3004 illis
3235 2960 3517 3007 consortes

1904 3054 2094 3097 sumus
2127 3058 2141 3094 :
2173 3056 2365 3096 omnes
2407 3041 2556 3096 enim
2599 3051 2998 3112 peccaverunt;
3025 3042 3120 3098 sed
3150 3042 3311 3099 datur
3352 3044 3516 3100 etiam

1903 3135 2108 3206 jnstitia
2136 3177 2151 3201 ,
2184 3134 2546 3190 sanctiﬁcatio
2568 3175 2583 3200 ,
2612 3135 2862 3205 adoptio,
2890 3135 3122 3206 Spiritus
3143 3138 3316 3207 gratia
3361 3137 3520 3209 longe

1908 3229 2247 3300 splendidior
2288 3237 2348 3284 et
2400 3227 2640 3284 uberior.
2686 3228 2794 3283 Per
2822 3227 2963 3285 hanc
2998 3230 3225 3300 gratiam
3259 3231 3369 3286 Deo
3407 3232 3518 3286 cari

1909 3320 2030 3376 iacti
2058 3335 2275 3385 sumus,
2305 3333 2412 3375 non
2445 3318 2584 3391 ultra
2619 3329 2680 3374 ut
2703 3319 2844 3376 servi
2872 3329 3080 3376 tantum
3103 3364 3117 3387 ,
3145 3322 3240 3377 sed
3264 3325 3431 3378 etiam
3461 3334 3522 3378 ut

1912 3413 2006 3475 lilii
2033 3421 2088 3468 et
2109 3411 2289 3467 amici.
2316 3411 2443 3467 ldeo
2471 3411 2666 3483 inquit,
2695 3410 2930 3467 Gratiam
2959 3427 3054 3484 pro
3074 3415 3263 3485 gratia.
3301 3415 3514 3470 Etenim

1909 3504 2100 3575 legaiia
2129 3519 2346 3576 quoque
2373 3519 2438 3560 ex
2459 3504 2630 3574 gratia
2654 3512 2834 3573 erant,
2859 3519 3069 3561 necnon
3093 3505 3236 3577 quod
3257 3522 3324 3562 es
3353 3506 3524 3562 nihilo

1911 3598 2035 3654 iacti
2066 3597 2237 3654 simus
2267 3615 2279 3650 :
2305 3613 2413 3653 non
2437 3598 2581 3653 enim
2607 3597 3132 3669 supra-cedentibus
3154 3600 3360 3657 meritis
3384 3600 3525 3656 hane

1909 3690 2401 3746 remunerationem
2448 3691 2801 3761 accepimus:
2833 3691 3112 3762 quomodo
3154 3694 3304 3750 enim
3330 3735 3346 3761 ,
3393 3709 3516 3750 cum

1909 3797 2018 3838 non
2030 3780 2307 3838 essemus?
2323 3781 2416 3837 sed
2434 3780 2574 3837 Deus
2594 3793 2809 3854 semper
2825 3781 3104 3840 beneﬂciis
3119 3799 3222 3840 nos
3241 3787 3523 3855 praevenit.

1910 3871 2026 3928 Non
2051 3872 2213 3928 modo
2225 3885 2348 3928 cum
2371 3887 2472 3928 nos
2500 3888 2565 3928 ex
2594 3873 2766 3929 nihilo
2788 3874 3060 3945 produxit,
3084 3876 3180 3932 s'ed
3205 3877 3367 3932 etiam
3397 3894 3522 3934 cunt

1910 3965 2105 4020 creatis
2117 3965 2206 4020 dat
2221 3975 2273 4020 ut
2289 3981 2409 4037 qua:
2421 3964 2624 4037 agenda
2634 3975 2775 4038 ,quae
2790 3981 2896 4035 non
2916 3968 3121 4038 agenda
3137 3980 3260 4026 sunt
3277 3972 3511 4026 sciamus

1912 4066 1967 4114 et
1989 4058 2126 4114 hanc
2159 4059 2212 4114 in
2235 4069 2428 4113 natura
2446 4059 2626 4128 legem
2657 4061 3036 4116 nanciseamur
3064 4079 3077 4114 :
3106 4071 3160 4118 et
3181 4064 3324 4133 quod
3371 4064 3526 4118 nobis

1912 4151 2262 4207 conscientia
2292 4147 2530 4206 tribunal
2557 4151 2930 4222 incorruptum
2955 4154 3229 4221 indiderit,
3259 4155 3311 4211 id
3341 4159 3527 4228 gratia:

1912 4244 2162 4299 maxima:
2205 4247 2263 4298 et
2311 4241 2600 4300 inell‘abilis
2648 4244 2996 4316 benignitatis
3043 4245 3160 4302 fuit.
3193 4247 3348 4316 Quod
3397 4250 3524 4305 item

1913 4334 2052 4390 hanc
2084 4334 2258 4406 legem
2299 4333 2409 4404 jam
2441 4343 2753 4406 corruptam
2776 4375 2791 4402 ,
2820 4350 2919 4406 per
2943 4338 3198 4410 scriptam
3229 4339 3403 4412 legem
3434 4358 3525 4400 rc-

1914 4425 2258 4491 stauraverit,
2286 4426 2340 4482 id
2372 4427 2561 4497 gratia:
2590 4435 2726 4482 erat.
2763 4427 2896 4484 Nam
2926 4440 3348 4490 consentaneum
3369 4446 3486 4491 erat
3507 4478 3524 4504 ,

1917 4527 1976 4572 ut
2003 4519 2092 4588 qui
2127 4517 2295 4573 semel
2327 4517 2508 4572 datam
2535 4520 2707 4590 legem
2736 4520 3158 4590 adulterassent,
3185 4526 3448 4597 supplicio
3475 4539 3529 4583 et

1916 4609 2103 4664 ultioni
2145 4609 2514 4665 traderentur.
2546 4609 2664 4665 Non
2698 4609 2802 4667 hoc
2821 4621 3013 4668 autem
3048 4614 3247 4672 factum
3292 4627 3404 4681 est;
3432 4621 3526 4674 sed

1913 4717 2170 4758 concessa
2201 4713 2282 4758 est
2305 4702 2637 4771 emendatio,
2671 4712 2724 4759 et
2755 4705 2912 4759 venia
2945 4721 3052 4761 non
3081 4706 3285 4773 debita,
3314 4710 3409 4766 sed
3435 4729 3531 4781 por

1915 4792 2342 4849 misericordiam
2374 4803 2430 4850 et
2455 4796 2683 4865 gratiam
2716 4795 2860 4852 data.
2895 4795 3050 4864 Quod
3071 4800 3216 4854 enim
3243 4800 3294 4855 id
3321 4817 3386 4857 ex
3409 4815 3529 4873 gra-

1918 4885 1985 4940 tia
2018 4894 2071 4940 et
2094 4885 2462 4940 misericordia
2484 4887 2764 4957 prodierit,
2788 4888 2911 4944 audi
2929 4889 3184 4946 Davidem
3211 4891 3484 4950 dicentem
3511 4913 3527 4950 :

1916 4977 2137 5033 Faciem
2187 4979 2566 5035 misericordias
2601 4976 2858 5036 Dominus
2881 5023 2898 5050 ,
2942 4993 2992 5038 et
3005 4985 3267 5055 judicium
3297 4989 3532 5044 omnibus

1913 5071 2158 5142 injuriam
2185 5071 2518 5140 patientibus.
2554 5071 2720 5127 Notas
2757 5076 2878 5146 fecit
2899 5077 3007 5131 vias
3035 5094 3158 5132 snas
3186 5078 3377 5152 Moysi,
3407 5083 3532 5151 ﬁliis

1915 5161 2082 5217 Israel
2109 5165 2395 5218 voluntates
2416 5181 2537 5218 suas
2560 5164 2579 5238 (
2606 5163 2754 5219 Psal.
2787 5166 2913 5222 102.
2942 5167 2998 5223 6.
3023 5179 3070 5224 et
3091 5171 3124 5225 7
3145 5171 3189 5243 ).
3219 5172 3288 5226 Et
3308 5173 3526 5231 iterum:

1917 5253 2100 5308 Dulcis
2156 5263 2203 5309 et
2245 5267 2416 5309 rectus
2467 5254 2763 5319 Dominus;
2800 5269 3010 5328 propter
3038 5260 3136 5315 hoc
3172 5262 3335 5334 legem
3386 5268 3531 5320 dabit

1915 5348 2322 5417 delinquentibus
2347 5349 2398 5402 in
2429 5349 2510 5402 via
2538 5349 2555 5415 (
2586 5347 2726 5403 Ibid.
2751 5348 2844 5404 2i.
2877 5349 2978 5423 8

1982 5527 1998 5559 ¹
2037 5531 2148 5574 Post
2171 5523 2309 5585 illud,
2334 5521 2484 5573 miser
2499 5535 2606 5589 ego,
2631 5522 2800 5589 Morel.
2829 5532 2880 5575 et
2895 5531 3005 5589 uss.
3027 5528 3166 5589 pauci
3193 5528 3397 5588 addunt,
3423 5546 3530 5581 mn-

1913 5586 2047 5659 ajime
2077 5577 2420 5648 compunctus;
2445 5577 2670 5636 sed'h'tee
2691 5587 2874 5637 desunt
2899 5588 2948 5636 in
2971 5577 3112 5638 sai-il.
3144 5598 3196 5640 et
3217 5577 3397 5642 inlitas:
3424 5577 3527 5658 plu-

1912 5663 2188 5781 mrsiuxta
2214 5707 2404 5781 Morel.,
2431 5707 2701 5781 legendum
2725 5719 2905 5781 esset,
2924 5713 3012 5763 sed
3036 5715 3266 5766 sanctitas
3307 5716 3396 5768 Dei
3428 5724 3529 5771 tum

1910 5778 2157 5822 sanctitati
2179 5779 2359 5822 nostra:
2381 5779 2485 5841 tum
2509 5778 2750 5841 sanctitati
2777 5778 3085 5838 potestatum,
3113 5789 3226 5838 ante
3264 5792 3415 5841 supra
3434 5795 3524 5832 nos

1913 5843 2040 5897 sunt,
2067 5841 2265 5898 prtrslat
2291 5841 2337 5883 et
2357 5833 2611 5884 dissimilis
2635 5843 2725 5884 est.

3119 5932 3161 5993 ϐ
