4048 6452
592 360 652 411 εδει
1300 358 1352 414 S.
1395 357 1669 414 JOANNIS
1707 356 2180 414 CIIRYSOSTOMI
2222 356 2532 412 ARClIllil‘.
2565 361 3098 420 (IONSTANTINOP.
3828 367 3896 418 tlti

660 483 710 533 5.
755 478 1132 533 Misericordia:
1178 477 1335 545 igitur
1368 485 1422 529 et
1469 476 1869 530 miserationum
1901 485 1954 528 et
1991 473 2172 544 gratia!

594 585 727 638 opus
772 568 902 623 illud
933 579 1010 623 est
1035 608 1050 634 ,
1085 568 1252 636 legem
1294 568 1556 636 accipere.
1611 567 1733 620 ldco
1761 581 1879 620 cum
1912 566 2170 630 dixisset,

592 661 819 713 (ii-aliam
848 678 939 730 pro
960 661 1142 731 gratia,
1177 659 1548 713 vehementius
1578 660 1591 689 ‘
1627 658 1974 727 magnitudini
2003 657 2171 710 dono-

591 771 705 808 rum
756 754 1007 807 insistens
1053 752 1370 821 subjungit:
1405 753 1489 805 i7.
1529 749 1631 804 Lex
1667 767 1756 820 per
1789 750 2012 821 Moysem
2052 750 2171 801 data

587 855 692 909 est,
747 845 910 915 gratia
956 854 1002 897 et
1048 843 1229 896 veritas
1260 859 1348 911 per
1386 841 1562 895 Jesum
1606 839 1863 894 Christum
1895 841 2030 908 facta
2075 847 2166 892 est.

593 934 774 988 Videte
809 950 967 1004 quam
1000 934 1207 1004 placide
1239 949 1300 987 ac
1321 933 1575 1002 paulatim
1608 947 1713 986 uno
1739 932 1906 987 verbo
1935 941 1988 986 et
2015 931 2169 986 Joan-

590 1041 688 1079 nes
737 1025 972 1095 Baptista
1015 1035 1069 1080 et
1102 1025 1394 1094 discipulus
1437 1024 1501 1078 ad
1554 1039 1858 1094 supremam
1897 1024 2167 1079 auditores

586 1119 944 1188 cognitionem
986 1117 1209 1173 cvehant
1231 1159 1244 1181 ,
1278 1127 1556 1187 postquam
1595 1132 1688 1171 eos
1718 1119 1768 1172 in
1797 1117 2165 1171 humilioribus

583 1212 980 1266 exercuerunt?
1004 1209 1097 1266 Ille
1120 1225 1348 1280 namque
1370 1219 1648 1280 postquam
1671 1225 1849 1264 secum
1871 1209 2166 1264 contulerat

584 1305 732 1366 eum,
755 1299 846 1368 qui
881 1300 996 1354 sine
1024 1300 1426 1368 comparatione
1455 1315 1642 1354 omnes
1669 1300 1880 1354 excedit
1903 1341 1916 1364 ,
1949 1300 2025 1354 sic
2050 1298 2164 1368 ejus

584 1402 764 1457 postea
806 1391 1173 1445 excellentiam
1225 1391 1457 1445 ostendit
1505 1391 1730 1446 dicens:
1782 1392 1879 1458 Qui
1925 1400 2042 1443 ante
2087 1407 2165 1443 me

583 1486 747 1552 [actus
790 1493 894 1546 est;
928 1481 1120 1536 deinde
1149 1481 1385 1536 subdens
1419 1483 1567 1545 illud,
1603 1480 1757 1534 Prior
1785 1497 1861 1534 me
1899 1490 2006 1533 erat
2032 1497 2048 1533 :
2076 1480 2163 1534 hic

581 1590 708 1628 vero
735 1574 902 1628 multo
929 1575 1103 1643 majus
1135 1573 1399 1640 przcstitit,
1430 1575 1605 1627 minus
1635 1583 1814 1628 tamen
1840 1587 1995 1642 quam
2027 1571 2159 1627 Uni-

580 1667 741 1733 geniti
770 1665 998 1734 dignitas
1031 1665 1342 1734 postularet.
1381 1664 1495 1718 Non
1529 1665 1672 1719 enim
1699 1664 1886 1718 ioanni
1909 1705 1923 1730 ,
1958 1664 2050 1718 sed
2079 1664 2157 1732 ei,

579 1757 666 1823 qui
697 1756 882 1824 majori
910 1771 1065 1825 quam
1099 1756 1331 1810 Joannes
1361 1757 1499 1825 apud
1530 1756 1745 1810 Judmos
1778 1766 1891 1810 erat
1923 1756 2145 1809 admira-

580 1849 731 1912 tioni,
761 1849 924 1919 .‘lloysi
954 1865 1168 1918 nempe,
1197 1850 1368 1919 ipsum
1397 1859 1672 1919 comparat
1699 1850 1902 1915 dicens,
1936 1849 2043 1904 Lea:
2072 1867 2160 1920 per

580 1939 632 1993 Μ
643 1958 811 2011 oysem
837 1944 964 1994 'data
988 1951 1078 2005 est,
1113 1943 1276 2010 gratia
1305 1952 1349 1995 et
1378 1944 1559 1995 veritus
1589 1959 1674 2010 per
1704 1943 1878 1996 Jesum
1906 1943 2158 1996 Christum

491 2040 495 2045 '
579 2038 712 2102 facta
742 2045 832 2087 est.
868 2035 930 2088 F.t
958 2034 1074 2088 vide
1116 2033 1470 2104 prudentiam.
1506 2034 1617 2088 Non
1665 2051 2032 2103 personarum,
2062 2035 2156 2090 sed

578 2141 754 2178 renun
786 2124 1215 2194 disquisitionem
1245 2124 1388 2178 facit.
1420 2124 1548 2178 Nam
1579 2140 1698 2179 cum
1734 2140 1818 2179 res
1845 2127 1971 2194 ipsa:
2004 2126 2155 2194 longe

578 2217 807 2284 majores
834 2216 1687 2279 demoustrarcntur;necessario
1711 2217 1898 2286 ingrati
1933 2217 2005 2271 illi
2029 2231 2153 2271 sen-

578 2309 794 2361 tentiam
837 2319 889 2363 et
919 2310 1223 2378 opinionem
1253 2309 1318 2364 de
1346 2309 1838 2379 Clu'istoexcipere
1865 2311 2152 2367 debebant.

561 2401 708 2454 ~t2um
735 2401 875 2454 enim
905 2417 1063 2470 opera
1089 2402 1223 2472 ipsa,
1250 2419 1365 2470 qua:
1385 2403 1584 2456 nullam
1614 2402 1842 2457 habeant
1864 2404 1944 2458 vel
1972 2405 2155 2473 gratiae

574 2491 654 2544 vel
702 2493 805 2544 odii
857 2492 1258 2561 suspicionem,
1311 2492 1706 2559 testificantur,
1740 2507 1943 2548 certum
1995 2496 2152 2549 etiam

571 2583 966 2650 impmlentibus
994 2583 1236 2651 przcbent
1266 2583 1538 2638 indicium.
1568 2584 1700 2639 "Nam
1743 2585 1915 2655 qualia
1945 2586 2028 2641 illa
2057 2603 2152 2641 au-

570 2683 746 2728 ctores
783 2675 1064 2729 ediderunt
1093 2716 1106 2741 ,
1153 2677 1275 2730 talia
1317 2687 1536 2732 manent
1579 2689 1631 2734 et
1670 2681 1953 2750 conspicua
1986 2691 2149 2736 sunt:

568 2769 914 2836 quamobrem
941 2769 1084 2823 omni
1121 2770 1422 2838 suspicione
1451 2781 1505 2825 et
1534 2773 1848 2842 exceptione
1878 2775 2046 2843 majus
2073 2785 2153 2830 est

569 2860 781 2913 illormn
819 2861 1200 2916 testimonium.
1235 2863 1613 2918 Animadverte
1643 2873 1818 2920 autem
1848 2881 2003 2936 quam
2034 2882 2148 2922 mo-

563 2952 767 3005 destam
791 2951 945 3006 faciat
974 2953 1426 3022 comparationem
1454 2956 1614 3010 etiam
1640 2959 1776 3025 apud
1807 2956 2146 3013 infirmiores.

563 3043 680 3096 Non
703 3044 841 3096 enim
864 3043 1230 3098 excellentiam
1261 3045 1402 3099 illam
1427 3047 1605 3100 verbis
1626 3049 1852 3115 extollit,
1877 3049 1968 3104 sed
1993 3049 2148 3104 nudis

565 3134 868 3189 nominibus
921 3134 1270 3189 differentiam
1322 3138 1551 3192 ostendit
1581 3180 1594 3204 ,
1654 3138 1778 3192 dum
1825 3142 2048 3208 gratiam
2094 3151 2147 3197 et

561 3225 856 3287 veritatem,
891 3224 1010 3294 legi,
1046 3234 1097 3279 et
1130 3225 1263 3280 hanc
1290 3242 1495 3293 vocem,
1530 3228 1691 3282 Facta
1718 3243 1809 3296 est,
1838 3230 1979 3294 huic,
2012 3232 2147 3288 Data

560 3327 629 3368 est
653 3356 665 3376 ,
699 3317 937 3384 Opponit.
969 3318 1184 3372 Multum
1216 3329 1391 3374 autem
1445 3330 1528 3375 est
1555 3321 1695 3376 inter
1725 3333 2005 3394 utramque
2033 3325 2144 3379 dis-

557 3409 778 3461 crimen.
805 3407 939 3463 Nam
978 3410 1123 3476 illud,
1151 3411 1282 3466 Data
1307 3422 1399 3479 est,
1434 3414 1658 3469 ministri
1685 3427 1817 3479 erat,
1843 3419 1931 3486 qui
1953 3418 2019 3472 ab
2039 3419 2144 3475 alio

556 3509 834 3568 acceptum
862 3500 1008 3555 dedit
1030 3503 1220 3572 quibus
1240 3503 1417 3573 jussus
1446 3515 1596 3570 erat;
1628 3505 1756 3560 illud
1784 3523 1909 3563 vero
1932 3549 1946 3574 ,
1981 3510 2140 3564 Facta

541 3602 631 3643 [est
657 3635 671 3656 ,
704 3595 868 3661 gratia
897 3605 950 3649 et
975 3597 1172 3651 veritas
1197 3639 1210 3663 ,
1245 3598 1417 3669 'Regis
1457 3609 1538 3655 est
1582 3602 1670 3671 qui
1716 3617 1836 3657 cum
1881 3615 2140 3674 potestate

549 3693 778 3750 peccata
825 3688 1008 3740 omnia
1035 3688 1290 3756 dimittit,
1334 3700 1389 3745 et
1430 3690 1625 3746 donum
1662 3707 1924 3765 prazparat
1963 3713 2138 3754 suum.

555 3776 912 3840 Quamobrem
940 3779 1172 3845 dicebat,
1203 3781 1538 3838 Dimittuntur
1583 3787 1669 3840 tibi
1702 3800 1906 3858 peccatu
1935 3790 1952 3860 (
1973 3789 2137 3847 Marc.

553 3867 605 3920 ‘2.
633 3868 692 3939 9)
720 3887 732 3932 ;
753 3879 803 3923 et
835 3887 1062 3938 rursum,
1077 3872 1156 3928 ‘Ut
1180 3886 1345 3928 autem
1366 3878 1534 3932 sciatis
1553 3880 1671 3948 quia
1687 3891 1978 3949 potestatem
1995 3885 2143 3938 habet

561 3964 728 4019 Filius
767 3967 982 4021 hominis
1023 3971 1075 4022 in
1117 3979 1248 4025 terra
1274 3974 1555 4028 dimittendi
1602 3990 1840 4046 peccata,
1878 3982 1948 4034 ait
1977 3999 2138 4051 ,ραι-α·

550 4058 729 4127 ’iylico:
748 4059 973 4130 Surgeus
989 4063 1107 4117 tolle
1128 4065 1304 4118 fectum
1322 4076 1478 4133 tuum,
1503 4079 1547 4121 et
1566 4074 1688 4123 vade
1708 4072 1757 4124 in
1775 4073 1978 4126 dontth
1998 4085 2136 4130 tuam

551 4150 708 4220 (Ibid.
744 4169 789 4204 υ.
830 4153 910 4206 10.
946 4164 989 4207 et
1005 4155 1076 4208 Ἠ
1114 4155 1153 4225 ).
1186 4156 1375 4212 Viden‘
1404 4162 1864 4232 quomodogratia
1899 4180 1992 4233 per
2013 4183 2131 4221 eum

555 4244 680 4295 tiat?
713 4243 1011 4299 Veritatem
1040 4263 1253 4317 quoque
1282 4250 1421 4302 vide.
1446 4250 1685 4305 Gratiam
1718 4255 1878 4322 igitur
1897 4297 1911 4317 ,
1943 4266 1995 4309 ct
2018 4257 2134 4311 luce

549 4341 601 4383 o-t
632 4348 750 4399 qme
778 4334 840 4386 ad
874 4335 1133 4390 latronem
1157 4347 1423 4405 spectant,
1452 4349 1506 4393 et
1539 4339 1872 4410 baptismatis
1893 4345 2093 4400 donum
2115 4389 2131 4412 ,

549 4433 597 4473 et
623 4421 849 4491 Spiritus
877 4427 1042 4494 gratia
1067 4442 1159 4496 per
1183 4429 1350 4497 ipsum
1379 4429 1499 4484 data
1518 4433 1537 4462 ²
1567 4433 1852 4487 οειοηάυηι
1880 4453 1892 4499 ;
1925 4452 2130 4491 necnon

548 4514 649 4565 alia
695 4515 918 4584 plurima
955 4535 967 4568 :
1003 4520 1274 4573 veritatem
1325 4531 1501 4574 autem
1557 4523 1885 4579 manifestius
1932 4527 2130 4582 intelli-

557 4619 764 4673 gemas,
794 4608 836 4659 si
863 4607 1054 4676 ﬁguras
1073 4609 1434 4665 didicerimus.
1468 4612 1599 4667 Nam
1629 4615 1824 4684 quzcin
1855 4617 2002 4672 Novo
2025 4619 2130 4675 Te-

552 4704 817 4748 stamento
841 4696 1200 4764 dispensanda
1253 4711 1438 4768 erant,
1471 4704 1652 4774 figura:
1683 4709 1827 4776 prius
1867 4721 1922 4763 ut
1951 4710 2130 4780 figura:

548 4785 963 4854 descripserant;
986 4787 1225 4843 Christus
1261 4797 1679 4850 antem-veniens
1715 4804 2127 4858 consummavit.

551 4876 736 4942 Paucis
759 4893 886 4946 ergo
908 4877 1010 4947 figu
1021 4894 1104 4933 ras
1130 4881 1245 4935 illas
1270 4883 1559 4938 videamus.
1589 4887 1770 4958 Neque
1791 4891 1932 4944 enim
1952 4895 2129 4948 omnia

549 4967 635 5021 illa
680 4983 962 5024 recensere
997 4974 1271 5039 praesurtis
1299 4985 1374 5027 est
1407 4979 1762 5046 temporis;.a
1793 4983 1973 5048 paucis
2012 4999 2130 5053 qua:

538 5077 687 5114 mune
720 5065 982 5130 proferam
1001 5075 1193 5118 eraera
1228 5068 1552 5134 intelligetis.
1593 5071 1760 5125 Vultis
1779 5073 1844 5127 ab
1867 5075 1977 5144 ipsa
2011 5092 2149 5146 pas-.

544 5153 697 5205 sione
742 5154 1090 5223 incipiamus?
1120 5155 1251 5223 Quid
1298 5159 1370 5212 ait
1415 5159 1579 5230 ﬁgura
1611 5179 1629 5219 :
1659 5165 1896 5233 Accipite
1935 5182 2127 5235 agnum

545 5260 641 5309 per
668 5244 890 5310 domos,
932 5255 986 5300 et
1030 5248 1328 5314 immolate,
1370 5261 1424 5305 et
1471 5254 1625 5307 facite
1671 5265 1726 5308 ut
1765 5259 2030 5327 pra‘oepit
2077 5268 2132 5313 et.

545 5335 724 5388 statuit
777 5334 1030 5391 Dominus
1062 5338 1079 5408 (
1109 5336 1275 5392 Exeat.
1321 5340 1408 5396 l2.
1441 5342 1532 5412 5).
1563 5344 1807 5399 Christus
1848 5363 1977 5401 vero
2023 5363 2126 5403 non

544 5427 650 5490 sic;
696 5441 867 5496 neque
910 5426 1052 5482 enim
1084 5431 1320 5498 pnecipit
1367 5432 1467 5486 hoc
1493 5449 1647 5504 agere
1683 5455 1696 5490 :
1726 5437 1818 5492 sed
1850 5439 1961 5507 ipse
2011 5455 2128 5495 sese

546 5518 865 5574 oblationem
897 5530 951 5575 et
981 5520 1206 5576 hostiam
1240 5522 1380 5577 Patri
1407 5524 1579 5579 oﬂ‘ert.

609 5675 624 5739 ξ
663 5672 794 5739 Μῆτις
826 5673 1023 5738 legitur,
1052 5676 1248 5732 clarius.
1275 5692 1378 5739 pro,
1417 5680 1750 5733 vehementius.

605 5735 625 5767 ⁸
660 5738 730 5783 sic
749 5735 908 5806 Savilf.
940 5747 990 5813 et
1024 5735 1548 5813 plurimiatss;Morel.
1575 5760 1688 5795 vero
1724 5748 1904 5809 habet,
1933 5757 1977 5799 ι’(
2005 5748 2127 5813 ﬁlio-

545 5819 650 5856 rum
675 5802 867 5863 adoptio
886 5802 1015 5851 uobis
1038 5816 1124 5864 per
1149 5804 1227 5867 Spi
1250 5806 1374 5853 itum
1401 5808 1527 5855 (lata.

2359 477 2412 528 4.
2461 476 2588 530 \‘ide
2617 493 2723 546 quo
2751 492 2904 547 pacto
2936 480 3097 548 figura
3133 495 3226 550 per
3253 480 3486 552 lloysmn
3518 483 3649 538 data
3678 486 3778 543 sit.
3807 501 3894 539 ve-

2283 565 2413 618 ritas
2441 577 2615 620 autem
2652 584 2745 637 per
2765 569 2948 622 Jesum
2972 569 3243 624 Christum
3275 571 3407 626 facta
3452 576 3543 627 sit.
3573 577 3640 630 Et
3665 591 3893 630 rursmn

2281 656 2332 710 in
2364 667 2547 711 monte
2577 657 2725 724 Sina,
2755 675 2874 713 cum
2916 661 3227 716 Amalecitm
3256 675 3442 717 centra
3477 665 3754 721 Hebraeos
3799 685 3894 734 pu-

2276 763 2435 818 gnam
2460 751 2876 816 committerent,
2923 767 3113 807 manus
3142 753 3336 824 Moysis
3356 771 3358 776 ·
3382 757 3450 810 ab
3476 757 3699 812 Aarone
3730 768 3786 812 et
3822 760 3894 812 υτ

2280 842 2528 910 utrinque
2553 854 2789 897 extensa:
2810 845 3247 912 sustinebantur;
3276 848 3527 904 Christus
3556 860 3747 906 autem
3777 857 3894 922 ipse

2277 947 2372 1000 per
2394 947 2513 987 sese
2540 948 2728 988 manus
2759 944 3007 989 extensos
3027 937 3194 991 tenuit
3224 938 3276 991 in
3307 955 3486 993 cruce.
3524 941 3721 996 Viden’
3755 958 3891 1012 quo—

2275 1024 2434 1077 modo
2461 1026 2622 1093 figura
2655 1025 2797 1090 data,
2839 1028 3033 1082 veritas
3059 1039 3236 1083 autem
3262 1032 3393 1084 facta
3424 1032 3528 1085 sit?
3557 1033 3780 1088 Rursus
3806 1035 3890 1087 lex

2271 1113 2504 1180 dicebat,
2534 1115 2839 1170 Maledictus
2870 1120 3033 1172 omnis
3077 1122 3162 1188 qui
3206 1138 3304 1174 non
3349 1132 3513 1176 πιαηθι
3552 1125 3605 1178 iu
3656 1126 3725 1178 iis
3773 1140 3893 1195 qua

2271 1206 2460 1274 scripta
2486 1210 2676 1260 suntin
2709 1209 2838 1262 libro
2869 1209 2963 1262 hoc
3009 1211 3186 1279 (Deut.
3221 1213 3311 1278 27,
3351 1214 3480 1281 26);
3525 1217 3696 1284 gratia
3755 1232 3890 1270 vero

2271 1297 2395 1367 quid
2423 1298 2588 1352 dicit?
2629 1298 2800 1352 Venite
2819 1301 2888 1353 ad
2918 1318 2994 1354 me
3022 1319 3194 1356 onmcs
3215 1299 3572 1373 qui-laboratis
3601 1317 3649 1360 et
3673 1311 3890 1360 onerati

2270 1388 2404 1451 estis,
2446 1397 2491 1439 et
2531 1405 2621 1459 ego
2662 1391 2888 1458 reﬁciant
2924 1408 3009 1446 vos
3054 1393 3264 1461 (Matth.
3299 1396 3384 1449 Η.
3420 1396 3542 1465 28);
3573 1399 3883 1460 etl‘aulns,

2270 1477 2499 1532 Christus
2527 1495 2616 1531 nos
2634 1481 2840 1533 redemit
2863 1482 2923 1535 de
2945 1483 3212 1538 maledicto
3246 1483 3387 1555 legis,
3413 1487 3580 1554 factus
3609 1505 3704 1542 uno
3732 1490 3884 1541 nobis

2267 1572 2587 1625 maledictum
2621 1571 2762 1644 (Gal.
2806 1576 2858 1628 3.
2895 1575 3006 1644 l5).
3061 1576 3192 1643 Quia
3246 1580 3403 1648 igitur
3448 1590 3592 1633 tanta
3644 1579 3882 1634 fruimur

2266 1665 2432 1734 gratia
2472 1677 2523 1719 et
2551 1668 2794 1731 veritate,
2825 1668 3052 1723 obsecro
3081 1685 3146 1724 ne
3193 1680 3409 1740 propter
3437 1672 3566 1726 doni
3599 1674 3881 1742 magnitu-

2269 1757 2448 1812 dinem
2481 1759 2756 1826 scgniores
2783 1758 3091 1814 evadamus.
3131 1757 3558 1830 Quanto'majori
3591 1765 3739 1817 enim
3789 1765 3876 1816 di-

2264 1851 2407 1917 gnati
2425 1863 2610 1902 sumus
2637 1849 2864 1914 honore,
2887 1858 3034 1904 tanto
3053 1852 3310 1920 majorem
3328 1853 3578 1908 virtutem
3607 1853 3880 1908 exhibere

2268 1947 2526 1992 tenemur.
2557 1939 2685 1993 Nam
2715 1941 2800 2010 qui
2832 1942 3006 2009 parvis
3029 1942 3262 2011 acceptis
3289 1943 3563 1997 beneficiis
3591 1959 3758 2012 parva
3787 1960 3874 1997 re-

2265 2029 2466 2092 tulerit,
2503 2044 2605 2084 non
2652 2046 2819 2100 usque
2862 2031 2997 2085 adeo
3038 2031 3334 2100 culpandus
3360 2045 3474 2088 est:
3509 2035 3596 2104 qui
3630 2051 3767 2089 vero
3801 2035 3871 2088 ad

2262 2135 2571 2188 supremum
2605 2122 2822 2175 honoris
2852 2123 3063 2176 culmen
3098 2124 3359 2191 ascendit,
3411 2135 3712 2198 posteaque
3741 2129 3869 2182 vilia

2261 2211 2558 2280 exiguaque
2604 2212 2868 2281 rependit,
2917 2214 3073 2283 longe
3102 2215 3290 2285 majori
3336 2217 3440 2272 erit
3485 2219 3754 2289 supplicio
3785 2224 3872 2276 di-

2261 2322 2416 2376 gnus.
2452 2306 2557 2361 Sed
2604 2306 2762 2374 absit,
2798 2322 2866 2362 ne
2909 2307 2975 2362 de
3004 2307 3154 2362 vobis
3185 2309 3308 2362 talia
3338 2325 3590 2380 umquam
3618 2313 3868 2383 suspice-

2264 2412 2402 2452 mur.
2428 2397 2758 2453 Confidimus
2781 2399 2924 2452 enim
2950 2399 3000 2453 in
3033 2399 3279 2467 Domino,
3306 2415 3400 2455 vos
3423 2403 3628 2458 animas
3651 2415 3869 2461 vestras

2263 2504 2449 2544 versus
2477 2489 2664 2543 cmlum
2687 2504 2784 2545 ceu
2811 2490 2912 2545 alis
2936 2491 3251 2561 quibusdam
3282 2493 3556 2558 extulisse,
3581 2504 3635 2549 et
3661 2511 3693 2549 a
3719 2507 3864 2552 terra

2262 2581 2610 2649 abstraxisse,
2643 2596 2705 2635 ac
2735 2581 2862 2635 dum
2895 2581 2946 2635 in
2974 2582 3175 2637 mundo
3226 2584 3537 2651 versamini,
3580 2588 3864 2642 mundana

2261 2689 2365 2727 non
2398 2683 2645 2727 tractare.
2681 2673 2927 2727 Attamen
2957 2673 3079 2728 licet
3111 2675 3200 2728 tali
3232 2675 3474 2730 instructi
3505 2677 3722 2746 ﬁducia,
3751 2696 3862 2735 non

2258 2777 2531 2818 cessamus
2561 2780 2655 2818 vos
2683 2762 2993 2834 frequenter
3009 2764 3076 2820 de
3103 2765 3291 2821 iisdem
3312 2767 3440 2837 ipsis
3458 2783 3702 2825 monere.
3723 2771 3861 2826 Nam

2257 2865 2311 2910 et
2338 2857 2388 2910 in
2416 2859 2652 2912 externis
2679 2856 2784 2910 illis
2814 2858 3197 2914 certaminibus
3228 2875 3336 2914 non
3381 2870 3700 2930 prostratos,
3748 2880 3860 2918 non

2257 2950 2476 3018 supinos
2502 2949 2766 3018 jacentes,
2799 2949 2891 3004 sed
2920 2958 3187 3015 strenuos,
3223 2962 3523 3018 currentes,
3567 2953 3862 3010 hortantur

2254 3050 2589 3109 Spectatores
2611 3056 2818 3097 omnes.
2851 3040 2976 3096 lllos
2998 3043 3139 3096 enim
3161 3042 3328 3097 semel
3356 3059 3384 3097 a
3413 3045 3637 3100 victoria
3664 3047 3856 3102 exclu-

2253 3145 2365 3197 sos,
2398 3133 2486 3202 qui
2522 3133 2670 3186 nullo
2703 3133 2907 3203 possint
2940 3135 3152 3188 hortatu
3181 3135 3312 3188 moti
3337 3151 3579 3207 surgere,
3611 3153 3677 3193 ne
3716 3155 3858 3195 vano

2256 3222 2518 3289 laborent,
2567 3223 2748 3278 sitiunt
2779 3223 3036 3280 decussos
3059 3225 3278 3294 jacere:
3311 3226 3396 3280 hic
3427 3237 3609 3283 autem
3644 3246 3754 3285 non
3783 3231 3855 3287 de

2253 3319 2403 3374 vobis
2435 3318 2594 3373 modo
2623 3320 2712 3390 qui
2747 3319 2999 3389 vigilatis,
3029 3319 3123 3375 sed
3150 3322 3312 3374 etiam
3339 3321 3406 3376 de
3429 3322 3494 3377 iis
3509 3323 3599 3394 qui
3624 3325 3853 3396 collapsi

2251 3420 2396 3476 sunt,
2445 3423 2526 3466 est
2567 3411 2765 3481 aliquid
2799 3411 3145 3481 sperandum,
3195 3412 3240 3466 si
3285 3412 3611 3484 resipiscere
3658 3415 3847 3472 velint.

2249 3503 2610 3570 Quamobrem
2641 3501 2770 3556 nihil
2802 3517 2906 3556 non
2939 3503 3166 3572 agimus,
3217 3512 3488 3573 rogantes,
3541 3504 3848 3574 hortantes,

2247 3595 2653 3666 exprobrantes,
2686 3597 3048 3666 increpantes,
3078 3595 3379 3660 laudantes,
3408 3606 3469 3650 ut
3496 3608 3731 3654 vestram
3756 3617 3848 3656 sa-

2248 3687 2414 3742 lutem
2443 3701 2750 3756 aperemur.
2775 3685 2851 3739 Ne
2879 3685 3056 3756 itaque
3079 3685 3495 3757 frequentiorem
3525 3689 3590 3745 ad
3616 3691 3846 3760 probam

2249 3779 2408 3832 vitam
2436 3777 2794 3832 hortationem
2823 3792 2965 3846 aegre
2995 3777 3200 3832 feratis.
3234 3777 3350 3833 Non
3381 3780 3523 3834 enim
3554 3782 3623 3835 ita
3659 3783 3845 3852 loqui-

2248 3886 2366 3923 mur
2393 3879 2449 3923 ut
2477 3884 2572 3924 vos
2603 3871 2650 3922 in
2678 3868 2900 3923 desidia:
2927 3869 3131 3925 crimen
3157 3886 3431 3933 vocemus,
3456 3873 3546 3927 sed
3582 3874 3720 3928 bona
3748 3893 3845 3946 Spe

2245 3963 2358 4016 fulti
2383 3978 2686 4020 monemus.
2710 3962 2890 4032 Neque
2916 3961 2981 4016 ad
3007 3977 3102 4018 vos
3124 3963 3322 4028 solum,
3353 3965 3445 4019 sed
3469 3965 3533 4020 ad
3554 3983 3652 4021 nos
3675 3970 3843 4023 etiam

2243 4063 2487 4127 Spectaut
2513 4065 2567 4111 et
2595 4057 2707 4110 luce
2729 4067 2782 4110 et
2809 4072 2927 4125 quae
2968 4064 3151 4125 postea
3203 4055 3483 4113 dicentur:
3511 4060 3711 4114 etenim
3743 4077 3843 4117 nos

2243 4163 2454 4218 quoque
2485 4147 2584 4201 hac
2615 4163 2834 4216 egemus
2874 4147 3135 4202 doctrina.
3183 4148 3407 4204 Etiamsi
3451 4153 3596 4205 enim
3625 4168 3653 4206 a
3684 4155 3844 4210 nobis

2243 4240 2508 4303 dicantur,
2537 4239 2665 4292 nihil
2699 4247 2877 4293 tamen
2910 4248 3053 4293 vetat
3083 4242 3371 4309 quominus
3403 4241 3517 4296 haec
3547 4259 3647 4297 nos
3675 4247 3840 4301 etiam

2243 4334 2526 4405 attingant.
2555 4334 2747 4387 Sermo
2779 4349 3008 4404 namque
3040 4336 3273 4403 peccatis
3318 4335 3609 4391 obnoxium
3659 4343 3839 4395 eorri-

2239 4425 2344 4495 git;
2381 4426 2604 4494 probum
2651 4441 2779 4479 vero
2819 4441 2881 4480 ac
2921 4426 3128 4480 scelere
3171 4441 3397 4481 vacuum
3428 4428 3494 4483 ab
3524 4444 3590 4483 eo
3623 4430 3842 4501 longius

2239 4519 2473 4574 adducit.
2501 4520 2686 4589 Neque
2713 4520 2852 4573 enim
2873 4535 2970 4573 nos
2988 4535 3013 4572 a
3043 4521 3276 4589 peccatis
3306 4522 3419 4589 puri
3449 4537 3654 4576 smnus.
3673 4524 3843 4579 Com-

2239 4612 2413 4666 munis
2439 4619 2522 4664 est
2548 4613 2833 4677 medicina,
2869 4611 3102 4665 remedia
3149 4615 3396 4668 omnibus
3438 4624 3709 4683 prostant;
3738 4620 3838 4674 sed

2239 4704 2446 4756 curatio
2471 4718 2572 4756 non
2604 4702 2905 4757 communis
2935 4713 3039 4770 est,
3071 4703 3196 4757 licet
3223 4721 3349 4758 usus
3380 4705 3715 4776 singulormn
3742 4724 3838 4763 ar-

2240 4793 2399 4846 bitrio
2446 4794 2803 4861 permittatur.
2847 4793 3184 4863 Quapropter
3214 4796 3256 4848 is
3298 4797 3388 4865 qui
3424 4805 3475 4850 ut
3508 4812 3604 4866 par
3630 4809 3712 4852 est
3745 4816 3837 4854 re-

2240 4884 2418 4938 medio
2446 4885 2627 4949 utitur,
2657 4886 3016 4939 valetudinem
3046 4895 3360 4955 recuperat;
3386 4887 3473 4957 qui
3511 4888 3716 4944 vulneri
3744 4907 3838 4946 re-

2239 4977 2472 5030 medium
2520 4992 2626 5029 non
2673 4976 2942 5039 admovet,
2977 4978 3174 5030 malum
3205 4989 3386 5047 auget,
3418 4988 3472 5032 et
3501 4979 3567 5034 ad
3599 4981 3839 5036 deterio-

2240 5083 2351 5123 rem
2372 5069 2531 5122 finem
2556 5069 2746 5137 vergit.
2767 5067 2843 5121 Ne
2861 5069 3042 5138 itaque
3063 5068 3384 5124 medicinam
3412 5085 3554 5139 (egre
3573 5070 3838 5141 feramus;

2239 5161 2345 5218 imo
2379 5163 2551 5231 potius
2577 5161 2925 5231 gaudeamus,
2971 5163 3016 5216 si
3060 5162 3317 5217 doetriua:
3347 5165 3540 5218 modus
3578 5167 3837 5223 acerlnuu

2241 5253 2428 5306 inferat
2457 5253 2697 5306 do'lo:em
2727 5270 2738 5304 :
2769 5269 2897 5305 nam
2926 5254 3302 5307 suavissimum
3335 5263 3516 5324 postea
3547 5258 3701 5310 nobis
3724 5258 3839 5313 fru-

2239 5355 2382 5397 etum
2415 5344 2620 5397 aﬂ'eret.
2652 5343 2792 5397 Nihil
2826 5346 2890 5396 ad
2922 5344 3023 5398 hoc
3045 5360 3150 5398 non
3173 5359 3414 5416 agamus,
3446 5356 3504 5400 ut
3531 5363 3558 5400 a
3587 5349 3755 5418 plagis
3781 5367 3838 5408 et

2238 5434 2569 5499 vulneribus,
2603 5452 2720 5504 qum
2751 5437 2955 5505 peccati
2989 5435 3179 5490 dentes
3211 5438 3403 5490 anima:
3449 5438 3711 5508 infligunt,
3767 5443 3835 5494 li-

2238 5527 2371 5589 beri,
2422 5525 2486 5579 ad
2539 5536 2794 5580 a-teruam
2841 5529 3001 5581 vitam
3057 5528 3488 5596 proficiscamur;
3540 5540 3593 5584 ut
3631 5533 3835 5590 Christi

2238 5631 2525 5687 conspectu
2554 5619 2719 5688 digni,
2744 5635 2812 5673 ne
2841 5620 3122 5673 ultricibus
3145 5621 3570 5691 immanibusque
3595 5635 3835 5692 potesta-

2239 5712 2376 5764 tibus
2411 5712 2498 5765 illo
2528 5711 2614 5764 die
2645 5712 2936 5776 tradantur,
2967 5712 3060 5766 sed
3093 5714 3194 5766 illis
3222 5729 3339 5782 qum
3363 5729 3458 5767 nos
3481 5715 3546 5768 ad
3574 5717 3832 5771 Caeloruni

2242 5805 2590 5861 hereditatem
2621 5806 2889 5875 inducant,
2923 5823 3040 5877 qum
3071 5819 3367 5879 pra‘parala
3393 5807 3456 5862 iis
3485 5822 3561 5864 est
3593 5813 3679 5881 qui
3703 5813 3828 5868 dili—
