4048 6440
145 390 218 444 97

148 514 284 578 gnnt
331 500 481 556 illum
517 513 532 552 :
571 482 748 566 quani
785 492 993 546 utinam
1043 500 1145 538 nos
1189 494 1384 536 omnes
1435 485 1745 544 consequa-

151 564 295 658 innr,
321 589 496 663 gratia
529 564 948 658 etbenignitste
982 574 1194 632 Domini
1221 568 1400 628 nostri
1427 566 1558 624 Jesu
1582 564 1745 621 Chri-

1215 359 1280 416 IN
1319 350 1640 415 roman
1697 322 1938 406 uouit.
1979 341 2098 399 xv.
2135 338 2206 394 al.
2247 333 2388 392 xxv.

1856 465 1953 533 sti,
1985 463 2073 520 cui
2119 460 2294 534 gloria
2337 461 2394 511 et
2440 448 2732 522 imperiunt
2761 445 2816 500 in
2867 440 3068 500 saecula
3101 433 3456 495 secutorum.

1853 559 2050 615 Amen.

3379 317 3472 372 (γε.

386 815 391 819 ·
1477 770 1831 839 HOMILIA
1879 763 2019 828 XV.

149 938 234 994 18.
267 936 438 994 Deum
463 952 608 991 nemo
643 933 767 988 vidit
794 945 1076 1003 umquam:
1104 926 1412 999 Unigeuitus
1442 920 1631 986 Filius,
1670 917 1757 990 qui

475 1036 549 1083 est
576 1027 629 1081 in
653 1026 768 1080 sinu
795 1022 998 1090 Patris,
1021 1020 1130 1093 ipse
1153 1016 1432 1073 enarravit.

229 1127 286 1181 1.
325 1121 444 1178 Non
472 1134 535 1175 ea
565 1125 648 1174 est
691 1116 782 1172 Dei
838 1114 1112 1192 voluntas,
1145 1116 1202 1166 ut
1244 1122 1415 1164 sacra:
1464 1103 1760 1174 Scriptum

155 1216 373 1272 nomina
407 1222 610 1269 tantum
643 1219 699 1267 et
727 1209 888 1264 verba
910 1205 1214 1268 audiamus,
1241 1201 1335 1258 sed
1363 1208 1422 1256 ut
1441 1213 1565 1255 cum
1593 1195 1760 1251 multa

158 1309 444 1383 prudentia
477 1304 858 1377 intelligamus.
882 1300 1009 1356 Ideo
1036 1299 1230 1354 beatus
1251 1292 1416 1350 David
1446 1291 1765 1364 plerumque

163 1380 243 1460 sic
272 1401 518 1458 Psalmos
543 1411 672 1454 suos
703 1393 978 1464 inscripsit
1004 1431 1019 1454 ,
1055 1385 1457 1443 lnintellectum
1480 1425 1496 1450 ,
1525 1388 1583 1436 et
1611 1380 1763 1435 diee-

167 1497 299 1548 bat:
335 1488 524 1546 Revela
549 1486 726 1543 oculos
755 1499 913 1548 meos,
960 1489 1009 1536 et
1044 1476 1380 1535 considerabo
1422 1470 1680 1527 mirabilia
1705 1468 1769 1523 de

163 1587 272 1659 lege
296 1593 384 1637 tua
409 1580 584 1651 (Psal.
617 1579 745 1636 118.
775 1577 891 1649 18).
923 1575 1052 1630 Post
1073 1573 1249 1643 ipsum
1274 1569 1415 1624 ﬁlius
1444 1567 1560 1637 ejus
1589 1563 1768 1629 docet,

168 1656 496 1746 sapientiam
539 1670 692 1742 quasi
740 1674 1021 1740 argentum
1047 1659 1440 1733 exquirendum
1471 1673 1628 1722 esse;
1663 1656 1772 1710 imo

170 1768 457 1839 plusquam
487 1777 678 1819 aurum
705 1757 1124 1830 comparandam
1146 1754 1164 1827 (
1190 1751 1346 1810 Prov.
1381 1751 1470 1808 16.
1503 1748 1634 1816 16).
1667 1747 1773 1803 Do-

171 1861 351 1917 minus
373 1874 501 1914 vero
525 1855 740 1912 Judazos
766 1853 1014 1908 hortatur
1040 1891 1055 1916 ,
1085 1859 1144 1903 ut
1168 1854 1477 1904 scrutentur
1527 1842 1774 1912 Scriptu-

173 1968 286 2021 ras,
317 1951 385 2008 ad
413 1950 782 2019 majoremque
813 1958 914 2000 nos
949 1940 1152 1998 inducit
1181 1936 1650 2009 perquisitiouem.
1673 1931 1778 1988 Ne-

168 2063 278 2120 que
328 2045 473 2100 enim
519 2043 597 2098 sic
640 2041 909 2120 loquutus
940 2035 1150 2098 fuisset,
1193 2031 1240 2088 si
1290 2029 1471 2086 statim
1520 2039 1550 2082 a
1605 2025 1778 2098 prima

171 2116 408 2198 lectione
435 2137 550 2192 haec
575 2131 799 2203 intelligi
851 2116 1092 2200 possent.
1124 2123 1280 2194 Quod
1317 2123 1460 2178 enim
1517 2121 1570 2175 in
1602 2117 1782 2174 medio

173 2231 408 2304 positum
436 2226 624 2285 statim
651 2225 963 2297 percipitur,
993 2232 1154 2275 nemo
1181 2223 1450 2273 scrutatus
1467 2211 1624 2269 fuerit
1647 2227 1662 2276 ;
1686 2207 1782 2265 sed

174 2300 231 2381 id
262 2330 466 2379 tantum
498 2317 639 2390 quod
671 2315 958 2373 obscurum
988 2319 1073 2368 est
1097 2318 1153 2366 et
1182 2307 1352 2363 multo
1373 2312 1494 2376 eget
1511 2300 1782 2360 examine.

179 2415 309 2472 Ideo
334 2413 643 2469 thesaurum
667 2404 1044 2463 absconditum
1064 2402 1376 2472 Scripturas
1399 2410 1521 2453 esse
1547 2394 1699 2460 dicit,
1731 2399 1789 2449 ut

180 2509 252 2566 ad
283 2505 682 2579 inquisitionem
707 2517 806 2558 nos
831 2497 1056 2556 excitet.
1098 2494 1226 2550 Iliae
1265 2499 1448 2547 autem
1483 2487 1606 2545 ideo
1643 2484 1790 2543 dixi-

181 2613 330 2664 mus,
356 2576 421 2654 ut
461 2610 533 2652 ue
579 2594 755 2650 obiter
792 2599 849 2647 et
866 2585 1259 2661 ,perfunctorie
1305 2581 1600 2652 Scriptum
1626 2576 1790 2634 verba

180 2689 578 2765 aggrediamur,
601 2683 696 2741 sed
728 2696 851 2738 cum
878 2676 1222 2735 accuratione
1239 2673 1426 2730 multa.
1451 2670 1507 2727 Si
1525 2667 1792 2742 quispiam

173 2762 332 2855 enim
358 2783 476 2836 sine
501 2775 750 2833 examine
771 2773 889 2845 ejus
916 2770 1058 2826 dicta
1089 2766 1292 2834 audiat,
1315 2773 1372 2821 et
1395 2762 1574 2820 omnia
1600 2775 1795 2818 secun-

186 2853 559 2931 dutnlittcram
589 2869 836 2938 accipiat,
863 2862 1095 2922 absurda
1127 2860 1292 2915 multa
1325 2858 1395 2914 de
1427 2856 1536 2912 Deo
1557 2853 1795 2926 suspica-

189 2966 358 3022 bitur.
382 2961 516 3018 Nam
548 2961 701 3015 illum
747 2956 1024 3014 hominem
1067 2967 1211 3018 esse,
1245 2957 1300 3006 et
1334 2962 1569 3014 aeneum,
1591 2947 1799 3000 iracun-

187 3057 342 3123 dum,
388 3051 737 3110 furibundum
773 3047 1001 3120 putabit,
1048 3052 1104 3101 et
1154 3044 1238 3099 his
1273 3041 1542 3097 deteriora
1591 3037 1662 3123 de
1704 3036 1798 3092 illo

187 3150 443 3220 dogmata
473 3144 724 3214 excipiet.
759 3142 816 3198 Si
853 3153 983 3196 vero
1029 3135 1348 3209 profundam
1395 3131 1512 3203 ejus
1559 3122 1797 3187 mentem

193 3219 500 3301 edidicerit,
514 3232 765 3292 absardis
791 3226 1096 3300 huiusmodi
1127 3223 1474 3296 opinionibus
1513 3221 1648 3276 liber
1672 3219 1797 3277 erit.

193 3333 330 3392 Nam
353 3332 407 3386 in
438 3330 538 3384 hac
562 3324 836 3400 pr0posita
864 3322 1095 3379 lectione
1115 3319 1256 3374 Deus
1283 3316 1480 3398 dicitur
1503 3314 1680 3370 sinum
1706 3313 1802 3366 ha-

197 3431 347 3490 bere,
400 3419 543 3493 quod
564 3392 678 3475 'est-
715 3415 1033 3486 corporibus
1077 3392 1386 3482 proprium.
1417 3408 1488 3461 At
1523 3417 1684 3460 nemo
1728 3403 1802 3458 ita

195 3517 392 3574 stultus
415 3522 520 3581 est,
550 3521 600 3566 ttt
631 3511 1005 3578 incorporeum
1027 3516 1224 3572 corpus
1251 3513 1374 3555 esse
1403 3505 1570 3568 putet.
1604 3494 1673 3552 Ut
1697 3495 1802 3549 ita-

194 3625 304 3683 que
330 3606 512 3665 omnia
541 3601 806 3674 spirituali
836 3613 1002 3656 sensu
1047 3593 1413 3667 percipiamus
1437 3632 1453 3658 ,
1500 3604 1599 3661 age
1643 3587 1804 3643 altius

195 3679 341 3762 Iiuuc
356 3703 530 3757 locum
561 3697 921 3768 exploremus.
947 3689 1109 3745 Deum
1133 3703 1280 3743 nemo
1295 3686 1420 3740 vidit
1437 3698 1695 3754 umquam.
1721 3679 1803 3736 Ex

194 3810 302 3869 qua
333 3792 464 3849 illud
510 3786 895 3859 consequentia
939 3781 1267 3853 evangelista
1311 3777 1482 3834 dicit?
1516 3776 1804 3844 Postquam

196 3865 511 3948 ostenderat
536 3891 735 3938 tantam
781 3878 924 3933 illam
955 3875 1218 3931 donorum
1250 3868 1448 3928 Christi
1478 3865 1802 3939 magnitudi-

200 3996 346 4046 nem,
370 3987 444 4048 et,
468 3989 628 4047 quam
676 3973 941 4028 immenso
973 3967 1089 4022 hinc
1125 3963 1437 4021 discrimine
1477 3961 1566 4016 illa
1608 3972 1730 4030 quas
1773 3971 1805 4012 a

200 4075 386 4145 Moyse
424 4069 732 4138 dispensata
781 4062 996 4145 fuerant
1043 4063 1386 4130 superarent,
1426 4053 1541 4109 vult
1586 4051 1805 4107 demum

198 4142 618 4222 consentaneum
657 4143 975 4212 differentia:
1009 4164 1229 4206 causam
1259 4147 1493 4218 aperire.
1524 4143 1620 4200 Ille
1660 4142 1805 4199 enim

199 4269 392 4315 servus
419 4267 542 4310 cum
564 4258 714 4307 esset
739 4290 754 4315 ,
805 4246 1149 4302 humiliorum
1191 4257 1371 4298 rerum
1402 4240 1650 4295 minister
1671 4236 1803 4305 fuit;

200 4350 290 4406 hic
315 4362 444 4403 vero
471 4343 748 4407 Dominus,
783 4353 878 4395 rex
902 4379 918 4404 ,
973 4337 1114 4408 regis
1161 4334 1330 4390 Filius
1351 4374 1367 4401 ,
1404 4331 1565 4402 longe
1599 4330 1805 4401 majora

201 4439 360 4498 nobis
386 4436 584 4502 attulit,
610 4433 702 4505 qui
732 4446 854 4487 cum
889 4437 1040 4501 patre
1067 4441 1284 4498 semper
1310 4411 1393 4480 est
1421 4433 1476 4481 et
1504 4423 1654 4480 videt
1678 4438 1805 4480 eum

139 4579 142 4582 .
201 4539 484 4604 perpetuo.
514 4528 802 4596 Propterea
822 4523 939 4577 huic
960 4520 1156 4587 intulit,
1187 4517 1354 4574 Deum
1379 4532 1526 4571 nemo
1550 4515 1672 4570 sidit
1693 4532 1809 4570 tim-

200 4640 379 4696 quam.
411 4620 549 4689 Quid
593 4633 722 4690 ergo
746 4616 990 4672 dicemus
1010 4612 1354 4670 vocalissimo
1379 4611 1530 4667 lsaiaa
1556 4609 1757 4666 dicenti
1789 4629 1803 4665 :

213 4715 330 4770 Vidi
351 4711 630 4768 Dominum
651 4708 905 4764 sedentem
921 4720 1075 4776 super
1099 4703 1283 4759 saliunt
1302 4702 1557 4757 excelsum
1576 4710 1625 4756 et
1637 4701 1807 4756 eleva-

201 4807 347 4878 tuut(
379 4797 508 4862 Isai.
541 4805 594 4858 6.
624 4804 647 4859 I
682 4801 740 4873 )‘l
770 4799 899 4871 quid
930 4798 1124 4878 Joanni
1153 4795 1461 4852 testificanti
1485 4796 1657 4867 ipsum
1686 4789 1809 4850 haec

200 4872 428 4962 dixisse,
455 4872 833 4967 quandovidit
870 4872 1095 4961 gloriam
1123 4887 1283 4958 ejus?
1320 4885 1447 4958 quid
1495 4885 1809 4942 Ezechiel”

203 5005 328 5047 nam
352 4998 408 5043 et
428 4988 544 5058 ipse
581 4999 746 5056 super
791 4981 1086 5039 Cherubim
1129 4979 1408 5036 sedentem
1457 4977 1606 5032 illum
1630 4977 1807 5032 vidit:

202 5082 332 5155 quid
359 5079 587 5146 Danieli,
619 5080 709 5150 qui
740 5087 794 5134 et
823 5078 939 5148 ipse
975 5075 1137 5142 dicit,
1171 5075 1426 5145 Antiquus
1456 5074 1654 5128 dierum
1679 5073 1807 5129 sedit

203 5175 370 5244 (Dan.
402 5175 456 5228 7.
480 5171 580 5245 9)?
609 5169 738 5242 quid
760 5179 814 5225 el
837 5169 938 5238 ipsi
963 5167 1133 5248 Moxsi
1164 5166 1386 5232 dicenti,
1423 5165 1649 5221 Ostende
1686 5165 1810 5219 mihi

200 5266 423 5340 gloriam
451 5273 612 5329 tuam,
643 5271 698 5315 ut
725 5259 991 5330 manifeste
1031 5259 1231 5313 videam
1260 5268 1308 5312 te
1332 5257 1530 5328 (Exod.
1558 5258 1645 5313 33.
1682 5259 1810 5329 I5)?

201 5357 372 5414 Jacoh
400 5370 529 5411 vero
557 5353 682 5409 hinc
711 5352 1126 5424 appellationem
1170 5354 1397 5421 accepit,
1445 5351 1609 5407 Israel
1645 5365 1807 5406 voca-

205 5459 292 5506 tus
324 5466 338 5503 :
372 5446 533 5502 Israel
562 5447 728 5511 enim,
761 5444 947 5499 videns
981 5445 1171 5510 Deum,
1219 5443 1507 5515 signiﬁcat.
1540 5443 1643 5497 Alii
1675 5458 1810 5512 quo-

201 5557 308 5614 que
335 5539 512 5612 ipsum
539 5539 808 5594 viderunt.

277 5633 418 5690 Deus
449 5631 724 5687 secundum
754 5631 946 5685 nudam
989 5629 1320 5684 substantiam
1368 5643 1399 5680 a
1438 5631 1639 5681 nemine
1674 5627 1807 5680 visus

205 5737 296 5782 est.
331 5756 402 5769 -
432 5724 572 5795 Quid
615 5739 744 5796 ergo
770 5724 1005 5780 Joannes
1037 5725 1132 5788 ait,
1169 5721 1332 5777 Deum
1360 5739 1506 5777 nemo
1537 5722 1660 5775 vidit
1690 5737 1803 5774 tmt-

205 5817 399 5889 quam?
454 5817 516 5874 Ut
572 5807 879 5890 ostenderet
940 5816 1024 5870 illa
1074 5816 1252 5871 omnia
1303 5815 1800 5885 attetnperationcm

1865 907 2156 984 quamdam
2182 917 2325 968 esse,
2365 915 2468 955 non
2501 896 2660 953 nudae
2682 891 3001 950 substantia:
3029 887 3313 943 visionem.
3344 882 3478 939 Nam

1867 977 1912 1059 si
1941 1000 2113 1073 ipsam
2165 1005 2416 1052 naturam
2475 988 2759 1052 vidissent,
2803 998 2910 1040 non
2957 982 3179 1037 diverso
3220 977 3481 1033 vidissent

1865 1070 2051 1152 modo.
2083 1088 2328 1160 Simplex
2361 1085 2507 1143 enim
2544 1082 2634 1137 illa
2664 1087 2771 1146 est,
2796 1077 2918 1134 sine
2947 1075 3138 1145 ﬁgura,
3180 1070 3300 1127 sine
3327 1083 3477 1125 com-

1869 1187 2158 1262 positione,
2184 1177 2693 1247 iucireuutscripta;
2727 1187 2837 1227 non
2859 1171 3036 1234 sedet,
3081 1182 3189 1222 non
3217 1172 3340 1240 stat.
3377 1178 3486 1218 non

1869 1259 2130 1336 ambulat.
2174 1274 2304 1343 Ilaec
2350 1273 2549 1345 quippe
2598 1266 2780 1323 omnia
2810 1263 2879 1319 ad
2908 1276 3139 1334 corpora
3187 1259 3481 1330 pertinent.

1869 1371 2155 1442 Quomodo
2192 1376 2372 1424 autem
2422 1367 2528 1431 sit,
2571 1363 2688 1433 ipse
2735 1358 2886 1417 solus
2929 1357 3096 1414 novit.
3154 1356 3220 1410 Et
3255 1353 3363 1408 hoc
3392 1355 3490 1424 poi~

1875 1439 2196 1538 prophetam
2223 1458 2514 1532 quemdam
2554 1457 2670 1526 ipse
2712 1453 2856 1509 Deus
2899 1461 2957 1508 et
2983 1439 3146 1506 Pater
3168 1447 3484 1503 declaravit.

1878 1532 2012 1632 Ego,
2042 1556 2215 1627 inquit
2234 1595 2249 1620 ,
2293 1554 2511 1608 uisiones
2543 1545 2905 1620 multiplicaoi,
2940 1553 2989 1599 et
3019 1544 3072 1598 in
3102 1532 3336 1598 manibus
3367 1554 3491 1610 pro-

1878 1653 2152 1724 phetarum
2177 1644 2496 1704 assimilatas
2516 1659 2631 1699 stmt
2660 1642 2678 1714 (
2709 1639 2840 1696 Osee
2869 1637 2957 1696 li.
2990 1637 3060 1694 10
3087 1637 3106 1709 )
3132 1652 3146 1704 ;
3179 1634 3230 1690 id
3258 1642 3342 1690 est
3364 1674 3381 1698 ,
3412 1633 3494 1688 llo

1879 1741 2255 1814 attemperavi,
2288 1754 2462 1810 neque
2492 1737 2543 1793 id
2572 1736 2716 1808 quod
2738 1748 2885 1792 eram
2908 1732 3157 1804 apparui.
3183 1730 3316 1798 Quia
3349 1729 3494 1784 enim

1882 1838 2049 1895 Filius
2072 1834 2191 1908 ejus
2222 1835 2274 1889 in
2304 1848 2430 1888 vera
2457 1845 2621 1887 carne
2651 1829 2808 1884 nobis
2835 1826 3172 1884 adventurus
3209 1832 3359 1889 erat,
3383 1822 3500 1893 jam

1882 1930 2015 1984 olim
2047 1928 2173 1983 illos
2197 1922 2552 1989 exercitabat,
2607 1929 2668 1977 ut
2697 1919 2793 1977 Dei
2823 1917 3179 1976 substantiam
3211 1914 3458 1972 viderent
3483 1957 3498 1980 ,

1882 2033 2142 2096 quantum
2170 2019 2354 2076 videre
2379 2025 2650 2089 poterant.
2679 2013 2813 2070 Nam
2838 2012 2891 2069 id
2919 2013 3063 2084 quod
3094 2012 3236 2068 Deus
3263 2019 3368 2076 eat,
3391 2025 3499 2065 non

1887 2115 2049 2174 modo
2087 2112 2387 2186 protubetze,
2417 2109 2514 2167 sed
2558 2123 2660 2166 nec
2707 2105 2884 2179 angeli
2916 2119 3019 2161 nec
3062 2102 3374 2176 archangeli
3418 2103 3502 2157 vi-

1887 2207 2012 2264 dent
2047 2223 2062 2262 :
2092 2204 2191 2261 sed
2231 2204 2277 2260 si
2319 2204 2624 2272 interroges
2654 2199 2796 2266 illos,
2825 2199 2962 2254 nihil
2991 2198 3058 2254 de
3089 2196 3388 2253 substantia
3413 2211 3504 2252 re-

1889 2297 2220 2371 spondentes
2246 2295 2457 2360 audies,
2481 2293 2577 2349 sed
2599 2300 2802 2348 tantum
2828 2298 3108 2356 canentes,
3135 2287 3314 2344 Gloria
3337 2289 3390 2341 in
3419 2304 3508 2342 ex-

1891 2392 2040 2448 celsis
2069 2390 2180 2447 Deo
2200 2399 2248 2445 et
2277 2389 2332 2444 in
2355 2398 2491 2442 terra
2533 2402 2657 2457 pax,
2704 2386 2758 2440 in
2800 2383 3088 2439 hominibus
3116 2383 3249 2438 bona
3273 2383 3510 2438 voluntas

1895 2483 2049 2560 (Luc.
2075 2483 2132 2538 ἢ.
2166 2481 2283 2554 ll).
2325 2480 2435 2537 Sia
2487 2476 2812 2534 Cherubinis
2860 2485 2912 2532 et
2943 2474 3259 2547 Seraphinis
3304 2472 3510 2545 aliquid

1895 2577 2144 2634 ediscere
2171 2573 2330 2641 velis,
2379 2571 2670 2642 mysticum
2711 2567 3161 2624 sanctiﬁcationis
3205 2567 3377 2622 melos
3413 2581 3513 2620 au-

1896 2666 2034 2733 dies,
2062 2675 2136 2733 et,
2176 2664 2325 2719 Pleni
2355 2671 2474 2718 sunt
2502 2661 2617 2716 ειειὶ
2645 2670 2692 2716 et
2734 2669 2870 2714 terra
2914 2659 3082 2732 gloria
3107 2659 3219 2730 ejus
3246 2661 3262 2729 (
3289 2656 3420 2714 Isai.
3455 2657 3509 2712 6.

1898 2760 1977 2832 3).
2009 2758 2066 2816 Si
2096 2771 2361 2830 supernas
2391 2756 2616 2811 virtutes
2639 2753 2994 2825 perconteris,
3027 2752 3160 2807 nihil
3185 2750 3328 2806 aliud
3358 2766 3512 2807 com-

1901 2852 2102 2923 peries,
2135 2849 2238 2905 nisi
2285 2842 2458 2905 totum
2501 2847 2632 2903 illis
2661 2861 2798 2917 opus
2849 2859 2971 2901 esse
3021 2841 3188 2901 Deum
3242 2842 3513 2900 laudare:

1901 2941 2159 3011 Laudate,
2189 2942 2389 3013 inquit,
2421 2956 2559 3006 eunt,
2592 2955 2768 2995 omnes
2797 2938 3004 2994 uirtutes
3026 2937 3181 3010 ejus(
3211 2934 3358 2992 Psal.
3385 2937 3516 2993 118.

1901 3033 1984 3109 2).
2011 3033 2172 3091 Solus
2221 3048 2353 3105 ergo
2380 3031 2546 3089 Filius
2578 3033 2756 3103 ipsum
2787 3030 2969 3096 videt,
3004 3030 3242 3102 itemque
3283 3029 3525 3102 Spiritus

1896 3137 2146 3187 sanctus.
2197 3125 2390 3184 Creata
2444 3127 2646 3198 quippe
2677 3133 2868 3181 natura
2899 3125 3174 3197 quomodo
3218 3126 3524 3182 increatum

1903 3219 2090 3276 videre
2112 3219 2326 3290 possit?
2351 3217 2485 3273 Nam
2517 3217 2564 3272 si
2597 3217 2977 3286 incorporcam
3023 3217 3322 3289 quamlibet
3352 3219 3522 3273 virtu-

1909 3321 2041 3382 tem,
2071 3313 2174 3369 etsi
2205 3327 2266 3368 ea
2299 3320 2481 3369 creata
2512 3312 2616 3376 sit,
2653 3310 2800 3367 clare
2833 3310 3153 3381 conspicere
3197 3312 3483 3383 nequimus
3503 3355 3517 3380 ,

1907 3405 2093 3462 ethoc
2137 3419 2282 3477 saepe
2313 3405 2367 3460 in
2417 3404 2627 3476 angelis
2664 3409 2944 3459 ostensum
2981 3411 3084 3472 est,
3133 3404 3305 3460 multo
3345 3405 3524 3461 minus

1908 3495 2284 3568 incorpoream
2325 3504 2380 3552 et
2419 3510 2526 3551 non
2558 3493 2756 3552 factam
2790 3504 3037 3551 naturam
3084 3495 3269 3553 videre
3318 3500 3523 3566 poteri-

1909 3601 2054 3644 mus.
2092 3585 2217 3644 Ideo
2248 3586 2451 3644 Paulus
2476 3599 2692 3658 quoque
2737 3584 2813 3640 ait
2848 3602 2862 3640 :
2892 3585 3058 3654 Quem
3083 3603 3230 3641 nemo
3260 3587 3524 3643 Itomimmt

1907 3682 2056 3746 vidit,
2077 3696 2240 3752 neque
2265 3680 2434 3735 uidere
2457 3687 2623 3753 potest
2651 3678 2729 3752 (1.
2759 3677 2896 3734 Tim.
2922 3678 2975 3735 6.
3007 3678 3124 3751 16).
3154 3678 3339 3736 Soline
3359 3681 3526 3751 igitur

1912 3774 2058 3832 Patri
2109 3774 2213 3829 hoc
2259 3772 2591 3888 praecipuum
2638 3771 2921 3842 competit,
2970 3787 3078 3826 non
3128 3783 3309 3828 autem
3349 3773 3530 3829 Filio?

1924 3870 2092 3888 n_-..-
2124 3885 2135 3888 _
2172 3867 2327 3888 -.!-.._
2382 3865 2515 3888 "ut-
2555 3863 2695 3888 2..-...
2767 3863 2921 3888 ΠηΑΔ
2975 3873 3022 3888 ..ι
3077 3863 3153 3888 2112
3203 3865 3322 3888 ι..-ι.
3405 3866 3524 3888 --_.l:

1910 3867 2332 3941 Apagezetiam
2381 3865 2518 3921 Filio
2545 3863 2718 3920 ‘inest.
2767 3863 2921 3933 Quod
2971 3873 3028 3920 et
3076 3863 3153 3920 illi
3201 3865 3346 3927 insit,
3403 3866 3526 3922 audi

1911 3961 2147 4018 Paulum
2180 3959 2591 4016 declarantem:
2628 3955 2732 4023 Qui
2783 3965 2859 4011 est
2913 3957 3084 4029 imago
3121 3955 3218 4012 Dei
3262 3958 3529 4013 invisibilis

1915 4053 1935 4126 (
1965 4052 2160 4109 Coloss.
2192 4052 2245 4107 1.
2276 4051 2344 4107 lii
2371 4047 2413 4124 ).
2437 4049 2538 4117 Qui
2579 4058 2760 4104 autem
2795 4048 3080 4106 invisibilis
3113 4047 3292 4122 imago
3321 4058 3407 4106 est
3427 4093 3442 4116 ,
3474 4061 3530 4107 et

1913 4146 2032 4221 ipse
2063 4144 2350 4202 invisibilis
2376 4153 2494 4210 est;
2545 4143 2682 4198 alias
2713 4158 2820 4197 non
2865 4152 3011 4199 esset
3057 4143 3255 4215 imago.
3279 4143 3434 4211 Quod
3482 4147 3540 4201 si.

1912 4240 2044 4297 alibi
2065 4239 2208 4296 dicat
2241 4257 2254 4292 :
2286 4237 2428 4294 Deus
2455 4237 2814 4308 manifestatus
2843 4246 2915 4291 est
2937 4240 2990 4291 in
3017 4254 3172 4293 came
3197 4238 3275 4309 (l.
3307 4237 3440 4292 Tim.
3469 4240 3524 4295 ὅ.

1916 4332 2043 4406 16);
2075 4348 2144 4388 ne
2171 4330 2386 4386 mireris
2420 4347 2433 4384 :
2463 4344 2587 4384 nam
2619 4327 2990 4385 manifestatio
3022 4345 3118 4399 per
3138 4344 3384 4397 carnem,
3421 4345 3528 4387 non

1930 4424 2212 4482 ecundum
2233 4422 2528 4480 essentiam
2560 4421 2704 4475 facta
2730 4427 2840 4476 est.
2867 4419 3144 4490 Siquidem
3188 4423 3362 4492 Ipsum
3397 4423 3532 4477 invi-

1915 4517 2126 4574 sibilem
2159 4530 2305 4581 esse,
2331 4528 2440 4569 non
2470 4511 2635 4568 modo
2665 4510 2997 4574 hominibtts,
3029 4512 3124 4568 sed
3146 4512 3309 4569 etiam
3334 4529 3528 4585 super-

1915 4612 2001 4667 nis
2027 4609 2338 4673 virtutibus,
2366 4605 2606 4663 ostendit
2634 4603 2853 4660 Paulus.
2906 4603 3045 4660 Cum
3086 4604 3314 4662 dixisset
3357 4608 3528 4672 enim,

1917 4702 2282 4773 Hanifestatus
2302 4709 2374 4754 est
2401 4699 2455 4754 in
2474 4713 2645 4764 carne,
2676 4695 2936 4764 subdidit,
2963 4694 3116 4752 Visus
3143 4706 3217 4752 est
3240 4699 3457 4771 angelis.

1986 4796 2042 4852 Ω.
2077 4794 2261 4864 Itaque
2290 4800 2418 4847 tunc
2451 4789 2657 4863 angelis
2706 4787 2853 4845 visus
2878 4797 2984 4857 est,
3027 4804 3152 4845 cum
3187 4804 3408 4848 carnem
3449 4792 3535 4848 it»-

1916 4885 2070 4944 duit:
2102 4895 2261 4943 antea
2291 4893 2474 4941 autem
2503 4884 2678 4954 ipsum
2709 4898 2816 4938 non
2850 4883 2920 4937 ita
2951 4882 3228 4949 videbant,
3260 4884 3530 4958 siquidem

1917 4980 2217 5038 substantia
2244 4977 2374 5049 ipsis
2405 4975 2687 5032 invisibilis
2712 4983 2851 5030 erat.
2885 4973 2955 5029 Et
2973 4975 3270 5048 quomodo,
3296 4977 3526 5048 inquies,

1918 5073 2048 5129 dicit
2071 5071 2342 5137 Christus,
2376 5068 2461 5124 Ne
2503 5067 2838 5123 contemnatis
2875 5083 3032 5121 unum
3067 5084 3132 5122 ea:
3172 5069 3252 5123 Itis
3280 5087 3374 5138 pus
3396 5071 3482 5125 llis
3518 5087 3535 5126 :

1918 5167 2031 5221 dico
2059 5167 2194 5220 enim
2235 5163 2391 5228 vobis,
2437 5161 2576 5232 quod
2610 5158 2780 5231 angeli
2810 5174 2985 5212 eorum
3011 5176 3213 5230 semper
3247 5161 3417 5216 vident
3446 5166 3532 5234 fu-

1917 5259 2049 5312 cienl'
2075 5255 2250 5310 Patris
2280 5255 2411 5321 mei,
2434 5253 2520 5326 qui
2548 5252 2599 5306 in
2627 5251 2766 5306 cazlis
2791 5259 2863 5305 est
2886 5249 3104 5321 (Matth.
3139 5251 3229 5307 18.
3254 5252 3372 5324 Ill)?
3389 5254 3528 5322 Quid

1918 5350 2103 5407 enim?
2128 5365 2254 5403 num
2287 5347 2478 5402 faciem
2522 5345 2684 5400 habet
2722 5343 2885 5410 Deus,
2917 5352 2973 5399 et
3014 5345 3066 5399 iit
3109 5343 3258 5399 cmlis
3301 5346 3532 5401 circurn-

1919 5440 2214 5498 scribitur?
2248 5438 2445 5494 Verum
2493 5451 2655 5492 nemo
2708 5436 2780 5491 ita
2821 5434 3073 5501 insaniat,
3105 5444 3162 5490 ut
3207 5433 3323 5492 hinc
3361 5436 3524 5493 dicat.

1917 5533 2055 5604 Quid
2097 5547 2227 5601 ergo
2269 5545 2410 5586 nunc
2457 5528 2692 5586 dicitur?
2733 5527 3206 5596 Quemadmodum
3249 5543 3369 5585 cunt
3413 5531 3536 5585 ait;

1917 5625 2061 5680 Beati
2092 5624 2282 5678 mundo
2310 5623 2480 5687 corde,
2503 5621 2745 5692 quoniam
2764 5620 2863 5690 ipsi
2884 5617 3049 5674 Deum
3069 5619 3528 5691 videbunt(Mattli.

1917 5719 1969 5772 5.
2006 5719 2094 5786 8);
2124 5719 2190 5772 de
2235 5717 2320 5771 illa
2350 5731 2471 5787 qua:
2501 5713 2802 5771 secundum
2830 5723 3068 5768 mentem
3101 5722 3186 5770 est
3211 5714 3420 5771 visione
3453 5717 3530 5769 lo-

1923 5815 2123 5884 quitur,
2154 5809 2308 5866 nobis
2341 5808 2600 5881 possibili,
2631 5815 2685 5864 et
2710 5806 2776 5863 de
2805 5804 3128 5876 cogitatione
3162 5805 3329 5873 Deum
3363 5808 3531 5877 respi-
