4048 6510
530 369 597 426 99
1227 360 1283 417 S.
1323 356 1596 414 JOANNIS
1631 347 2100 409 CIIRVSOSTOMI
2142 343 2461 402 ARCIIIEP.
2504 344 3034 402 CONSTANTINOP.

534 482 752 536 ciente:
795 477 872 535 sic
915 486 969 531 et
1006 475 1072 530 de
1115 472 1317 543 angelis
1357 467 1638 524 dicendum
1687 475 1790 531 est,
1838 465 1981 533 ipsos
2025 475 2121 530 per

535 591 722 645 puram
754 583 808 627 et
853 569 1063 640 vigilem
1107 575 1350 621 naturam
1399 576 1548 615 suam
1591 559 1718 614 nihil
1764 556 1930 620 aliud,
1963 569 2119 624 quant

540 666 725 728 Deum,
759 675 969 730 semper
1002 656 1295 726 imaginari.
1325 653 1446 707 Ideo
1476 654 1588 721 ipse
1609 663 1820 719 quoque
1841 648 1930 710 ait,
1960 646 2122 698 Nemo

539 758 673 811 nouit
699 763 913 826 patrem,
945 752 1038 806 nisi
1066 747 1230 802 Filius
1256 745 1471 815 (Matth.
1504 745 1590 797 11.
1618 741 1732 811 27).
1763 739 1898 808 Quid
1927 734 2122 806 igitur?

539 865 795 908 ottutesne
828 847 879 899 in
924 843 1218 916 ignorantia
1248 839 1470 895 sumus?
1501 837 1655 892 Absit
1684 854 1696 890 :
1728 834 1820 890 sed
1853 845 2011 886 nemo
2046 829 2124 883 sic

538 941 703 1004 novit,
734 948 792 992 ut
817 938 1000 992 Filius.
1031 935 1100 990 Ut
1124 933 1279 1004 igitur
1302 929 1452 985 multi
1481 929 1504 960 ι
1527 943 1621 998 pro
1645 934 1802 994 captu
1823 937 1921 977 suo
1952 922 2123 990 ipsum

542 1030 808 1090 viderunt.
839 1024 1186 1082 substantiam
1230 1035 1358 1076 vero
1401 1033 1559 1074 nemo
1591 1015 1751 1078 vidit;
1793 1013 1871 1067 sic
1899 1021 1952 1066 et
1984 1023 2126 1063 nunc

540 1136 727 1177 ouiues
767 1120 931 1173 Deum
985 1115 1251 1179 novimus,
1302 1107 1654 1167 substantiam
1700 1119 1828 1160 vero
1855 1103 1972 1173 ejus
2006 1115 2127 1171 qua:

539 1216 609 1270 sit
633 1227 789 1267 nemo
813 1211 981 1272 novit,
1015 1208 1114 1262 nisi
1162 1209 1206 1260 is
1235 1205 1324 1275 qui
1374 1217 1440 1258 ex
1480 1202 1596 1270 ipso
1625 1205 1778 1253 natus
1803 1205 1906 1251 est.
1935 1191 2127 1262 Cogni-

541 1306 737 1358 tionem
768 1300 911 1356 enim
955 1299 1041 1352 hic
1085 1295 1217 1351 dicit
1254 1301 1455 1350 certam
1495 1291 1754 1346 visionem
1785 1295 1839 1342 et
1879 1297 2128 1350 compre-

544 1393 876 1457 heusionem,
926 1388 1190 1458 talemque
1228 1384 1437 1456 qualem
1476 1381 1634 1436 Pater
1670 1378 1737 1434 de
1780 1376 1916 1431 Filio
1947 1373 2125 1427 habet.

544 1487 843 1542 Sicut-cnim
871 1481 1133 1552 cognoscit
1155 1495 1232 1533 me
1258 1476 1434 1546 Pater,
1466 1473 1654 1545 inquit,
1694 1481 1740 1526 et
1764 1486 1855 1541 ego
1883 1479 2129 1539 cognosco

545 1577 750 1632 Putrem
777 1573 955 1645 (J‘oan.
982 1572 1066 1627 10.
1094 1567 1204 1642 15).

618 1670 847 1726 Christus
876 1667 1009 1738 quod
1030 1665 1080 1718 in
1100 1664 1214 1718 sinu
1236 1660 1412 1716 Patris
1438 1659 1521 1724 sit,
1545 1664 1780 1711 accurate
1810 1653 2015 1707 Patrem
2039 1665 2132 1705 no-

546 1765 634 1817 vit.
662 1792 731 1802 —
756 1762 1090 1829 QuaprOptcr
1132 1755 1254 1810 vide
1291 1769 1411 1810 cum
1449 1759 1644 1823 quanta
1687 1747 1973 1804 securitate
1999 1747 2018 1777 ³
2055 1746 2133 1799 lo-

547 1863 738 1924 quatur
779 1849 1125 1921 evangelista.
1168 1843 1300 1900 Cum
1340 1845 1562 1900 dixisset
1589 1841 1753 1906 enim,
1801 1836 1964 1891 Deum
1990 1851 2134 1889 nemo

549 1947 669 1999 sidit
700 1959 954 2012 umquam,
992 1956 1096 1995 non
1125 1937 1347 2003 addidit,
1377 1935 1543 1990 Filius
1567 1933 1656 2003 qui
1685 1930 1833 1994 vidit,
1863 1927 2132 1991 narravit;

546 2037 645 2093 sed
677 2034 876 2105 aliquid
907 2032 1049 2088 aliud
1070 2030 1317 2101 amplius,
1347 2041 1507 2098 quam
1547 2023 1748 2088 videre,
1780 2019 1975 2091 posuit,
2013 2031 2135 2073 cum

549 2129 703 2193 dixit,
733 2127 833 2193 Qui
859 2136 913 2180 et
932 2125 984 2178 in
1013 2124 1134 2178 sinu
1151 2120 1321 2176 Patris
1345 2137 1363 2175 :
1383 2119 1549 2173 multo
1569 2115 1711 2172 enim
1730 2113 1957 2182 amplius
1977 2123 2135 2180 quam

552 2221 749 2284 videre,
778 2225 863 2274 est
884 2231 1002 2272 esse
1035 2217 1084 2269 itt
1115 2215 1234 2269 sinu
1277 2210 1467 2266 Patris.
1498 2207 1627 2264 Nam
1657 2206 1745 2277 qui
1773 2206 1944 2260 solum
1972 2201 2134 2268 videt,

553 2329 662 2368 non
690 2320 990 2367 accuratam
1017 2307 1235 2362 omnino
1264 2304 1343 2360 rei
1367 2303 1491 2358 visa:
1533 2299 1887 2370 cognitionem
1934 2295 2094 2350 habet
2122 2312 2134 2348 :

555 2402 652 2474 qui
675 2413 851 2457 autem
877 2401 928 2455 in
958 2399 1074 2454 sinu
1105 2404 1369 2459 versatur,
1397 2392 1526 2448 nihil
1556 2389 1877 2462 iguoraverit
1920 2387 1996 2443 Ne
2012 2401 2141 2456 ergo

554 2494 799 2560 audiens,
846 2489 1010 2545 Nemo
1046 2491 1180 2543 novit
1212 2485 1453 2552 Patrem,
1496 2486 1592 2540 nisi
1635 2481 1822 2550 Filius,
1870 2481 2038 2547 dicas,
2086 2479 2140 2535 Si

555 2586 783 2656 amplius
812 2598 972 2655 quam
1002 2581 1091 2636 alii
1124 2578 1303 2646 novit,
1343 2589 1398 2633 at
1436 2592 1541 2633 non
1573 2576 1719 2630 novit
1761 2583 1993 2645 quantus
2035 2572 2139 2637 sit;

561 2680 682 2735 ideo
720 2675 1044 2748 evangelista
1083 2673 1210 2729 dicit
1241 2672 1412 2743 ipsum
1455 2670 1506 2724 in
1538 2669 1655 2724 sinu
1686 2666 1859 2722 Patris
1905 2665 2140 2729 versari;

561 2775 780 2842 ipseque
805 2769 1048 2826 Christus
1079 2782 1137 2823 se
1169 2774 1368 2820 tantum
1403 2763 1547 2818 illum
1583 2774 1742 2816 nosse
1784 2759 1932 2823 dicit,
1971 2771 2140 2826 quan-

559 2878 668 2920 tum
714 2865 873 2919 Pater
923 2862 1135 2917 Filium.
1185 2855 1645 2913 Cuntrad‘iceutem
1682 2868 1808 2922 ergo
1835 2852 2142 2921 interroga:

557 2957 904 3030 cognoscitne
935 2954 1090 3009 Pater
1120 2948 1352 3006 Filium?
1379 2945 1764 3017 Respondebit,
1800 2942 1998 3010 Etiam,
2042 2940 2143 2996 nisi

561 3051 810 3106 insaniat.
845 3045 1046 3102 Deinde
1075 3044 1404 3112 interrogare
1448 3052 1767 3110 pergamus:
1813 3037 2144 3092 Accuratane

565 3144 769 3197 visione
795 3149 847 3194 et
870 3137 1174 3208 cognitione
1201 3135 1370 3203 ipsum
1389 3131 1531 3186 novit
1548 3138 1600 3186 et
1623 3129 1784 3195 videt,
1809 3142 1871 3182 ac
1890 3127 2144 3197 quidnam

561 3238 633 3290 sit
660 3234 811 3304 plane
850 3225 1163 3299 cognoscit?
1194 3223 1321 3279 Illud
1363 3223 1523 3278 etiam
1565 3219 1835 3275 fatebitur.
1870 3217 2001 3272 Ilinc
2027 3214 2144 3270 col-

569 3328 671 3396 lige
696 3329 999 3378 accuratam
1026 3316 1145 3373 Filii
1170 3315 1237 3371 de
1269 3314 1423 3369 Patre
1441 3312 1823 3383 cognitionem.
1853 3307 1968 3379 Ipse
1991 3321 2144 3361 nam-

561 3434 666 3488 que
693 3418 844 3481 dixit,
881 3414 1027 3469 Sicut
1056 3410 1190 3465 novit
1232 3423 1311 3462 me
1359 3405 1548 3471 Pater,
1579 3405 1650 3458 ita
1684 3414 1730 3458 et
1769 3417 1860 3472 ego
1899 3414 2146 3471 cognosco

564 3481 768 3564 Putrem
790 3523 808 3571 ;
834 3515 888 3560 et
912 3503 1059 3566 alibi,
1089 3500 1250 3555 Deum
1277 3514 1420 3552 nemo
1446 3495 1588 3563 vidit,
1617 3495 1711 3548 nisi
1735 3495 1821 3564 qui
1845 3481 1919 3548 est
1945 3507 2008 3546 ea:
2035 3490 2145 3546 Deo

564 3600 739 3666 (Joau.
770 3598 854 3651 l0.
889 3595 973 3650 I5.
1001 3603 1045 3647 et
1090 3593 1141 3646 6.
1191 3591 1304 3660 46).
1357 3588 1498 3653 Ideo,
1541 3596 1595 3641 ιιι
1637 3585 1773 3650 dixi,
1823 3582 2145 3652 evangelista

561 3693 734 3746 sinum
761 3693 1169 3750 commemorat,
1198 3682 1375 3738 omnia
1409 3681 1509 3734 hoc
1539 3695 1644 3733 uno
1691 3676 1854 3736 verbo
1882 3675 2034 3729 nobis
2055 3674 2150 3728 de-

562 3786 795 3851 clarans,
824 3779 965 3851 quod
997 3778 1164 3833 multa
1211 3775 1282 3831 sit
1322 3772 1633 3828 substantize
1671 3767 1918 3839 cognatio
1945 3775 2000 3821 et
2026 3765 2147 3820 uni-

565 3885 674 3940 tas;
720 3871 862 3944 quod
915 3868 1135 3925 omnino
1178 3881 1273 3935 par
1315 3865 1385 3918 sit
1422 3861 1674 3931 utrinque
1719 3857 1975 3929 cognitio,
2004 3855 2146 3925 quod

562 3983 658 4036 par
687 3974 936 4036 potestas.
980 3959 1094 4014 Non
1138 3957 1279 4012 enim
1321 3954 1557 4023 aliquem
1588 3950 1807 4006 alterius
1835 3946 2148 4001 substantia:

562 4059 720 4115 Pater
751 4057 808 4110 in
833 4055 954 4109 sinu
980 4051 1227 4106 habuerit
1256 4064 1269 4101 :
1296 4060 1469 4115 neque
1497 4042 1587 4098 ille
1611 4042 1853 4106 auderet,
1886 4039 1929 4093 si
1958 4054 2148 4093 servus

559 4159 615 4204 et
638 4165 702 4204 ex
743 4147 971 4202 aliorum
1012 4154 1233 4196 numero
1263 4146 1428 4204 esset,
1458 4137 1508 4190 in
1537 4134 1653 4188 sinu
1684 4132 1856 4187 Patris
1896 4131 2097 4185 versari
2129 4148 2142 4183 :

562 4243 663 4299 hoc
692 4241 834 4298 enim
862 4237 970 4294 veri
1005 4235 1093 4288 lilii
1120 4242 1324 4287 tantum
1349 4240 1452 4296 est,
1491 4227 1583 4297 qui
1615 4225 1778 4279 multa
1810 4223 1996 4278 Iiducia
2027 4237 2146 4276 cum

562 4346 711 4406 patre
732 4341 934 4396 utatur,
980 4327 1219 4396 nihilque
1257 4324 1434 4378 minus
1483 4333 1640 4390 quam
1685 4315 1770 4370 ille
1812 4315 2021 4369 habeat.
2059 4313 2149 4369 Vis

560 4428 914 4483 aeternitatem
947 4423 1065 4491 ejus
1092 4416 1336 4474 discere?
1365 4412 1499 4469 Audi
1531 4427 1649 4483 qua:
1671 4410 1812 4464 dicat
1850 4407 2058 4477 Moyses
2080 4407 2148 4462 de

562 4523 735 4578 Patre.
792 4516 924 4572 Cum
974 4513 1116 4570 enim
1159 4511 1548 4576 interrogaret,
1597 4498 1743 4573 quid,
1785 4499 2146 4570 qumrcntibus

560 4609 844 4680 Aﬂgyptiis,
864 4607 980 4678 quis
1004 4608 1174 4675 ipsum
1200 4600 1452 4662 misisset,
1473 4608 1825 4666 responsurus
1849 4593 1960 4662 ipse
1980 4599 2142 4655 esset,

559 4703 737 4770 jussus
785 4707 867 4752 est
909 4695 1112 4757 dicere,
1162 4692 1263 4755 Qui
1304 4698 1397 4755 est,
1442 4688 1574 4740 misit
1605 4703 1682 4738 me
1710 4683 1906 4753 (Exod.
1938 4682 1992 4737 3.
2028 4680 2144 4750 H).

562 4792 691 4847 Illud
723 4799 920 4853 autem,
956 4787 1054 4853 Qui
1084 4795 1178 4850 est,
1221 4784 1393 4852 ipsum
1437 4795 1648 4849 semper
1689 4792 1809 4832 esse
1856 4775 2144 4846 signiﬁcat,

559 4895 718 4954 atque
744 4883 904 4937 etiam
935 4880 1051 4934 sine
1083 4875 1363 4946 principio,
1389 4889 1513 4929 vere
1543 4882 1596 4926 et
1630 4869 1842 4942 proprie
1869 4884 2008 4925 esse.
2037 4869 2149 4924 IIoc

558 4977 824 5046 signilieat
867 4972 1026 5027 etiam
1074 4968 1242 5034 illud,
1284 4965 1350 5020 In
1396 4965 1645 5034 principio
1694 4973 1822 5027 erat,
1867 4963 2150 5038 ipsumque

562 5084 773 5137 si‘mper
800 5080 920 5121 esse
967 5063 1181 5118 indicat.
1230 5061 1342 5114 Hoc
1388 5059 1546 5126 igitur
1588 5058 1729 5112 dicto
1769 5055 1856 5110 hic
1902 5072 2028 5110 usus
2066 5063 2151 5110 est

562 5164 816 5222 Joannes.
845 5158 1131 5214 ostendens
1155 5155 1346 5210 Filium
1374 5153 1488 5206 sine
1512 5150 1771 5221 principio
1790 5148 1926 5203 etab
1947 5157 2148 5202 :eterno

562 5256 614 5309 in
645 5254 762 5307 sinu
799 5251 966 5305 Patris
989 5263 1129 5303 esse.
1157 5246 1232 5301 Ne
1260 5247 1436 5315 itaque
1465 5245 1534 5296 ob
1562 5241 1791 5296 nominis
1818 5240 2147 5296 consortium

562 5358 777 5418 putares
811 5343 954 5396 illum
978 5357 1041 5394 ex
1078 5354 1260 5395 eorum
1295 5351 1518 5390 numero
1542 5349 1658 5390 esse
1686 5333 1776 5408 qui
1802 5347 1898 5406 per
1921 5331 2144 5400 gratiam

564 5441 654 5494 lilii
684 5446 827 5498 sunt,
872 5435 1024 5489 adest
1064 5430 1318 5485 articulus
1356 5429 1444 5505 qui
1485 5429 1773 5495 distinguat
1813 5425 1957 5477 illum
1988 5422 2146 5477 abiis

565 5535 651 5602 qui
687 5547 778 5601 per
807 5527 1028 5599 gratiam
1069 5532 1196 5580 sunt
1241 5523 1355 5575 lilii.
1392 5520 1538 5587 Quod
1583 5521 1625 5573 si
1668 5520 1767 5573 hoc
1807 5517 1898 5572 tibi
1943 5532 2047 5570 non
2079 5516 2146 5570 sit

628 5689 641 5718 ’
682 5685 844 5734 novel.
882 5683 1026 5731 habet
1061 5679 1362 5742 ,pmpheta'.
1399 5690 1501 5738 ire,
1527 5691 1573 5728 m
1596 5676 1680 5742 illi.

631 5751 647 5779 ‘
687 5748 818 5802 Idem
854 5747 992 5807 legit,
1012 5739 1336 5801 ttt‘ClltullOItt’,
1364 5755 1468 5802 pro,
1492 5739 1757 5790 securitate.

3751 341 3863 396 100

2230 460 2380 525 satis,
2414 469 2468 513 et
2506 460 2548 513 si
2577 459 2752 512 adhuc
2781 474 2966 513 versus
2996 469 3191 512 terram
3225 472 3422 528 pronus
3456 455 3693 519 tncedis,
3737 471 3858 508 ma-

2230 550 2308 619 gis
2336 551 2608 620 proprium
2641 550 2762 602 audi
2798 564 3015 615 nomen,
3051 546 3370 618 Unigenitus.
3401 547 3494 601 Sin
3527 548 3718 600 adhuc
3754 544 3860 597 Im-

2233 659 2378 697 mttm
2407 643 2647 711 respicis.
2682 659 2786 696 non
2830 642 3085 696 dubitabo
3129 643 3418 694 humanum
3461 639 3529 694 de
3564 639 3680 691 Deo
3727 653 3860 706 pru-

2233 736 2375 791 I'erre
2407 737 2647 800 verbum,
2697 751 2889 803 nempe
2933 735 3143 799 sinum;
3192 743 3394 787 tantum
3441 748 3507 787 ne
3555 732 3859 801 quidpiam

2231 827 2431 884 humile
2456 827 2761 896 suspiceris.
2792 826 3035 880 Vidistin‘
3059 826 3442 896 benignitatem
3465 833 3518 876 et
3545 821 3858 892 providi-n—

2233 923 2358 975 tiam
2389 920 2637 976 Domini?
2665 917 2912 989 Indignas
2934 917 3036 972 sibi
3065 931 3221 971 voces
3249 915 3506 970 adscribit
3535 915 3549 945 ¹
3585 915 3763 977 Βυυδ,
3799 922 3860 963 ut

2233 1013 2316 1068 vel
2347 1013 2423 1066 sic
2450 1011 2651 1074 videas,
2685 1026 2746 1065 ac
2796 1024 3046 1080 magnum
3087 1007 3212 1079 quid
3251 1016 3302 1062 et
3332 1005 3560 1059 sublime
3589 1005 3857 1073 cogites;
3889 1060 3896 1067 _

2232 1114 2286 1164 ct
2315 1117 2370 1160 tu
2412 1105 2554 1160 humi
2589 1103 2773 1174 repis?
2819 1102 2912 1158 Dic
2941 1104 3085 1158 enim
3117 1101 3242 1155 mihi
3271 1116 3366 1156 cur
3394 1100 3547 1154 sinus
3595 1097 3684 1152 hic
3729 1112 3859 1151 meo

2235 1209 2495 1265 moratur,
2527 1198 2670 1269 quod
2699 1212 2940 1252 crassum
2970 1204 3024 1251 et
3051 1194 3267 1248 carnale
3296 1208 3491 1247 nomen
3523 1190 3646 1245 est?
3680 1206 3757 1243 an
3798 1199 3857 1242 ut

2235 1294 2400 1349 Deum
2429 1307 2548 1348 esse
2587 1306 2782 1360 corpus
2823 1287 3203 1358 suspicemur?
3229 1286 3401 1351 Absit,
3453 1286 3686 1354 inquies.
3733 1282 3860 1337 Cur

2232 1386 2400 1456 ergo?
2425 1384 2558 1440 Nam
2601 1385 2644 1438 si
2677 1399 2769 1453 per
2810 1383 2911 1438 hoc
2943 1382 3162 1437 verbum
3196 1395 3293 1434 nec
3324 1393 3482 1434 verus
3512 1377 3689 1432 Filius
3718 1390 3860 1429 esse

2235 1479 2515 1549 probatur,
2576 1492 2674 1532 nec
2735 1477 2906 1532 Deum
2957 1475 3334 1543 incorporeum
3384 1487 3506 1528 esse
3555 1471 3856 1532 statuitur,

2237 1570 2430 1624 frustra
2450 1569 2680 1637 jactatur
2707 1567 2808 1622 hoc
2831 1567 3032 1621 dictum
3059 1566 3255 1620 nullius
3287 1579 3434 1620 usus.
3462 1562 3572 1617 Cur
3599 1577 3737 1633 ergo
3765 1559 3858 1616 di-

2235 1671 2377 1715 ctum
2405 1661 2530 1715 est?
2580 1675 2752 1732 neque
2795 1659 2939 1714 enltn
2979 1657 3047 1713 ab
3089 1657 3190 1714 hac
3227 1656 3526 1728 qttzestione
3552 1655 3856 1710 desistam.

2238 1755 2427 1808 Annon
2463 1753 2633 1822 palam
2678 1762 2760 1808 est
2806 1753 2924 1807 ideo
2976 1751 3241 1821 prolatum
3281 1765 3422 1813 esse,
3456 1758 3512 1804 ut
3543 1765 3653 1804 non
3695 1749 3857 1803 aliud

2237 1861 2302 1900 ex
2337 1843 2428 1899 illo
2459 1844 2836 1915 percipiamtts,
2879 1859 3038 1914 quam
3068 1842 3209 1912 quod
3257 1842 3346 1898 ille
3375 1841 3446 1896 sit
3476 1856 3607 1896 vere
3635 1839 3856 1910 linige-

2239 1937 2404 2004 nitus,
2436 1936 2575 2006 quod
2619 1945 2917 1992 CO:l‘lCl'llttS
2951 1937 3136 1992 Patri?
3178 1937 3278 1991 Ille
3319 1936 3598 2000 enarravit,
3643 1934 3853 2004 inquit.

2240 2030 2376 2098 Quid
2406 2032 2709 2087 enarravit?
2737 2031 2898 2085 Deum
2939 2047 3084 2085 nemo
3112 2030 3232 2084 uidit
3275 2046 3532 2100 umquam.
3575 2028 3729 2084 Unus
3763 2035 3856 2082 cst

2243 2123 2401 2181 Deus.
2429 2124 2535 2180 Sed
2579 2123 2679 2180 hoc
2724 2133 2777 2179 et
2825 2124 3014 2193 reliqui
3062 2122 3357 2193 prophetm,
3397 2131 3449 2175 et
3492 2120 3709 2192 Moyses
3738 2120 3854 2175 [τος

2239 2214 2595 2285 qttenlissime
2625 2217 2822 2271 clamat
2856 2233 2867 2269 :
2915 2214 3171 2270 Dominus
3203 2213 3340 2268 Deus
3381 2223 3496 2268 tuus
3521 2253 3538 2280 ,
3586 2211 3856 2266 Dominus

2247 2324 2378 2362 unus
2404 2319 2473 2361 est
2503 2308 2683 2371 (Deut.
2717 2310 2768 2362 6.
2795 2307 2887 2378 4);
2927 2317 2980 2362 ct
3013 2307 3195 2372 Isaias,
3244 2305 3371 2359 Ante
3413 2322 3490 2358 me
3527 2320 3628 2357 non
3655 2312 3728 2357 est
3759 2306 3854 2374 fa-

2250 2411 2353 2453 ctus
2378 2401 2511 2453 alius
2545 2399 2698 2464 Deus,
2732 2409 2777 2452 et
2804 2409 2914 2476 post
2945 2417 3022 2454 me
3049 2417 3149 2458 non
3181 2409 3251 2460 est
3274 2397 3428 2469 (lsai.
3457 2397 3545 2453 45.
3579 2395 3693 2465 ιο).

2319 2493 2372 2551 ὅ.
2407 2493 2554 2558 Qua’,
2585 2491 2840 2560 quomodo
2869 2502 2913 2544 et
2940 2508 3063 2560 quos
3088 2491 3314 2552 docuerit
3343 2487 3509 2550 Filius
3543 2488 3657 2542 Dei.
3689 2487 3852 2549 Cari-

2253 2595 2329 2643 tas
2375 2586 2780 2644 commendatur.
2815 2584 3094 2641 Christiani
3121 2600 3279 2637 unum
3310 2599 3497 2649 corpus
3533 2592 3674 2648 sunt,
3704 2584 3852 2654 quod

2247 2688 2318 2732 est
2359 2679 2634 2733 maximum
2677 2677 2913 2735 amicitiae
2950 2676 3230 2730 vinculum.
3254 2704 3325 2716 --
3350 2674 3486 2742 Quid
3517 2689 3648 2742 ergo
3696 2674 3852 2732 aliud

2247 2785 2275 2823 a
2303 2769 2439 2830 Filio
2467 2769 2770 2832 didicimus,
2805 2779 2987 2838 utpote
3016 2768 3107 2838 qui
3137 2768 3206 2823 sit
3233 2768 3284 2824 in
3311 2768 3431 2822 sitm
3461 2766 3634 2821 Patris
3660 2766 3685 2820 3
3710 2767 3848 2837 quid

2246 2862 2316 2916 ab
2362 2859 2650 2932 Unigenito
2673 2861 2702 2914 Υ·
2738 2860 2917 2921 Primo
2945 2859 3086 2929 quod
3127 2859 3241 2918 haec
3267 2859 3374 2916 sint
3412 2874 3477 2920 ex
3504 2859 3622 2933 ejus
3650 2874 3850 2928 opera-

2251 2953 2437 3014 tione:
2463 2951 2677 3014 deinde,
2711 2967 2809 3006 nos
2841 2951 2996 3026 longe
3030 2950 3322 3010 clariorem
3342 2950 3615 3018 accepisse
3640 2948 3854 3005 (1001τί-

2252 3061 2398 3112 nam,
2431 3053 2485 3100 et
2507 3059 2832 3115 cognoscere
2873 3043 3013 3114 quod
3046 3043 3279 3118 Spiritus
3307 3043 3378 3098 sit
3406 3043 3578 3106 Deus,
3608 3052 3664 3103 et
3703 3043 3852 3113 quod

2249 3139 2338 3207 qui
2371 3137 2592 3190 adorant
2625 3151 2770 3201 cum,
2809 3137 2857 3189 in
2891 3135 3084 3204 spiritu
3129 3142 3183 3190 et
3225 3134 3447 3194 veritate
3475 3133 3709 3192 adorare
3749 3134 3854 3190 de-

2248 3231 2413 3287 beant
2460 3246 2473 3282 :
2523 3230 2846 3299 it.superque
2892 3227 3023 3281 illud
3081 3227 3294 3296 ipsum,
3349 3223 3683 3296 impossibile
3729 3241 3856 3282 esse

2251 3321 2417 3376 Deum
2467 3320 2647 3375 videre
2673 3360 2686 3384 ,
2729 3329 2782 3375 et
2830 3320 3096 3374 neminem
3143 3320 3311 3388 ipsum
3351 3335 3706 3391 cognoscere.l
3749 3319 3855 3381 nisi

2252 3413 2443 3469 Filium
2477 3411 2673 3483 (Joan.
2707 3413 2759 3468 4.
2786 3413 2896 3482 25)
2930 3430 2942 3465 :
2977 3413 3195 3482 etquod
3226 3413 3294 3467 sit
3328 3411 3488 3468 Pater
3515 3411 3627 3469 veri
3656 3410 3856 3480 Unigc-

2251 3507 2347 3560 niti
2383 3522 2396 3570 ;
2426 3515 2478 3561 et
2517 3521 2872 3576 quaecumque
2905 3507 3008 3561 alia
3041 3507 3108 3562 de
3139 3507 3229 3562 illo
3258 3514 3506 3562 enarrata
3537 3513 3682 3560 sunt.
3714 3503 3854 3560 Illud

2250 3608 2468 3664 autem,
2523 3598 2829 3663 Enarravit,
2878 3598 3166 3653 clariorem
3212 3608 3266 3654 et
3311 3599 3637 3668 apertiorem
3696 3597 3855 3652 eITert

2252 3691 2549 3751 doctrinam
2576 3730 2592 3755 ,
2624 3707 2783 3760 quant
2828 3706 2932 3747 non
2964 3690 3163 3745 .ludmis
3193 3685 3352 3744 modo
3379 3732 3394 3756 ,
3430 3689 3526 3745 sed
3557 3689 3720 3744 etiam
3754 3689 3853 3744 toti

2252 3783 2367 3840 orbi
2416 3781 2631 3838 tradidit
2667 3791 2721 3840 et
2753 3783 3061 3852 complevit.
3099 3783 3382 3853 Pmpbetis
3411 3791 3556 3838 certe
3583 3798 3651 3838 ne
3677 3781 3852 3838 διιόωὶ

2252 3874 2468 3943 quidem
2513 3890 2701 3936 omnes
2743 3874 3126 3939 attendebaut;
3176 3874 3465 3946 Unigenito
3528 3883 3710 3929 autem
3758 3872 3852 3929 Dei

2254 3976 2395 4026 totus
2438 3965 2586 4020 orbis
2635 3966 2798 4021 cessit
2834 3973 2890 4020 et
2918 3964 3167 4023 credidit.
3211 3965 3497 4025 Enarratio
3542 3964 3724 4041 itaque
3766 3963 3855 4024 hic

2251 4057 2508 4118 doctrinae
2552 4057 2874 4118 evidentiam
2908 4056 3172 4129 signiﬁcat
3210 4074 3223 4112 :
3273 4059 3502 4126 ideoque
3530 4065 3586 4114 et
3613 4055 3853 4117 Verbum

2251 4150 2469 4216 dicitur,
2498 4161 2552 4204 et
2584 4150 2758 4223 magni
2791 4151 3000 4204 consilii
3029 4149 3284 4218 Angelus.
3309 4150 3572 4220 Quoniam
3605 4149 3770 4220 igitur
3800 4155 3855 4204 et

2255 4242 2458 4308 majore
2488 4251 2540 4294 et
2580 4241 2899 4311 νει-[0011010
2948 4240 3189 4302 doctrina
3236 4241 3438 4310 dignati
3483 4254 3695 4308 sumus,
3741 4239 3855 4294 Deo

2255 4348 2359 4386 nun
2407 4333 2545 4386 ultra
2597 4349 2692 4402 per
2721 4331 3048 4401 prephetas,
3091 4331 3185 4386 sed
3225 4346 3318 4403 per
3346 4331 3622 4403 proprium
3652 4331 3848 4388 Filium

2252 4425 2406 4479 nobis
2437 4425 2694 4480 extremis
2726 4424 2874 4480 hisce
2913 4424 3104 4479 diebus
3133 4424 3385 4493 loquente
3405 4464 3422 4488 ,
3465 4425 3590 4485 vita:
3632 4425 3852 4484 institu-

2252 4528 2362 4573 tum
2392 4518 2548 4587 longe
2575 4517 2789 4581 melius,
2835 4525 2888 4571 et
2929 4525 3078 4570 tanto
3108 4516 3314 4571 honore
3339 4516 3558 4587 dignum
3586 4516 3853 4575 exhibea-

2252 4627 2393 4668 mus.
2427 4609 2730 4664 Absurdum
2758 4608 2901 4664 enim
2929 4620 3094 4675 esset,
3125 4609 3167 4663 si
3203 4623 3324 4664 cum
3350 4609 3462 4679 ipse
3489 4619 3695 4668 tantum
3750 4609 3854 4666 de-

2253 4702 2544 4767 sceudcrit,
2574 4710 2632 4754 ut
2661 4717 2763 4755 non
2793 4700 2932 4754 ultra
2977 4715 3072 4772 per
3112 4714 3300 4756 servos
3345 4714 3472 4755 suos
3511 4715 3612 4754 nos
3637 4701 3843 4771 alloqui

2254 4795 2420 4861 velit,
2453 4792 2547 4848 sed
2580 4808 2674 4862 per
2713 4793 2947 4868 scipsum
2980 4811 2992 4853 :_
3021 4806 3117 4845 nos
3149 4790 3280 4851 nihil
3319 4791 3550 4860 amplius
3580 4807 3742 4861 quam
3770 4793 3852 4849 illi

2255 4888 2460 4958 priores
2482 4886 2882 4942 exhiberemus.
2917 4885 2994 4939 Illi
3021 4884 3280 4961 Moysem,
3311 4900 3409 4942 nos
3440 4883 3638 4956 Moysis
3669 4885 3852 4942 Domi.

2255 4997 2377 5038 num
2423 4983 2695 5036 doctorem
2727 4978 3008 5033 habemus.
3046 4977 3202 5031 'I‘anti
3225 4992 3352 5047 ergo
3382 4977 3602 5032 honoris
3630 4978 3852 5050 dignam

2256 5073 2648 5146 philosophiam
2690 5073 3067 5142 proferamus,
3118 5069 3358 5139 nihilque
3401 5069 3698 5125 habeamus
3729 5087 3855 5128 cum

2255 5177 2392 5223 terra
2423 5179 2726 5222 commune.
2769 5163 2894 5218 Ideo
2927 5176 3158 5232 namque
3187 5161 3274 5215 ille
3294 5160 3362 5216 de
3390 5161 3536 5216 cazlis
3575 5162 3729 5217 nobis
3754 5163 3856 5218 do-

2252 5263 2419 5315 ctrina
2430 5276 2477 5313 m
2493 5259 2688 5321 attulit,
2707 5265 2765 5310 ut
2780 5272 2843 5312 co
2855 5256 3232 5325 cogitationem
3252 5265 3488 5309 nostram
3509 5254 3854 5324 transferret,

2252 5365 2306 5408 et
2333 5369 2427 5426 pro
2454 5352 2588 5406 virili
2620 5359 2798 5408 nostra
2842 5349 3137 5409 imitatores
3165 5347 3407 5408 Doctoris
3450 5349 3619 5402 nostri
3659 5349 3850 5404 simus.

2257 5452 2319 5504 Iit
2346 5446 2613 5518 quomodo
2665 5459 2946 5514 possumus
2973 5486 2986 5510 ,
3027 5443 3266 5511 inquies,
3310 5442 3608 5496 imitatores
3650 5440 3852 5497 Christi

2254 5561 2372 5600 esse
2403 5544 2425 5595 ’ὲ
2458 5542 2513 5597 Si
2571 5541 2748 5597 omnia
2797 5539 2861 5594 ad
2907 5553 3252 5593 communem
3284 5536 3565 5591 utilitatem
3596 5535 3853 5593 faciamus

2256 5657 2352 5693 nec
2393 5653 2508 5705 ιιιιςρ
2554 5645 2731 5687 nostra
2783 5643 2906 5686 sunt
2956 5645 3281 5698 quaeramus.
3346 5627 3484 5683 Nam
3533 5638 3579 5682 et
3619 5626 3851 5685 Christus

2327 5755 2338 5784 ι
2377 5750 2467 5807 Alit
2497 5755 2543 5799 ct
2571 5746 2710 5798 iure!
2739 5783 2752 5808 ,
2773 5743 3051 5798 adscribere
3071 5741 3201 5794 solet.
