4048 6500
178 422 299 478 τοι

177 620 616 688 exprobrantium
656 617 744 671 tibi
784 614 1067 671 ceciderunt
1090 627 1246 680 super
1289 627 1368 665 me
1394 609 1414 683 (
1441 610 1594 666 Rom.
1630 611 1718 665 15.
1740 609 1797 668 3.

183 712 350 768 l'suf.
373 709 583 781 68.!0).
603 709 766 765 Nemo
791 709 945 780 igitur
963 705 1097 776 quod
1113 721 1259 759 suum
1277 714 1349 758 est
1364 715 1560 770 quarm
1576 704 1625 772 (1
1640 745 1654 759 .
1676 701 1798 762 Cor.

178 807 291 864 10.
314 806 434 875 2t).
466 804 556 861 Sic
581 803 724 860 enim
750 802 868 872 quis
891 797 1031 871 quod
1060 813 1216 854 suum
1237 805 1323 852 est
1346 796 1558 866 quaerit,
1587 796 1632 850 si
1658 795 1800 867 quod

179 900 511 969 proximum
547 903 790 967 spectat,
811 891 1079 962 respiciat.
1105 889 1239 946 Nam
1269 904 1385 959 qum
1407 888 1634 960 proximi
1653 897 1801 958 sunt,

178 1000 390 1044 nostra
424 996 568 1044 sunt.
592 985 787 1054 Corpus
813 999 970 1038 unum
997 997 1194 1045 sumus,
1239 980 1367 1034 alter
1399 980 1611 1034 alterius
1639 994 1801 1032 mem—

177 1080 294 1132 bra
341 1088 390 1135 et
435 1086 602 1146 partes
645 1076 664 1145 (
690 1073 838 1128 Rom.
871 1072 959 1130 12.
989 1071 1078 1143 5).
1108 1070 1188 1126 Ne
1229 1070 1387 1142 igitur
1417 1070 1488 1124 ita
1518 1069 1692 1124 affecti
1723 1071 1802 1125 si-

181 1185 326 1224 mus
374 1183 438 1224 ac
475 1168 520 1222 si
560 1165 819 1236 segregati
862 1175 1103 1218 essemus
1130 1180 1149 1216 ε
1182 1177 1250 1217 ne
1287 1160 1408 1230 quis
1444 1159 1661 1224 dixerit,
1706 1159 1801 1216 ille

180 1262 338 1316 mihi
364 1259 569 1314 amicus
595 1272 701 1312 non
728 1265 828 1322 est,
864 1270 968 1310 non
995 1263 1276 1325 cognatus,
1310 1268 1420 1308 non
1453 1251 1678 1318 vicinus,
1709 1267 1804 1307 ne-

182 1367 309 1423 que
339 1348 464 1418 quid
485 1361 772 1404 commune
797 1361 918 1401 cum
951 1345 1046 1400 illo
1077 1344 1252 1400 habeo
1285 1361 1299 1396 :
1341 1344 1610 1414 quomodo
1649 1359 1800 1400 acce-

181 1442 381 1496 dam?
419 1441 549 1512 quid
607 1438 821 1496 dicam?
865 1437 1091 1494 Etiamsi
1147 1437 1292 1493 enim
1355 1452 1461 1491 non
1515 1447 1796 1508 cognatus,

182 1531 413 1588 etiamsi
441 1547 548 1587 non
575 1531 780 1587 amicus
807 1530 896 1594 sit,
923 1537 980 1584 at
1004 1532 1166 1583 homo
1188 1538 1272 1583 est
1294 1527 1533 1598 ejusdem
1571 1537 1797 1595 naturas,

193 1624 461 1680 eumdem
479 1623 682 1677 habens
705 1621 1008 1688 Dominum,
1029 1633 1344 1682 conservus,
1364 1617 1757 1673 contubernalis
1781 1635 1797 1673 :

187 1717 258 1770 in
316 1715 505 1772 eodem
532 1715 730 1786 quippe
779 1713 979 1768 mundo
1021 1720 1123 1768 est.
1170 1712 1323 1780 Quod
1367 1712 1413 1766 si
1441 1710 1685 1766 eamdem
1734 1710 1797 1765 ll-

185 1807 330 1862 dem
382 1806 608 1870 habeat,
651 1819 778 1860 ecce
817 1803 1115 1859 membrum
1145 1812 1230 1857 cst
1258 1810 1425 1857 tuum.
1453 1801 1583 1870 Quae
1610 1801 1795 1857 amici-

197 1895 284 1952 tia
332 1903 534 1950 tantam
580 1894 1012 1964 conjunctionem
1057 1892 1271 1948 efficere
1314 1902 1507 1962 pelest,
1545 1904 1798 1964 quantam

206 1987 341 2042 tidei
363 1988 610 2058 cognatio
635 1989 659 2042 'l
685 1987 870 2057 Neque
893 1987 1038 2041 enim
1069 1997 1211 2042 tanta
1237 1974 1408 2043 stilum
1435 1988 1800 2058 prepinquitas

189 2079 348 2134 inter
373 2093 471 2134 nos
513 2077 833 2151 exhibenda,
864 2088 1061 2150 quanta
1100 2088 1182 2134 est
1226 2080 1382 2134 amici
1423 2079 1488 2134 ad
1518 2079 1750 2134 amicum
1779 2096 1795 2144 ;

188 2168 300 2225 sed
329 2178 523 2240 quanta
552 2171 778 2226 membri
804 2170 870 2225 ad
901 2171 1346 2227 membrum.lloc
1373 2171 1571 2242 quippe
1601 2172 1796 2227 amici-

191 2262 296 2316 tia:
321 2271 373 2318 et
399 2262 810 2318 necessitudinis
831 2263 847 2295 ¹
879 2277 1078 2333 genere
1097 2263 1300 2317 nullum
1331 2265 1502 2332 majus
1534 2264 1794 2333 reperias.

187 2351 665 2419 Quemadmodum
707 2368 806 2408 nec
849 2354 1028 2410 dicere
1068 2355 1260 2424 possis,
1291 2353 1446 2411 Unde
1478 2356 1608 2410 mihi
1642 2355 1796 2410 fami-

191 2441 412 2498 liaritas
450 2450 505 2499 et
534 2443 874 2498 necessitudo
899 2458 1019 2498 cum
1067 2444 1160 2498 illo
1189 2459 1204 2509 ;
1255 2444 1305 2498 id
1335 2445 1478 2500 enim
1510 2444 1794 2501 ridiculum

189 2540 285 2586 est
309 2548 323 2584 :
352 2531 431 2586 sic
459 2546 561 2588 nec
582 2531 650 2587 de
677 2531 843 2588 fratre
867 2531 970 2587 hoc
995 2532 1177 2588 dicere
1197 2534 1394 2605 possis.
1427 2532 1615 2588 Omnes
1638 2535 1794 2601 enim,

191 2622 395 2693 inquit,
441 2624 495 2678 in
541 2640 700 2678 unum
729 2641 916 2696 corpus
945 2624 1187 2696 baptizati
1224 2642 1398 2680 sumus
1424 2627 1442 2697 (
1469 2628 1520 2682 1.
1553 2625 1670 2682 Cor.
1706 2626 1792 2681 12.

191 2711 328 2784 13).
356 2711 468 2768 Cur
496 2714 548 2768 in
581 2730 744 2770 unum
773 2729 970 2786 corpus
998 2717 1022 2769 ‘l
1064 2715 1131 2772 Ut
1158 2730 1263 2771 non
1292 2731 1661 2787 segregemur,
1692 2718 1789 2774 sed

193 2813 258 2858 ut
285 2819 355 2860 ex
380 2815 567 2862 mutua
597 2807 992 2864 necessitudine
1019 2814 1075 2864 et
1099 2806 1334 2864 amicitia
1366 2807 1524 2865 unius
1551 2808 1796 2880 corporis

193 2895 571 2951 conditionem
597 2911 896 2955 servemus.
922 2899 1001 2954 Ne
1031 2914 1160 2970 ergo
1191 2901 1493 2970 proximum
1524 2901 1795 2972 despicia-

195 3001 344 3055 ntus,
367 2996 424 3044 ut
449 3005 518 3045 ne
543 3005 642 3047 nos
671 2992 817 3062 ipsos
864 3001 1270 3050 contemnamus
1297 2996 1341 3049 '.
1376 2993 1566 3064 Nemo,
1598 2997 1792 3068 inquit,

264 3120 284 3187 ξ
317 3118 412 3169 Alit
446 3121 638 3187 legunt,
661 3121 1014 3187 sollicitudinis,
1053 3137 1158 3187 pro,
1185 3126 1570 3179 necessitudinis.

263 3183 286 3214 ί
318 3182 483 3233 storel.
500 3182 664 3252 inuno
687 3183 844 3235 locum
865 3188 935 3235 sic
951 3182 1134 3252 effert;
1147 3182 1228 3252 'sic
1250 3201 1366 3252 ergo
1386 3186 1600 3252 promitti
1621 3200 1791 3240 curam

194 3253 276 3306 per
288 3255 448 3304 anius,
473 3249 523 3294 ut
539 3245 601 3296 de
621 3252 782 3296 nostro
804 3259 1004 3310 corpore
1025 3247 1234 3300 solliciti.

1272 406 1335 465 ΞΝ
1372 406 1685 465 JOANNEM
1727 407 1952 464 llOlilL.
1995 407 2136 464 XVI.
2179 411 2252 467 al.
2314 409 2426 466 XV.

175 547 304 585 non
331 530 427 584 sibi
454 528 553 600 ipsi
573 525 786 596 piacuit,
813 524 904 580 sed
941 524 1068 578 sicut
1100 521 1344 592 scriptum
1389 529 1481 574 est.
1517 518 1807 588 Opprobria

3407 416 3507 474 1οᾶ

1912 536 2117 576 carnem
2161 539 2306 577 sitam
2351 524 2468 577 odio
2498 523 2646 578 habet
2701 523 2930 596 (Ep/tes.
2972 525 3025 582 5.
3056 524 3127 581 29
3143 524 3185 596 ),
3217 524 3310 581 sed
3343 529 3504 586 nutrit

1909 623 1964 669 et
1996 613 2160 668 fovet.
2192 614 2316 669 Ideo
2339 613 2558 669 domum
2580 630 2744 669 unam
2775 616 2917 670 hunc
2941 616 3198 671 mundum
3226 616 3379 672 dedit
3412 633 3506 672 no-

1908 703 1991 759 bis
2036 704 2196 769 Deus,
2229 705 2408 760 omnia
2440 719 2508 760 ex
2537 719 2693 774 mque
2717 704 3010 771 distribuit,
3056 721 3218 761 unum
3259 707 3506 764 accendit

1909 794 2160 850 omnibus
2184 795 2375 864 solem,
2402 811 2568 851 unum
2596 804 2792 850 tectum
2817 796 3079 862 extendit,
3104 797 3317 864 caelum,
3347 815 3506 856 unam

1910 887 2117 956 paravit
2140 900 2402 952 mensam,
2435 894 2656 941 terram.
2689 885 2845 941 Dedit
2871 901 3084 957 quoque
3103 887 3327 943 alteram
3355 905 3508 944 men-

1908 993 2022 1032 sam
2048 1017 2065 1045 ,
2112 979 2212 1033 hac
2241 977 2397 1048 longe
2434 977 2716 1049 majorem,
2743 977 2841 1033 sed
2867 979 3005 1034 hanc
3034 995 3217 1045 unam,
3248 990 3308 1034 ut
3332 981 3508 1037 sciunt

1910 1067 2292 1139 mysteriorum
2336 1076 2618 1123 consortes
2648 1085 2663 1134 ;
2699 1084 2865 1123 unum
2898 1070 3236 1139 spiritualem
3277 1086 3506 1142 genera-

1912 1159 2072 1214 tionis
2099 1158 2316 1213 modum
2342 1158 2594 1213 omnibus
2621 1159 2841 1229 largitus
2865 1170 2948 1216 est
2979 1179 2993 1215 :
3019 1177 3124 1218 una
3154 1172 3236 1216 est
3258 1163 3509 1221 omnibus

1910 1251 2080 1320 patria
2122 1251 2176 1305 in
2225 1251 2413 1306 caelis:
2444 1266 2510 1307 ex
2551 1251 2744 1307 eodem
2788 1253 2959 1309 calice
3010 1268 3202 1310 omnes
3249 1255 3506 1312 bibimus.

1909 1341 2050 1395 Nihil
2081 1340 2234 1395 diviti
2268 1341 2385 1410 plus
2413 1350 2505 1396 aut
2549 1342 2874 1411 pretiosius,
2910 1344 3041 1399 nihil
3075 1348 3293 1414 pauperi
3349 1346 3510 1401 vilius

1910 1433 1992 1488 vel
2019 1433 2194 1488 minus
2222 1434 2380 1488 datur
2412 1454 2425 1489 :
2456 1434 2552 1490 sed
2581 1450 2771 1490 omnes
2791 1450 2856 1490 ex
2885 1451 3041 1506 teque
3063 1440 3292 1505 vocavit,
3321 1448 3376 1494 et
3393 1455 3511 1495 ear-

1909 1526 2046 1580 nalia
2069 1535 2122 1582 et
2141 1525 2436 1596 spiritualia
2462 1526 2740 1598 aequaliter
2765 1527 2999 1583 tradidit.
3028 1528 3179 1585 Unde
3208 1545 3335 1601 ergo
3362 1541 3507 1586 tanta

1911 1617 1965 1671 in
1990 1617 2094 1671 vita
2127 1617 2461 1688 inaequalitas
2485 1617 2510 1671 ἲ
2537 1617 2621 1672 Ex
2649 1617 2875 1673 divitum
2903 1619 3122 1673 avaritia
3151 1630 3204 1675 et
3251 1633 3508 1692 arrogan-

1908 1710 2003 1764 tia.
2035 1708 2141 1763 Sed
2173 1723 2262 1772 ne,
2292 1723 2498 1778 qumso,
2532 1708 2746 1772 fratres,
2789 1708 2862 1762 ita
2891 1708 2944 1764 in
2977 1717 3250 1778 posterum
3296 1720 3506 1781 agatur,

1909 1800 2288 1855 communibus
2329 1809 2384 1854 ct
2414 1799 2582 1870 magis
2627 1797 2948 1854 necessariis
2984 1814 3090 1865 nos,
3115 1815 3218 1854 una
3252 1802 3510 1870 copulan-

1910 1891 2051 1946 tibus
2075 1932 2089 1956 ,
2120 1906 2188 1946 ne
2221 1906 2253 1946 a
2283 1892 2514 1948 terrenis
2552 1900 2606 1946 et
2647 1892 2838 1946 vilibus
2871 1892 3033 1947 rebus
3063 1893 3449 1961 distrahemur,
3478 1909 3508 1950 a

1908 1983 2138 2050 divitiis,
2173 1983 2415 2053 inquam,
2463 1991 2517 2038 et
2561 1993 2896 2054 paupertate,
2948 1999 2978 2038 a
3025 1985 3348 2055 cognatione
3387 2002 3510 2042 cor-

1909 2088 2092 2144 porea,
2125 2073 2192 2128 ab
2216 2073 2341 2128 odio
2366 2083 2422 2129 et
2443 2074 2698 2128 amicitia.
2731 2073 2859 2129 Haec
2888 2075 3088 2146 quippe
3109 2076 3290 2129 omnia
3319 2077 3511 2135 umbra

1907 2177 2054 2235 sunt,
2103 2178 2160 2224 et
2199 2167 2391 2223 umbra
2430 2167 2717 2235 abjectiera
2751 2168 2836 2234 iis,
2870 2169 2964 2238 qui
3007 2183 3240 2238 superna
3284 2170 3510 2230 caritate

1906 2260 2246 2330 colligantur.
2290 2258 2406 2314 Hoc
2448 2259 2720 2313 vinculum
2753 2258 3036 2313 infractum
3067 2275 3342 2315 servemus
3375 2278 3391 2316 :
3423 2261 3507 2316 ui-

1907 2348 2091 2420 hilque
2137 2363 2203 2403 ex
2255 2348 2500 2419 malignis
2549 2348 2829 2418 ειιὶτίιὶυιιε
2873 2350 2889 2380 ⁸
2921 2364 3232 2419 surrepcre
3284 2351 3505 2420 poterit.

1906 2439 2048 2511 quod
2084 2439 2222 2494 hanc
2250 2439 2510 2494 unitatem
2541 2439 2748 2493 dividat
2784 2457 2798 2495 :
2824 2455 2986 2511 quam
3016 2454 3117 2494 nos
3142 2455 3332 2496 omnes
3360 2455 3507 2498 asse-

1904 2532 1994 2602 qui
2040 2531 2337 2601 contingat,
2369 2533 2538 2601 gratia
2589 2539 2646 2585 et
2691 2529 3022 2601 benignitate
3070 2532 3280 2588 Domini
3338 2543 3507 2589 nostri

1903 2620 2031 2678 Jesu
2061 2621 2285 2688 Christi,
2329 2636 2428 2692 per
2447 2613 2608 2692 quem
2633 2630 2688 2677 et
2715 2636 2837 2678 cum
2863 2637 2972 2694 quo
2991 2622 3136 2679 Patri
3165 2624 3370 2697 gloria,
3406 2641 3507 2680 una

1904 2727 2027 2770 cum
2052 2721 2241 2770 sancto
2265 2711 2488 2783 Spiritu,
2516 2728 2658 2768 nunc
2677 2723 2733 2769 et
2765 2728 3004 2784 semper,
3026 2725 3081 2770 et
3107 2715 3162 2770 in
3187 2716 3382 2773 smcula
3409 2731 3514 2771 stu-

1903 2807 2170 2863 culorum.
2201 2806 2398 2861 Amen.

1961 2978 1977 3009 ‘
2012 2983 2116 3035 Alii
2139 2984 2344 3048 habent,
2368 2982 2692 3048 passimibus,
2727 2996 2834 3048 pro,
2853 2983 3122 3049 spiritibus.

196 3366 3508 3392 W

1582 3475 1935 3537 HOMILIA
1977 3473 2154 3537 XVI.

200 3615 294 3672 19.
330 3615 443 3672 Hoc
473 3617 602 3672 enim
642 3629 716 3673 est
755 3620 1092 3673 testimonium
1117 3618 1360 3685 laminis,
1393 3621 1597 3691 quando
1643 3621 1796 3676 mise-

275 3717 390 3761 runt
410 3705 479 3760 ad
499 3723 612 3762 eum
640 3707 814 3762 Judan‘
832 3725 896 3764 ex
917 3708 1252 3781 Jerosolymis
1280 3710 1565 3765 sacerdotes
1583 3719 1627 3766 et
1650 3708 1799 3765 Levi-

275 3807 372 3864 tns,
405 3809 458 3853 ut
486 3800 850 3872 interrogarent
876 3817 991 3856 eum
1012 3818 1032 3856 :
1060 3801 1140 3857 Tu
1163 3804 1277 3873 quis
1301 3803 1395 3858 es?

279 3890 330 3944 1.
362 3891 535 3947 Grave
559 3892 829 3961 quidpiam
861 3893 1056 3948 invidia
1088 3902 1189 3959 est,
1220 3895 1414 3951 dilecte
1438 3937 1453 3960 ,
1483 3911 1672 3967 grave.
1707 3897 1794 3950 in-

201 3995 384 4052 quam,
414 3990 469 4036 et
495 3981 857 4051 perniciosum
887 3983 1098 4050 invidis,
1127 3999 1233 4039 non
1271 3986 1335 4040 iis
1359 3986 1554 4054 quibus
1582 3986 1798 4041 invide-

202 4081 311 4126 tur.
344 4071 477 4142 lpsis
495 4072 636 4128 enim
656 4073 926 4142 prioribus
944 4083 1120 4140 nocet,
1145 4077 1289 4145 ipsos
1312 4077 1519 4147 priores
1550 4093 1798 4134 corrum-

103 4216 119 4226 ,
208 4164 312 4234 pit,
339 4170 610 4235 tamquam
648 4165 795 4220 virus
823 4164 1158 4221 mortiferum
1187 4181 1373 4221 eorum
1409 4167 1620 4223 animos
1641 4184 1802 4224 occu-

203 4267 361 4323 pana.
392 4253 447 4309 Si
470 4263 648 4309 autem
692 4254 743 4309 in
781 4255 1028 4326 qquiam
1055 4256 1212 4314 hedat
1237 4271 1332 4311 eus
1357 4257 1550 4327 quibus
1593 4257 1800 4312 invide-

204 4351 294 4399 tur
316 4383 332 4410 ,
365 4343 481 4400 leve
509 4352 563 4408 et
591 4345 785 4400 nullius
811 4347 1066 4403 momenti
1097 4347 1351 4402 damnum
1381 4357 1464 4403 est
1489 4389 1506 4415 ,
1539 4347 1680 4418 quod
1705 4347 1799 4405 da-

202 4450 331 4491 mno
362 4436 535 4506 majus
572 4436 780 4493 lucrum
816 4437 1035 4494 referat.
1067 4437 1250 4510 Neque
1275 4441 1326 4494 in
1354 4439 1551 4495 invidia
1576 4440 1748 4495 solum
1772 4482 1791 4508 ,

203 4525 299 4582 sed
323 4526 484 4581 etiam
536 4527 589 4581 in
634 4529 846 4584 exteris
889 4530 1142 4586 omnibus
1181 4531 1361 4599 vitiis,
1393 4548 1500 4588 non
1529 4534 1617 4602 qui
1659 4534 1801 4589 malo

204 4615 452 4683 afﬁcitur,
482 4615 579 4674 sed
602 4621 694 4688 qui
719 4617 910 4687 afficit,
939 4620 983 4676 is
1011 4619 1265 4679 damnum
1284 4623 1495 4692 accipit.
1518 4623 1630 4679 Nisi
1653 4625 1797 4679 enim

204 4720 371 4762 resse
400 4707 470 4762 ita
493 4707 719 4765 haberet
745 4751 762 4778 ,
793 4724 903 4765 non
929 4715 1274 4782 praecepisset
1297 4714 1576 4789 discipulis
1604 4716 1799 4774 Paulus

208 4796 456 4866 injuriam
472 4797 735 4869 accipere,
757 4802 934 4870 potius
953 4817 1112 4874 quam
1129 4803 1352 4871 inferre,
1371 4821 1491 4859 cum
1522 4806 1666 4872 dicit,
1699 4808 1803 4863 Cur

209 4905 308 4943 non
339 4889 507 4958 potius
525 4889 768 4960 injuriam
797 4895 1065 4966 accipitis?
1092 4913 1185 4950 cur
1219 4914 1319 4952 non
1363 4900 1524 4970 magis
1563 4899 1799 4969 fraudem

208 4983 530 5057 putiminiﬂ.
555 4984 671 5041 Cor.
703 4986 758 5042 6.
789 4986 885 5061 7)?
916 4987 1175 5042 Accurate
1196 4988 1393 5059 quippe
1426 5001 1668 5055 noverat,
1691 5007 1799 5047 non

209 5076 346 5131 mala
371 5077 675 5146 accipienti,
707 5079 802 5134 sed
831 5078 971 5133 mala
1000 5077 1250 5135 inferenti
1278 5082 1569 5150 perniciem
1601 5084 1800 5155 ubique

211 5174 448 5237 paratam
487 5182 629 5223 esse.
663 5166 791 5223 ﬂmc
835 5183 999 5240 porro
1037 5169 1215 5224 omnia
1246 5181 1466 5242 propter
1491 5172 1800 5230 Judatorum

214 5258 432 5312 livorem
480 5257 618 5314 dicta
659 5260 814 5316 nobis
857 5267 1005 5316 sunt.
1051 5259 1186 5316 Nam
1231 5264 1321 5333 qui
1360 5279 1424 5319 ex
1470 5265 1693 5319 urbibus
1733 5266 1800 5321 ad

213 5350 468 5406 Joannem
493 5350 887 5419 conﬂuxerant,
917 5362 972 5407 et
993 5362 1207 5423 peccata
1233 5368 1327 5409 sua
1360 5354 1679 5411 damnantes
1704 5356 1793 5411 ba-

215 5443 395 5514 ptizati
438 5442 672 5509 fuerant,
729 5445 891 5500 iidem
936 5445 1035 5515 ipsi
1077 5445 1228 5516 quasi
1273 5447 1589 5516 poenitentia
1618 5447 1792 5516 ducti,

217 5535 425 5589 mittunt
453 5538 542 5605 qui
574 5536 904 5606 interrogent
933 5551 1054 5591 eum
1079 5578 1095 5603 ,
1120 5535 1200 5590 Tu
1227 5538 1339 5606 quis
1363 5538 1459 5591 es?
1491 5538 1627 5592 Vere
1652 5539 1802 5609 geni-

217 5627 356 5680 mina
387 5627 689 5696 viperarum
720 5668 734 5693 ,
782 5637 1087 5697 serpentes,
1121 5637 1179 5684 et
1207 5628 1250 5682 si
1291 5629 1418 5698 quid
1446 5628 1532 5684 his
1563 5630 1799 5698 gravius.

218 5719 501 5774 Generatio
531 5720 666 5774 mala
697 5762 710 5787 ,
736 5721 976 5776 adultera
1007 5730 1060 5776 et
1101 5736 1370 5790 perversa,
1402 5731 1679 5792 postquam
1706 5723 1801 5778 ba-

223 5811 410 5880 ptizata
437 5829 519 5881 es,
565 5812 630 5868 de
661 5813 897 5885 Baptista
930 5812 1154 5884 inquiris
1195 5824 1244 5868 et
1277 5815 1486 5869 curiose
1517 5815 1801 5869 scrutaris?

1911 3619 2118 3690 Ecquid
2149 3618 2249 3674 hac
2269 3617 2496 3673 stultitia
2522 3616 2741 3671 stultius
2764 3613 2965 3671 fuerit?
2991 3616 3276 3684 Quomodo
3303 3618 3511 3676 exiistis

1907 3709 1974 3764 ad
2007 3708 2171 3766 eum?
2215 3706 2489 3780 quomodo
2529 3714 2747 3776 peccata
2787 3707 3020 3763 confessi
3051 3707 3512 3778 estisiquomodn

1906 3800 2221 3857 accurristis
2265 3798 2334 3854 ad
2396 3798 2778 3867 baptizantem,
2821 3798 3094 3867 quomodo
3137 3799 3512 3870 interrogastis

1905 3890 2034 3960 quid
2062 3889 2327 3961 agendum
2369 3888 2551 3944 esset?
2579 3887 2706 3943 Haec
2733 3887 2934 3959 quippe
2979 3889 3160 3942 omnia
3191 3904 3222 3943 a
3246 3889 3399 3945 vobis
3425 3890 3508 3944 in-

1907 3984 2251 4039 considerate
2284 3983 2420 4038 facta
2453 3989 2600 4047 sunt,
2635 3981 2724 4051 qui
2759 3995 2858 4035 nec
2890 3981 3211 4052 principium
3234 4021 3248 4046 ,
3273 3995 3372 4036 nec
3401 3996 3503 4051 qua

1906 4074 1976 4131 de
2000 4090 2059 4130 re
2083 4082 2352 4146 ageretur,
2400 4071 2797 4144 intelligeretis.
2851 4072 2956 4128 Sed
2990 4073 3122 4127 nihil
3153 4071 3345 4128 horum
3375 4071 3511 4127 dixit

1907 4167 1994 4222 vel
2036 4165 2384 4237 exprobravit
2425 4166 2615 4221 beatus
2664 4164 2906 4221 Jonnnes
2939 4207 2957 4233 ,
2988 4181 3178 4220 verum
3207 4166 3352 4221 omni
3384 4180 3507 4220 cum

1907 4258 2318 4315 mansuetudine
2345 4259 2640 4329 respondit.
2694 4257 2805 4313 Cur
2831 4269 3010 4314 autem
3056 4259 3125 4312 ita
3155 4273 3216 4313 se
3255 4260 3503 4329 gesserit,

1909 4349 2127 4420 cognitu
2147 4349 2366 4420 dignum
2397 4358 2484 4404 est
2507 4391 2522 4414 ,
2549 4355 2605 4402 ut
2629 4361 2817 4403 eorum
2855 4347 3089 4417 nequitia
3117 4347 3367 4403 omnibus
3393 4363 3508 4402 ma-

1906 4442 2102 4496 nifesta
2150 4449 2315 4496 esset.
2365 4440 2520 4509 Smpc
2559 4439 2797 4494 Joannes
2842 4439 2984 4508 apud
3023 4438 3241 4495 Judmos
3293 4439 3510 4495 Christo

1913 4531 2280 4587 testimonium
2324 4531 2621 4603 perhibuit,
2654 4539 2712 4586 et
2754 4545 2875 4586 cum
2913 4532 3210 4600 baptizaret
3247 4546 3360 4599 eos,
3397 4531 3508 4589 frc-

1908 4633 2140 4692 quentcr
2189 4621 2459 4678 Christum
2505 4623 2962 4678 commemorabat
3000 4623 3318 4692 dicebatque
3350 4643 3362 4678 :
3398 4623 3511 4696 Ego

1905 4715 2112 4784 quidem
2137 4730 2221 4768 vos
2265 4712 2468 4784 baptizo
2497 4716 2550 4767 in
2582 4731 2716 4784 aqua
2746 4733 2764 4768 :
2801 4715 2888 4784 qui
2913 4723 3080 4768 autem
3112 4727 3222 4783 post
3249 4731 3327 4770 me
3357 4721 3509 4786 uertit,

1910 4807 2094 4877 fortior
2120 4820 2198 4859 me
2223 4814 2316 4861 est.
2349 4802 2472 4876 Ipse
2508 4799 2594 4858 υσέ
2624 4806 2898 4877 baptizabit
2934 4807 2987 4860 in
3028 4805 3230 4876 Spiritu
3263 4821 3439 4866 sancto
3465 4823 3512 4868 et

1906 4898 2026 4968 igne
2067 4897 2279 4969 (Manli.
2321 4898 2376 4952 5.
2415 4894 2521 4968 il).
2551 4894 2632 4950 Illi
2676 4896 2835 4966 igitur
2858 4898 3001 4954 circa
3022 4899 3285 4957 Joannem
3308 4902 3511 4974 aliquid

1908 4989 2203 5042 humanum
2245 4989 2387 5059 passi
2430 4996 2576 5043 sunt.
2623 4987 2804 5043 Mundi
2832 5004 3064 5060 namque
3109 4992 3336 5060 gloriare
3381 5010 3510 5065 spe-

1905 5089 2132 5144 ctantes,
2150 5091 2202 5135 et
2228 5095 2288 5134 cu
2308 5079 2481 5134 solum
2503 5094 2625 5149 quae
2652 5078 2722 5134 ob
2741 5080 2928 5134 oculos
2948 5091 3104 5136 erant
3130 5085 3504 5153 respicientes,

1905 5172 2111 5228 Joanne
2143 5172 2419 5242 indignum
2451 5171 2729 5241 putabant,
2759 5171 2803 5225 si
2833 5169 3049 5226 Christo
3085 5172 3311 5229 inferior
3338 5189 3508 5237 esset.

1906 5266 2064 5321 Multa
2086 5279 2315 5334 namque
2333 5264 2596 5319 Joannem
2623 5263 3075 5320 commendabant
3107 5283 3123 5332 ;
3144 5268 3316 5335 primo
3335 5269 3516 5339 splen-

1910 5360 2010 5414 dor
2058 5359 2309 5430 gcneris;
2384 5365 2502 5413 erat
2548 5358 2692 5413 enim
2746 5357 3005 5427 principis
3061 5359 3402 5416 sacerdotum
3454 5363 3520 5417 li-

1911 5451 2016 5506 lius
2046 5451 2160 5522 (o);
2191 5450 2387 5506 deinde
2417 5450 2540 5504 vita:
2566 5450 2852 5518 asperitas,
2888 5447 3243 5505 humanarum
3272 5452 3514 5507 omnium

1908 5561 2087 5602 rerum
2111 5553 2453 5613 contemptus
2489 5561 2501 5598 :
2528 5544 2780 5598 vestitum
2806 5541 3090 5611 siquidem,
3124 5559 3389 5610 mensam,
3413 5545 3517 5598 do-

1970 5636 2046 5696 (a)
2089 5644 2186 5686 Non
2228 5633 2442 5696 defuere
2487 5631 2569 5682 alii
2608 5632 2691 5696 qui
2725 5631 2956 5696 dicerent
2999 5633 3276 5683 Zachariam
3321 5635 3518 5684 Joannis

1909 5693 2359 5767 mptistze__patrcm
2400 5695 2555 5767 fuisse
2587 5693 2897 5767 sacerdotum
2935 5696 3205 5767 principem
3236 5696 3400 5764 :quod
3444 5705 3515 5744 ta-

1906 5755 2022 5872 gtéin
2044 5761 2092 5808 in
2125 5755 2396 5820 Evangelio
2429 5764 2566 5806 Lucae
2601 5769 2699 5807 non
2735 5755 3058 5819 dicitur,’imo
3088 5755 3384 5808 contrarium
3410 5769 3523 5805 sua-

1939 5834 1967 5869 e
1998 5834 2064 5870 ur.
