4048 6482
546 386 642 438 Nl?)

536 515 701 560 mum,
736 499 908 566 ipsmu
959 496 1135 549 cibum
1173 488 1595 560 parvipemlens,
1631 487 1682 540 in
1726 486 1943 541 deserto
1967 495 2122 538 antea

539 598 784 645 versatus
834 588 1021 640 fuerat.
1075 582 1318 637 Christus
1349 587 1533 634 contra
1561 619 1576 641 ,
1616 578 1701 631 vili
1729 591 1924 646 genere
1971 585 2123 628 natus

541 692 677 746 erat,
711 680 760 734 id
792 677 932 747 quod
963 679 1060 746 ipsi
1087 690 1231 744 saspe
1257 675 1339 727 his
1361 673 1536 727 verbis
1553 671 1913 740 objicit-bant:
1940 668 2122 721 Nonne

541 773 620 824 hic
647 780 717 824 est
743 768 876 839 fabri
904 766 1081 836 ﬁlius?
1121 782 1288 820 nonne
1325 774 1484 819 mater
1513 765 1621 833 ejus
1648 763 1834 817 dicitur
1857 762 2043 825 Maria,
2073 769 2122 814 et

529 862 711 930 fratres
741 861 849 931 ejus
887 859 1110 913 Iacobus
1137 869 1181 912 et
1205 855 1353 911 loses
1381 855 1595 920 (Matth.
1632 856 1718 911 15.
1747 855 1880 926 55)?
1907 859 1984 909 Ac
2003 869 2121 924 qua:

536 953 818 1007 videbatur
862 952 976 1020 ejus
1007 966 1129 1006 esse
1178 949 1342 1018 patria
1391 949 1460 1002 ita
1489 948 1853 1017 vituperabilis
1899 957 2032 1012 erat,
2063 957 2121 1002 ιιι

528 1046 690 1099 etiam
722 1032 1018 1099 Nathauael
1068 1043 1272 1098 diceret
1303 1060 1315 1095 :
1351 1041 1433 1095 Ex
1480 1040 1708 1095 Nazaret
1735 1051 1894 1113 potest
1924 1041 2119 1108 aliquid

526 1136 645 1189 boni
671 1151 778 1188 esse
796 1136 821 1187 7
841 1133 917 1188 Ad
944 1133 1081 1198 hzec,
1102 1136 1221 1186 vita;-
1242 1146 1408 1202 genus
1424 1133 1726 1186 communis
1751 1171 1768 1199 ,
1797 1133 2115 1186 vestimenta

528 1226 784 1297 vulgaria.
828 1224 1009 1295 Neque
1072 1227 1213 1280 enim
1287 1240 1420 1280 zona
1482 1225 1708 1294 pellicea
1770 1225 2111 1294 cingebatur,

533 1333 704 1388 neque
751 1333 815 1373 es
849 1318 969 1387 pilis
1019 1328 1257 1387 paratum
1305 1316 1684 1382 vestimentum
1716 1314 1914 1378 habuit,
1941 1328 2114 1384 neque

539 1410 697 1466 melle
722 1419 774 1464 et
828 1409 1050 1464 locustis
1080 1407 1394 1463 vescebatur
1420 1424 1436 1473 ;
1465 1406 1562 1463 sed
1589 1404 1790 1476 vulgari
1819 1404 1984 1458 victus
2018 1420 2113 1486 gce

529 1516 658 1556 nere
713 1515 844 1555 usus
873 1541 887 1567 ,
950 1500 1110 1556 etiam
1161 1498 1526 1567 improborum
1579 1497 1852 1552 hominum
1901 1511 1966 1550 ac
2013 1511 2112 1565 pu-

534 1592 866 1646 blicanorum
909 1590 1165 1646 conviviis
1204 1590 1493 1655 intererat,
1535 1597 1592 1642 ut
1631 1588 1749 1642 illos
1791 1588 2105 1644 attmheret.

524 1681 676 1746 Quod
724 1696 828 1737 non
872 1681 1226 1750 intelligentes
1279 1678 1476 1740 Judzei,
1533 1679 1629 1748 ipsi
1673 1679 2107 1749 exprobrabant,

524 1781 582 1822 ut
634 1778 687 1824 et
747 1771 858 1840 ipse
912 1769 1036 1824 ait:
1099 1769 1240 1823 Venit
1301 1767 1467 1824 Filius
1532 1770 1748 1823 hominis
1797 1770 2110 1824 manducans

518 1871 564 1912 et
616 1861 822 1927 bibens,
862 1869 909 1915 et
962 1861 1135 1914 dicunt
1169 1877 1186 1915 :
1219 1857 1349 1914 Ecce
1403 1861 1548 1916 homo
1604 1877 1759 1915 vorax
1807 1872 1856 1916 et
1910 1871 2111 1932 potator

518 1952 640 2013 riui,
678 1939 1062 2022 publicanorum
1089 1963 1136 2005 et
1181 1961 1497 2020 peccatorum
1529 1953 1722 2006 anticus
1753 1951 1772 2025 (
1799 1952 1988 2010 Matth.
2016 1954 2104 2009 11.

518 2044 586 2098 10
606 2044 645 2112 ).
691 2045 822 2098 Cum
850 2059 979 2114 ergo
1007 2043 1314 2114 frequenter
1355 2043 1586 2099 Joannes
1616 2046 1682 2099 ab
1713 2060 1770 2100 se
1799 2044 2014 2102 Judaeos
2040 2047 2104 2102 ad

516 2136 793 2190 Christum
825 2138 1079 2202 mitteret,
1109 2136 1196 2204 qui
1228 2134 1504 2190 videbatur
1527 2136 1630 2190 illis
1655 2136 1860 2192 Joanne
1882 2137 2107 2195 inferior

518 2239 676 2290 esse;
709 2240 826 2281 cum
868 2224 1135 2296 pudefacti
1187 2236 1239 2280 et
1265 2241 1405 2296 :rgre
1433 2227 1667 2283 ferentes
1694 2229 1914 2284 mallent
1942 2230 2106 2286 Joan-

520 2331 642 2370 nem
673 2317 868 2372 habere
898 2317 1173 2373 doctorem
1200 2358 1215 2384 ,
1245 2318 1295 2372 id
1328 2327 1502 2372 tamen
1551 2330 1736 2389 aperte
1763 2320 1948 2378 dicere
1989 2323 2104 2378 ausi

520 2423 624 2460 non
646 2415 801 2472 sunt;
825 2406 920 2462 sed
943 2407 1156 2462 mittunt
1177 2408 1242 2462 ad
1271 2409 1440 2475 illum,
1459 2419 1740 2480 sperantes
1761 2428 1819 2467 se
1838 2428 1933 2482 per
1962 2413 2096 2468 adu-

521 2500 777 2552 iationem
801 2513 962 2569 posse
990 2501 1136 2554 illum
1155 2501 1392 2569 allicere,
1423 2513 1477 2557 ut
1497 2518 1557 2558 se
1582 2503 1928 2561 confiteretur
1943 2505 2099 2561 Chri-

515 2601 677 2643 stum.
736 2590 851 2646 Non
904 2591 1098 2646 intimae
1153 2595 1313 2648 sortis
1361 2594 1605 2652 homines
1654 2597 1890 2664 mittunt,
1932 2607 1990 2653 ut
2035 2597 2103 2654 ad

517 2681 787 2734 Clu-istum
810 2723 822 2745 ,
850 2697 971 2736 cum
1000 2683 1195 2738 vellent
1225 2699 1347 2740 eum
1374 2699 1567 2756 capere
1607 2689 1659 2740 in
1684 2701 1966 2755 sermone;
1989 2704 2093 2745 ser-

521 2786 616 2824 vos
661 2773 801 2826 enim
849 2773 1128 2840 miserunt,
1154 2775 1345 2830 deinde
1387 2775 1718 2834 llerodianos
1757 2780 2105 2852 ejusdemque

528 2864 713 2919 farina:
765 2863 1010 2920 homines
1043 2883 1058 2920 :
1089 2866 1175 2920 hic
1213 2876 1392 2921 autem
1423 2868 1729 2925 sacerdotes
1754 2882 1806 2925 et
1858 2871 2100 2942 Levitas;

521 2970 616 3007 nec
641 2954 908 3025 quoslibet
933 2955 1242 3011 sacerdotes
1257 2997 1273 3024 ,
1296 2955 1392 3011 sed
1416 2956 1483 3013 ab
1505 2957 1855 3031 Jerosoiymis
1877 3002 1893 3030 ,
1919 2961 1972 3019 id
1996 2973 2100 3031 est,

526 3045 950 3101 honorabiliores
973 3046 990 3108 (
1001 3062 1172 3117 neque
1192 3048 1335 3101 enim
1375 3048 1494 3103 sine
1512 3063 1671 3104 causa
1701 3049 1815 3106 lure
1835 3054 2103 3124 significa-

520 3138 962 3209 vitevangelista)
993 3148 1080 3194 :et
1109 3139 1348 3208 mittunt,
1374 3148 1430 3194 ut
1453 3141 1864 3213 interrogarent,
1893 3143 1970 3200 Tu
1991 3148 2106 3217 quis

519 3229 614 3283 es?
641 3227 857 3284 Natales
884 3229 1080 3300 quippe
1109 3229 1227 3300 ejus
1271 3231 1342 3285 ita
1387 3233 1662 3303 conspicui
1706 3242 1880 3302 erant,
1911 3245 1966 3289 ut
1989 3251 2105 3291 om-

523 3336 616 3376 nes
645 3318 880 3376 dicerent
914 3336 929 3373 :
962 3319 1085 3387 Quis
1115 3331 1265 3391 putas
1310 3338 1437 3391 puer
1467 3323 1562 3377 iste
1585 3325 1679 3378 erit
1709 3323 1860 3398 (Luc.
1891 3327 1942 3382 1.
1968 3326 2105 3398 66)?

521 3423 575 3466 et
604 3428 700 3482 per
725 3413 904 3467 omnia
945 3424 1197 3467 montana
1242 3415 1356 3468 haec
1385 3414 1812 3484 divulgabantur.
1844 3415 2105 3472 Rursum-

522 3520 628 3572 que
657 3519 780 3560 cum
810 3506 956 3560 venit
982 3504 1048 3558 ad
1101 3503 1411 3569 Jordanem,
1443 3520 1635 3563 omnes
1671 3507 1918 3562 civitates
1946 3507 2108 3563 advo-

523 3597 721 3664 larunt,
763 3604 816 3650 et
861 3609 929 3651 es
985 3594 1280 3651 Jerusalem
1333 3597 1583 3668 omnique
1633 3597 1814 3653 Juda-a
1847 3598 2108 3655 Joannem

520 3687 736 3742 adibant
783 3695 842 3742 ut
888 3687 1309 3757 baptizareutur.
1353 3688 1416 3743 lli
1458 3689 1634 3760 itaque
1679 3706 1820 3746 nunc
1877 3692 2110 3750 interro-

523 3789 671 3847 gant,
701 3794 806 3834 non
834 3779 974 3853 quod
1003 3779 1248 3850 ignorent
1282 3780 1300 3848 (
1331 3781 1599 3850 quomodo
1632 3783 1773 3836 enim
1802 3783 2109 3853 ignorarent

524 3884 645 3923 eum
676 3871 763 3938 qui
795 3879 872 3926 tot
901 3871 1076 3925 modis
1098 3869 1412 3926 manifestus
1443 3871 1661 3944 erati),
1684 3873 1778 3929 sed
1811 3883 1866 3930 ut
1891 3889 2014 3931 eum
2041 3877 2108 3933 ad

525 3961 598 4024 id,
627 3959 767 4032 quod
783 3976 941 4034 supra
971 3961 1104 4028 disi,
1136 3961 1470 4018 inducerent.

595 4051 651 4106 2.
690 4051 825 4106 Audi
853 4066 979 4122 ergo
1006 4051 1275 4122 quomodo
1316 4052 1501 4110 beatus
1538 4055 1624 4112 hic
1666 4055 1732 4111 ad
1764 4057 2107 4131 interrogan-

528 4143 658 4197 tium
689 4152 945 4212 mentem,
974 4159 1078 4199 non
1104 4143 1172 4200 ad
1205 4145 1370 4213 ipsam
1397 4149 1862 4217 interrogationem
1886 4168 2110 4224 respon-

525 4236 668 4291 deat.
694 4235 994 4291 Dicentibus
1013 4237 1178 4303 enim,
1214 4235 1288 4290 Tu
1310 4239 1421 4308 quis
1436 4255 1488 4293 es
1504 4239 1530 4291 .9
1564 4255 1671 4295 non
1698 4243 1969 4312 respondit
1996 4254 2109 4302 sta-

529 4324 690 4380 timid
710 4325 850 4397 quod
876 4333 1018 4380 recte
1041 4325 1466 4396 respondendum
1484 4338 1622 4396 erat,
1643 4328 1754 4400 Ego
1777 4347 1872 4387 eoa:
1885 4333 2113 4389 claman-

529 4418 592 4471 tis
621 4418 673 4469 in
699 4416 892 4471 deserto
920 4415 1098 4489 (Joan.
1135 4417 1185 4472 1.
1213 4415 1305 4485 25)
1325 4458 1338 4482 ,
1372 4421 1467 4473 sed
1490 4418 1653 4488 quid?
1678 4420 1732 4476 1ι1
1762 4424 1901 4494 quod
1925 4423 1997 4479 illi
2022 4440 2111 4480 su-

528 4505 869 4576 apicabautur
907 4505 1123 4561 amovit.
1169 4505 1301 4561 Nam
1347 4506 1721 4578 interrogatus,
1750 4509 1828 4566 Tu
1873 4515 1986 4582 quis
2021 4515 2110 4570 es?

530 4598 719 4665 inquit,
750 4596 837 4652 20.
872 4593 1143 4666 Confessus
1171 4606 1268 4664 est,
1292 4605 1342 4652 et
1369 4614 1468 4652 non
1496 4601 1692 4670 negavit
1719 4617 1741 4666 ;
1774 4611 1820 4656 et
1850 4604 2110 4672 confessus

531 4697 625 4754 est,
656 4689 774 4758 quin
817 4704 917 4742 non
944 4705 1055 4743 sum
1081 4703 1172 4759 ego
1201 4684 1447 4744 Christus.
1490 4690 1555 4745 Et
1600 4691 1720 4748 vide
1766 4695 2111 4765 evangelista:

535 4782 864 4846 sapientiam.
898 4779 1003 4833 'l‘er
1031 4778 1258 4847 idipsum
1287 4779 1448 4846 dicit,
1481 4790 1540 4835 ut
1567 4791 1623 4837 et
1652 4783 1903 4854 Baptista:
1943 4788 2110 4842 virtu-

535 4877 640 4924 tem
665 4909 680 4933 ,
710 4878 762 4925 et
798 4869 1086 4937 nequitiam
1117 4870 1481 4940 insaniamque
1519 4874 1728 4930 illorqu
1759 4876 2111 4937 demonstret.

529 4962 701 5018 Lucas
727 4977 853 5017 vero
875 4963 1019 5029 dicit,
1042 4963 1182 5033 quod
1210 4979 1329 5020 cum
1356 4965 1522 5022 turba:
1543 4969 1939 5039 suspicarentur
1964 4974 2112 5028 illum

533 5070 651 5111 esse
681 5054 948 5110 Christum
972 5095 990 5122 ,
1023 5055 1135 5125 ipse
1185 5055 1322 5111 hanc
1375 5061 1633 5126 amoveri}
1684 5063 2043 5133 suspicionem
2070 5066 2110 5122 ¹.

536 5145 646 5200 lloc
677 5144 810 5215 frugi
849 5147 988 5202 servi
1028 5147 1262 5202 officium
1307 5158 1389 5204 est
1411 5190 1425 5215 ,
1457 5166 1560 5207 non
1601 5153 1761 5210 modo
1793 5156 2001 5212 Domini
2031 5158 2114 5214 sui

532 5239 757 5310 gloriam
788 5255 893 5294 non
931 5242 1205 5310 abripere,
1237 5242 1330 5297 sed
1360 5244 1520 5300 etiam
1549 5246 1782 5303 oblatam
1809 5265 1838 5304 a
1873 5251 2113 5307 multitu-

532 5331 657 5386 dine
681 5331 972 5401 depellere.
1008 5331 1197 5388 Verum
1229 5335 1396 5390 turbae
1421 5351 1487 5393 ex
1512 5338 1851 5410 simplicitate
1880 5353 1936 5399 et
1961 5345 2114 5414 igno-

534 5423 702 5476 rantia
732 5423 783 5478 in
815 5421 952 5479 hanc
996 5439 1188 5479 venere
1216 5429 1570 5498 suspicionem
1603 5449 1618 5487 :
1652 5433 1705 5488 hi
1745 5444 1924 5493 autem
1951 5439 2112 5506 malo,

602 5560 620 5635 ξ
654 5560 728 5607 sic
748 5560 887 5635 savil.
937 5568 1002 5635 et
1031 5568 1170 5621 Mss;
1197 5563 1244 5610 in
1273 5561 1433 5635 alorci.
1459 5573 1621 5635 autem
1645 5568 1715 5619 sic
1737 5567 1920 5635 legitur
1947 5586 1959 5621 :
1983 5570 2115 5624 Idem

541 5618 705 5686 ridere
728 5631 796 5671 est
819 5627 948 5681 uiuat
983 5618 1174 5686 turam,
1201 5623 1282 5679 qui
1316 5623 1499 5676 inducit
1534 5618 2116 5686 Joannemhirentrin‘iiv

787 5697 837 5758 se
860 5684 1100 5758 eiulabam
1123 5686 1165 5733 si
1189 5687 1310 5745 forte
1331 5695 1449 5738 esset
1472 5689 1706 5758 ciuiuus,
1720 5712 1739 5738 α
1763 5681 1898 5744 Venit
1918 5681 1998 5758 qui
2021 5681 2117 5758 iiii;

541 5747 646 5852 lupi;
672 5756 748 5854 mel
766 5753 852 5805 est,
879 5764 900 5791 ι
930 5752 972 5797 rt
1011 5760 1095 5810 per
1119 5761 1174 5796 ra
1197 5760 1306 5808 (μίαν
1344 5750 1624 5816 respondet,
1649 5747 1773 5805 hanc
1797 5747 2116 5821 suspicionem

535 5817 582 5852 «γ’
649 5818 729 5853 rm
753 5820 841 5856 rm.

1285 374 1340 432 S.
1380 369 1655 429 JOANNIS
1692 366 2157 426 CIIRYSOSTOMI
2201 365 2515 423 ARCIIIEP.
2557 366 3089 424 CONSTANTINOP.

3746 371 3852 426 101

2238 493 2294 536 ιιι
2322 482 2450 547 dixi,
2479 483 2657 537 animo
2686 482 3091 553 interrogabant
3124 499 3262 552 tum,
3295 494 3577 555 sperantes
3609 500 3672 540 se
3707 485 3854 539 adu-

2237 573 2433 630 latione
2481 575 2530 628 id
2578 574 2718 644 quod
2777 575 3030 645 optabant
3078 586 3502 646 consequuturos
3547 593 3698 632 esse.
3731 577 3800 630 Ni
3838 578 3851 630 i

2234 669 2376 721 enim
2418 667 2516 721 hoc
2543 677 2883 736 sperassent,
2916 683 3021 722 non
3063 671 3240 723 statim
3270 670 3336 724 ad
3367 671 3524 725 aliam
3557 672 3848 724 venissi-nt

2232 757 2730 828 interrogitionem,
2764 759 2860 814 sed
2906 759 3161 830 indignati
3197 760 3338 830 quod
3382 760 3449 816 ad
3493 761 3848 831 prepositum

2231 865 2337 905 non
2371 850 2770 921 respondisset,
2803 851 3060 907 dixissent
3092 870 3105 906 :
3136 852 3269 906 Num
3299 853 3398 908 hoc
3437 854 3699 923 suspicati
3745 867 3847 905 su-

2231 943 2382 998 mus?
2409 959 2532 997 num
2567 943 2668 998 hoc
2697 953 3063 1014 percontatum
3092 945 3334 1000 venimus
3359 946 3381 999 ?
3405 945 3510 1001 Sed
3551 948 3711 1016 quasi
3746 961 3848 1000 ea-

2229 1035 2300 1104 pti
2346 1050 2408 1088 ac
2448 1034 2766 1103 deprehensi
2791 1035 2857 1090 ad
2882 1035 3040 1090 aliam
3067 1036 3286 1091 veniunt
3313 1037 3802 1106 interrogationem
3833 1056 3847 1091 :

2225 1127 2315 1180 21.
2360 1127 2493 1192 Quid
2522 1128 2682 1198 ergo?
2712 1127 2855 1181 Elias
2883 1145 2932 1182 es
2963 1130 3057 1183 tu?
3086 1127 3151 1182 Et
3183 1129 3480 1197 respondit,
3512 1127 3636 1182 Non
3690 1146 3842 1183 sum.

2224 1216 2354 1270 Nam
2384 1227 2437 1271 et
2462 1217 2601 1272 hunc
2631 1227 2910 1272 venturum
2934 1234 3056 1274 esse
3086 1219 3391 1289 sperabant,
3418 1228 3544 1274 utet
3573 1219 3839 1274 Christus

2223 1307 2315 1361 ait.
2365 1306 2497 1363 Nam
2548 1309 2997 1379 interrogantibus
3042 1311 3320 1380 discipulis
3351 1333 3362 1365 :
3399 1311 3670 1377 Quomodo
3704 1327 3836 1382 ergo

2219 1399 2396 1452 scriba:
2425 1401 2636 1468 dicunt,
2678 1403 2812 1471 quod
2854 1412 3080 1472 aporteat
3128 1402 3297 1455 Etiam
3347 1404 3565 1472 primum
3610 1403 3839 1458 venire?

2219 1489 2332 1557 ipse
2358 1490 2631 1558 respondit
2655 1509 2668 1545 :
2704 1492 2849 1547 Elius
2871 1494 3072 1561 quidem
3099 1496 3274 1558 veniet,
3302 1505 3349 1547 et
3390 1496 3618 1549 restituet
3649 1497 3834 1549 omnia

2219 1579 2432 1649 (Matth.
2455 1583 2630 1637 17.10
2654 1581 2692 1653 ).
2718 1583 2914 1638 Deinde
2942 1584 3269 1656 interrogant
3301 1603 3314 1638 :
3355 1584 3612 1653 Propheta
3641 1603 3693 1638 es
3729 1598 3782 1638 tu
3802 1588 3830 1639 .’

2219 1673 2284 1726 Et
2314 1676 2611 1744 respondit,
2643 1674 2782 1729 Non.
2815 1676 2880 1730 Et
2907 1687 3082 1732 tamen
3109 1677 3364 1748 propheta
3390 1686 3525 1733 erat.
3553 1676 3667 1733 Cur
3691 1694 3832 1748 ergo

2218 1765 2266 1818 id
2311 1767 2506 1836 negat?
2547 1766 2752 1823 Rursus
2792 1769 3228 1838 interrogantium
3284 1779 3519 1824 mentem
3571 1771 3824 1840 reSpicit.

2212 1854 2511 1924 Sperabam
2540 1857 2680 1912 enim
2706 1859 3017 1929 prophetam
3040 1859 3324 1929 quemdam
3346 1861 3601 1916 eximium
3627 1874 3825 1916 ventu-

2215 1963 2331 2002 rum
2358 1964 2497 2013 esse,
2520 1949 2662 2020 quod
2686 1946 2900 2021 Moyses
2921 1951 3174 2006 dixisset:
3202 1951 3511 2019 Prop/ictam
3543 1954 3686 2009 vobis
3705 1971 3818 2008 sus-

2211 2040 2378 2094 citabit
2414 2040 2661 2096 Dominus
2708 2043 2842 2096 Deus
2883 2059 2946 2096 ea:
2990 2043 3230 2112 fratribus
3266 2044 3459 2110 vestris,
3494 2045 3623 2098 sicut
3687 2061 3768 2100 me
3799 2062 3819 2100 .'

2210 2133 2376 2202 ipsum
2401 2135 2574 2188 audite
2602 2134 2779 2208 (Deut.
2814 2134 2896 2190 18.
2926 2133 3033 2207 15).
3069 2135 3162 2189 llic
3189 2145 3366 2190 autem
3399 2145 3512 2190 erat
3538 2137 3816 2191 Christus.

2211 2222 2333 2280 Ideo
2363 2240 2466 2280 non
2496 2225 2698 2292 dicunt,
2719 2227 2979 2297 Propheta
3004 2241 3061 2282 es
3090 2229 3185 2282 tu?
3207 2228 3284 2296 (a)
3311 2226 3396 2299 [ex
3430 2244 3654 2284 numero
3686 2245 3819 2298 pro—

2211 2314 2527 2385 phetarum;
2590 2316 2686 2373 sed
2721 2333 2842 2374 cum
2890 2319 3114 2374 articulo
3148 2341 3162 2372 :
3195 2319 3462 2390 Propheta
3493 2321 3581 2375 ille
3609 2337 3670 2376 es
3711 2321 3816 2392 tu],

2210 2405 2352 2474 quia
2381 2405 2562 2477 Moyse
2595 2408 2982 2478 przenuntiatus
3021 2420 3102 2464 est
3125 2409 3148 2463 ’ἓ
3175 2410 3377 2466 Idcirco
3422 2411 3635 2480 negavit
3679 2413 3770 2466 ille
3794 2454 3810 2477 ,

2210 2510 2314 2549 non
2364 2510 2423 2551 se
2468 2497 2781 2566 prophetam
2823 2514 2943 2555 esse
2968 2542 2981 2566 ,
3017 2500 3111 2556 sed
3161 2501 3310 2555 illum
3345 2501 3681 2571 prophetam.
3714 2501 3810 2556 2‘2.

2207 2583 2461 2640 Dixerunt
2502 2603 2619 2658 ergo
2649 2589 2735 2643 ei:
2770 2589 2897 2657 Quis
2947 2591 3047 2645 es?
3088 2601 3144 2646 ut
3171 2609 3466 2662 responsum
3516 2593 3694 2649 demus
3743 2594 3812 2649 iis

2207 2676 2295 2745 qui
2324 2677 2572 2731 miserunt
2615 2694 2726 2732 nos.
2760 2677 2898 2746 Quid
2940 2680 3065 2735 dicis
3116 2683 3178 2736 de
3224 2683 3430 2753 teipse?
3461 2682 3648 2738 Viden‘
3691 2685 3814 2739 illcs

2207 2769 2422 2838 quidem
2457 2770 2719 2826 instantes
2749 2781 2802 2826 et
2831 2773 3238 2844 interrogantes,
3261 2790 3434 2844 neque
3461 2775 3812 2840 desistentcs;

2208 2859 2356 2916 illum
2387 2873 2518 2916 vero
2545 2859 2823 2918 moderate
2861 2864 3010 2932 prius
3052 2866 3273 2920 remotis
3312 2863 3461 2921 falsis
3489 2868 3814 2937 suSpieioni-

2209 2950 2330 3020 bus,
2358 2967 2540 3006 veram
2567 2955 2887 3008 sententiam
2908 2964 3254 3012 statuentem.
3283 2956 3415 3010 Nam
3440 2958 3513 3012 ait
3539 2976 3554 3012 :
3581 2957 3674 3014 ‘23.
3701 2959 3814 3030 Ego

2208 3058 2306 3096 vos:
2347 3042 2616 3098 clamantis
2663 3044 2716 3097 in
2763 3046 2996 3110 deserto;
3027 3056 3204 3116 parate
3242 3048 3373 3101 viam
3422 3046 3649 3116 Domini,
3679 3051 3815 3104 sicut

2210 3132 2338 3188 dixit
2359 3132 2529 3188 Isaias
2559 3135 2823 3206 propheta.
2842 3136 2975 3206 Quia
3003 3139 3145 3192 enim
3177 3153 3425 3211 magnum
3457 3151 3507 3197 et
3531 3143 3810 3200 excelsum

2207 3223 2477 3294 quidpiam
2506 3223 2574 3279 de
2595 3224 2809 3280 Christo
2839 3226 3087 3297 loquutus
3109 3238 3210 3295 est,
3245 3229 3455 3288 illorum
3480 3247 3540 3288 se
3567 3234 3811 3304 Opinioni

2207 3322 2592 3384 attemperaus,
2615 3316 2682 3371 ad
2704 3317 3018 3388 prophetam
3049 3321 3227 3376 statim
3251 3323 3510 3396 confugit,
3542 3325 3668 3383 hinc
3689 3343 3814 3383 ver-

2209 3405 2292 3460 bis
2316 3406 2428 3462 suis
2459 3406 2619 3463 fidem
2650 3409 2966 3466 concilians.
2997 3411 3087 3467 24.
3123 3411 3189 3467 Et
3213 3415 3300 3483 qui
3316 3415 3454 3470 missi
3479 3419 3703 3488 fuerant,
3733 3419 3812 3474 iu-

2208 3496 2344 3567 quit,
2376 3505 2520 3554 erant
2549 3515 2612 3554 ex
2641 3498 2918 3558 Pharisaeis
2945 3518 2965 3558 :
2991 3502 3082 3560 25.
3104 3513 3151 3559 et
3195 3506 3640 3579 interrogaverunt
3668 3527 3810 3576 eum,

2208 3597 2255 3642 et
2306 3589 2540 3645 dixerunt
2564 3591 2609 3645 ei
2639 3606 2658 3646 :
2689 3591 2827 3659 Quid
2855 3610 2972 3665 ergo
3001 3595 3262 3665 baptisas,
3291 3599 3336 3652 si
3364 3608 3418 3653 tu
3449 3616 3552 3655 non
3579 3619 3635 3656 es
3662 3602 3812 3658 Chri-

2209 3691 2351 3748 stus,
2381 3697 2540 3750 neqste
2591 3680 2758 3748 Elius,
2785 3700 2944 3754 neque
2991 3688 3286 3757 propheta?
3326 3688 3514 3745 Viden'
3561 3707 3648 3747 me
3701 3709 3810 3749 non

2215 3781 2415 3828 temere
2443 3773 2667 3840 dixisse,
2701 3776 2846 3845 ipsos
2877 3792 2942 3832 eo
2973 3777 3224 3836 inducere
3249 3781 3397 3836 illum
3427 3784 3663 3841 voluisse
3689 3785 3713 3839 ?
3744 3787 3811 3843 Et

2213 3862 2364 3918 initio
2389 3863 2602 3934 quidem
2636 3865 2688 3920 id
2719 3882 2826 3922 non
2856 3868 3125 3936 dicebant,
3157 3885 3224 3927 ne
3249 3873 3317 3926 ab
3346 3875 3594 3931 omnibus
3623 3877 3809 3948 depre-

2214 3953 2594 4011 henderentur.
2626 3956 2827 4014 Deinde
2869 3960 2992 4029 quia
3042 3961 3209 4028 dixit,
3243 3963 3366 4018 Non
3412 3983 3526 4021 sum
3554 3967 3807 4037 Christus,

2212 4062 2422 4102 rursum
2474 4048 2638 4104 illiut
2678 4065 2741 4106 ea
2784 4068 2905 4121 qua:
2946 4054 3089 4111 intus
3117 4058 3564 4117 machinabantur
3591 4064 3811 4136 obtege-

2213 4151 2354 4208 rent,
2383 4142 2450 4196 ad
2496 4143 2668 4198 Eliam
2700 4146 2922 4200 veniunt
2943 4186 2960 4212 ,
2988 4155 3044 4201 et
3091 4149 3158 4203 ad
3209 4152 3551 4221 pr0phetam.
3585 4154 3659 4211 Ut
3683 4172 3812 4212 vero

2214 4231 2367 4297 dixit,
2399 4247 2458 4288 se
2485 4242 2732 4289 neutrum
2754 4251 2940 4292 eorum
2968 4252 3109 4304 esse,
3138 4240 3284 4297 dubii
3315 4243 3531 4300 demum
3561 4255 3613 4302 et
3638 4250 3808 4318 posita

2216 4323 2382 4390 larva,
2413 4335 2596 4394 aperte
2639 4326 2878 4384 dolosam
2908 4346 3058 4387 suam
3091 4344 3323 4391 mentem
3349 4337 3600 4411 detegunt
3627 4341 3810 4398 dicen-

2217 4426 2296 4472 tes
2330 4438 2343 4473 :
2372 4417 2508 4488 Quid
2532 4436 2650 4490 ergo
2676 4421 2923 4491 baptisas,
2955 4424 3000 4478 si
3021 4433 3075 4479 tu
3101 4443 3205 4481 non
3225 4444 3279 4482 es
3302 4427 3532 4486 Christus
3551 4433 3578 4486 .’
3606 4433 3811 4491 Deinde

2214 4523 2424 4564 rursum
2451 4508 2679 4566 obscure
2705 4510 3006 4580 loquentes,
3024 4515 3159 4571 alios
3181 4517 3403 4587 addunt,
3425 4520 3593 4576 Eliam
3617 4539 3811 4595 nempe

2213 4610 2267 4655 et
2299 4599 2630 4670 prophetam.
2659 4601 2792 4667 Quia
2834 4605 2977 4659 enim
3012 4605 3316 4665 adulatione
3344 4610 3518 4680 ipsum
3549 4615 3809 4684 supplau-

2216 4699 2329 4746 tare
2357 4707 2463 4745 non
2490 4701 2776 4760 potuerant
2798 4734 2812 4760 ,
2843 4708 3128 4765 sperarunt
3174 4714 3234 4756 se
3278 4705 3620 4761 accusatione
3652 4722 3811 4778 posse

2217 4782 2365 4835 illum
2395 4798 2588 4854 cogere
2627 4784 2691 4840 ad
2727 4785 2778 4840 id
2823 4787 2891 4843 de
2932 4803 2992 4844 se
3033 4791 3421 4862 confitendum,
3453 4798 3594 4868 quod
3624 4815 3808 4856 verum

2219 4885 2321 4926 non
2350 4882 2492 4928 esset
2521 4891 2533 4928 :
2561 4884 2615 4930 at
2653 4891 2759 4930 non
2795 4889 3105 4948 potuerunt.
3137 4885 3182 4939 0
3224 4887 3512 4943 amentiam
3539 4891 3553 4944 !
3585 4905 3620 4945 ο
3661 4906 3812 4948 arro-

2216 4965 2449 5035 gantiam
2494 4975 2550 5021 et
2600 4968 3033 5040 intempestivam
3065 4977 3426 5035 curiositatem
3457 4982 3472 5037 1
3501 4981 3654 5039 111εεί
3679 4985 3814 5040 estis

2218 5066 2276 5111 ut
2323 5057 2605 5116 discerelis
2648 5061 2717 5117 ab
2746 5077 2832 5130 eo,
2868 5065 2987 5135 quis
3016 5075 3069 5122 et
3110 5069 3250 5124 unde
3278 5081 3422 5127 esset
3466 5073 3618 5144 ipse;
3653 5092 3812 5132 num-

2218 5150 2342 5220 quid
2390 5151 2534 5224 leges
2580 5154 2679 5224 ipsi
2729 5160 3127 5226 przescribetis?
3155 5165 3266 5222 lloc
3312 5167 3454 5223 enim
3504 5173 3811 5242 cogentium

2218 5251 2332 5296 erat
2354 5284 2370 5310 ,
2403 5253 2460 5298 ut
2487 5258 2547 5300 se
2589 5247 2859 5304 Christum
2891 5266 3011 5307 esse
3039 5256 3403 5315 confiteretur.
3435 5261 3682 5318 Attamen
3716 5280 3811 5321 ne-

2219 5351 2324 5404 que
2349 5352 2489 5392 nunc
2517 5337 2839 5410 indignatur,
2869 5359 3042 5414 neque
3071 5357 3124 5400 ut
3154 5363 3248 5418 par
3267 5365 3387 5406 esse
3415 5353 3694 5410 videbatur
3718 5356 3815 5410 ali-

2219 5425 2343 5494 quid
2369 5429 2568 5496 profert
2596 5430 2770 5487 simile
2801 5450 2815 5486 :
2846 5435 2926 5488 An
2959 5451 3054 5491 vos
3099 5438 3226 5493 mihi
3256 5442 3542 5512 praecipitis
3562 5486 3577 5510 ,
3613 5445 3813 5515 legem-

2219 5531 2323 5585 que
2379 5519 2650 5574 statuitis?
2717 5538 2900 5579 verum
2966 5529 3187 5583 multam
3238 5546 3451 5586 rursum
3499 5536 3818 5594 mochIiam

2221 5607 2452 5664 exhibet.
2480 5611 2608 5667 Nam
2639 5615 2711 5668 ait
2760 5633 2772 5670 :
2818 5617 2907 5671 ‘26.
2944 5617 3058 5688 Ego
3087 5622 3286 5688 quidem
3315 5624 3512 5693 baptizo
3541 5627 3594 5681 in
3634 5646 3765 5699 aqua
3791 5649 3805 5684 :

2230 5840 2255 5879 Γ
2286 5765 2372 5877 (ιὶ)ι
2393 5773 2721 5880 ριιιξιιιηιίἱηιδ
2743 5771 3030 5828 clauduntur
3048 5816 3060 5838 ,
3088 5778 3222 5842 lapsu
3248 5785 3592 5847 lniographico
3625 5784 3819 5836 desidu-

2258 5843 2315 5878 an
2342 5843 2396 5878 ιι·
2425 5844 2501 5879 ιη.
2530 5847 2611 5880 ore
2643 5871 2651 5880 .

2258 5843 2396 5878 Jilllll'
2425 5844 2468 5878 ιη
2491 5843 2633 5883 ΜΟΙΈΙ
2643 5871 2651 5881 .
