  <div class='ocr_page' id='page_1' title='image "/cluster/home/n/w/nwhite01/storage/ocr_20150623/59/ien.35556001660869/112.png"; bbox 0 0 4048 6436; ppageno 0'>
   <div class='ocr_carea' id='block_1_1' title="bbox 201 409 308 466">
    <p class='ocr_par' dir='ltr' id='par_1_1' title="bbox 201 409 308 466">
     <span class='ocr_line' id='line_1_1' title="bbox 201 409 308 466; baseline 0 0"><span class='ocrx_word' id='word_1_1' title='bbox 201 409 308 466; x_wconf 73' lang='grc'><strong>105</strong></span> 
     </span>
    </p>
   </div>
   <div class='ocr_carea' id='block_1_2' title="bbox 197 472 1806 582">
    <p class='ocr_par' dir='ltr' id='par_1_2' title="bbox 197 472 1806 582">
     <span class='ocr_line' id='line_1_2' title="bbox 197 472 1806 582; baseline -0.034 0"><span class='ocrx_word' id='word_1_2' title='bbox 197 525 392 582; x_wconf 79' lang='lat' dir='ltr'><strong>medius</strong></span> <span class='ocrx_word' id='word_1_3' title='bbox 419 527 586 573; x_wconf 79' lang='lat' dir='ltr'><strong>autem</strong></span> <span class='ocrx_word' id='word_1_4' title='bbox 618 521 831 568; x_wconf 71' lang='lat' dir='ltr'><strong>vestrum</strong></span> <span class='ocrx_word' id='word_1_5' title='bbox 861 513 977 571; x_wconf 80' lang='lat' dir='ltr'><strong>stat,</strong></span> <span class='ocrx_word' id='word_1_6' title='bbox 1011 515 1156 571; x_wconf 81' lang='lat' dir='ltr'><strong>quem</strong></span> <span class='ocrx_word' id='word_1_7' title='bbox 1203 510 1288 548; x_wconf 75' lang='lat' dir='ltr'><strong>nos</strong></span> <span class='ocrx_word' id='word_1_8' title='bbox 1327 487 1548 544; x_wconf 78' lang='lat' dir='ltr'><strong>nescitis.</strong></span> <span class='ocrx_word' id='word_1_9' title='bbox 1578 481 1669 535; x_wconf 67' lang='lat'><strong>27.</strong></span> <span class='ocrx_word' id='word_1_10' title='bbox 1710 472 1806 530; x_wconf 81' lang='lat' dir='ltr'><strong>Hic</strong></span> 
     </span>
    </p>
   </div>
   <div class='ocr_carea' id='block_1_3' title="bbox 197 582 1812 688">
    <p class='ocr_par' dir='ltr' id='par_1_3' title="bbox 197 582 1812 688">
     <span class='ocr_line' id='line_1_3' title="bbox 197 582 1812 688; baseline -0.032 -16"><span class='ocrx_word' id='word_1_11' title='bbox 197 615 380 688; x_wconf 80' lang='lat' dir='ltr'><strong>estqui</strong></span> <span class='ocrx_word' id='word_1_12' title='bbox 413 621 528 683; x_wconf 76' lang='lat' dir='ltr'><strong>post</strong></span> <span class='ocrx_word' id='word_1_13' title='bbox 557 624 635 662; x_wconf 88' lang='lat' dir='ltr'><strong>me</strong></span> <span class='ocrx_word' id='word_1_14' title='bbox 660 611 898 660; x_wconf 76' lang='lat' dir='ltr'><strong>venturus</strong></span> <span class='ocrx_word' id='word_1_15' title='bbox 921 605 1014 660; x_wconf 78' lang='lat' dir='ltr'><strong>est,</strong></span> <span class='ocrx_word' id='word_1_16' title='bbox 1047 591 1133 664; x_wconf 85' lang='lat' dir='ltr'><strong>qui</strong></span> <span class='ocrx_word' id='word_1_17' title='bbox 1157 597 1276 642; x_wconf 84' lang='lat' dir='ltr'><strong>ante</strong></span> <span class='ocrx_word' id='word_1_18' title='bbox 1309 600 1388 638; x_wconf 89' lang='lat' dir='ltr'><strong>me</strong></span> <span class='ocrx_word' id='word_1_19' title='bbox 1408 585 1573 653; x_wconf 74' lang='lat' dir='ltr'><strong>factus</strong></span> <span class='ocrx_word' id='word_1_20' title='bbox 1597 582 1691 636; x_wconf 78' lang='lat' dir='ltr'><strong>est,</strong></span> <span class='ocrx_word' id='word_1_21' title='bbox 1718 585 1812 623; x_wconf 82' lang='lat' dir='ltr'><strong>cn-</strong></span> 
     </span>
    </p>
   </div>
   <div class='ocr_carea' id='block_1_4' title="bbox 195 665 1735 783">
    <p class='ocr_par' dir='ltr' id='par_1_4' title="bbox 195 665 1735 783">
     <span class='ocr_line' id='line_1_4' title="bbox 195 665 1735 783; baseline -0.031 -17"><span class='ocrx_word' id='word_1_22' title='bbox 195 713 286 783; x_wconf 80' lang='lat' dir='ltr'><strong>jus</strong></span> <span class='ocrx_word' id='word_1_23' title='bbox 307 665 413 762; x_wconf 67' lang='lat' dir='ltr'><strong>itan</strong></span> <span class='ocrx_word' id='word_1_24' title='bbox 441 719 555 759; x_wconf 75' lang='lat' dir='ltr'><strong>sum</strong></span> <span class='ocrx_word' id='word_1_25' title='bbox 581 701 768 771; x_wconf 79' lang='lat' dir='ltr'><strong>dignus</strong></span> <span class='ocrx_word' id='word_1_26' title='bbox 789 701 845 747; x_wconf 86' lang='lat' dir='ltr'><strong>ut</strong></span> <span class='ocrx_word' id='word_1_27' title='bbox 868 689 1062 744; x_wconf 77' lang='lat' dir='ltr'><strong>solvam</strong></span> <span class='ocrx_word' id='word_1_28' title='bbox 1088 681 1359 750; x_wconf 75' lang='lat' dir='ltr'><strong>corrigiam</strong></span> <span class='ocrx_word' id='word_1_29' title='bbox 1386 665 1735 729; x_wconf 84' lang='lat' dir='ltr'><strong>calceantenti.</strong></span> 
     </span>
    </p>
   </div>
   <div class='ocr_carea' id='block_1_5' title="bbox 279 766 1811 854">
    <p class='ocr_par' dir='ltr' id='par_1_5' title="bbox 279 766 1811 854">
     <span class='ocr_line' id='line_1_5' title="bbox 279 766 1811 854; baseline -0.032 3"><span class='ocrx_word' id='word_1_30' title='bbox 279 805 334 854; x_wconf 71' lang='lat'><strong>3.</strong></span> <span class='ocrx_word' id='word_1_31' title='bbox 368 798 580 853; x_wconf 74' lang='lat' dir='ltr'><strong>Iudam</strong></span> <span class='ocrx_word' id='word_1_32' title='bbox 601 766 941 847; x_wconf 68' lang='lat' dir='ltr'><strong>testimonium</strong></span> <span class='ocrx_word' id='word_1_33' title='bbox 960 776 1179 834; x_wconf 75' lang='lat' dir='ltr'><strong>Joannis</strong></span> <span class='ocrx_word' id='word_1_34' title='bbox 1200 771 1263 827; x_wconf 85' lang='grc' dir='ltr'><strong>Β.</strong></span> <span class='ocrx_word' id='word_1_35' title='bbox 1300 766 1630 840; x_wconf 70' lang='lat' dir='ltr'><strong>postulantes,</strong></span> <span class='ocrx_word' id='word_1_36' title='bbox 1663 772 1811 813; x_wconf 76' lang='lat' dir='ltr'><strong>suam</strong></span> 
     </span>
    </p>
   </div>
   <div class='ocr_carea' id='block_1_6' title="bbox 203 856 1812 962">
    <p class='ocr_par' dir='ltr' id='par_1_6' title="bbox 203 856 1812 962">
     <span class='ocr_line' id='line_1_6' title="bbox 203 856 1812 962; baseline -0.03 -15"><span class='ocrx_word' id='word_1_37' title='bbox 203 891 311 962; x_wconf 82' lang='lat' dir='ltr'><strong>ipsi</strong></span> <span class='ocrx_word' id='word_1_38' title='bbox 330 887 708 943; x_wconf 69' lang='lat' dir='ltr'><strong>accusatione»:</strong></span> <span class='ocrx_word' id='word_1_39' title='bbox 740 871 1080 947; x_wconf 75' lang='lat' dir='ltr'><strong>postularunt.</strong></span> <span class='ocrx_word' id='word_1_40' title='bbox 1111 893 1184 906; x_wconf 86' lang='lat'><strong>—-</strong></span> <span class='ocrx_word' id='word_1_41' title='bbox 1221 859 1360 928; x_wconf 87' lang='lat' dir='ltr'><strong>Quid</strong></span> <span class='ocrx_word' id='word_1_42' title='bbox 1405 856 1489 910; x_wconf 90' lang='lat' dir='ltr'><strong>his</strong></span> <span class='ocrx_word' id='word_1_43' title='bbox 1537 861 1812 921; x_wconf 86' lang='lat' dir='ltr'><strong>opponere</strong></span> 
     </span>
    </p>
   </div>
   <div class='ocr_carea' id='block_1_7' title="bbox 209 938 1813 1052">
    <p class='ocr_par' dir='ltr' id='par_1_7' title="bbox 209 938 1813 1052">
     <span class='ocr_line' id='line_1_7' title="bbox 209 938 1813 1052; baseline -0.028 -14"><span class='ocrx_word' id='word_1_44' title='bbox 209 938 440 1052; x_wconf 65' lang='lat' dir='ltr'><strong>possunt</strong></span> <span class='ocrx_word' id='word_1_45' title='bbox 462 971 675 1032; x_wconf 77' lang='lat' dir='ltr'><strong>Juda-i?</strong></span> <span class='ocrx_word' id='word_1_46' title='bbox 698 938 898 1024; x_wconf 79' lang='lat' dir='ltr'><strong>Contra</strong></span> <span class='ocrx_word' id='word_1_47' title='bbox 923 961 1060 1014; x_wconf 89' lang='lat' dir='ltr'><strong>hanc</strong></span> <span class='ocrx_word' id='word_1_48' title='bbox 1091 949 1490 1010; x_wconf 72' lang='lat' dir='ltr'><strong>accusationem</strong></span> <span class='ocrx_word' id='word_1_49' title='bbox 1521 958 1590 998; x_wconf 89' lang='lat' dir='ltr'><strong>ne</strong></span> <span class='ocrx_word' id='word_1_50' title='bbox 1617 938 1813 994; x_wconf 89' lang='lat' dir='ltr'><strong>mutire</strong></span> 
     </span>
    </p>
   </div>
   <div class='ocr_carea' id='block_1_8' title="bbox 207 1036 1810 1143">
    <p class='ocr_par' dir='ltr' id='par_1_8' title="bbox 207 1036 1810 1143">
     <span class='ocr_line' id='line_1_8' title="bbox 207 1036 1810 1143; baseline -0.03 -14"><span class='ocrx_word' id='word_1_51' title='bbox 207 1036 434 1143; x_wconf 63' lang='lat' dir='ltr'><strong>quidem</strong></span> <span class='ocrx_word' id='word_1_52' title='bbox 461 1070 709 1138; x_wconf 88' lang='lat' dir='ltr'><strong>possunt,</strong></span> <span class='ocrx_word' id='word_1_53' title='bbox 751 1052 1024 1112; x_wconf 75' lang='lat' dir='ltr'><strong>damnatio</strong></span> <span class='ocrx_word' id='word_1_54' title='bbox 1046 1047 1188 1103; x_wconf 91' lang='lat' dir='ltr'><strong>nulla</strong></span> <span class='ocrx_word' id='word_1_55' title='bbox 1214 1040 1366 1098; x_wconf 81' lang='lat' dir='ltr'><strong>venia</strong></span> <span class='ocrx_word' id='word_1_56' title='bbox 1385 1036 1560 1094; x_wconf 89' lang='lat' dir='ltr'><strong>averti</strong></span> <span class='ocrx_word' id='word_1_57' title='bbox 1593 1037 1770 1103; x_wconf 78' lang='lat' dir='ltr'><strong>potest</strong></span> <span class='ocrx_word' id='word_1_58' title='bbox 1795 1068 1810 1094; x_wconf 96' lang='lat'><strong>,</strong></span> 
     </span>
     <span class='ocr_line' id='line_1_9' title="bbox 1081 1117 1810 1143; baseline -0.029 21"><span class='ocrx_word' id='word_1_59' title='bbox 1081 1140 1089 1143; x_wconf 81' lang='lat'><em>‘</em></span> <span class='ocrx_word' id='word_1_60' title='bbox 1287 1133 1298 1143; x_wconf 87' lang='lat'>&#39;</span> <span class='ocrx_word' id='word_1_61' title='bbox 1442 1138 1454 1143; x_wconf 89' lang='lat'><strong><em>-</em></strong></span> <span class='ocrx_word' id='word_1_62' title='bbox 1535 1117 1810 1143; x_wconf 50' lang='lat' dir='ltr'><strong>n._-_....I..</strong></span> 
     </span>
    </p>
   </div>
   <div class='ocr_carea' id='block_1_9' title="bbox 212 1117 1816 1233">
    <p class='ocr_par' dir='ltr' id='par_1_9' title="bbox 212 1117 1816 1233">
     <span class='ocr_line' id='line_1_10' title="bbox 212 1117 1816 1233; baseline -0.029 -15"><span class='ocrx_word' id='word_1_63' title='bbox 212 1117 317 1233; x_wconf 60' lang='lat' dir='ltr'><strong>i&#39;psi</strong></span> <span class='ocrx_word' id='word_1_64' title='bbox 374 1117 560 1216; x_wconf 59' lang='lat' dir='ltr'><strong>conrua</strong></span> <span class='ocrx_word' id='word_1_65' title='bbox 611 1153 817 1220; x_wconf 88' lang='lat' dir='ltr'><strong>seipsos</strong></span> <span class='ocrx_word' id='word_1_66' title='bbox 864 1140 1182 1201; x_wconf 86' lang='lat' dir='ltr'><strong>sententiam</strong></span> <span class='ocrx_word' id='word_1_67' title='bbox 1227 1133 1480 1188; x_wconf 90' lang='lat' dir='ltr'><strong>tulerunt.</strong></span> <span class='ocrx_word' id='word_1_68' title='bbox 1534 1117 1816 1192; x_wconf 84' lang='lat' dir='ltr'><strong>Quomodo</strong></span> 
     </span>
    </p>
   </div>
   <div class='ocr_carea' id='block_1_10' title="bbox 210 1219 1814 1324">
    <p class='ocr_par' dir='ltr' id='par_1_10' title="bbox 210 1219 1814 1324">
     <span class='ocr_line' id='line_1_11' title="bbox 210 1219 1814 1324; baseline -0.027 -13"><span class='ocrx_word' id='word_1_69' title='bbox 210 1219 267 1309; x_wconf 61' lang='lat' dir='ltr'><strong>et</strong></span> <span class='ocrx_word' id='word_1_70' title='bbox 289 1269 395 1324; x_wconf 87' lang='lat' dir='ltr'><strong>qna</strong></span> <span class='ocrx_word' id='word_1_71' title='bbox 423 1250 631 1306; x_wconf 90' lang='lat' dir='ltr'><strong>ratione</strong></span> <span class='ocrx_word' id='word_1_72' title='bbox 655 1219 838 1298; x_wconf 15' lang='lat' dir='ltr'><strong>‘liFide</strong></span> <span class='ocrx_word' id='word_1_73' title='bbox 857 1239 1078 1308; x_wconf 76' lang='lat' dir='ltr'><strong>dignum</strong></span> <span class='ocrx_word' id='word_1_74' title='bbox 1109 1228 1366 1302; x_wconf 88' lang='lat' dir='ltr'><strong>putabant</strong></span> <span class='ocrx_word' id='word_1_75' title='bbox 1386 1237 1507 1279; x_wconf 89' lang='lat' dir='ltr'><strong>esse</strong></span> <span class='ocrx_word' id='word_1_76' title='bbox 1529 1219 1814 1280; x_wconf 80' lang='lat' dir='ltr'><strong>Joannem,</strong></span> 
     </span>
    </p>
   </div>
   <div class='ocr_carea' id='block_1_11' title="bbox 213 1306 1816 1400">
    <p class='ocr_par' dir='ltr' id='par_1_11' title="bbox 213 1306 1816 1400">
     <span class='ocr_line' id='line_1_12' title="bbox 213 1306 1816 1400; baseline -0.027 0"><span class='ocrx_word' id='word_1_77' title='bbox 213 1354 273 1400; x_wconf 89' lang='lat' dir='ltr'><strong>et</strong></span> <span class='ocrx_word' id='word_1_78' title='bbox 302 1306 374 1398; x_wconf 78' lang='lat' dir='ltr'><strong>ita</strong></span> <span class='ocrx_word' id='word_1_79' title='bbox 405 1351 671 1398; x_wconf 90' lang='lat' dir='ltr'><strong>veracem,</strong></span> <span class='ocrx_word' id='word_1_80' title='bbox 707 1340 764 1388; x_wconf 91' lang='lat' dir='ltr'><strong>ut</strong></span> <span class='ocrx_word' id='word_1_81' title='bbox 791 1345 896 1384; x_wconf 92' lang='lat' dir='ltr'><strong>non</strong></span> <span class='ocrx_word' id='word_1_82' title='bbox 922 1306 1101 1381; x_wconf 72' lang='lat' dir='ltr'><strong>modo</strong></span> <span class='ocrx_word' id='word_1_83' title='bbox 1128 1334 1252 1376; x_wconf 90' lang='lat' dir='ltr'><strong>cum</strong></span> <span class='ocrx_word' id='word_1_84' title='bbox 1271 1317 1340 1373; x_wconf 91' lang='lat' dir='ltr'><strong>de</strong></span> <span class='ocrx_word' id='word_1_85' title='bbox 1361 1314 1504 1377; x_wconf 87' lang='lat' dir='ltr'><strong>aliis,</strong></span> <span class='ocrx_word' id='word_1_86' title='bbox 1531 1308 1626 1365; x_wconf 88' lang='lat' dir='ltr'><strong>sed</strong></span> <span class='ocrx_word' id='word_1_87' title='bbox 1652 1306 1816 1361; x_wconf 87' lang='lat' dir='ltr'><strong>etiam</strong></span> 
     </span>
    </p>
   </div>
   <div class='ocr_carea' id='block_1_12' title="bbox 212 1399 1820 1501">
    <p class='ocr_par' dir='ltr' id='par_1_12' title="bbox 212 1399 1820 1501">
     <span class='ocr_line' id='line_1_13' title="bbox 212 1399 1820 1501; baseline -0.026 -9"><span class='ocrx_word' id='word_1_88' title='bbox 212 1450 344 1491; x_wconf 86' lang='lat' dir='ltr'><strong>cum</strong></span> <span class='ocrx_word' id='word_1_89' title='bbox 373 1433 443 1489; x_wconf 89' lang='lat' dir='ltr'><strong>de</strong></span> <span class='ocrx_word' id='word_1_90' title='bbox 472 1430 652 1501; x_wconf 77' lang='lat' dir='ltr'><strong>seipse</strong></span> <span class='ocrx_word' id='word_1_91' title='bbox 679 1422 1082 1481; x_wconf 83' lang='lat' dir='ltr'><strong>testificaretur,</strong></span> <span class='ocrx_word' id='word_1_92' title='bbox 1113 1409 1418 1470; x_wconf 81' lang='lat' dir='ltr'><strong>credendus</strong></span> <span class='ocrx_word' id='word_1_93' title='bbox 1446 1411 1610 1462; x_wconf 87' lang='lat' dir='ltr'><strong>esset.</strong></span> <span class='ocrx_word' id='word_1_94' title='bbox 1633 1399 1820 1468; x_wconf 89' lang='lat' dir='ltr'><strong>Neque</strong></span> 
     </span>
    </p>
   </div>
   <div class='ocr_carea' id='block_1_13' title="bbox 213 1494 1822 1592">
    <p class='ocr_par' dir='ltr' id='par_1_13' title="bbox 213 1494 1822 1592">
     <span class='ocr_line' id='line_1_14' title="bbox 213 1494 1822 1592; baseline -0.026 -9"><span class='ocrx_word' id='word_1_95' title='bbox 213 1527 390 1592; x_wconf 90' lang='lat' dir='ltr'><strong>enim,</strong></span> <span class='ocrx_word' id='word_1_96' title='bbox 420 1522 521 1578; x_wconf 88' lang='lat' dir='ltr'><strong>nisi</strong></span> <span class='ocrx_word' id='word_1_97' title='bbox 550 1535 611 1576; x_wconf 92' lang='lat' dir='ltr'><strong>ea</strong></span> <span class='ocrx_word' id='word_1_98' title='bbox 635 1518 857 1572; x_wconf 80' lang='lat' dir='ltr'><strong>fuissent</strong></span> <span class='ocrx_word' id='word_1_99' title='bbox 882 1510 1156 1584; x_wconf 79' lang='lat' dir='ltr'><strong>Opinione,</strong></span> <span class='ocrx_word' id='word_1_100' title='bbox 1184 1504 1460 1559; x_wconf 80' lang='lat' dir='ltr'><strong>misissent</strong></span> <span class='ocrx_word' id='word_1_101' title='bbox 1481 1495 1568 1566; x_wconf 86' lang='lat' dir='ltr'><strong>qui</strong></span> <span class='ocrx_word' id='word_1_102' title='bbox 1593 1494 1822 1548; x_wconf 81' lang='lat' dir='ltr'><strong>interro-</strong></span> 
     </span>
    </p>
   </div>
   <div class='ocr_carea' id='block_1_14' title="bbox 215 1591 1821 1688">
    <p class='ocr_par' dir='ltr' id='par_1_14' title="bbox 215 1591 1821 1688">
     <span class='ocr_line' id='line_1_15' title="bbox 215 1591 1821 1688; baseline -0.023 -13"><span class='ocrx_word' id='word_1_103' title='bbox 215 1625 415 1688; x_wconf 73' lang='lat' dir='ltr'><strong>gat-ent</strong></span> <span class='ocrx_word' id='word_1_104' title='bbox 465 1614 613 1670; x_wconf 92' lang='lat' dir='ltr'><strong>illum</strong></span> <span class='ocrx_word' id='word_1_105' title='bbox 645 1609 714 1664; x_wconf 90' lang='lat' dir='ltr'><strong>de</strong></span> <span class='ocrx_word' id='word_1_106' title='bbox 749 1607 948 1676; x_wconf 86' lang='lat' dir='ltr'><strong>seipso.</strong></span> <span class='ocrx_word' id='word_1_107' title='bbox 981 1601 1144 1659; x_wconf 86' lang='lat' dir='ltr'><strong>Scitis</strong></span> <span class='ocrx_word' id='word_1_108' title='bbox 1178 1598 1321 1655; x_wconf 89' lang='lat' dir='ltr'><strong>enim</strong></span> <span class='ocrx_word' id='word_1_109' title='bbox 1351 1608 1450 1650; x_wconf 90' lang='lat' dir='ltr'><strong>nos</strong></span> <span class='ocrx_word' id='word_1_110' title='bbox 1482 1591 1587 1645; x_wconf 90' lang='lat' dir='ltr'><strong>illis</strong></span> <span class='ocrx_word' id='word_1_111' title='bbox 1615 1593 1821 1642; x_wconf 88' lang='lat' dir='ltr'><strong>tantum</strong></span> 
     </span>
    </p>
   </div>
   <div class='ocr_carea' id='block_1_15' title="bbox 215 1674 1822 1776">
    <p class='ocr_par' dir='ltr' id='par_1_15' title="bbox 215 1674 1822 1776">
     <span class='ocr_line' id='line_1_16' title="bbox 215 1674 1822 1776; baseline -0.022 -12"><span class='ocrx_word' id='word_1_112' title='bbox 215 1708 288 1764; x_wconf 91' lang='lat' dir='ltr'><strong>de</strong></span> <span class='ocrx_word' id='word_1_113' title='bbox 310 1705 505 1776; x_wconf 89' lang='lat' dir='ltr'><strong>seipsis</strong></span> <span class='ocrx_word' id='word_1_114' title='bbox 527 1699 871 1773; x_wconf 90' lang='lat' dir='ltr'><strong>loquentibus</strong></span> <span class='ocrx_word' id='word_1_115' title='bbox 896 1693 1141 1758; x_wconf 90' lang='lat' dir='ltr'><strong>credere,</strong></span> <span class='ocrx_word' id='word_1_116' title='bbox 1170 1701 1305 1760; x_wconf 88' lang='lat' dir='ltr'><strong>quos</strong></span> <span class='ocrx_word' id='word_1_117' title='bbox 1323 1683 1562 1741; x_wconf 88' lang='lat' dir='ltr'><strong>omnium</strong></span> <span class='ocrx_word' id='word_1_118' title='bbox 1583 1674 1822 1734; x_wconf 87' lang='lat' dir='ltr'><strong>veracis-</strong></span> 
     </span>
    </p>
   </div>
   <div class='ocr_carea' id='block_1_16' title="bbox 216 1770 1822 1864">
    <p class='ocr_par' dir='ltr' id='par_1_16' title="bbox 216 1770 1822 1864">
     <span class='ocr_line' id='line_1_17' title="bbox 216 1770 1822 1864; baseline -0.022 -11"><span class='ocrx_word' id='word_1_119' title='bbox 216 1804 393 1854; x_wconf 82' lang='lat' dir='ltr'><strong>simos</strong></span> <span class='ocrx_word' id='word_1_120' title='bbox 425 1809 546 1852; x_wconf 88' lang='lat' dir='ltr'><strong>esse</strong></span> <span class='ocrx_word' id='word_1_121' title='bbox 595 1770 864 1864; x_wconf 82' lang='lat' dir='ltr'><strong>putamus.</strong></span> <span class='ocrx_word' id='word_1_122' title='bbox 909 1785 1095 1855; x_wconf 82' lang='lat' dir='ltr'><strong>Neque</strong></span> <span class='ocrx_word' id='word_1_123' title='bbox 1142 1778 1270 1836; x_wconf 90' lang='lat' dir='ltr'><strong>illud</strong></span> <span class='ocrx_word' id='word_1_124' title='bbox 1323 1784 1527 1831; x_wconf 90' lang='lat' dir='ltr'><strong>tantum</strong></span> <span class='ocrx_word' id='word_1_125' title='bbox 1585 1770 1822 1839; x_wconf 87' lang='lat' dir='ltr'><strong>ipsorum</strong></span> 
     </span>
    </p>
   </div>
   <div class='ocr_carea' id='block_1_17' title="bbox 219 1856 1823 1952">
    <p class='ocr_par' dir='ltr' id='par_1_17' title="bbox 219 1856 1823 1952">
     <span class='ocr_line' id='line_1_18' title="bbox 219 1856 1823 1952; baseline -0.022 -6"><span class='ocrx_word' id='word_1_126' title='bbox 219 1888 460 1947; x_wconf 90' lang='lat' dir='ltr'><strong>obstruit</strong></span> <span class='ocrx_word' id='word_1_127' title='bbox 483 1856 608 1952; x_wconf 66' lang='lat' dir='ltr'><strong>ora,</strong></span> <span class='ocrx_word' id='word_1_128' title='bbox 631 1882 728 1938; x_wconf 90' lang='lat' dir='ltr'><strong>sed</strong></span> <span class='ocrx_word' id='word_1_129' title='bbox 780 1878 994 1934; x_wconf 88' lang='lat' dir='ltr'><strong>animus</strong></span> <span class='ocrx_word' id='word_1_130' title='bbox 1041 1858 1257 1945; x_wconf 84' lang='lat' dir='ltr'><strong>quoque</strong></span> <span class='ocrx_word' id='word_1_131' title='bbox 1300 1881 1407 1940; x_wconf 88' lang='lat' dir='ltr'><strong>quo</strong></span> <span class='ocrx_word' id='word_1_132' title='bbox 1448 1863 1596 1918; x_wconf 91' lang='lat' dir='ltr'><strong>illum</strong></span> <span class='ocrx_word' id='word_1_133' title='bbox 1649 1856 1823 1914; x_wconf 87' lang='lat' dir='ltr'><strong>adorti</strong></span> 
     </span>
    </p>
   </div>
   <div class='ocr_carea' id='block_1_18' title="bbox 219 1951 1821 2037">
    <p class='ocr_par' dir='ltr' id='par_1_18' title="bbox 219 1951 1821 2037">
     <span class='ocr_line' id='line_1_19' title="bbox 219 1951 1821 2037; baseline -0.022 0"><span class='ocrx_word' id='word_1_134' title='bbox 219 1989 372 2037; x_wconf 88' lang='lat' dir='ltr'><strong>sunt.</strong></span> <span class='ocrx_word' id='word_1_135' title='bbox 396 1979 533 2035; x_wconf 89' lang='lat' dir='ltr'><strong>Cum</strong></span> <span class='ocrx_word' id='word_1_136' title='bbox 564 1970 872 2031; x_wconf 84' lang='lat' dir='ltr'><strong>vehementi</strong></span> <span class='ocrx_word' id='word_1_137' title='bbox 904 1981 1134 2036; x_wconf 87' lang='lat' dir='ltr'><strong>namque</strong></span> <span class='ocrx_word' id='word_1_138' title='bbox 1153 1960 1330 2017; x_wconf 87' lang='lat' dir='ltr'><strong>studio</strong></span> <span class='ocrx_word' id='word_1_139' title='bbox 1357 1958 1530 2028; x_wconf 86' lang='lat' dir='ltr'><strong>ipsum</strong></span> <span class='ocrx_word' id='word_1_140' title='bbox 1552 1951 1821 2015; x_wconf 87' lang='lat' dir='ltr'><strong>adierunt,</strong></span> 
     </span>
    </p>
   </div>
   <div class='ocr_carea' id='block_1_19' title="bbox 221 2041 1827 2144">
    <p class='ocr_par' dir='ltr' id='par_1_19' title="bbox 221 2041 1827 2144">
     <span class='ocr_line' id='line_1_20' title="bbox 221 2041 1827 2144; baseline -0.022 -14"><span class='ocrx_word' id='word_1_141' title='bbox 221 2076 353 2131; x_wconf 74' lang='lat' dir='ltr'><strong>licet</strong></span> <span class='ocrx_word' id='word_1_142' title='bbox 375 2082 558 2144; x_wconf 79' lang='lat' dir='ltr'><strong>postea</strong></span> <span class='ocrx_word' id='word_1_143' title='bbox 592 2066 780 2124; x_wconf 89' lang='lat' dir='ltr'><strong>tnutati</strong></span> <span class='ocrx_word' id='word_1_144' title='bbox 817 2063 949 2119; x_wconf 85' lang='lat' dir='ltr'><strong>sint.</strong></span> <span class='ocrx_word' id='word_1_145' title='bbox 1007 2060 1136 2128; x_wconf 67' lang='lat' dir='ltr'><strong>Qum</strong></span> <span class='ocrx_word' id='word_1_146' title='bbox 1159 2054 1318 2110; x_wconf 86' lang='lat' dir='ltr'><strong>ambo</strong></span> <span class='ocrx_word' id='word_1_147' title='bbox 1344 2048 1650 2122; x_wconf 78' lang='lat' dir='ltr'><strong>signiﬁcans</strong></span> <span class='ocrx_word' id='word_1_148' title='bbox 1673 2041 1827 2097; x_wconf 86' lang='lat' dir='ltr'><strong>Chri-</strong></span> 
     </span>
    </p>
   </div>
   <div class='ocr_carea' id='block_1_20' title="bbox 227 2135 1828 2222">
    <p class='ocr_par' dir='ltr' id='par_1_20' title="bbox 227 2135 1828 2222">
     <span class='ocr_line' id='line_1_21' title="bbox 227 2135 1828 2222; baseline -0.022 0"><span class='ocrx_word' id='word_1_149' title='bbox 227 2178 349 2222; x_wconf 85' lang='lat' dir='ltr'><strong>stus</strong></span> <span class='ocrx_word' id='word_1_150' title='bbox 374 2135 585 2220; x_wconf 80' lang='lat' dir='ltr'><strong>dicebat</strong></span> <span class='ocrx_word' id='word_1_151' title='bbox 611 2177 625 2214; x_wconf 91' lang='lat'>:</span> <span class='ocrx_word' id='word_1_152' title='bbox 656 2159 681 2213; x_wconf 86' lang='grc'><em>1</em></span> <span class='ocrx_word' id='word_1_153' title='bbox 691 2156 757 2212; x_wconf 88' lang='lat' dir='ltr'><strong>lle</strong></span> <span class='ocrx_word' id='word_1_154' title='bbox 783 2165 887 2210; x_wconf 84' lang='lat' dir='ltr'><strong>erat</strong></span> <span class='ocrx_word' id='word_1_155' title='bbox 910 2153 1116 2207; x_wconf 85' lang='lat' dir='ltr'><strong>lucerna</strong></span> <span class='ocrx_word' id='word_1_156' title='bbox 1141 2148 1327 2201; x_wconf 79' lang='lat' dir='ltr'><strong>ardens</strong></span> <span class='ocrx_word' id='word_1_157' title='bbox 1349 2185 1368 2211; x_wconf 93' lang='lat'><strong>,</strong></span> <span class='ocrx_word' id='word_1_158' title='bbox 1413 2152 1462 2197; x_wconf 87' lang='lat' dir='ltr'><strong>et</strong></span> <span class='ocrx_word' id='word_1_159' title='bbox 1491 2156 1576 2194; x_wconf 80' lang='lat' dir='ltr'><strong>vos</strong></span> <span class='ocrx_word' id='word_1_160' title='bbox 1603 2135 1828 2191; x_wconf 73' lang='lat' dir='ltr'><strong>voluistis</strong></span> 
     </span>
    </p>
   </div>
   <div class='ocr_carea' id='block_1_21' title="bbox 221 2229 1830 2318">
    <p class='ocr_par' dir='ltr' id='par_1_21' title="bbox 221 2229 1830 2318">
     <span class='ocr_line' id='line_1_22' title="bbox 221 2229 1830 2318; baseline -0.02 -4"><span class='ocrx_word' id='word_1_161' title='bbox 221 2261 294 2314; x_wconf 80' lang='lat' dir='ltr'><strong>ad</strong></span> <span class='ocrx_word' id='word_1_162' title='bbox 336 2259 514 2312; x_wconf 82' lang='lat' dir='ltr'><strong>horam</strong></span> <span class='ocrx_word' id='word_1_163' title='bbox 553 2251 806 2309; x_wconf 72' lang='lat' dir='ltr'><strong>exsultare</strong></span> <span class='ocrx_word' id='word_1_164' title='bbox 833 2250 888 2302; x_wconf 87' lang='lat' dir='ltr'><strong>in</strong></span> <span class='ocrx_word' id='word_1_165' title='bbox 935 2247 1046 2318; x_wconf 84' lang='lat' dir='ltr'><strong>ejus</strong></span> <span class='ocrx_word' id='word_1_166' title='bbox 1089 2243 1200 2298; x_wconf 86' lang='lat' dir='ltr'><strong>luce</strong></span> <span class='ocrx_word' id='word_1_167' title='bbox 1244 2240 1442 2311; x_wconf 81' lang='lat' dir='ltr'><strong>(Joan.</strong></span> <span class='ocrx_word' id='word_1_168' title='bbox 1477 2237 1529 2291; x_wconf 82' lang='lat'><strong>5.</strong></span> <span class='ocrx_word' id='word_1_169' title='bbox 1559 2233 1628 2289; x_wconf 79' lang='grc'><strong>55</strong></span> <span class='ocrx_word' id='word_1_170' title='bbox 1674 2231 1715 2304; x_wconf 94' lang='grc'><strong>).</strong></span> <span class='ocrx_word' id='word_1_171' title='bbox 1763 2229 1830 2283; x_wconf 83' lang='lat' dir='ltr'><strong>Et</strong></span> 
     </span>
    </p>
   </div>
   <div class='ocr_carea' id='block_1_22' title="bbox 222 2323 1842 2420">
    <p class='ocr_par' dir='ltr' id='par_1_22' title="bbox 222 2323 1842 2420">
     <span class='ocr_line' id='line_1_23' title="bbox 222 2323 1842 2420; baseline -0.019 -13"><span class='ocrx_word' id='word_1_172' title='bbox 222 2349 512 2420; x_wconf 75' lang='lat' dir='ltr'><strong>responsio</strong></span> <span class='ocrx_word' id='word_1_173' title='bbox 548 2346 666 2417; x_wconf 87' lang='lat' dir='ltr'><strong>ejus</strong></span> <span class='ocrx_word' id='word_1_174' title='bbox 714 2342 871 2398; x_wconf 89' lang='lat' dir='ltr'><strong>fidem</strong></span> <span class='ocrx_word' id='word_1_175' title='bbox 923 2338 1020 2408; x_wconf 90' lang='lat' dir='ltr'><strong>ipsi</strong></span> <span class='ocrx_word' id='word_1_176' title='bbox 1053 2332 1377 2391; x_wconf 89' lang='lat' dir='ltr'><strong>conciliabat</strong></span> <span class='ocrx_word' id='word_1_177' title='bbox 1403 2329 1682 2398; x_wconf 82' lang='lat' dir='ltr'><strong>majorem.</strong></span> <span class='ocrx_word' id='word_1_178' title='bbox 1728 2323 1842 2390; x_wconf 85' lang='lat' dir='ltr'><strong>Qui-</strong></span> 
     </span>
    </p>
   </div>
   <div class='ocr_carea' id='block_1_23' title="bbox 223 2417 1828 2512">
    <p class='ocr_par' dir='ltr' id='par_1_23' title="bbox 223 2417 1828 2512">
     <span class='ocr_line' id='line_1_24' title="bbox 223 2417 1828 2512; baseline -0.019 -16"><span class='ocrx_word' id='word_1_179' title='bbox 223 2443 364 2497; x_wconf 88' lang='lat' dir='ltr'><strong>enim</strong></span> <span class='ocrx_word' id='word_1_180' title='bbox 387 2456 487 2495; x_wconf 85' lang='lat' dir='ltr'><strong>non</strong></span> <span class='ocrx_word' id='word_1_181' title='bbox 507 2437 687 2512; x_wconf 77' lang='lat' dir='ltr'><strong>quterit</strong></span> <span class='ocrx_word' id='word_1_182' title='bbox 717 2433 934 2506; x_wconf 84' lang='lat' dir='ltr'><strong>gloriam</strong></span> <span class='ocrx_word' id='word_1_183' title='bbox 954 2444 1099 2484; x_wconf 80' lang='lat' dir='ltr'><strong>suam</strong></span> <span class='ocrx_word' id='word_1_184' title='bbox 1117 2467 1133 2494; x_wconf 92' lang='lat'><strong>,</strong></span> <span class='ocrx_word' id='word_1_185' title='bbox 1163 2424 1356 2495; x_wconf 83' lang='lat' dir='ltr'><strong>inquit,</strong></span> <span class='ocrx_word' id='word_1_186' title='bbox 1383 2437 1537 2477; x_wconf 77' lang='lat' dir='ltr'><strong>verax</strong></span> <span class='ocrx_word' id='word_1_187' title='bbox 1561 2428 1653 2480; x_wconf 83' lang='lat' dir='ltr'><strong>est,</strong></span> <span class='ocrx_word' id='word_1_188' title='bbox 1677 2427 1723 2470; x_wconf 86' lang='lat' dir='ltr'><strong>et</strong></span> <span class='ocrx_word' id='word_1_189' title='bbox 1746 2417 1828 2468; x_wconf 86' lang='lat' dir='ltr'><strong>iu-</strong></span> 
     </span>
    </p>
   </div>
   <div class='ocr_carea' id='block_1_24' title="bbox 224 2513 1829 2606">
    <p class='ocr_par' dir='ltr' id='par_1_24' title="bbox 224 2513 1829 2606">
     <span class='ocr_line' id='line_1_25' title="bbox 224 2513 1829 2606; baseline -0.017 -18"><span class='ocrx_word' id='word_1_190' title='bbox 224 2532 499 2606; x_wconf 78' lang='lat' dir='ltr'><strong>jnuiliaiu</strong></span> <span class='ocrx_word' id='word_1_191' title='bbox 531 2530 621 2584; x_wconf 83' lang='lat' dir='ltr'><strong>illo</strong></span> <span class='ocrx_word' id='word_1_192' title='bbox 652 2543 752 2582; x_wconf 87' lang='lat' dir='ltr'><strong>non</strong></span> <span class='ocrx_word' id='word_1_193' title='bbox 779 2535 848 2579; x_wconf 83' lang='lat' dir='ltr'><strong>est</strong></span> <span class='ocrx_word' id='word_1_194' title='bbox 881 2521 900 2595; x_wconf 94' lang='lat'><strong>(</strong></span> <span class='ocrx_word' id='word_1_195' title='bbox 929 2520 1068 2575; x_wconf 82' lang='lat' dir='ltr'><strong>Ibid.</strong></span> <span class='ocrx_word' id='word_1_196' title='bbox 1117 2520 1172 2575; x_wconf 85' lang='lat'><strong>7.</strong></span> <span class='ocrx_word' id='word_1_197' title='bbox 1206 2517 1273 2574; x_wconf 79' lang='grc'><strong>18</strong></span> <span class='ocrx_word' id='word_1_198' title='bbox 1297 2515 1337 2587; x_wconf 92' lang='grc'><strong>).</strong></span> <span class='ocrx_word' id='word_1_199' title='bbox 1394 2513 1490 2569; x_wconf 89' lang='lat' dir='ltr'><strong>Ilic</strong></span> <span class='ocrx_word' id='word_1_200' title='bbox 1539 2523 1670 2566; x_wconf 87' lang='lat' dir='ltr'><strong>vero</strong></span> <span class='ocrx_word' id='word_1_201' title='bbox 1722 2523 1829 2562; x_wconf 88' lang='lat' dir='ltr'><strong>non</strong></span> 
     </span>
    </p>
   </div>
   <div class='ocr_carea' id='block_1_25' title="bbox 223 2599 1824 2696">
    <p class='ocr_par' dir='ltr' id='par_1_25' title="bbox 223 2599 1824 2696">
     <span class='ocr_line' id='line_1_26' title="bbox 223 2599 1824 2696; baseline -0.018 -16"><span class='ocrx_word' id='word_1_202' title='bbox 223 2599 500 2696; x_wconf 76' lang='lat' dir='ltr'><strong>quzesivit,</strong></span> <span class='ocrx_word' id='word_1_203' title='bbox 531 2620 625 2676; x_wconf 89' lang='lat' dir='ltr'><strong>sed</strong></span> <span class='ocrx_word' id='word_1_204' title='bbox 654 2618 722 2673; x_wconf 86' lang='lat' dir='ltr'><strong>ad</strong></span> <span class='ocrx_word' id='word_1_205' title='bbox 748 2617 912 2671; x_wconf 90' lang='lat' dir='ltr'><strong>alium</strong></span> <span class='ocrx_word' id='word_1_206' title='bbox 948 2615 1093 2684; x_wconf 87' lang='lat' dir='ltr'><strong>ipsos</strong></span> <span class='ocrx_word' id='word_1_207' title='bbox 1115 2610 1279 2666; x_wconf 84' lang='lat' dir='ltr'><strong>misit.</strong></span> <span class='ocrx_word' id='word_1_208' title='bbox 1313 2607 1380 2663; x_wconf 87' lang='lat' dir='ltr'><strong>Et</strong></span> <span class='ocrx_word' id='word_1_209' title='bbox 1411 2605 1498 2676; x_wconf 88' lang='lat' dir='ltr'><strong>qui</strong></span> <span class='ocrx_word' id='word_1_210' title='bbox 1532 2601 1680 2657; x_wconf 82' lang='lat' dir='ltr'><strong>missi</strong></span> <span class='ocrx_word' id='word_1_211' title='bbox 1705 2599 1824 2654; x_wconf 90' lang='lat' dir='ltr'><strong>fue-</strong></span> 
     </span>
    </p>
   </div>
   <div class='ocr_carea' id='block_1_26' title="bbox 228 2689 1833 2780">
    <p class='ocr_par' dir='ltr' id='par_1_26' title="bbox 228 2689 1833 2780">
     <span class='ocr_line' id='line_1_27' title="bbox 228 2689 1833 2780; baseline -0.018 -9"><span class='ocrx_word' id='word_1_212' title='bbox 228 2689 354 2770; x_wconf 72' lang='lat' dir='ltr'><strong>rant</strong></span> <span class='ocrx_word' id='word_1_213' title='bbox 379 2729 443 2769; x_wconf 75' lang='lat' dir='ltr'><strong>ex</strong></span> <span class='ocrx_word' id='word_1_214' title='bbox 479 2710 582 2766; x_wconf 83' lang='lat' dir='ltr'><strong>fide</strong></span> <span class='ocrx_word' id='word_1_215' title='bbox 612 2707 944 2780; x_wconf 73' lang='lat' dir='ltr'><strong>dignioribus</strong></span> <span class='ocrx_word' id='word_1_216' title='bbox 973 2702 1112 2774; x_wconf 88' lang='lat' dir='ltr'><strong>apud</strong></span> <span class='ocrx_word' id='word_1_217' title='bbox 1147 2703 1292 2772; x_wconf 89' lang='lat' dir='ltr'><strong>ipsos</strong></span> <span class='ocrx_word' id='word_1_218' title='bbox 1338 2707 1392 2754; x_wconf 89' lang='lat' dir='ltr'><strong>et</strong></span> <span class='ocrx_word' id='word_1_219' title='bbox 1437 2713 1502 2752; x_wconf 79' lang='lat' dir='ltr'><strong>ex</strong></span> <span class='ocrx_word' id='word_1_220' title='bbox 1561 2689 1833 2764; x_wconf 87' lang='lat' dir='ltr'><strong>primariis</strong></span> 
     </span>
    </p>
   </div>
   <div class='ocr_carea' id='block_1_27' title="bbox 229 2787 1835 2869">
    <p class='ocr_par' dir='ltr' id='par_1_27' title="bbox 229 2787 1835 2869">
     <span class='ocr_line' id='line_1_28' title="bbox 229 2787 1835 2869; baseline -0.014 -11"><span class='ocrx_word' id='word_1_221' title='bbox 229 2805 362 2861; x_wconf 80' lang='lat' dir='ltr'><strong>viris</strong></span> <span class='ocrx_word' id='word_1_222' title='bbox 381 2812 555 2869; x_wconf 89' lang='lat' dir='ltr'><strong>erant,</strong></span> <span class='ocrx_word' id='word_1_223' title='bbox 575 2810 631 2856; x_wconf 91' lang='lat' dir='ltr'><strong>ut</strong></span> <span class='ocrx_word' id='word_1_224' title='bbox 660 2799 805 2856; x_wconf 90' lang='lat' dir='ltr'><strong>nulla</strong></span> <span class='ocrx_word' id='word_1_225' title='bbox 845 2799 974 2867; x_wconf 88' lang='lat' dir='ltr'><strong>ipsis</strong></span> <span class='ocrx_word' id='word_1_226' title='bbox 1000 2787 1600 2864; x_wconf 19' lang='lat' dir='ltr'><strong>superessetsexcusatio</strong></span> <span class='ocrx_word' id='word_1_227' title='bbox 1629 2793 1717 2837; x_wconf 90' lang='lat' dir='ltr'><strong>aut</strong></span> <span class='ocrx_word' id='word_1_228' title='bbox 1746 2796 1835 2837; x_wconf 87' lang='lat' dir='ltr'><strong>ve-</strong></span> 
     </span>
    </p>
   </div>
   <div class='ocr_carea' id='block_1_28' title="bbox 230 2873 1838 2966">
    <p class='ocr_par' dir='ltr' id='par_1_28' title="bbox 230 2873 1838 2966">
     <span class='ocr_line' id='line_1_29' title="bbox 230 2873 1838 2966; baseline -0.016 -14"><span class='ocrx_word' id='word_1_229' title='bbox 230 2899 322 2952; x_wconf 85' lang='lat' dir='ltr'><strong>nia</strong></span> <span class='ocrx_word' id='word_1_230' title='bbox 351 2894 494 2966; x_wconf 89' lang='lat' dir='ltr'><strong>quod</strong></span> <span class='ocrx_word' id='word_1_231' title='bbox 523 2893 740 2948; x_wconf 84' lang='lat' dir='ltr'><strong>Christo</strong></span> <span class='ocrx_word' id='word_1_232' title='bbox 761 2905 866 2945; x_wconf 91' lang='lat' dir='ltr'><strong>non</strong></span> <span class='ocrx_word' id='word_1_233' title='bbox 894 2885 1242 2943; x_wconf 88' lang='lat' dir='ltr'><strong>crediderint.</strong></span> <span class='ocrx_word' id='word_1_234' title='bbox 1285 2881 1393 2936; x_wconf 86' lang='lat' dir='ltr'><strong>Cur</strong></span> <span class='ocrx_word' id='word_1_235' title='bbox 1418 2879 1561 2935; x_wconf 88' lang='lat' dir='ltr'><strong>enim</strong></span> <span class='ocrx_word' id='word_1_236' title='bbox 1590 2891 1698 2931; x_wconf 91' lang='lat' dir='ltr'><strong>non</strong></span> <span class='ocrx_word' id='word_1_237' title='bbox 1741 2873 1838 2928; x_wconf 81' lang='lat' dir='ltr'><strong>ob-</strong></span> 
     </span>
    </p>
   </div>
   <div class='ocr_carea' id='block_1_29' title="bbox 232 2965 1835 3057">
    <p class='ocr_par' dir='ltr' id='par_1_29' title="bbox 232 2965 1835 3057">
     <span class='ocr_line' id='line_1_30' title="bbox 232 2965 1835 3057; baseline -0.016 -12"><span class='ocrx_word' id='word_1_238' title='bbox 232 2965 581 3057; x_wconf 81' lang='lat' dir='ltr'><strong>temperastis</strong></span> <span class='ocrx_word' id='word_1_239' title='bbox 607 2986 674 3040; x_wconf 91' lang='lat' dir='ltr'><strong>iis</strong></span> <span class='ocrx_word' id='word_1_240' title='bbox 711 2998 830 3054; x_wconf 74' lang='lat' dir='ltr'><strong>qua:</strong></span> <span class='ocrx_word' id='word_1_241' title='bbox 852 2980 1088 3038; x_wconf 84' lang='lat' dir='ltr'><strong>Joannes</strong></span> <span class='ocrx_word' id='word_1_242' title='bbox 1114 2976 1182 3031; x_wconf 90' lang='lat' dir='ltr'><strong>de</strong></span> <span class='ocrx_word' id='word_1_243' title='bbox 1214 2975 1305 3029; x_wconf 91' lang='lat' dir='ltr'><strong>illo</strong></span> <span class='ocrx_word' id='word_1_244' title='bbox 1334 2969 1577 3028; x_wconf 89' lang='lat' dir='ltr'><strong>dicebat?</strong></span> <span class='ocrx_word' id='word_1_245' title='bbox 1602 2968 1708 3023; x_wconf 82' lang='lat' dir='ltr'><strong>Vos</strong></span> <span class='ocrx_word' id='word_1_246' title='bbox 1731 2965 1835 3021; x_wconf 86' lang='lat' dir='ltr'><strong>mi-</strong></span> 
     </span>
    </p>
   </div>
   <div class='ocr_carea' id='block_1_30' title="bbox 230 3062 1836 3150">
    <p class='ocr_par' dir='ltr' id='par_1_30' title="bbox 230 3062 1836 3150">
     <span class='ocr_line' id='line_1_31' title="bbox 230 3062 1836 3150; baseline -0.014 -14"><span class='ocrx_word' id='word_1_247' title='bbox 230 3081 385 3137; x_wconf 81' lang='lat' dir='ltr'><strong>sistis</strong></span> <span class='ocrx_word' id='word_1_248' title='bbox 416 3079 679 3150; x_wconf 89' lang='lat' dir='ltr'><strong>primores</strong></span> <span class='ocrx_word' id='word_1_249' title='bbox 707 3084 943 3137; x_wconf 90' lang='lat' dir='ltr'><strong>vestros,</strong></span> <span class='ocrx_word' id='word_1_250' title='bbox 997 3085 1092 3124; x_wconf 91' lang='lat' dir='ltr'><strong>vos</strong></span> <span class='ocrx_word' id='word_1_251' title='bbox 1126 3068 1364 3139; x_wconf 90' lang='lat' dir='ltr'><strong>ipsorum</strong></span> <span class='ocrx_word' id='word_1_252' title='bbox 1411 3078 1575 3134; x_wconf 90' lang='lat' dir='ltr'><strong>opera</strong></span> <span class='ocrx_word' id='word_1_253' title='bbox 1606 3062 1836 3115; x_wconf 84' lang='lat' dir='ltr'><strong>interro-</strong></span> 
     </span>
    </p>
   </div>
   <div class='ocr_carea' id='block_1_31' title="bbox 233 3150 1840 3244">
    <p class='ocr_par' dir='ltr' id='par_1_31' title="bbox 233 3150 1840 3244">
     <span class='ocr_line' id='line_1_32' title="bbox 233 3150 1840 3244; baseline -0.013 -17"><span class='ocrx_word' id='word_1_254' title='bbox 233 3171 442 3244; x_wconf 75' lang='lat' dir='ltr'><strong>gastisl</strong></span> <span class='ocrx_word' id='word_1_255' title='bbox 470 3184 566 3226; x_wconf 79' lang='lat' dir='ltr'><strong>vos</strong></span> <span class='ocrx_word' id='word_1_256' title='bbox 610 3167 834 3223; x_wconf 85' lang='lat' dir='ltr'><strong>audistis</strong></span> <span class='ocrx_word' id='word_1_257' title='bbox 859 3162 986 3235; x_wconf 92' lang='lat' dir='ltr'><strong>quid</strong></span> <span class='ocrx_word' id='word_1_258' title='bbox 1018 3161 1254 3231; x_wconf 84' lang='lat' dir='ltr'><strong>Baptista</strong></span> <span class='ocrx_word' id='word_1_259' title='bbox 1282 3154 1640 3226; x_wconf 87' lang='lat' dir='ltr'><strong>responderit.</strong></span> <span class='ocrx_word' id='word_1_260' title='bbox 1667 3150 1840 3207; x_wconf 87' lang='lat' dir='ltr'><strong>Omne</strong></span> 
     </span>
    </p>
   </div>
   <div class='ocr_carea' id='block_1_32' title="bbox 233 3244 1839 3332">
    <p class='ocr_par' dir='ltr' id='par_1_32' title="bbox 233 3244 1839 3332">
     <span class='ocr_line' id='line_1_33' title="bbox 233 3244 1839 3332; baseline -0.016 -9"><span class='ocrx_word' id='word_1_261' title='bbox 233 3265 498 3332; x_wconf 89' lang='lat' dir='ltr'><strong>studium,</strong></span> <span class='ocrx_word' id='word_1_262' title='bbox 528 3276 745 3320; x_wconf 91' lang='lat' dir='ltr'><strong>omnem</strong></span> <span class='ocrx_word' id='word_1_263' title='bbox 774 3256 1107 3329; x_wconf 72' lang='lat' dir='ltr'><strong>diligentiam</strong></span> <span class='ocrx_word' id='word_1_264' title='bbox 1142 3252 1218 3307; x_wconf 91' lang='lat' dir='ltr'><strong>illi</strong></span> <span class='ocrx_word' id='word_1_265' title='bbox 1241 3249 1623 3312; x_wconf 90' lang='lat' dir='ltr'><strong>adhibuerunt,</strong></span> <span class='ocrx_word' id='word_1_266' title='bbox 1658 3244 1839 3300; x_wconf 84' lang='lat' dir='ltr'><strong>omnia</strong></span> 
     </span>
    </p>
   </div>
   <div class='ocr_carea' id='block_1_33' title="bbox 235 3337 1832 3423">
    <p class='ocr_par' dir='ltr' id='par_1_33' title="bbox 235 3337 1832 3423">
     <span class='ocr_line' id='line_1_34' title="bbox 235 3337 1832 3423; baseline -0.017 -7"><span class='ocrx_word' id='word_1_267' title='bbox 235 3359 461 3418; x_wconf 84' lang='lat' dir='ltr'><strong>scrutati</strong></span> <span class='ocrx_word' id='word_1_268' title='bbox 487 3365 634 3423; x_wconf 89' lang='lat' dir='ltr'><strong>sunt,</strong></span> <span class='ocrx_word' id='word_1_269' title='bbox 656 3365 953 3422; x_wconf 81' lang='lat' dir='ltr'><strong>omnesque</strong></span> <span class='ocrx_word' id='word_1_270' title='bbox 975 3347 1326 3420; x_wconf 89' lang='lat' dir='ltr'><strong>protulerunt</strong></span> <span class='ocrx_word' id='word_1_271' title='bbox 1351 3356 1487 3412; x_wconf 89' lang='lat' dir='ltr'><strong>quos</strong></span> <span class='ocrx_word' id='word_1_272' title='bbox 1518 3337 1832 3409; x_wconf 89' lang='lat' dir='ltr'><strong>suspicaba-</strong></span> 
     </span>
    </p>
   </div>
   <div class='ocr_carea' id='block_1_34' title="bbox 241 3431 1842 3511">
    <p class='ocr_par' dir='ltr' id='par_1_34' title="bbox 241 3431 1842 3511">
     <span class='ocr_line' id='line_1_35' title="bbox 241 3431 1842 3511; baseline -0.017 1"><span class='ocrx_word' id='word_1_273' title='bbox 241 3455 419 3511; x_wconf 88' lang='lat' dir='ltr'><strong>mini:</strong></span> <span class='ocrx_word' id='word_1_274' title='bbox 462 3460 517 3508; x_wconf 90' lang='lat' dir='ltr'><strong>et</strong></span> <span class='ocrx_word' id='word_1_275' title='bbox 539 3460 718 3506; x_wconf 88' lang='lat' dir='ltr'><strong>tamen</strong></span> <span class='ocrx_word' id='word_1_276' title='bbox 750 3447 987 3502; x_wconf 89' lang='lat' dir='ltr'><strong>illecum</strong></span> <span class='ocrx_word' id='word_1_277' title='bbox 1029 3443 1279 3498; x_wconf 82' lang='lat' dir='ltr'><strong>libertate</strong></span> <span class='ocrx_word' id='word_1_278' title='bbox 1319 3450 1512 3508; x_wconf 78' lang='lat' dir='ltr'><strong>magna</strong></span> <span class='ocrx_word' id='word_1_279' title='bbox 1557 3431 1842 3488; x_wconf 89' lang='lat' dir='ltr'><strong>confessus</strong></span> 
     </span>
    </p>
   </div>
   <div class='ocr_carea' id='block_1_35' title="bbox 238 3525 1844 3608">
    <p class='ocr_par' dir='ltr' id='par_1_35' title="bbox 238 3525 1844 3608">
     <span class='ocr_line' id='line_1_36' title="bbox 238 3525 1844 3608; baseline -0.016 -4"><span class='ocrx_word' id='word_1_280' title='bbox 238 3558 345 3608; x_wconf 85' lang='lat' dir='ltr'><strong>est.</strong></span> <span class='ocrx_word' id='word_1_281' title='bbox 376 3563 438 3603; x_wconf 89' lang='lat' dir='ltr'><strong>se</strong></span> <span class='ocrx_word' id='word_1_282' title='bbox 467 3559 568 3601; x_wconf 90' lang='lat' dir='ltr'><strong>nec</strong></span> <span class='ocrx_word' id='word_1_283' title='bbox 587 3543 879 3606; x_wconf 83' lang='lat' dir='ltr'><strong>Christum,</strong></span> <span class='ocrx_word' id='word_1_284' title='bbox 914 3552 1015 3594; x_wconf 85' lang='lat' dir='ltr'><strong>nec</strong></span> <span class='ocrx_word' id='word_1_285' title='bbox 1048 3536 1244 3600; x_wconf 87' lang='lat' dir='ltr'><strong>Eliam,</strong></span> <span class='ocrx_word' id='word_1_286' title='bbox 1277 3546 1382 3587; x_wconf 89' lang='lat' dir='ltr'><strong>nec</strong></span> <span class='ocrx_word' id='word_1_287' title='bbox 1433 3527 1755 3601; x_wconf 84' lang='lat' dir='ltr'><strong>prophetam</strong></span> <span class='ocrx_word' id='word_1_288' title='bbox 1781 3525 1844 3579; x_wconf 83' lang='lat' dir='ltr'><strong>il-</strong></span> 
     </span>
    </p>
   </div>
   <div class='ocr_carea' id='block_1_36' title="bbox 243 3619 1846 3707">
    <p class='ocr_par' dir='ltr' id='par_1_36' title="bbox 243 3619 1846 3707">
     <span class='ocr_line' id='line_1_37' title="bbox 243 3619 1846 3707; baseline -0.014 -11"><span class='ocrx_word' id='word_1_289' title='bbox 243 3643 358 3698; x_wconf 87' lang='lat' dir='ltr'><strong>lum</strong></span> <span class='ocrx_word' id='word_1_290' title='bbox 406 3655 548 3695; x_wconf 87' lang='lat' dir='ltr'><strong>esse.</strong></span> <span class='ocrx_word' id='word_1_291' title='bbox 580 3637 766 3707; x_wconf 86' lang='lat' dir='ltr'><strong>Neque</strong></span> <span class='ocrx_word' id='word_1_292' title='bbox 793 3633 898 3688; x_wconf 91' lang='lat' dir='ltr'><strong>hoc</strong></span> <span class='ocrx_word' id='word_1_293' title='bbox 922 3638 1232 3694; x_wconf 88' lang='lat' dir='ltr'><strong>contentus,</strong></span> <span class='ocrx_word' id='word_1_294' title='bbox 1271 3625 1394 3697; x_wconf 90' lang='lat' dir='ltr'><strong>quis</strong></span> <span class='ocrx_word' id='word_1_295' title='bbox 1435 3624 1550 3694; x_wconf 89' lang='lat' dir='ltr'><strong>ipse</strong></span> <span class='ocrx_word' id='word_1_296' title='bbox 1580 3629 1723 3677; x_wconf 87' lang='lat' dir='ltr'><strong>esset</strong></span> <span class='ocrx_word' id='word_1_297' title='bbox 1749 3619 1846 3674; x_wconf 86' lang='lat' dir='ltr'><strong>do-</strong></span> 
     </span>
    </p>
   </div>
   <div class='ocr_carea' id='block_1_37' title="bbox 242 3712 1844 3800">
    <p class='ocr_par' dir='ltr' id='par_1_37' title="bbox 242 3712 1844 3800">
     <span class='ocr_line' id='line_1_38' title="bbox 242 3712 1844 3800; baseline -0.014 -10"><span class='ocrx_word' id='word_1_298' title='bbox 242 3735 378 3799; x_wconf 91' lang='lat' dir='ltr'><strong>cuit,</strong></span> <span class='ocrx_word' id='word_1_299' title='bbox 409 3740 464 3787; x_wconf 90' lang='lat' dir='ltr'><strong>et</strong></span> <span class='ocrx_word' id='word_1_300' title='bbox 499 3731 566 3786; x_wconf 91' lang='lat' dir='ltr'><strong>de</strong></span> <span class='ocrx_word' id='word_1_301' title='bbox 597 3725 939 3800; x_wconf 85' lang='lat' dir='ltr'><strong>baptismatis</strong></span> <span class='ocrx_word' id='word_1_302' title='bbox 989 3722 1072 3778; x_wconf 91' lang='lat' dir='ltr'><strong>sui</strong></span> <span class='ocrx_word' id='word_1_303' title='bbox 1124 3728 1316 3776; x_wconf 90' lang='lat' dir='ltr'><strong>natura</strong></span> <span class='ocrx_word' id='word_1_304' title='bbox 1358 3717 1648 3782; x_wconf 87' lang='lat' dir='ltr'><strong>disseruit,</strong></span> <span class='ocrx_word' id='word_1_305' title='bbox 1703 3712 1844 3784; x_wconf 86' lang='lat' dir='ltr'><strong>quod</strong></span> 
     </span>
    </p>
   </div>
   <div class='ocr_carea' id='block_1_38' title="bbox 244 3807 1846 3898">
    <p class='ocr_par' dir='ltr' id='par_1_38' title="bbox 244 3807 1846 3898">
     <span class='ocr_line' id='line_1_39' title="bbox 244 3807 1846 3898; baseline -0.014 -15"><span class='ocrx_word' id='word_1_306' title='bbox 244 3841 443 3898; x_wconf 89' lang='lat' dir='ltr'><strong>nempe</strong></span> <span class='ocrx_word' id='word_1_307' title='bbox 469 3824 717 3894; x_wconf 76' lang='lat' dir='ltr'><strong>exiguum</strong></span> <span class='ocrx_word' id='word_1_308' title='bbox 743 3827 799 3876; x_wconf 89' lang='lat' dir='ltr'><strong>et</strong></span> <span class='ocrx_word' id='word_1_309' title='bbox 834 3819 940 3874; x_wconf 90' lang='lat' dir='ltr'><strong>vile</strong></span> <span class='ocrx_word' id='word_1_310' title='bbox 965 3824 1130 3883; x_wconf 88' lang='lat' dir='ltr'><strong>esset,</strong></span> <span class='ocrx_word' id='word_1_311' title='bbox 1159 3821 1216 3870; x_wconf 91' lang='lat' dir='ltr'><strong>et</strong></span> <span class='ocrx_word' id='word_1_312' title='bbox 1243 3819 1441 3883; x_wconf 56' lang='lat' dir='ltr'><strong>praeter</strong></span> <span class='ocrx_word' id='word_1_313' title='bbox 1471 3824 1668 3880; x_wconf 88' lang='lat' dir='ltr'><strong>aquam</strong></span> <span class='ocrx_word' id='word_1_314' title='bbox 1714 3807 1846 3863; x_wconf 84' lang='lat' dir='ltr'><strong>nihil</strong></span> 
     </span>
    </p>
   </div>
   <div class='ocr_carea' id='block_1_39' title="bbox 245 3901 1850 3990">
    <p class='ocr_par' dir='ltr' id='par_1_39' title="bbox 245 3901 1850 3990">
     <span class='ocr_line' id='line_1_40' title="bbox 245 3901 1850 3990; baseline -0.018 -12"><span class='ocrx_word' id='word_1_315' title='bbox 245 3919 483 3990; x_wconf 81' lang='lat' dir='ltr'><strong>amplius</strong></span> <span class='ocrx_word' id='word_1_316' title='bbox 504 3917 726 3972; x_wconf 90' lang='lat' dir='ltr'><strong>haberet</strong></span> <span class='ocrx_word' id='word_1_317' title='bbox 750 3953 764 3979; x_wconf 94' lang='lat'><strong>,</strong></span> <span class='ocrx_word' id='word_1_318' title='bbox 789 3911 1080 3968; x_wconf 86' lang='lat' dir='ltr'><strong>ostendens</strong></span> <span class='ocrx_word' id='word_1_319' title='bbox 1110 3905 1529 3978; x_wconf 73' lang='lat' dir='ltr'><strong>prmcellentiam</strong></span> <span class='ocrx_word' id='word_1_320' title='bbox 1562 3901 1850 3971; x_wconf 82' lang='lat' dir='ltr'><strong>baptisma-</strong></span> 
     </span>
    </p>
   </div>
   <div class='ocr_carea' id='block_1_40' title="bbox 249 3996 1841 4072">
    <p class='ocr_par' dir='ltr' id='par_1_40' title="bbox 249 3996 1841 4072">
     <span class='ocr_line' id='line_1_41' title="bbox 249 3996 1841 4072; baseline -0.014 -1"><span class='ocrx_word' id='word_1_321' title='bbox 249 4017 321 4071; x_wconf 88' lang='lat' dir='ltr'><strong>tis</strong></span> <span class='ocrx_word' id='word_1_322' title='bbox 345 4029 374 4068; x_wconf 89' lang='lat' dir='ltr'><strong>a</strong></span> <span class='ocrx_word' id='word_1_323' title='bbox 402 4010 621 4067; x_wconf 85' lang='lat' dir='ltr'><strong>Christo</strong></span> <span class='ocrx_word' id='word_1_324' title='bbox 646 4007 777 4063; x_wconf 89' lang='lat' dir='ltr'><strong>dati.</strong></span> <span class='ocrx_word' id='word_1_325' title='bbox 809 4003 1038 4060; x_wconf 83' lang='lat' dir='ltr'><strong>Protulit</strong></span> <span class='ocrx_word' id='word_1_326' title='bbox 1057 4015 1271 4072; x_wconf 87' lang='lat' dir='ltr'><strong>quoque</strong></span> <span class='ocrx_word' id='word_1_327' title='bbox 1299 3998 1489 4053; x_wconf 90' lang='lat' dir='ltr'><strong>Isaiam</strong></span> <span class='ocrx_word' id='word_1_328' title='bbox 1519 3996 1841 4067; x_wconf 84' lang='lat' dir='ltr'><strong>prophetam</strong></span> 
     </span>
    </p>
   </div>
   <div class='ocr_carea' id='block_1_41' title="bbox 255 4088 1852 4163">
    <p class='ocr_par' dir='ltr' id='par_1_41' title="bbox 255 4088 1852 4163">
     <span class='ocr_line' id='line_1_42' title="bbox 255 4088 1852 4163; baseline -0.016 0"><span class='ocrx_word' id='word_1_329' title='bbox 255 4109 350 4163; x_wconf 89' lang='lat' dir='ltr'><strong>diu</strong></span> <span class='ocrx_word' id='word_1_330' title='bbox 377 4114 536 4159; x_wconf 86' lang='lat' dir='ltr'><strong>antea</strong></span> <span class='ocrx_word' id='word_1_331' title='bbox 570 4099 972 4161; x_wconf 86' lang='lat' dir='ltr'><strong>testificantem,</strong></span> <span class='ocrx_word' id='word_1_332' title='bbox 1001 4095 1151 4149; x_wconf 92' lang='lat' dir='ltr'><strong>illum</strong></span> <span class='ocrx_word' id='word_1_333' title='bbox 1185 4091 1493 4155; x_wconf 91' lang='lat' dir='ltr'><strong>Dominum,</strong></span> <span class='ocrx_word' id='word_1_334' title='bbox 1543 4088 1682 4142; x_wconf 91' lang='lat' dir='ltr'><strong>hunc</strong></span> <span class='ocrx_word' id='word_1_335' title='bbox 1734 4101 1852 4140; x_wconf 86' lang='lat' dir='ltr'><strong>ser-</strong></span> 
     </span>
    </p>
   </div>
   <div class='ocr_carea' id='block_1_42' title="bbox 250 4179 1854 4254">
    <p class='ocr_par' dir='ltr' id='par_1_42' title="bbox 250 4179 1854 4254">
     <span class='ocr_line' id='line_1_43' title="bbox 250 4179 1854 4254; baseline -0.012 -3"><span class='ocrx_word' id='word_1_336' title='bbox 250 4213 380 4254; x_wconf 81' lang='lat' dir='ltr'><strong>vum</strong></span> <span class='ocrx_word' id='word_1_337' title='bbox 396 4205 452 4253; x_wconf 91' lang='lat' dir='ltr'><strong>et</strong></span> <span class='ocrx_word' id='word_1_338' title='bbox 476 4195 779 4250; x_wconf 89' lang='lat' dir='ltr'><strong>ministrum</strong></span> <span class='ocrx_word' id='word_1_339' title='bbox 806 4196 1113 4245; x_wconf 89' lang='lat' dir='ltr'><strong>vocantem.</strong></span> <span class='ocrx_word' id='word_1_340' title='bbox 1141 4184 1279 4253; x_wconf 86' lang='lat' dir='ltr'><strong>Quid</strong></span> <span class='ocrx_word' id='word_1_341' title='bbox 1298 4185 1513 4238; x_wconf 86' lang='lat' dir='ltr'><strong>demum</strong></span> <span class='ocrx_word' id='word_1_342' title='bbox 1536 4179 1854 4250; x_wconf 80' lang='lat' dir='ltr'><strong>supererat?</strong></span> 
     </span>
    </p>
   </div>
   <div class='ocr_carea' id='block_1_43' title="bbox 254 4270 1853 4349">
    <p class='ocr_par' dir='ltr' id='par_1_43' title="bbox 254 4270 1853 4349">
     <span class='ocr_line' id='line_1_44' title="bbox 254 4270 1853 4349; baseline -0.013 -5"><span class='ocrx_word' id='word_1_343' title='bbox 254 4303 434 4344; x_wconf 87' lang='lat' dir='ltr'><strong>annon</strong></span> <span class='ocrx_word' id='word_1_344' title='bbox 463 4293 521 4340; x_wconf 88' lang='lat' dir='ltr'><strong>ut</strong></span> <span class='ocrx_word' id='word_1_345' title='bbox 540 4283 828 4340; x_wconf 87' lang='lat' dir='ltr'><strong>crederent</strong></span> <span class='ocrx_word' id='word_1_346' title='bbox 856 4280 905 4334; x_wconf 89' lang='lat' dir='ltr'><strong>ei</strong></span> <span class='ocrx_word' id='word_1_347' title='bbox 933 4279 1001 4334; x_wconf 91' lang='lat' dir='ltr'><strong>de</strong></span> <span class='ocrx_word' id='word_1_348' title='bbox 1031 4293 1138 4349; x_wconf 93' lang='lat' dir='ltr'><strong>quo</strong></span> <span class='ocrx_word' id='word_1_349' title='bbox 1166 4274 1532 4330; x_wconf 80' lang='lat' dir='ltr'><strong>teSIimonium</strong></span> <span class='ocrx_word' id='word_1_350' title='bbox 1561 4270 1853 4338; x_wconf 79' lang='lat' dir='ltr'><strong>ferebatur,</strong></span> 
     </span>
    </p>
   </div>
   <div class='ocr_carea' id='block_1_44' title="bbox 257 4366 1854 4441">
    <p class='ocr_par' dir='ltr' id='par_1_44' title="bbox 257 4366 1854 4441">
     <span class='ocr_line' id='line_1_45' title="bbox 257 4366 1854 4441; baseline -0.012 -4"><span class='ocrx_word' id='word_1_351' title='bbox 257 4392 317 4437; x_wconf 94' lang='grc' dir='ltr'><strong>ιιι</strong></span> <span class='ocrx_word' id='word_1_352' title='bbox 345 4381 634 4436; x_wconf 86' lang='lat' dir='ltr'><strong>adorarent</strong></span> <span class='ocrx_word' id='word_1_353' title='bbox 657 4391 801 4441; x_wconf 89' lang='lat' dir='ltr'><strong>eum,</strong></span> <span class='ocrx_word' id='word_1_354' title='bbox 822 4383 876 4429; x_wconf 90' lang='lat' dir='ltr'><strong>et</strong></span> <span class='ocrx_word' id='word_1_355' title='bbox 897 4371 1286 4428; x_wconf 82' lang='lat' dir='ltr'><strong>confiterentur</strong></span> <span class='ocrx_word' id='word_1_356' title='bbox 1314 4367 1525 4422; x_wconf 80' lang='lat' dir='ltr'><strong>Deum?</strong></span> <span class='ocrx_word' id='word_1_357' title='bbox 1552 4366 1704 4435; x_wconf 86' lang='lat' dir='ltr'><strong>Quod</strong></span> <span class='ocrx_word' id='word_1_358' title='bbox 1756 4381 1854 4419; x_wconf 79' lang='lat' dir='ltr'><strong>au-</strong></span> 
     </span>
    </p>
   </div>
   <div class='ocr_carea' id='block_1_45' title="bbox 259 4456 1860 4529">
    <p class='ocr_par' dir='ltr' id='par_1_45' title="bbox 259 4456 1860 4529">
     <span class='ocr_line' id='line_1_46' title="bbox 259 4456 1860 4529; baseline -0.012 0"><span class='ocrx_word' id='word_1_359' title='bbox 259 4481 370 4529; x_wconf 88' lang='lat' dir='ltr'><strong>tem</strong></span> <span class='ocrx_word' id='word_1_360' title='bbox 405 4467 770 4524; x_wconf 88' lang='lat' dir='ltr'><strong>testimonium</strong></span> <span class='ocrx_word' id='word_1_361' title='bbox 801 4479 908 4518; x_wconf 84' lang='lat' dir='ltr'><strong>non</strong></span> <span class='ocrx_word' id='word_1_362' title='bbox 937 4478 1001 4517; x_wconf 83' lang='lat' dir='ltr'><strong>ex</strong></span> <span class='ocrx_word' id='word_1_363' title='bbox 1034 4461 1362 4523; x_wconf 85' lang='lat' dir='ltr'><strong>adulatione,</strong></span> <span class='ocrx_word' id='word_1_364' title='bbox 1396 4457 1491 4512; x_wconf 90' lang='lat' dir='ltr'><strong>sed</strong></span> <span class='ocrx_word' id='word_1_365' title='bbox 1535 4472 1599 4512; x_wconf 76' lang='lat' dir='ltr'><strong>ex</strong></span> <span class='ocrx_word' id='word_1_366' title='bbox 1634 4456 1860 4510; x_wconf 72' lang='lat' dir='ltr'><strong>veritate</strong></span> 
     </span>
    </p>
   </div>
   <div class='ocr_carea' id='block_1_46' title="bbox 262 4546 1862 4635">
    <p class='ocr_par' dir='ltr' id='par_1_46' title="bbox 262 4546 1862 4635">
     <span class='ocr_line' id='line_1_47' title="bbox 262 4546 1862 4635; baseline -0.012 -16"><span class='ocrx_word' id='word_1_367' title='bbox 262 4560 598 4635; x_wconf 87' lang='lat' dir='ltr'><strong>procederet,</strong></span> <span class='ocrx_word' id='word_1_368' title='bbox 647 4556 698 4611; x_wconf 89' lang='lat' dir='ltr'><strong>id</strong></span> <span class='ocrx_word' id='word_1_369' title='bbox 742 4564 797 4610; x_wconf 90' lang='lat' dir='ltr'><strong>et</strong></span> <span class='ocrx_word' id='word_1_370' title='bbox 845 4568 1026 4608; x_wconf 90' lang='lat' dir='ltr'><strong>mores</strong></span> <span class='ocrx_word' id='word_1_371' title='bbox 1057 4560 1112 4607; x_wconf 90' lang='lat' dir='ltr'><strong>et</strong></span> <span class='ocrx_word' id='word_1_372' title='bbox 1143 4548 1480 4620; x_wconf 86' lang='lat' dir='ltr'><strong>philosophia</strong></span> <span class='ocrx_word' id='word_1_373' title='bbox 1526 4546 1862 4603; x_wconf 84' lang='lat' dir='ltr'><strong>testificantis</strong></span> 
     </span>
    </p>
   </div>
   <div class='ocr_carea' id='block_1_47' title="bbox 263 4641 1863 4716">
    <p class='ocr_par' dir='ltr' id='par_1_47' title="bbox 263 4641 1863 4716">
     <span class='ocr_line' id='line_1_48' title="bbox 263 4641 1863 4716; baseline -0.011 -5"><span class='ocrx_word' id='word_1_374' title='bbox 263 4652 642 4711; x_wconf 69' lang='lat' dir='ltr'><strong>ostendebant.</strong></span> <span class='ocrx_word' id='word_1_375' title='bbox 677 4648 807 4703; x_wconf 91' lang='lat' dir='ltr'><strong>Inde</strong></span> <span class='ocrx_word' id='word_1_376' title='bbox 831 4661 959 4702; x_wconf 77' lang='lat' dir='ltr'><strong>vero</strong></span> <span class='ocrx_word' id='word_1_377' title='bbox 1006 4646 1182 4716; x_wconf 81' lang='lat' dir='ltr'><strong>palam</strong></span> <span class='ocrx_word' id='word_1_378' title='bbox 1231 4643 1283 4699; x_wconf 88' lang='lat' dir='ltr'><strong>id</strong></span> <span class='ocrx_word' id='word_1_379' title='bbox 1315 4651 1452 4706; x_wconf 89' lang='lat' dir='ltr'><strong>erat,</strong></span> <span class='ocrx_word' id='word_1_380' title='bbox 1503 4641 1647 4713; x_wconf 88' lang='lat' dir='ltr'><strong>quod</strong></span> <span class='ocrx_word' id='word_1_381' title='bbox 1704 4655 1863 4694; x_wconf 87' lang='lat' dir='ltr'><strong>nemo</strong></span> 
     </span>
    </p>
   </div>
   <div class='ocr_carea' id='block_1_48' title="bbox 267 4733 1864 4818">
    <p class='ocr_par' dir='ltr' id='par_1_48' title="bbox 267 4733 1864 4818">
     <span class='ocr_line' id='line_1_49' title="bbox 267 4733 1864 4818; baseline -0.009 -18"><span class='ocrx_word' id='word_1_382' title='bbox 267 4747 566 4818; x_wconf 74' lang='lat' dir='ltr'><strong>proximum</strong></span> <span class='ocrx_word' id='word_1_383' title='bbox 590 4740 689 4798; x_wconf 88' lang='lat' dir='ltr'><strong>sibi</strong></span> <span class='ocrx_word' id='word_1_384' title='bbox 711 4738 982 4811; x_wconf 67' lang='lat' dir='ltr'><strong>prazferat,</strong></span> <span class='ocrx_word' id='word_1_385' title='bbox 1009 4752 1182 4807; x_wconf 90' lang='lat' dir='ltr'><strong>neque</strong></span> <span class='ocrx_word' id='word_1_386' title='bbox 1204 4736 1245 4790; x_wconf 93' lang='lat' dir='ltr'><strong>si</strong></span> <span class='ocrx_word' id='word_1_387' title='bbox 1280 4735 1448 4805; x_wconf 91' lang='lat' dir='ltr'><strong>possit</strong></span> <span class='ocrx_word' id='word_1_388' title='bbox 1476 4734 1736 4788; x_wconf 88' lang='lat' dir='ltr'><strong>honorem</strong></span> <span class='ocrx_word' id='word_1_389' title='bbox 1763 4733 1864 4786; x_wconf 83' lang='lat' dir='ltr'><strong>sibi</strong></span> 
     </span>
    </p>
   </div>
   <div class='ocr_carea' id='block_1_49' title="bbox 267 4829 1867 4901">
    <p class='ocr_par' dir='ltr' id='par_1_49' title="bbox 267 4829 1867 4901">
     <span class='ocr_line' id='line_1_50' title="bbox 267 4829 1867 4901; baseline -0.01 -5"><span class='ocrx_word' id='word_1_390' title='bbox 267 4839 582 4901; x_wconf 89' lang='lat' dir='ltr'><strong>conciliare,</strong></span> <span class='ocrx_word' id='word_1_391' title='bbox 611 4834 766 4890; x_wconf 90' lang='lat' dir='ltr'><strong>alteri</strong></span> <span class='ocrx_word' id='word_1_392' title='bbox 799 4833 946 4887; x_wconf 89' lang='lat' dir='ltr'><strong>illum</strong></span> <span class='ocrx_word' id='word_1_393' title='bbox 995 4830 1190 4896; x_wconf 89' lang='lat' dir='ltr'><strong>cedat,</strong></span> <span class='ocrx_word' id='word_1_394' title='bbox 1247 4844 1367 4884; x_wconf 91' lang='lat' dir='ltr'><strong>cum</strong></span> <span class='ocrx_word' id='word_1_395' title='bbox 1413 4829 1648 4882; x_wconf 80' lang='lat' dir='ltr'><strong>maxime</strong></span> <span class='ocrx_word' id='word_1_396' title='bbox 1689 4835 1867 4880; x_wconf 87' lang='lat' dir='ltr'><strong>tantus</strong></span> 
     </span>
    </p>
   </div>
   <div class='ocr_carea' id='block_1_50' title="bbox 270 4919 1870 4996">
    <p class='ocr_par' dir='ltr' id='par_1_50' title="bbox 270 4919 1870 4996">
     <span class='ocr_line' id='line_1_51' title="bbox 270 4919 1870 4996; baseline -0.009 -8"><span class='ocrx_word' id='word_1_397' title='bbox 270 4940 416 4988; x_wconf 86' lang='lat' dir='ltr'><strong>esset</strong></span> <span class='ocrx_word' id='word_1_398' title='bbox 447 4931 639 4984; x_wconf 87' lang='lat' dir='ltr'><strong>honor.</strong></span> <span class='ocrx_word' id='word_1_399' title='bbox 673 4927 858 4996; x_wconf 85' lang='lat' dir='ltr'><strong>Itaque</strong></span> <span class='ocrx_word' id='word_1_400' title='bbox 901 4923 1170 4988; x_wconf 85' lang='lat' dir='ltr'><strong>Joannes,</strong></span> <span class='ocrx_word' id='word_1_401' title='bbox 1221 4921 1322 4975; x_wconf 90' lang='lat' dir='ltr'><strong>nisi</strong></span> <span class='ocrx_word' id='word_1_402' title='bbox 1376 4919 1621 4976; x_wconf 88' lang='lat' dir='ltr'><strong>Christus</strong></span> <span class='ocrx_word' id='word_1_403' title='bbox 1681 4919 1870 4973; x_wconf 78' lang='lat' dir='ltr'><strong>fuisset</strong></span> 
     </span>
    </p>
   </div>
   <div class='ocr_carea' id='block_1_51' title="bbox 276 5009 1867 5090">
    <p class='ocr_par' dir='ltr' id='par_1_51' title="bbox 276 5009 1867 5090">
     <span class='ocr_line' id='line_1_52' title="bbox 276 5009 1867 5090; baseline -0.011 -11"><span class='ocrx_word' id='word_1_404' title='bbox 276 5026 434 5088; x_wconf 78' lang='lat' dir='ltr'><strong>Deus,</strong></span> <span class='ocrx_word' id='word_1_405' title='bbox 463 5034 751 5090; x_wconf 85' lang='lat' dir='ltr'><strong>numquam</strong></span> <span class='ocrx_word' id='word_1_406' title='bbox 802 5017 908 5071; x_wconf 91' lang='lat' dir='ltr'><strong>hoc</strong></span> <span class='ocrx_word' id='word_1_407' title='bbox 951 5013 1319 5069; x_wconf 74' lang='lat' dir='ltr'><strong>testimonium</strong></span> <span class='ocrx_word' id='word_1_408' title='bbox 1371 5011 1701 5081; x_wconf 85' lang='lat' dir='ltr'><strong>protulisset.</strong></span> <span class='ocrx_word' id='word_1_409' title='bbox 1733 5009 1867 5064; x_wconf 86' lang='lat' dir='ltr'><strong>Nam</strong></span> 
     </span>
    </p>
   </div>
   <div class='ocr_carea' id='block_1_52' title="bbox 275 5105 1873 5179">
    <p class='ocr_par' dir='ltr' id='par_1_52' title="bbox 275 5105 1873 5179">
     <span class='ocr_line' id='line_1_53' title="bbox 275 5105 1873 5179; baseline -0.009 -8"><span class='ocrx_word' id='word_1_410' title='bbox 275 5118 318 5171; x_wconf 84' lang='lat' dir='ltr'><strong>si</strong></span> <span class='ocrx_word' id='word_1_411' title='bbox 351 5115 492 5170; x_wconf 89' lang='lat' dir='ltr'><strong>hunc</strong></span> <span class='ocrx_word' id='word_1_412' title='bbox 521 5113 808 5176; x_wconf 89' lang='lat' dir='ltr'><strong>honorem,</strong></span> <span class='ocrx_word' id='word_1_413' title='bbox 838 5119 1023 5179; x_wconf 89' lang='lat' dir='ltr'><strong>utpote</strong></span> <span class='ocrx_word' id='word_1_414' title='bbox 1055 5116 1299 5162; x_wconf 72' lang='lat' dir='ltr'><strong>naturam</strong></span> <span class='ocrx_word' id='word_1_415' title='bbox 1335 5121 1488 5161; x_wconf 91' lang='lat' dir='ltr'><strong>suam</strong></span> <span class='ocrx_word' id='word_1_416' title='bbox 1528 5105 1686 5175; x_wconf 81' lang='lat' dir='ltr'><strong>longe</strong></span> <span class='ocrx_word' id='word_1_417' title='bbox 1713 5118 1873 5159; x_wconf 80' lang='lat' dir='ltr'><strong>exsu-</strong></span> 
     </span>
    </p>
   </div>
   <div class='ocr_carea' id='block_1_53' title="bbox 281 5196 1870 5280">
    <p class='ocr_par' dir='ltr' id='par_1_53' title="bbox 281 5196 1870 5280">
     <span class='ocr_line' id='line_1_54' title="bbox 281 5196 1870 5280; baseline -0.008 -18"><span class='ocrx_word' id='word_1_418' title='bbox 281 5215 582 5280; x_wconf 84' lang='lat' dir='ltr'><strong>perantem,</strong></span> <span class='ocrx_word' id='word_1_419' title='bbox 634 5204 701 5259; x_wconf 90' lang='lat' dir='ltr'><strong>ab</strong></span> <span class='ocrx_word' id='word_1_420' title='bbox 731 5218 791 5258; x_wconf 89' lang='lat' dir='ltr'><strong>se</strong></span> <span class='ocrx_word' id='word_1_421' title='bbox 816 5202 1052 5271; x_wconf 89' lang='lat' dir='ltr'><strong>repulit:</strong></span> <span class='ocrx_word' id='word_1_422' title='bbox 1078 5210 1226 5256; x_wconf 89' lang='lat' dir='ltr'><strong>certe</strong></span> <span class='ocrx_word' id='word_1_423' title='bbox 1249 5215 1354 5254; x_wconf 93' lang='lat' dir='ltr'><strong>non</strong></span> <span class='ocrx_word' id='word_1_424' title='bbox 1378 5199 1466 5253; x_wconf 88' lang='lat' dir='ltr'><strong>alii</strong></span> <span class='ocrx_word' id='word_1_425' title='bbox 1496 5207 1702 5252; x_wconf 74' lang='lat' dir='ltr'><strong>natura:</strong></span> <span class='ocrx_word' id='word_1_426' title='bbox 1732 5196 1870 5251; x_wconf 78' lang='lat' dir='ltr'><strong>inle-</strong></span> 
     </span>
    </p>
   </div>
   <div class='ocr_carea' id='block_1_54' title="bbox 278 5293 1873 5356">
    <p class='ocr_par' dir='ltr' id='par_1_54' title="bbox 278 5293 1873 5356">
     <span class='ocr_line' id='line_1_55' title="bbox 278 5293 1873 5356; baseline -0.009 0"><span class='ocrx_word' id='word_1_427' title='bbox 278 5301 406 5356; x_wconf 88' lang='lat' dir='ltr'><strong>riori</strong></span> <span class='ocrx_word' id='word_1_428' title='bbox 457 5300 607 5354; x_wconf 90' lang='lat' dir='ltr'><strong>illum</strong></span> <span class='ocrx_word' id='word_1_429' title='bbox 662 5296 958 5351; x_wconf 83' lang='lat' dir='ltr'><strong>tribuisset.</strong></span> <span class='ocrx_word' id='word_1_430' title='bbox 1021 5293 1224 5348; x_wconf 79' lang='lat' dir='ltr'><strong>Medius</strong></span> <span class='ocrx_word' id='word_1_431' title='bbox 1261 5304 1429 5347; x_wconf 84' lang='lat' dir='ltr'><strong>autem</strong></span> <span class='ocrx_word' id='word_1_432' title='bbox 1477 5301 1695 5346; x_wconf 76' lang='lat' dir='ltr'><strong>vestrum</strong></span> <span class='ocrx_word' id='word_1_433' title='bbox 1735 5299 1873 5356; x_wconf 83' lang='lat' dir='ltr'><strong>stat,</strong></span> 
     </span>
    </p>
   </div>
   <div class='ocr_carea' id='block_1_55' title="bbox 282 5385 1877 5463">
    <p class='ocr_par' dir='ltr' id='par_1_55' title="bbox 282 5385 1877 5463">
     <span class='ocr_line' id='line_1_56' title="bbox 282 5385 1877 5463; baseline -0.008 -15"><span class='ocrx_word' id='word_1_434' title='bbox 282 5409 428 5463; x_wconf 76' lang='lat' dir='ltr'><strong>quem</strong></span> <span class='ocrx_word' id='word_1_435' title='bbox 473 5407 557 5446; x_wconf 79' lang='lat' dir='ltr'><strong>vos</strong></span> <span class='ocrx_word' id='word_1_436' title='bbox 602 5390 823 5445; x_wconf 79' lang='lat' dir='ltr'><strong>nescitis.</strong></span> <span class='ocrx_word' id='word_1_437' title='bbox 854 5387 969 5442; x_wconf 88' lang='lat' dir='ltr'><strong>Hoc</strong></span> <span class='ocrx_word' id='word_1_438' title='bbox 1004 5387 1155 5450; x_wconf 81' lang='lat' dir='ltr'><strong>dixit,</strong></span> <span class='ocrx_word' id='word_1_439' title='bbox 1184 5387 1304 5455; x_wconf 89' lang='lat' dir='ltr'><strong>quia</strong></span> <span class='ocrx_word' id='word_1_440' title='bbox 1333 5385 1444 5452; x_wconf 89' lang='lat' dir='ltr'><strong>ille,</strong></span> <span class='ocrx_word' id='word_1_441' title='bbox 1493 5393 1549 5439; x_wconf 91' lang='lat' dir='ltr'><strong>ut</strong></span> <span class='ocrx_word' id='word_1_442' title='bbox 1581 5399 1676 5455; x_wconf 88' lang='lat' dir='ltr'><strong>par</strong></span> <span class='ocrx_word' id='word_1_443' title='bbox 1721 5392 1838 5438; x_wconf 88' lang='lat' dir='ltr'><strong>erat</strong></span> <span class='ocrx_word' id='word_1_444' title='bbox 1862 5424 1877 5446; x_wconf 92' lang='lat'><strong>,</strong></span> 
     </span>
    </p>
   </div>
   <div class='ocr_carea' id='block_1_56' title="bbox 285 5474 1880 5555">
    <p class='ocr_par' dir='ltr' id='par_1_56' title="bbox 285 5474 1880 5555">
     <span class='ocr_line' id='line_1_57' title="bbox 285 5474 1880 5555; baseline -0.008 -16"><span class='ocrx_word' id='word_1_445' title='bbox 285 5485 434 5555; x_wconf 87' lang='lat' dir='ltr'><strong>quasi</strong></span> <span class='ocrx_word' id='word_1_446' title='bbox 467 5497 606 5537; x_wconf 89' lang='lat' dir='ltr'><strong>unus</strong></span> <span class='ocrx_word' id='word_1_447' title='bbox 627 5496 658 5538; x_wconf 90' lang='lat' dir='ltr'><strong>e</strong></span> <span class='ocrx_word' id='word_1_448' title='bbox 688 5480 842 5536; x_wconf 89' lang='lat' dir='ltr'><strong>turba</strong></span> <span class='ocrx_word' id='word_1_449' title='bbox 869 5480 1066 5550; x_wconf 90' lang='lat' dir='ltr'><strong>populo</strong></span> <span class='ocrx_word' id='word_1_450' title='bbox 1109 5476 1528 5542; x_wconf 88' lang='lat' dir='ltr'><strong>admiscebatnr,</strong></span> <span class='ocrx_word' id='word_1_451' title='bbox 1578 5484 1763 5545; x_wconf 87' lang='lat' dir='ltr'><strong>utpote</strong></span> <span class='ocrx_word' id='word_1_452' title='bbox 1791 5474 1880 5543; x_wconf 84' lang='lat' dir='ltr'><strong>qui</strong></span> 
     </span>
    </p>
   </div>
   <div class='ocr_carea' id='block_1_57' title="bbox 288 5566 1882 5647">
    <p class='ocr_par' dir='ltr' id='par_1_57' title="bbox 288 5566 1882 5647">
     <span class='ocr_line' id='line_1_58' title="bbox 288 5566 1882 5647; baseline -0.007 -16"><span class='ocrx_word' id='word_1_453' title='bbox 288 5578 485 5647; x_wconf 89' lang='lat' dir='ltr'><strong>uhique</strong></span> <span class='ocrx_word' id='word_1_454' title='bbox 514 5585 570 5630; x_wconf 89' lang='lat' dir='ltr'><strong>et</strong></span> <span class='ocrx_word' id='word_1_455' title='bbox 597 5575 765 5629; x_wconf 77' lang='lat' dir='ltr'><strong>fastus</strong></span> <span class='ocrx_word' id='word_1_456' title='bbox 812 5581 867 5628; x_wconf 91' lang='lat' dir='ltr'><strong>et</strong></span> <span class='ocrx_word' id='word_1_457' title='bbox 917 5586 1131 5642; x_wconf 63' lang='lat' dir='ltr'><strong>pompa:</strong></span> <span class='ocrx_word' id='word_1_458' title='bbox 1176 5579 1549 5640; x_wconf 89' lang='lat' dir='ltr'><strong>contemptum</strong></span> <span class='ocrx_word' id='word_1_459' title='bbox 1608 5566 1882 5622; x_wconf 87' lang='lat' dir='ltr'><strong>edoceret.</strong></span> 
     </span>
    </p>
   </div>
   <div class='ocr_carea' id='block_1_58' title="bbox 291 5657 1884 5739">
    <p class='ocr_par' dir='ltr' id='par_1_58' title="bbox 291 5657 1884 5739">
     <span class='ocr_line' id='line_1_59' title="bbox 291 5657 1884 5739; baseline -0.009 -15"><span class='ocrx_word' id='word_1_460' title='bbox 291 5669 661 5739; x_wconf 73' lang='lat' dir='ltr'><strong>Cognitionem</strong></span> <span class='ocrx_word' id='word_1_461' title='bbox 722 5672 904 5720; x_wconf 85' lang='lat' dir='ltr'><strong>autem</strong></span> <span class='ocrx_word' id='word_1_462' title='bbox 957 5662 1046 5716; x_wconf 92' lang='lat' dir='ltr'><strong>hic</strong></span> <span class='ocrx_word' id='word_1_463' title='bbox 1085 5661 1216 5716; x_wconf 91' lang='lat' dir='ltr'><strong>dicit</strong></span> <span class='ocrx_word' id='word_1_464' title='bbox 1262 5659 1557 5730; x_wconf 90' lang='lat' dir='ltr'><strong>perfectam</strong></span> <span class='ocrx_word' id='word_1_465' title='bbox 1601 5657 1844 5713; x_wconf 79' lang='lat' dir='ltr'><strong>nozitiam</strong></span> <span class='ocrx_word' id='word_1_466' title='bbox 1871 5698 1884 5719; x_wconf 85' lang='lat'><strong>,</strong></span> 
     </span>
    </p>
   </div>
   <div class='ocr_carea' id='block_1_59' title="bbox 295 5747 1890 5830">
    <p class='ocr_par' dir='ltr' id='par_1_59' title="bbox 295 5747 1890 5830">
     <span class='ocr_line' id='line_1_60' title="bbox 295 5747 1890 5830; baseline -0.007 -16"><span class='ocrx_word' id='word_1_467' title='bbox 295 5775 484 5830; x_wconf 85' lang='lat' dir='ltr'><strong>nempe</strong></span> <span class='ocrx_word' id='word_1_468' title='bbox 517 5758 638 5828; x_wconf 86' lang='lat' dir='ltr'><strong>quis</strong></span> <span class='ocrx_word' id='word_1_469' title='bbox 663 5766 848 5823; x_wconf 89' lang='lat' dir='ltr'><strong>esset,</strong></span> <span class='ocrx_word' id='word_1_470' title='bbox 890 5754 1032 5809; x_wconf 91' lang='lat' dir='ltr'><strong>unde</strong></span> <span class='ocrx_word' id='word_1_471' title='bbox 1077 5752 1339 5807; x_wconf 79' lang='lat' dir='ltr'><strong>venisset.</strong></span> <span class='ocrx_word' id='word_1_472' title='bbox 1376 5749 1510 5804; x_wconf 90' lang='lat' dir='ltr'><strong>Illud</strong></span> <span class='ocrx_word' id='word_1_473' title='bbox 1554 5764 1718 5815; x_wconf 81' lang='lat' dir='ltr'><strong>vero,</strong></span> <span class='ocrx_word' id='word_1_474' title='bbox 1765 5747 1890 5803; x_wconf 76' lang='grc' dir='ltr'>Ροιι</span> 
     </span>
    </p>
   </div>
   <div class='ocr_carea' id='block_1_60' title="bbox 294 5843 1888 5919">
    <p class='ocr_par' dir='ltr' id='par_1_60' title="bbox 294 5843 1888 5919">
     <span class='ocr_line' id='line_1_61' title="bbox 294 5843 1888 5919; baseline -0.005 -13"><span class='ocrx_word' id='word_1_475' title='bbox 294 5864 630 5908; x_wconf 72' lang='lat' dir='ltr'><strong>mercaturus</strong></span> <span class='ocrx_word' id='word_1_476' title='bbox 672 5861 769 5916; x_wconf 76' lang='lat' dir='ltr'><strong>est,</strong></span> <span class='ocrx_word' id='word_1_477' title='bbox 805 5863 948 5919; x_wconf 78' lang='lat' dir='ltr'><strong>saepe</strong></span> <span class='ocrx_word' id='word_1_478' title='bbox 974 5847 1191 5919; x_wconf 85' lang='lat' dir='ltr'><strong>posuit,</strong></span> <span class='ocrx_word' id='word_1_479' title='bbox 1222 5860 1285 5899; x_wconf 92' lang='lat' dir='ltr'><strong>ac</strong></span> <span class='ocrx_word' id='word_1_480' title='bbox 1314 5843 1356 5899; x_wconf 79' lang='lat' dir='ltr'><strong>si</strong></span> <span class='ocrx_word' id='word_1_481' title='bbox 1386 5843 1593 5898; x_wconf 88' lang='lat' dir='ltr'><strong>diceret</strong></span> <span class='ocrx_word' id='word_1_482' title='bbox 1619 5861 1632 5898; x_wconf 89' lang='lat'><strong>:</strong></span> <span class='ocrx_word' id='word_1_483' title='bbox 1684 5843 1758 5898; x_wconf 84' lang='lat' dir='ltr'><strong>Ne</strong></span> <span class='ocrx_word' id='word_1_484' title='bbox 1789 5859 1888 5914; x_wconf 87' lang='lat' dir='ltr'><strong>pu-</strong></span> 
     </span>
    </p>
   </div>
   <div class='ocr_carea' id='block_1_61' title="bbox 1281 353 2449 432">
    <p class='ocr_par' dir='ltr' id='par_1_61' title="bbox 1281 353 2449 432">
     <span class='ocr_line' id='line_1_62' title="bbox 1281 353 2449 432; baseline -0.017 -2"><span class='ocrx_word' id='word_1_485' title='bbox 1281 376 1347 432; x_wconf 83' lang='lat' dir='ltr'><strong>IN</strong></span> <span class='ocrx_word' id='word_1_486' title='bbox 1384 361 1719 428; x_wconf 73' lang='lat' dir='ltr'><strong>JOANNEM.</strong></span> <span class='ocrx_word' id='word_1_487' title='bbox 1762 353 1993 413; x_wconf 80' lang='lat' dir='ltr'><strong>IlOMlL.</strong></span> <span class='ocrx_word' id='word_1_488' title='bbox 2043 355 2176 411; x_wconf 65' lang='lat' dir='ltr'><strong>XVI.</strong></span> <span class='ocrx_word' id='word_1_489' title='bbox 2219 358 2288 411; x_wconf 88' lang='lat' dir='ltr'><strong>al.</strong></span> <span class='ocrx_word' id='word_1_490' title='bbox 2332 354 2449 412; x_wconf 80' lang='lat' dir='ltr'><strong>XV.</strong></span> 
     </span>
    </p>
   </div>
   <div class='ocr_carea' id='block_1_62' title="bbox 3420 332 3523 393">
    <p class='ocr_par' dir='ltr' id='par_1_62' title="bbox 3420 332 3523 393">
     <span class='ocr_line' id='line_1_63' title="bbox 3420 332 3523 393; baseline -0.087 0"><span class='ocrx_word' id='word_1_491' title='bbox 3420 332 3523 393; x_wconf 73' lang='grc' dir='ltr'><strong>ωιῖ</strong></span> 
     </span>
    </p>
   </div>
   <div class='ocr_carea' id='block_1_63' title="bbox 1920 452 3519 542">
    <p class='ocr_par' dir='ltr' id='par_1_63' title="bbox 1920 452 3519 542">
     <span class='ocr_line' id='line_1_64' title="bbox 1920 452 3519 542; baseline -0.015 -14"><span class='ocrx_word' id='word_1_492' title='bbox 1920 475 2045 531; x_wconf 84' lang='lat' dir='ltr'><strong>lctis</strong></span> <span class='ocrx_word' id='word_1_493' title='bbox 2074 484 2241 530; x_wconf 88' lang='lat' dir='ltr'><strong>totum</strong></span> <span class='ocrx_word' id='word_1_494' title='bbox 2266 475 2318 529; x_wconf 89' lang='lat' dir='ltr'><strong>in</strong></span> <span class='ocrx_word' id='word_1_495' title='bbox 2349 472 2668 542; x_wconf 88' lang='lat' dir='ltr'><strong>baptismate</strong></span> <span class='ocrx_word' id='word_1_496' title='bbox 2710 479 2836 524; x_wconf 89' lang='lat' dir='ltr'><strong>meo</strong></span> <span class='ocrx_word' id='word_1_497' title='bbox 2868 461 3074 537; x_wconf 85' lang='lat' dir='ltr'><strong>perfici.</strong></span> <span class='ocrx_word' id='word_1_498' title='bbox 3105 457 3161 516; x_wconf 87' lang='lat' dir='ltr'><strong>Si</strong></span> <span class='ocrx_word' id='word_1_499' title='bbox 3206 456 3310 512; x_wconf 90' lang='lat' dir='ltr'><strong>hoc</strong></span> <span class='ocrx_word' id='word_1_500' title='bbox 3338 452 3519 523; x_wconf 46' lang='lat' dir='ltr'><strong>perle‘</strong></span> 
     </span>
    </p>
   </div>
   <div class='ocr_carea' id='block_1_64' title="bbox 1916 539 3520 633">
    <p class='ocr_par' dir='ltr' id='par_1_64' title="bbox 1916 539 3520 633">
     <span class='ocr_line' id='line_1_65' title="bbox 1916 539 3520 633; baseline -0.019 -10"><span class='ocrx_word' id='word_1_501' title='bbox 1916 578 2061 623; x_wconf 91' lang='lat' dir='ltr'><strong>ctum</strong></span> <span class='ocrx_word' id='word_1_502' title='bbox 2092 575 2260 633; x_wconf 88' lang='lat' dir='ltr'><strong>esset,</strong></span> <span class='ocrx_word' id='word_1_503' title='bbox 2289 580 2396 620; x_wconf 89' lang='lat' dir='ltr'><strong>non</strong></span> <span class='ocrx_word' id='word_1_504' title='bbox 2420 539 2580 619; x_wconf 62' lang='lat' dir='ltr'><strong>alios</strong></span> <span class='ocrx_word' id='word_1_505' title='bbox 2605 569 2729 633; x_wconf 85' lang='lat' dir='ltr'><strong>post</strong></span> <span class='ocrx_word' id='word_1_506' title='bbox 2754 573 2842 614; x_wconf 87' lang='lat' dir='ltr'><strong>me</strong></span> <span class='ocrx_word' id='word_1_507' title='bbox 2864 553 3096 620; x_wconf 80' lang='lat' dir='ltr'><strong>veniret,</strong></span> <span class='ocrx_word' id='word_1_508' title='bbox 3127 549 3354 605; x_wconf 82' lang='lat' dir='ltr'><strong>alterum</strong></span> <span class='ocrx_word' id='word_1_509' title='bbox 3383 539 3520 597; x_wconf 67' lang='lat' dir='ltr'><strong>atla-</strong></span> 
     </span>
    </p>
   </div>
   <div class='ocr_carea' id='block_1_65' title="bbox 1915 633 3517 724">
    <p class='ocr_par' dir='ltr' id='par_1_65' title="bbox 1915 633 3517 724">
     <span class='ocr_line' id='line_1_66' title="bbox 1915 633 3517 724; baseline -0.02 -9"><span class='ocrx_word' id='word_1_510' title='bbox 1915 670 2106 724; x_wconf 88' lang='lat' dir='ltr'><strong>turus;</strong></span> <span class='ocrx_word' id='word_1_511' title='bbox 2161 659 2255 716; x_wconf 85' lang='lat' dir='ltr'><strong>sed</strong></span> <span class='ocrx_word' id='word_1_512' title='bbox 2296 657 2400 712; x_wconf 90' lang='lat' dir='ltr'><strong>hoc</strong></span> <span class='ocrx_word' id='word_1_513' title='bbox 2425 654 2492 712; x_wconf 87' lang='lat' dir='ltr'><strong>ad</strong></span> <span class='ocrx_word' id='word_1_514' title='bbox 2538 652 2671 711; x_wconf 92' lang='lat' dir='ltr'><strong>illud</strong></span> <span class='ocrx_word' id='word_1_515' title='bbox 2717 659 2803 709; x_wconf 88' lang='lat' dir='ltr'><strong>est</strong></span> <span class='ocrx_word' id='word_1_516' title='bbox 2849 646 3176 719; x_wconf 60' lang='lat' dir='ltr'><strong>praeparatio</strong></span> <span class='ocrx_word' id='word_1_517' title='bbox 3242 633 3517 709; x_wconf 60' lang='lat' dir='ltr'><strong>quadam.</strong></span> 
     </span>
    </p>
   </div>
   <div class='ocr_carea' id='block_1_66' title="bbox 1917 732 3522 819">
    <p class='ocr_par' dir='ltr' id='par_1_66' title="bbox 1917 732 3522 819">
     <span class='ocr_line' id='line_1_67' title="bbox 1917 732 3522 819; baseline -0.02 -9"><span class='ocrx_word' id='word_1_518' title='bbox 1917 754 2115 810; x_wconf 84' lang='lat' dir='ltr'><strong>Nostra</strong></span> <span class='ocrx_word' id='word_1_519' title='bbox 2167 760 2293 808; x_wconf 90' lang='lat' dir='ltr'><strong>sunt</strong></span> <span class='ocrx_word' id='word_1_520' title='bbox 2320 751 2508 807; x_wconf 90' lang='lat' dir='ltr'><strong>umbra</strong></span> <span class='ocrx_word' id='word_1_521' title='bbox 2534 757 2590 806; x_wconf 86' lang='lat' dir='ltr'><strong>et</strong></span> <span class='ocrx_word' id='word_1_522' title='bbox 2616 748 2826 819; x_wconf 78' lang='lat' dir='ltr'><strong>imago;</strong></span> <span class='ocrx_word' id='word_1_523' title='bbox 2870 742 3033 798; x_wconf 90' lang='lat' dir='ltr'><strong>alium</strong></span> <span class='ocrx_word' id='word_1_524' title='bbox 3063 735 3252 794; x_wconf 86' lang='lat' dir='ltr'><strong>venire</strong></span> <span class='ocrx_word' id='word_1_525' title='bbox 3278 732 3522 801; x_wconf 89' lang='lat' dir='ltr'><strong>oportet,</strong></span> 
     </span>
    </p>
   </div>
   <div class='ocr_carea' id='block_1_67' title="bbox 1914 822 3522 920">
    <p class='ocr_par' dir='ltr' id='par_1_67' title="bbox 1914 822 3522 920">
     <span class='ocr_line' id='line_1_68' title="bbox 1914 822 3522 920; baseline -0.018 -17"><span class='ocrx_word' id='word_1_526' title='bbox 1914 849 2006 920; x_wconf 89' lang='lat' dir='ltr'><strong>qui</strong></span> <span class='ocrx_word' id='word_1_527' title='bbox 2029 847 2312 902; x_wconf 86' lang='lat' dir='ltr'><strong>veritatem</strong></span> <span class='ocrx_word' id='word_1_528' title='bbox 2362 842 2570 899; x_wconf 70' lang='lat' dir='ltr'><strong>afferat.</strong></span> <span class='ocrx_word' id='word_1_529' title='bbox 2604 842 2791 908; x_wconf 79' lang='lat' dir='ltr'><strong>Itaque</strong></span> <span class='ocrx_word' id='word_1_530' title='bbox 2833 834 2963 908; x_wconf 88' lang='lat' dir='ltr'><strong>illud</strong></span> <span class='ocrx_word' id='word_1_531' title='bbox 2991 875 3005 897; x_wconf 91' lang='lat'><strong>,</strong></span> <span class='ocrx_word' id='word_1_532' title='bbox 3058 831 3185 885; x_wconf 79' lang='lat' dir='ltr'><strong>Poet</strong></span> <span class='ocrx_word' id='word_1_533' title='bbox 3219 841 3298 880; x_wconf 88' lang='lat' dir='ltr'><strong>me</strong></span> <span class='ocrx_word' id='word_1_534' title='bbox 3333 822 3522 881; x_wconf 75' lang='lat' dir='ltr'><strong>ueniet,</strong></span> 
     </span>
    </p>
   </div>
   <div class='ocr_carea' id='block_1_68' title="bbox 1916 913 3517 1015">
    <p class='ocr_par' dir='ltr' id='par_1_68' title="bbox 1916 913 3517 1015">
     <span class='ocr_line' id='line_1_69' title="bbox 1916 913 3517 1015; baseline -0.022 -15"><span class='ocrx_word' id='word_1_535' title='bbox 1916 913 2032 1015; x_wconf 78' lang='lat' dir='ltr'><strong>ejus</strong></span> <span class='ocrx_word' id='word_1_536' title='bbox 2063 940 2380 1012; x_wconf 76' lang='lat' dir='ltr'><strong>dignitatem</strong></span> <span class='ocrx_word' id='word_1_537' title='bbox 2411 936 2646 992; x_wconf 81' lang='lat' dir='ltr'><strong>maxime</strong></span> <span class='ocrx_word' id='word_1_538' title='bbox 2674 929 2934 989; x_wconf 90' lang='lat' dir='ltr'><strong>ostendit.</strong></span> <span class='ocrx_word' id='word_1_539' title='bbox 2961 925 3096 981; x_wconf 87' lang='lat' dir='ltr'><strong>Nam</strong></span> <span class='ocrx_word' id='word_1_540' title='bbox 3129 921 3176 976; x_wconf 89' lang='lat' dir='ltr'><strong>sl</strong></span> <span class='ocrx_word' id='word_1_541' title='bbox 3208 919 3312 974; x_wconf 91' lang='lat' dir='ltr'><strong>hoc</strong></span> <span class='ocrx_word' id='word_1_542' title='bbox 3341 913 3517 986; x_wconf 85' lang='lat' dir='ltr'><strong>perie-</strong></span> 
     </span>
    </p>
   </div>
   <div class='ocr_carea' id='block_1_69' title="bbox 1916 1008 3509 1100">
    <p class='ocr_par' dir='ltr' id='par_1_69' title="bbox 1916 1008 3509 1100">
     <span class='ocr_line' id='line_1_70' title="bbox 1916 1008 3509 1100; baseline -0.021 -8"><span class='ocrx_word' id='word_1_543' title='bbox 1916 1045 2061 1091; x_wconf 90' lang='lat' dir='ltr'><strong>ctum</strong></span> <span class='ocrx_word' id='word_1_544' title='bbox 2090 1041 2255 1100; x_wconf 86' lang='lat' dir='ltr'><strong>esset,</strong></span> <span class='ocrx_word' id='word_1_545' title='bbox 2279 1046 2387 1088; x_wconf 90' lang='lat' dir='ltr'><strong>non</strong></span> <span class='ocrx_word' id='word_1_546' title='bbox 2420 1026 2718 1086; x_wconf 90' lang='lat' dir='ltr'><strong>secundum</strong></span> <span class='ocrx_word' id='word_1_547' title='bbox 2752 1027 3104 1096; x_wconf 64' lang='lat' dir='ltr'><strong>qumrerctur,</strong></span> <span class='ocrx_word' id='word_1_548' title='bbox 3152 1013 3283 1068; x_wconf 81' lang='lat' dir='ltr'><strong>Ante</strong></span> <span class='ocrx_word' id='word_1_549' title='bbox 3313 1023 3394 1064; x_wconf 85' lang='lat' dir='ltr'><strong>me</strong></span> <span class='ocrx_word' id='word_1_550' title='bbox 3423 1008 3509 1079; x_wconf 77' lang='lat' dir='ltr'><strong>fa—</strong></span> 
     </span>
    </p>
   </div>
   <div class='ocr_carea' id='block_1_70' title="bbox 1919 1106 3524 1198">
    <p class='ocr_par' dir='ltr' id='par_1_70' title="bbox 1919 1106 3524 1198">
     <span class='ocr_line' id='line_1_71' title="bbox 1919 1106 3524 1198; baseline -0.023 -10"><span class='ocrx_word' id='word_1_551' title='bbox 1919 1141 2031 1187; x_wconf 79' lang='lat' dir='ltr'><strong>ctus</strong></span> <span class='ocrx_word' id='word_1_552' title='bbox 2071 1138 2176 1198; x_wconf 75' lang='lat' dir='ltr'><strong>est;</strong></span> <span class='ocrx_word' id='word_1_553' title='bbox 2223 1129 2325 1185; x_wconf 88' lang='lat' dir='ltr'><strong>hoc</strong></span> <span class='ocrx_word' id='word_1_554' title='bbox 2371 1135 2449 1183; x_wconf 91' lang='lat' dir='ltr'><strong>est</strong></span> <span class='ocrx_word' id='word_1_555' title='bbox 2483 1169 2499 1194; x_wconf 93' lang='lat'><strong>,</strong></span> <span class='ocrx_word' id='word_1_556' title='bbox 2559 1138 2645 1180; x_wconf 91' lang='lat' dir='ltr'><strong>me</strong></span> <span class='ocrx_word' id='word_1_557' title='bbox 2689 1115 3059 1178; x_wconf 77' lang='lat' dir='ltr'><strong>honorabilior</strong></span> <span class='ocrx_word' id='word_1_558' title='bbox 3093 1119 3150 1166; x_wconf 88' lang='lat' dir='ltr'><strong>et</strong></span> <span class='ocrx_word' id='word_1_559' title='bbox 3168 1106 3364 1165; x_wconf 89' lang='lat' dir='ltr'><strong>clarior</strong></span> <span class='ocrx_word' id='word_1_560' title='bbox 3418 1106 3524 1154; x_wconf 91' lang='lat' dir='ltr'><strong>est.</strong></span> 
     </span>
    </p>
   </div>
   <div class='ocr_carea' id='block_1_71' title="bbox 1921 1191 3528 1290">
    <p class='ocr_par' dir='ltr' id='par_1_71' title="bbox 1921 1191 3528 1290">
     <span class='ocr_line' id='line_1_72' title="bbox 1921 1191 3528 1290; baseline -0.022 -13"><span class='ocrx_word' id='word_1_561' title='bbox 1921 1221 2128 1279; x_wconf 91' lang='lat' dir='ltr'><strong>Deinde</strong></span> <span class='ocrx_word' id='word_1_562' title='bbox 2168 1237 2236 1276; x_wconf 87' lang='lat' dir='ltr'><strong>ne</strong></span> <span class='ocrx_word' id='word_1_563' title='bbox 2267 1191 2520 1290; x_wconf 82' lang='lat' dir='ltr'><strong>putarent</strong></span> <span class='ocrx_word' id='word_1_564' title='bbox 2561 1209 2985 1286; x_wconf 62' lang='lat' dir='ltr'><strong>praecellentiam</strong></span> <span class='ocrx_word' id='word_1_565' title='bbox 3028 1218 3095 1258; x_wconf 77' lang='lat' dir='ltr'><strong>ex</strong></span> <span class='ocrx_word' id='word_1_566' title='bbox 3121 1191 3528 1266; x_wconf 85' lang='lat' dir='ltr'><strong>comparatione</strong></span> 
     </span>
    </p>
   </div>
   <div class='ocr_carea' id='block_1_72' title="bbox 1922 1283 3524 1380">
    <p class='ocr_par' dir='ltr' id='par_1_72' title="bbox 1922 1283 3524 1380">
     <span class='ocr_line' id='line_1_73' title="bbox 1922 1283 3524 1380; baseline -0.022 -10"><span class='ocrx_word' id='word_1_567' title='bbox 1922 1313 2170 1380; x_wconf 88' lang='lat' dir='ltr'><strong>indicari,</strong></span> <span class='ocrx_word' id='word_1_568' title='bbox 2212 1321 2269 1367; x_wconf 93' lang='lat' dir='ltr'><strong>ut</strong></span> <span class='ocrx_word' id='word_1_569' title='bbox 2303 1301 2503 1365; x_wconf 72' lang='lat' dir='ltr'><strong>niillam</strong></span> <span class='ocrx_word' id='word_1_570' title='bbox 2556 1283 2678 1362; x_wconf 78' lang='lat' dir='ltr'><strong>esse</strong></span> <span class='ocrx_word' id='word_1_571' title='bbox 2729 1295 3191 1371; x_wconf 89' lang='lat' dir='ltr'><strong>comparationem</strong></span> <span class='ocrx_word' id='word_1_572' title='bbox 3245 1283 3524 1344; x_wconf 89' lang='lat' dir='ltr'><strong>declaret,</strong></span> 
     </span>
    </p>
   </div>
   <div class='ocr_carea' id='block_1_73' title="bbox 1922 1371 3530 1478">
    <p class='ocr_par' dir='ltr' id='par_1_73' title="bbox 1922 1371 3530 1478">
     <span class='ocr_line' id='line_1_74' title="bbox 1922 1371 3530 1478; baseline -0.024 -16"><span class='ocrx_word' id='word_1_573' title='bbox 1922 1405 2108 1478; x_wconf 84' lang='lat' dir='ltr'><strong>adjicit</strong></span> <span class='ocrx_word' id='word_1_574' title='bbox 2137 1371 2338 1476; x_wconf 35' lang='lat' dir='ltr'><strong>{Cujus</strong></span> <span class='ocrx_word' id='word_1_575' title='bbox 2367 1418 2468 1454; x_wconf 87' lang='lat' dir='ltr'><strong>non</strong></span> <span class='ocrx_word' id='word_1_576' title='bbox 2497 1415 2608 1453; x_wconf 85' lang='lat' dir='ltr'><strong>sum</strong></span> <span class='ocrx_word' id='word_1_577' title='bbox 2639 1385 2825 1466; x_wconf 71' lang='lat' dir='ltr'><strong>dignus</strong></span> <span class='ocrx_word' id='word_1_578' title='bbox 2852 1388 3045 1446; x_wconf 76' lang='lat' dir='ltr'><strong>solvere</strong></span> <span class='ocrx_word' id='word_1_579' title='bbox 3083 1378 3394 1451; x_wconf 82' lang='lat' dir='ltr'><strong>corrigiam;</strong></span> <span class='ocrx_word' id='word_1_580' title='bbox 3426 1371 3530 1427; x_wconf 89' lang='lat' dir='ltr'><strong>hoc</strong></span> 
     </span>
    </p>
   </div>
   <div class='ocr_carea' id='block_1_74' title="bbox 1923 1472 3526 1565">
    <p class='ocr_par' dir='ltr' id='par_1_74' title="bbox 1923 1472 3526 1565">
     <span class='ocr_line' id='line_1_75' title="bbox 1923 1472 3526 1565; baseline -0.026 -7"><span class='ocrx_word' id='word_1_581' title='bbox 1923 1508 2011 1558; x_wconf 88' lang='lat' dir='ltr'><strong>est</strong></span> <span class='ocrx_word' id='word_1_582' title='bbox 2032 1541 2046 1565; x_wconf 86' lang='lat'><strong>,</strong></span> <span class='ocrx_word' id='word_1_583' title='bbox 2074 1498 2189 1554; x_wconf 83' lang='lat' dir='ltr'><strong>Non</strong></span> <span class='ocrx_word' id='word_1_584' title='bbox 2221 1472 2392 1553; x_wconf 75' lang='lat' dir='ltr'><strong>solum</strong></span> <span class='ocrx_word' id='word_1_585' title='bbox 2421 1502 2546 1548; x_wconf 88' lang='lat' dir='ltr'><strong>ante</strong></span> <span class='ocrx_word' id='word_1_586' title='bbox 2576 1506 2662 1546; x_wconf 89' lang='lat' dir='ltr'><strong>me</strong></span> <span class='ocrx_word' id='word_1_587' title='bbox 2694 1488 2864 1542; x_wconf 72' lang='lat' dir='ltr'><strong>litetus</strong></span> <span class='ocrx_word' id='word_1_588' title='bbox 2909 1490 3032 1546; x_wconf 90' lang='lat' dir='ltr'><strong>est,</strong></span> <span class='ocrx_word' id='word_1_589' title='bbox 3071 1475 3165 1532; x_wconf 89' lang='lat' dir='ltr'><strong>sed</strong></span> <span class='ocrx_word' id='word_1_590' title='bbox 3198 1473 3269 1527; x_wconf 90' lang='lat' dir='ltr'><strong>ita</strong></span> <span class='ocrx_word' id='word_1_591' title='bbox 3299 1480 3386 1524; x_wconf 86' lang='lat' dir='ltr'><strong>res</strong></span> <span class='ocrx_word' id='word_1_592' title='bbox 3417 1472 3526 1526; x_wconf 86' lang='lat' dir='ltr'><strong>est,</strong></span> 
     </span>
    </p>
   </div>
   <div class='ocr_carea' id='block_1_75' title="bbox 1927 1556 3528 1661">
    <p class='ocr_par' dir='ltr' id='par_1_75' title="bbox 1927 1556 3528 1661">
     <span class='ocr_line' id='line_1_76' title="bbox 1927 1556 3528 1661; baseline -0.026 -12"><span class='ocrx_word' id='word_1_593' title='bbox 1927 1601 1986 1648; x_wconf 91' lang='lat' dir='ltr'><strong>ut</strong></span> <span class='ocrx_word' id='word_1_594' title='bbox 2021 1608 2088 1647; x_wconf 91' lang='lat' dir='ltr'><strong>ne</strong></span> <span class='ocrx_word' id='word_1_595' title='bbox 2111 1589 2328 1661; x_wconf 91' lang='lat' dir='ltr'><strong>quidem</strong></span> <span class='ocrx_word' id='word_1_596' title='bbox 2355 1589 2495 1642; x_wconf 91' lang='lat' dir='ltr'><strong>inter</strong></span> <span class='ocrx_word' id='word_1_597' title='bbox 2537 1585 2753 1640; x_wconf 87' lang='lat' dir='ltr'><strong>ultimos</strong></span> <span class='ocrx_word' id='word_1_598' title='bbox 2781 1580 2899 1649; x_wconf 88' lang='lat' dir='ltr'><strong>ejus</strong></span> <span class='ocrx_word' id='word_1_599' title='bbox 2954 1570 3180 1629; x_wconf 85' lang='lat' dir='ltr'><strong>famulos</strong></span> <span class='ocrx_word' id='word_1_600' title='bbox 3228 1556 3528 1630; x_wconf 87' lang='lat' dir='ltr'><strong>computari</strong></span> 
     </span>
    </p>
   </div>
   <div class='ocr_carea' id='block_1_76' title="bbox 1925 1663 3525 1748">
    <p class='ocr_par' dir='ltr' id='par_1_76' title="bbox 1925 1663 3525 1748">
     <span class='ocr_line' id='line_1_77' title="bbox 1925 1663 3525 1748; baseline -0.021 -7"><span class='ocrx_word' id='word_1_601' title='bbox 1925 1699 2173 1748; x_wconf 89' lang='lat' dir='ltr'><strong>merear;</strong></span> <span class='ocrx_word' id='word_1_602' title='bbox 2221 1682 2649 1739; x_wconf 86' lang='lat' dir='ltr'><strong>calceamentnm</strong></span> <span class='ocrx_word' id='word_1_603' title='bbox 2682 1674 2881 1746; x_wconf 88' lang='lat' dir='ltr'><strong>quippe</strong></span> <span class='ocrx_word' id='word_1_604' title='bbox 2921 1663 3525 1739; x_wconf 37' lang='lat' dir='ltr'><strong>solverehextrcmum</strong></span> 
     </span>
    </p>
   </div>
   <div class='ocr_carea' id='block_1_77' title="bbox 1928 1742 3533 1838">
    <p class='ocr_par' dir='ltr' id='par_1_77' title="bbox 1928 1742 3533 1838">
     <span class='ocr_line' id='line_1_78' title="bbox 1928 1742 3533 1838; baseline -0.023 -7"><span class='ocrx_word' id='word_1_605' title='bbox 1928 1774 2288 1831; x_wconf 89' lang='lat' dir='ltr'><strong>ministerium</strong></span> <span class='ocrx_word' id='word_1_606' title='bbox 2325 1779 2429 1827; x_wconf 90' lang='lat' dir='ltr'><strong>est.</strong></span> <span class='ocrx_word' id='word_1_607' title='bbox 2489 1766 2642 1838; x_wconf 83' lang='lat' dir='ltr'><strong>Quod</strong></span> <span class='ocrx_word' id='word_1_608' title='bbox 2689 1767 2734 1821; x_wconf 89' lang='lat' dir='ltr'><strong>si</strong></span> <span class='ocrx_word' id='word_1_609' title='bbox 2781 1742 3017 1819; x_wconf 89' lang='lat' dir='ltr'><strong>Joannes</strong></span> <span class='ocrx_word' id='word_1_610' title='bbox 3061 1767 3170 1809; x_wconf 86' lang='lat' dir='ltr'><strong>non</strong></span> <span class='ocrx_word' id='word_1_611' title='bbox 3201 1755 3287 1803; x_wconf 83' lang='lat' dir='ltr'><strong>est</strong></span> <span class='ocrx_word' id='word_1_612' title='bbox 3337 1742 3533 1810; x_wconf 78' lang='lat' dir='ltr'><strong>dignus</strong></span> 
     </span>
    </p>
   </div>
   <div class='ocr_carea' id='block_1_78' title="bbox 1929 1833 3536 1938">
    <p class='ocr_par' dir='ltr' id='par_1_78' title="bbox 1929 1833 3536 1938">
     <span class='ocr_line' id='line_1_79' title="bbox 1929 1833 3536 1938; baseline -0.026 -15"><span class='ocrx_word' id='word_1_613' title='bbox 1929 1866 2018 1938; x_wconf 79' lang='lat' dir='ltr'><strong>qui</strong></span> <span class='ocrx_word' id='word_1_614' title='bbox 2051 1865 2335 1935; x_wconf 75' lang='lat' dir='ltr'><strong>corrigiam</strong></span> <span class='ocrx_word' id='word_1_615' title='bbox 2360 1861 2560 1925; x_wconf 80' lang='lat' dir='ltr'><strong>solvat,</strong></span> <span class='ocrx_word' id='word_1_616' title='bbox 2593 1858 2831 1913; x_wconf 86' lang='lat' dir='ltr'><strong>Joannes</strong></span> <span class='ocrx_word' id='word_1_617' title='bbox 2853 1866 2962 1923; x_wconf 90' lang='lat' dir='ltr'><strong>quo</strong></span> <span class='ocrx_word' id='word_1_618' title='bbox 2987 1845 3167 1902; x_wconf 89' lang='lat' dir='ltr'><strong>nullus</strong></span> <span class='ocrx_word' id='word_1_619' title='bbox 3189 1838 3362 1908; x_wconf 88' lang='lat' dir='ltr'><strong>major</strong></span> <span class='ocrx_word' id='word_1_620' title='bbox 3392 1833 3536 1886; x_wconf 79' lang='lat' dir='ltr'><strong>inter</strong></span> 
     </span>
    </p>
   </div>
   <div class='ocr_carea' id='block_1_79' title="bbox 1929 1927 3535 2024">
    <p class='ocr_par' dir='ltr' id='par_1_79' title="bbox 1929 1927 3535 2024">
     <span class='ocr_line' id='line_1_80' title="bbox 1929 1927 3535 2024; baseline -0.024 -8"><span class='ocrx_word' id='word_1_621' title='bbox 1929 1927 2085 2014; x_wconf 78' lang='lat' dir='ltr'><strong>natos</strong></span> <span class='ocrx_word' id='word_1_622' title='bbox 2116 1927 2399 2012; x_wconf 72' lang='grc' dir='ltr'>ηιιῆιετιιιη</span> <span class='ocrx_word' id='word_1_623' title='bbox 2447 1953 2622 2024; x_wconf 88' lang='lat' dir='ltr'><strong>(Luc.</strong></span> <span class='ocrx_word' id='word_1_624' title='bbox 2649 1951 2701 2003; x_wconf 89' lang='lat'><strong>7.</strong></span> <span class='ocrx_word' id='word_1_625' title='bbox 2730 1948 2822 2002; x_wconf 76' lang='lat'><strong>23.</strong></span> <span class='ocrx_word' id='word_1_626' title='bbox 2865 1942 3056 1999; x_wconf 76' lang='lat' dir='ltr'><strong>Matth.</strong></span> <span class='ocrx_word' id='word_1_627' title='bbox 3106 1936 3196 1991; x_wconf 90' lang='grc' dir='ltr'>ιι.</span> <span class='ocrx_word' id='word_1_628' title='bbox 3244 1927 3350 2000; x_wconf 88' lang='grc' dir='ltr'>ιι)</span> <span class='ocrx_word' id='word_1_629' title='bbox 3383 1943 3397 1979; x_wconf 79' lang='lat'><strong>:</strong></span> <span class='ocrx_word' id='word_1_630' title='bbox 3428 1935 3535 2024; x_wconf 67' lang='lat' dir='ltr'><strong>quo</strong></span> 
     </span>
    </p>
   </div>
   <div class='ocr_carea' id='block_1_80' title="bbox 1929 2017 3536 2122">
    <p class='ocr_par' dir='ltr' id='par_1_80' title="bbox 1929 2017 3536 2122">
     <span class='ocr_line' id='line_1_81' title="bbox 1929 2017 3536 2122; baseline -0.024 -14"><span class='ocrx_word' id='word_1_631' title='bbox 1929 2068 2030 2108; x_wconf 91' lang='lat' dir='ltr'><strong>nos</strong></span> <span class='ocrx_word' id='word_1_632' title='bbox 2060 2052 2158 2122; x_wconf 91' lang='lat' dir='ltr'><strong>ipsi</strong></span> <span class='ocrx_word' id='word_1_633' title='bbox 2184 2050 2302 2104; x_wconf 89' lang='lat' dir='ltr'><strong>loco</strong></span> <span class='ocrx_word' id='word_1_634' title='bbox 2324 2041 2626 2116; x_wconf 82' lang='lat' dir='ltr'><strong>ponemus?</strong></span> <span class='ocrx_word' id='word_1_635' title='bbox 2652 2039 2708 2096; x_wconf 91' lang='lat' dir='ltr'><strong>Si</strong></span> <span class='ocrx_word' id='word_1_636' title='bbox 2729 2039 2774 2093; x_wconf 91' lang='lat' dir='ltr'><strong>is</strong></span> <span class='ocrx_word' id='word_1_637' title='bbox 2788 2037 2875 2109; x_wconf 89' lang='lat' dir='ltr'><strong>qui</strong></span> <span class='ocrx_word' id='word_1_638' title='bbox 2893 2032 3012 2090; x_wconf 88' lang='lat' dir='ltr'><strong>orbi</strong></span> <span class='ocrx_word' id='word_1_639' title='bbox 3041 2028 3288 2100; x_wconf 71' lang='lat' dir='ltr'><strong>mqualis,</strong></span> <span class='ocrx_word' id='word_1_640' title='bbox 3317 2023 3426 2080; x_wconf 85' lang='lat' dir='ltr'><strong>imo</strong></span> <span class='ocrx_word' id='word_1_641' title='bbox 3444 2017 3536 2070; x_wconf 90' lang='lat' dir='ltr'><strong>illo</strong></span> 
     </span>
    </p>
   </div>
   <div class='ocr_carea' id='block_1_81' title="bbox 1929 2123 3532 2216">
    <p class='ocr_par' dir='ltr' id='par_1_81' title="bbox 1929 2123 3532 2216">
     <span class='ocr_line' id='line_1_82' title="bbox 1929 2123 3532 2216; baseline -0.022 -16"><span class='ocrx_word' id='word_1_642' title='bbox 1929 2147 2103 2216; x_wconf 84' lang='lat' dir='ltr'><strong>major</strong></span> <span class='ocrx_word' id='word_1_643' title='bbox 2126 2151 2241 2197; x_wconf 90' lang='lat' dir='ltr'><strong>erat</strong></span> <span class='ocrx_word' id='word_1_644' title='bbox 2269 2143 2280 2172; x_wconf 85' lang='lat'>&#39;</span> <span class='ocrx_word' id='word_1_645' title='bbox 2310 2139 2329 2212; x_wconf 86' lang='lat'>(</span> <span class='ocrx_word' id='word_1_646' title='bbox 2357 2138 2606 2207; x_wconf 85' lang='lat' dir='ltr'><strong>Quorum,</strong></span> <span class='ocrx_word' id='word_1_647' title='bbox 2637 2131 2843 2202; x_wconf 89' lang='lat' dir='ltr'><strong>inquit,</strong></span> <span class='ocrx_word' id='word_1_648' title='bbox 2892 2127 3077 2199; x_wconf 81' lang='lat' dir='ltr'><strong>dignus</strong></span> <span class='ocrx_word' id='word_1_649' title='bbox 3108 2138 3211 2177; x_wconf 86' lang='lat' dir='ltr'><strong>non</strong></span> <span class='ocrx_word' id='word_1_650' title='bbox 3247 2126 3356 2173; x_wconf 85' lang='lat' dir='ltr'><strong>erat</strong></span> <span class='ocrx_word' id='word_1_651' title='bbox 3382 2123 3532 2168; x_wconf 80' lang='lat' dir='ltr'><strong>mnu-</strong></span> 
     </span>
    </p>
   </div>
   <div class='ocr_carea' id='block_1_82' title="bbox 1930 2207 3541 2308">
    <p class='ocr_par' dir='ltr' id='par_1_82' title="bbox 1930 2207 3541 2308">
     <span class='ocr_line' id='line_1_83' title="bbox 1930 2207 3541 2308; baseline -0.021 -16"><span class='ocrx_word' id='word_1_652' title='bbox 1930 2207 2033 2292; x_wconf 60' lang='lat' dir='ltr'><strong>dus</strong></span> <span class='ocrx_word' id='word_1_653' title='bbox 2066 2232 2262 2308; x_wconf 84' lang='lat' dir='ltr'><strong>[Hebr.</strong></span> <span class='ocrx_word' id='word_1_654' title='bbox 2301 2207 2390 2286; x_wconf 76' lang='lat' dir='ltr'><strong>II.</strong></span> <span class='ocrx_word' id='word_1_655' title='bbox 2421 2227 2513 2302; x_wconf 76' lang='lat'><strong>38]</strong></span> <span class='ocrx_word' id='word_1_656' title='bbox 2538 2227 2580 2296; x_wconf 92' lang='lat'><strong>),</strong></span> <span class='ocrx_word' id='word_1_657' title='bbox 2631 2241 2691 2280; x_wconf 90' lang='lat' dir='ltr'><strong>se</strong></span> <span class='ocrx_word' id='word_1_658' title='bbox 2723 2221 2998 2291; x_wconf 77' lang='lat' dir='ltr'><strong>indignum</strong></span> <span class='ocrx_word' id='word_1_659' title='bbox 3026 2229 3146 2272; x_wconf 89' lang='lat' dir='ltr'><strong>esse</strong></span> <span class='ocrx_word' id='word_1_660' title='bbox 3177 2212 3251 2266; x_wconf 91' lang='lat' dir='ltr'><strong>ait</strong></span> <span class='ocrx_word' id='word_1_661' title='bbox 3276 2209 3366 2280; x_wconf 90' lang='lat' dir='ltr'><strong>qui</strong></span> <span class='ocrx_word' id='word_1_662' title='bbox 3399 2207 3541 2261; x_wconf 88' lang='lat' dir='ltr'><strong>inter</strong></span> 
     </span>
    </p>
   </div>
   <div class='ocr_carea' id='block_1_83' title="bbox 1934 2301 3538 2396">
    <p class='ocr_par' dir='ltr' id='par_1_83' title="bbox 1934 2301 3538 2396">
     <span class='ocr_line' id='line_1_84' title="bbox 1934 2301 3538 2396; baseline -0.021 -10"><span class='ocrx_word' id='word_1_663' title='bbox 1934 2301 2153 2386; x_wconf 73' lang='lat' dir='ltr'><strong>ultimos</strong></span> <span class='ocrx_word' id='word_1_664' title='bbox 2195 2325 2313 2396; x_wconf 88' lang='lat' dir='ltr'><strong>ejus</strong></span> <span class='ocrx_word' id='word_1_665' title='bbox 2355 2322 2632 2378; x_wconf 84' lang='lat' dir='ltr'><strong>ministros</strong></span> <span class='ocrx_word' id='word_1_666' title='bbox 2661 2323 3044 2386; x_wconf 89' lang='lat' dir='ltr'><strong>computetur:</strong></span> <span class='ocrx_word' id='word_1_667' title='bbox 3079 2306 3208 2380; x_wconf 91' lang='lat' dir='ltr'><strong>quid</strong></span> <span class='ocrx_word' id='word_1_668' title='bbox 3244 2318 3343 2361; x_wconf 84' lang='lat' dir='ltr'><strong>nos</strong></span> <span class='ocrx_word' id='word_1_669' title='bbox 3389 2301 3538 2377; x_wconf 83' lang='lat' dir='ltr'><strong>diee-</strong></span> 
     </span>
    </p>
   </div>
   <div class='ocr_carea' id='block_1_84' title="bbox 1935 2397 3539 2490">
    <p class='ocr_par' dir='ltr' id='par_1_84' title="bbox 1935 2397 3539 2490">
     <span class='ocr_line' id='line_1_85' title="bbox 1935 2397 3539 2490; baseline -0.02 -13"><span class='ocrx_word' id='word_1_670' title='bbox 1935 2437 2075 2486; x_wconf 89' lang='lat' dir='ltr'><strong>mus,</strong></span> <span class='ocrx_word' id='word_1_671' title='bbox 2107 2419 2197 2490; x_wconf 94' lang='lat' dir='ltr'><strong>qui</strong></span> <span class='ocrx_word' id='word_1_672' title='bbox 2222 2416 2376 2472; x_wconf 75' lang='lat' dir='ltr'><strong>malis</strong></span> <span class='ocrx_word' id='word_1_673' title='bbox 2407 2411 2708 2468; x_wconf 86' lang='lat' dir='ltr'><strong>innumeris</strong></span> <span class='ocrx_word' id='word_1_674' title='bbox 2735 2407 2914 2463; x_wconf 91' lang='lat' dir='ltr'><strong>onusti</strong></span> <span class='ocrx_word' id='word_1_675' title='bbox 2960 2415 3178 2465; x_wconf 89' lang='lat' dir='ltr'><strong>sumus,</strong></span> <span class='ocrx_word' id='word_1_676' title='bbox 3210 2397 3302 2469; x_wconf 90' lang='lat' dir='ltr'><strong>qui</strong></span> <span class='ocrx_word' id='word_1_677' title='bbox 3332 2401 3539 2449; x_wconf 92' lang='lat' dir='ltr'><strong>tantum</strong></span> 
     </span>
    </p>
   </div>
   <div class='ocr_carea' id='block_1_85' title="bbox 1937 2485 3543 2571">
    <p class='ocr_par' dir='ltr' id='par_1_85' title="bbox 1937 2485 3543 2571">
     <span class='ocr_line' id='line_1_86' title="bbox 1937 2485 3543 2571; baseline -0.021 0"><span class='ocrx_word' id='word_1_678' title='bbox 1937 2485 2200 2571; x_wconf 43' lang='lat' dir='ltr'><strong>distant-us</strong></span> <span class='ocrx_word' id='word_1_679' title='bbox 2238 2527 2270 2566; x_wconf 89' lang='lat' dir='ltr'><strong>a</strong></span> <span class='ocrx_word' id='word_1_680' title='bbox 2323 2507 2549 2565; x_wconf 89' lang='lat' dir='ltr'><strong>Joannis</strong></span> <span class='ocrx_word' id='word_1_681' title='bbox 2587 2504 2789 2559; x_wconf 86' lang='lat' dir='ltr'><strong>virtute</strong></span> <span class='ocrx_word' id='word_1_682' title='bbox 2821 2541 2836 2569; x_wconf 95' lang='lat'><strong>,</strong></span> <span class='ocrx_word' id='word_1_683' title='bbox 2883 2507 3145 2568; x_wconf 87' lang='lat' dir='ltr'><strong>quantum</strong></span> <span class='ocrx_word' id='word_1_684' title='bbox 3185 2500 3328 2548; x_wconf 85' lang='lat' dir='ltr'><strong>terra</strong></span> <span class='ocrx_word' id='word_1_685' title='bbox 3379 2485 3543 2542; x_wconf 88' lang='lat' dir='ltr'><strong>distat</strong></span> 
     </span>
    </p>
   </div>
   <div class='ocr_carea' id='block_1_86' title="bbox 1937 2605 2173 2664">
    <p class='ocr_par' dir='ltr' id='par_1_86' title="bbox 1937 2605 2173 2664">
     <span class='ocr_line' id='line_1_87' title="bbox 1937 2605 2173 2664; baseline -0.021 0"><span class='ocrx_word' id='word_1_686' title='bbox 1937 2624 1965 2663; x_wconf 92' lang='lat' dir='ltr'><strong>a</strong></span> <span class='ocrx_word' id='word_1_687' title='bbox 1994 2605 2173 2664; x_wconf 60' lang='lat' dir='ltr'><strong>caelo?</strong></span> 
     </span>
    </p>
   </div>
   <div class='ocr_carea' id='block_1_87' title="bbox 2011 2672 3537 2768">
    <p class='ocr_par' dir='ltr' id='par_1_87' title="bbox 2011 2672 3537 2768">
     <span class='ocr_line' id='line_1_88' title="bbox 2011 2672 3537 2768; baseline -0.019 -13"><span class='ocrx_word' id='word_1_688' title='bbox 2011 2703 2066 2756; x_wconf 77' lang='grc'><strong>4.</strong></span> <span class='ocrx_word' id='word_1_689' title='bbox 2120 2698 2217 2753; x_wconf 89' lang='lat' dir='ltr'><strong>llic</strong></span> <span class='ocrx_word' id='word_1_690' title='bbox 2244 2709 2374 2768; x_wconf 78' lang='lat' dir='ltr'><strong>ergo</strong></span> <span class='ocrx_word' id='word_1_691' title='bbox 2396 2708 2456 2750; x_wconf 85' lang='lat' dir='ltr'><strong>se</strong></span> <span class='ocrx_word' id='word_1_692' title='bbox 2480 2703 2756 2761; x_wconf 76' lang='lat' dir='ltr'><strong>uiuignum</strong></span> <span class='ocrx_word' id='word_1_693' title='bbox 2791 2700 2911 2742; x_wconf 83' lang='lat' dir='ltr'><strong>esse</strong></span> <span class='ocrx_word' id='word_1_694' title='bbox 2940 2683 3014 2739; x_wconf 89' lang='lat' dir='ltr'><strong>ait</strong></span> <span class='ocrx_word' id='word_1_695' title='bbox 3042 2679 3132 2754; x_wconf 91' lang='lat' dir='ltr'><strong>qui</strong></span> <span class='ocrx_word' id='word_1_696' title='bbox 3162 2678 3338 2736; x_wconf 79' lang='lat' dir='ltr'><strong>solvat</strong></span> <span class='ocrx_word' id='word_1_697' title='bbox 3363 2672 3537 2731; x_wconf 88' lang='lat' dir='ltr'><strong>corri-</strong></span> 
     </span>
    </p>
   </div>
   <div class='ocr_carea' id='block_1_88' title="bbox 1937 2775 3542 2866">
    <p class='ocr_par' dir='ltr' id='par_1_88' title="bbox 1937 2775 3542 2866">
     <span class='ocr_line' id='line_1_89' title="bbox 1937 2775 3542 2866; baseline -0.017 -17"><span class='ocrx_word' id='word_1_698' title='bbox 1937 2795 2078 2866; x_wconf 80' lang='lat' dir='ltr'><strong>giam</strong></span> <span class='ocrx_word' id='word_1_699' title='bbox 2106 2790 2476 2848; x_wconf 83' lang='lat' dir='ltr'><strong>calceamenti.</strong></span> <span class='ocrx_word' id='word_1_700' title='bbox 2505 2785 2712 2841; x_wconf 91' lang='lat' dir='ltr'><strong>Inimici</strong></span> <span class='ocrx_word' id='word_1_701' title='bbox 2745 2791 2923 2838; x_wconf 89' lang='lat' dir='ltr'><strong>autem</strong></span> <span class='ocrx_word' id='word_1_702' title='bbox 2952 2776 3195 2835; x_wconf 83' lang='lat' dir='ltr'><strong>veritatis</strong></span> <span class='ocrx_word' id='word_1_703' title='bbox 3238 2775 3292 2828; x_wconf 89' lang='lat' dir='ltr'><strong>in</strong></span> <span class='ocrx_word' id='word_1_704' title='bbox 3341 2778 3542 2826; x_wconf 89' lang='lat' dir='ltr'><strong>tantam</strong></span> 
     </span>
    </p>
   </div>
   <div class='ocr_carea' id='block_1_89' title="bbox 1943 2867 3544 2960">
    <p class='ocr_par' dir='ltr' id='par_1_89' title="bbox 1943 2867 3544 2960">
     <span class='ocr_line' id='line_1_90' title="bbox 1943 2867 3544 2960; baseline -0.018 -15"><span class='ocrx_word' id='word_1_705' title='bbox 1943 2893 2305 2960; x_wconf 86' lang='lat' dir='ltr'><strong>prorumpunt</strong></span> <span class='ocrx_word' id='word_1_706' title='bbox 2344 2883 2610 2939; x_wconf 88' lang='lat' dir='ltr'><strong>insaniam</strong></span> <span class='ocrx_word' id='word_1_707' title='bbox 2636 2922 2650 2946; x_wconf 94' lang='lat'><strong>,</strong></span> <span class='ocrx_word' id='word_1_708' title='bbox 2687 2888 2747 2933; x_wconf 90' lang='lat' dir='ltr'><strong>ut</strong></span> <span class='ocrx_word' id='word_1_709' title='bbox 2775 2876 2960 2932; x_wconf 84' lang='lat' dir='ltr'><strong>dicant</strong></span> <span class='ocrx_word' id='word_1_710' title='bbox 2989 2887 3047 2928; x_wconf 89' lang='lat' dir='ltr'><strong>se</strong></span> <span class='ocrx_word' id='word_1_711' title='bbox 3073 2885 3236 2927; x_wconf 86' lang='lat' dir='ltr'><strong>nosse</strong></span> <span class='ocrx_word' id='word_1_712' title='bbox 3263 2867 3412 2922; x_wconf 88' lang='lat' dir='ltr'><strong>illum</strong></span> <span class='ocrx_word' id='word_1_713' title='bbox 3438 2906 3453 2930; x_wconf 94' lang='lat'><strong>,</strong></span> <span class='ocrx_word' id='word_1_714' title='bbox 3485 2871 3544 2916; x_wconf 92' lang='lat' dir='ltr'><strong>nt</strong></span> 
     </span>
    </p>
   </div>
   <div class='ocr_carea' id='block_1_90' title="bbox 1943 2961 3543 3051">
    <p class='ocr_par' dir='ltr' id='par_1_90' title="bbox 1943 2961 3543 3051">
     <span class='ocr_line' id='line_1_91' title="bbox 1943 2961 3543 3051; baseline -0.017 -15"><span class='ocrx_word' id='word_1_715' title='bbox 1943 2982 2057 3051; x_wconf 89' lang='lat' dir='ltr'><strong>ipse</strong></span> <span class='ocrx_word' id='word_1_716' title='bbox 2082 2994 2141 3034; x_wconf 90' lang='lat' dir='ltr'><strong>se</strong></span> <span class='ocrx_word' id='word_1_717' title='bbox 2165 2979 2331 3032; x_wconf 92' lang='lat' dir='ltr'><strong>novit.</strong></span> <span class='ocrx_word' id='word_1_718' title='bbox 2361 2976 2476 3042; x_wconf 90' lang='lat' dir='ltr'><strong>Qua</strong></span> <span class='ocrx_word' id='word_1_719' title='bbox 2511 2972 2745 3027; x_wconf 91' lang='lat' dir='ltr'><strong>amentia</strong></span> <span class='ocrx_word' id='word_1_720' title='bbox 2782 2966 2909 3039; x_wconf 89' lang='lat' dir='ltr'><strong>quid</strong></span> <span class='ocrx_word' id='word_1_721' title='bbox 2937 2961 3224 3020; x_wconf 78' lang='lat' dir='ltr'><strong>deterius?</strong></span> <span class='ocrx_word' id='word_1_722' title='bbox 3251 2974 3357 3031; x_wconf 91' lang='lat' dir='ltr'><strong>qua</strong></span> <span class='ocrx_word' id='word_1_723' title='bbox 3387 2972 3543 3012; x_wconf 83' lang='lat' dir='ltr'><strong>arro-</strong></span> 
     </span>
    </p>
   </div>
   <div class='ocr_carea' id='block_1_91' title="bbox 1943 3049 3545 3145">
    <p class='ocr_par' dir='ltr' id='par_1_91' title="bbox 1943 3049 3545 3145">
     <span class='ocr_line' id='line_1_92' title="bbox 1943 3049 3545 3145; baseline -0.017 -16"><span class='ocrx_word' id='word_1_724' title='bbox 1943 3049 2122 3145; x_wconf 63' lang='lat' dir='ltr'><strong>gentia</strong></span> <span class='ocrx_word' id='word_1_725' title='bbox 2145 3070 2273 3140; x_wconf 87' lang='lat' dir='ltr'><strong>quid</strong></span> <span class='ocrx_word' id='word_1_726' title='bbox 2302 3064 2606 3123; x_wconf 85' lang='lat' dir='ltr'><strong>furiosius?</strong></span> <span class='ocrx_word' id='word_1_727' title='bbox 2652 3063 2800 3117; x_wconf 85' lang='lat' dir='ltr'><strong>Bene</strong></span> <span class='ocrx_word' id='word_1_728' title='bbox 2825 3059 2963 3115; x_wconf 75' lang='lat' dir='ltr'><strong>dixit</strong></span> <span class='ocrx_word' id='word_1_729' title='bbox 3003 3056 3224 3126; x_wconf 85' lang='lat' dir='ltr'><strong>sapiens</strong></span> <span class='ocrx_word' id='word_1_730' title='bbox 3278 3049 3496 3122; x_wconf 87' lang='lat' dir='ltr'><strong>quidam</strong></span> <span class='ocrx_word' id='word_1_731' title='bbox 3533 3065 3545 3103; x_wconf 93' lang='lat'><em>:</em></span> 
     </span>
    </p>
   </div>
   <div class='ocr_carea' id='block_1_92' title="bbox 1947 3139 3545 3233">
    <p class='ocr_par' dir='ltr' id='par_1_92' title="bbox 1947 3139 3545 3233">
     <span class='ocr_line' id='line_1_93' title="bbox 1947 3139 3545 3233; baseline -0.019 -13"><span class='ocrx_word' id='word_1_732' title='bbox 1947 3139 2272 3233; x_wconf 58' lang='lat' dir='ltr'><strong>J’rincipium</strong></span> <span class='ocrx_word' id='word_1_733' title='bbox 2293 3158 2546 3228; x_wconf 69' lang='lat' dir='ltr'><strong>superbia:</strong></span> <span class='ocrx_word' id='word_1_734' title='bbox 2591 3171 2693 3210; x_wconf 84' lang='lat' dir='ltr'><strong>non</strong></span> <span class='ocrx_word' id='word_1_735' title='bbox 2739 3168 2886 3207; x_wconf 76' lang='lat' dir='ltr'><strong>nosse</strong></span> <span class='ocrx_word' id='word_1_736' title='bbox 2931 3148 3211 3203; x_wconf 87' lang='lat' dir='ltr'><strong>Dominum</strong></span> <span class='ocrx_word' id='word_1_737' title='bbox 3239 3139 3425 3212; x_wconf 78' lang='lat' dir='ltr'><strong>(Eccli.</strong></span> <span class='ocrx_word' id='word_1_738' title='bbox 3457 3139 3545 3194; x_wconf 84' lang='lat' dir='ltr'><strong>IO.</strong></span> 
     </span>
    </p>
   </div>
   <div class='ocr_carea' id='block_1_93' title="bbox 1945 3231 3546 3329">
    <p class='ocr_par' dir='ltr' id='par_1_93' title="bbox 1945 3231 3546 3329">
     <span class='ocr_line' id='line_1_94' title="bbox 1945 3231 3546 3329; baseline -0.021 -14"><span class='ocrx_word' id='word_1_739' title='bbox 1945 3255 2073 3329; x_wconf 71' lang='grc'><strong>14).</strong></span> <span class='ocrx_word' id='word_1_740' title='bbox 2105 3231 2219 3311; x_wconf 87' lang='lat' dir='ltr'><strong>Non</strong></span> <span class='ocrx_word' id='word_1_741' title='bbox 2248 3253 2494 3323; x_wconf 87' lang='lat' dir='ltr'><strong>dejectus</strong></span> <span class='ocrx_word' id='word_1_742' title='bbox 2524 3263 2622 3305; x_wconf 91' lang='lat' dir='ltr'><strong>nec</strong></span> <span class='ocrx_word' id='word_1_743' title='bbox 2648 3245 2900 3302; x_wconf 88' lang='lat' dir='ltr'><strong>diabolus</strong></span> <span class='ocrx_word' id='word_1_744' title='bbox 2927 3240 3150 3296; x_wconf 72' lang='lat' dir='ltr'><strong>effectus</strong></span> <span class='ocrx_word' id='word_1_745' title='bbox 3200 3236 3391 3292; x_wconf 88' lang='lat' dir='ltr'><strong>fuisset</strong></span> <span class='ocrx_word' id='word_1_746' title='bbox 3432 3231 3546 3287; x_wconf 87' lang='lat' dir='ltr'><strong>dia-</strong></span> 
     </span>
    </p>
   </div>
   <div class='ocr_carea' id='block_1_94' title="bbox 1946 3327 3554 3418">
    <p class='ocr_par' dir='ltr' id='par_1_94' title="bbox 1946 3327 3554 3418">
     <span class='ocr_line' id='line_1_95' title="bbox 1946 3327 3554 3418; baseline -0.019 -10"><span class='ocrx_word' id='word_1_747' title='bbox 1946 3327 2103 3408; x_wconf 87' lang='lat' dir='ltr'><strong>bolus</strong></span> <span class='ocrx_word' id='word_1_748' title='bbox 2126 3349 2236 3415; x_wconf 91' lang='lat' dir='ltr'><strong>ille,</strong></span> <span class='ocrx_word' id='word_1_749' title='bbox 2267 3346 2356 3418; x_wconf 91' lang='lat' dir='ltr'><strong>qui</strong></span> <span class='ocrx_word' id='word_1_750' title='bbox 2383 3353 2507 3399; x_wconf 90' lang='lat' dir='ltr'><strong>ante</strong></span> <span class='ocrx_word' id='word_1_751' title='bbox 2534 3340 2786 3397; x_wconf 88' lang='lat' dir='ltr'><strong>diabolus</strong></span> <span class='ocrx_word' id='word_1_752' title='bbox 2827 3351 2933 3392; x_wconf 92' lang='lat' dir='ltr'><strong>non</strong></span> <span class='ocrx_word' id='word_1_753' title='bbox 2961 3341 3098 3397; x_wconf 91' lang='lat' dir='ltr'><strong>erat,</strong></span> <span class='ocrx_word' id='word_1_754' title='bbox 3137 3330 3238 3386; x_wconf 90' lang='lat' dir='ltr'><strong>nisi</strong></span> <span class='ocrx_word' id='word_1_755' title='bbox 3263 3327 3366 3384; x_wconf 90' lang='lat' dir='ltr'><strong>hoc</strong></span> <span class='ocrx_word' id='word_1_756' title='bbox 3409 3340 3554 3381; x_wconf 86' lang='lat' dir='ltr'><strong>mor-</strong></span> 
     </span>
    </p>
   </div>
   <div class='ocr_carea' id='block_1_95' title="bbox 1946 3420 3552 3516">
    <p class='ocr_par' dir='ltr' id='par_1_95' title="bbox 1946 3420 3552 3516">
     <span class='ocr_line' id='line_1_96' title="bbox 1946 3420 3552 3516; baseline -0.021 -13"><span class='ocrx_word' id='word_1_757' title='bbox 1946 3448 2015 3503; x_wconf 92' lang='lat' dir='ltr'><strong>bo</strong></span> <span class='ocrx_word' id='word_1_758' title='bbox 2045 3455 2233 3516; x_wconf 90' lang='lat' dir='ltr'><strong>captus</strong></span> <span class='ocrx_word' id='word_1_759' title='bbox 2260 3441 2470 3498; x_wconf 90' lang='lat' dir='ltr'><strong>fuisset.</strong></span> <span class='ocrx_word' id='word_1_760' title='bbox 2502 3437 2614 3494; x_wconf 90' lang='lat' dir='ltr'><strong>IIoe</strong></span> <span class='ocrx_word' id='word_1_761' title='bbox 2636 3435 2784 3491; x_wconf 92' lang='lat' dir='ltr'><strong>illum</strong></span> <span class='ocrx_word' id='word_1_762' title='bbox 2813 3447 2841 3486; x_wconf 90' lang='lat' dir='ltr'><strong>a</strong></span> <span class='ocrx_word' id='word_1_763' title='bbox 2871 3429 3095 3503; x_wconf 89' lang='lat' dir='ltr'><strong>pristina</strong></span> <span class='ocrx_word' id='word_1_764' title='bbox 3118 3421 3311 3481; x_wconf 83' lang='lat' dir='ltr'><strong>fiducia</strong></span> <span class='ocrx_word' id='word_1_765' title='bbox 3334 3420 3552 3491; x_wconf 86' lang='lat' dir='ltr'><strong>dejeeit,</strong></span> 
     </span>
    </p>
   </div>
   <div class='ocr_carea' id='block_1_96' title="bbox 1950 3512 3555 3608">
    <p class='ocr_par' dir='ltr' id='par_1_96' title="bbox 1950 3512 3555 3608">
     <span class='ocr_line' id='line_1_97' title="bbox 1950 3512 3555 3608; baseline -0.02 -14"><span class='ocrx_word' id='word_1_766' title='bbox 1950 3541 2052 3594; x_wconf 89' lang='lat' dir='ltr'><strong>hoc</strong></span> <span class='ocrx_word' id='word_1_767' title='bbox 2079 3539 2129 3592; x_wconf 88' lang='lat' dir='ltr'><strong>in</strong></span> <span class='ocrx_word' id='word_1_768' title='bbox 2152 3535 2454 3608; x_wconf 80' lang='lat' dir='ltr'><strong>gehennam</strong></span> <span class='ocrx_word' id='word_1_769' title='bbox 2508 3528 2747 3590; x_wconf 87' lang='lat' dir='ltr'><strong>demisit,</strong></span> <span class='ocrx_word' id='word_1_770' title='bbox 2806 3525 2908 3579; x_wconf 81' lang='lat' dir='ltr'><strong>hoc</strong></span> <span class='ocrx_word' id='word_1_771' title='bbox 2954 3521 3054 3592; x_wconf 77' lang='lat' dir='ltr'><strong>ipsi</strong></span> <span class='ocrx_word' id='word_1_772' title='bbox 3111 3524 3272 3589; x_wconf 84' lang='lat' dir='ltr'><strong>caput</strong></span> <span class='ocrx_word' id='word_1_773' title='bbox 3314 3512 3555 3570; x_wconf 86' lang='lat' dir='ltr'><strong>omnium</strong></span> 
     </span>
    </p>
   </div>
   <div class='ocr_carea' id='block_1_97' title="bbox 1949 3602 3560 3693">
    <p class='ocr_par' dir='ltr' id='par_1_97' title="bbox 1949 3602 3560 3693">
     <span class='ocr_line' id='line_1_98' title="bbox 1949 3602 3560 3693; baseline -0.019 -6"><span class='ocrx_word' id='word_1_774' title='bbox 1949 3632 2216 3688; x_wconf 89' lang='lat' dir='ltr'><strong>malorum</strong></span> <span class='ocrx_word' id='word_1_775' title='bbox 2250 3625 2370 3681; x_wconf 87' lang='lat' dir='ltr'><strong>fuit.</strong></span> <span class='ocrx_word' id='word_1_776' title='bbox 2403 3624 2516 3679; x_wconf 90' lang='lat' dir='ltr'><strong>Iloc</strong></span> <span class='ocrx_word' id='word_1_777' title='bbox 2537 3622 2736 3693; x_wconf 89' lang='lat' dir='ltr'><strong>quippe</strong></span> <span class='ocrx_word' id='word_1_778' title='bbox 2759 3618 2947 3672; x_wconf 87' lang='lat' dir='ltr'><strong>vitium</strong></span> <span class='ocrx_word' id='word_1_779' title='bbox 2990 3626 3208 3669; x_wconf 89' lang='lat' dir='ltr'><strong>omnem</strong></span> <span class='ocrx_word' id='word_1_780' title='bbox 3257 3606 3420 3664; x_wconf 89' lang='lat' dir='ltr'><strong>animi</strong></span> <span class='ocrx_word' id='word_1_781' title='bbox 3451 3602 3560 3658; x_wconf 87' lang='lat' dir='ltr'><strong>vir-</strong></span> 
     </span>
    </p>
   </div>
   <div class='ocr_carea' id='block_1_98' title="bbox 1952 3700 3554 3785">
    <p class='ocr_par' dir='ltr' id='par_1_98' title="bbox 1952 3700 3554 3785">
     <span class='ocr_line' id='line_1_99' title="bbox 1952 3700 3554 3785; baseline -0.02 -4"><span class='ocrx_word' id='word_1_782' title='bbox 1952 3733 2119 3781; x_wconf 89' lang='lat' dir='ltr'><strong>tutem</strong></span> <span class='ocrx_word' id='word_1_783' title='bbox 2149 3718 2459 3785; x_wconf 79' lang='lat' dir='ltr'><strong>labefactat,</strong></span> <span class='ocrx_word' id='word_1_784' title='bbox 2509 3716 2914 3784; x_wconf 74' lang='lat' dir='ltr'><strong>cleemoSynam</strong></span> <span class='ocrx_word' id='word_1_785' title='bbox 2964 3720 3180 3777; x_wconf 91' lang='lat' dir='ltr'><strong>nempe,</strong></span> <span class='ocrx_word' id='word_1_786' title='bbox 3231 3700 3554 3760; x_wconf 87' lang='lat' dir='ltr'><strong>orationem,</strong></span> 
     </span>
    </p>
   </div>
   <div class='ocr_carea' id='block_1_99' title="bbox 1947 3791 3560 3891">
    <p class='ocr_par' dir='ltr' id='par_1_99' title="bbox 1947 3791 3560 3891">
     <span class='ocr_line' id='line_1_100' title="bbox 1947 3791 3560 3891; baseline -0.02 -16"><span class='ocrx_word' id='word_1_787' title='bbox 1947 3817 2235 3891; x_wconf 84' lang='lat' dir='ltr'><strong>jejunium,</strong></span> <span class='ocrx_word' id='word_1_788' title='bbox 2259 3810 2470 3884; x_wconf 89' lang='lat' dir='ltr'><strong>quidvis</strong></span> <span class='ocrx_word' id='word_1_789' title='bbox 2496 3807 2662 3863; x_wconf 82' lang='lat' dir='ltr'><strong>aliud.</strong></span> <span class='ocrx_word' id='word_1_790' title='bbox 2697 3803 2972 3859; x_wconf 74' lang='lat' dir='ltr'><strong>Excelsum</strong></span> <span class='ocrx_word' id='word_1_791' title='bbox 3016 3800 3071 3854; x_wconf 87' lang='lat' dir='ltr'><strong>in</strong></span> <span class='ocrx_word' id='word_1_792' title='bbox 3124 3793 3434 3858; x_wconf 76' lang='lat' dir='ltr'><strong>hominibus,</strong></span> <span class='ocrx_word' id='word_1_793' title='bbox 3479 3791 3560 3844; x_wconf 81' lang='lat' dir='ltr'><strong>in-</strong></span> 
     </span>
    </p>
   </div>
   <div class='ocr_carea' id='block_1_100' title="bbox 1954 3897 2973 3984">
    <p class='ocr_par' dir='ltr' id='par_1_100' title="bbox 1954 3897 2973 3984">
     <span class='ocr_line' id='line_1_101' title="bbox 1954 3897 2973 3984; baseline -0.02 -17"><span class='ocrx_word' id='word_1_794' title='bbox 1954 3914 2089 3984; x_wconf 86' lang='lat' dir='ltr'><strong>quit,</strong></span> <span class='ocrx_word' id='word_1_795' title='bbox 2116 3911 2377 3980; x_wconf 87' lang='lat' dir='ltr'><strong>impurum</strong></span> <span class='ocrx_word' id='word_1_796' title='bbox 2400 3913 2475 3960; x_wconf 82' lang='lat' dir='ltr'><strong>est</strong></span> <span class='ocrx_word' id='word_1_797' title='bbox 2501 3901 2642 3973; x_wconf 83' lang='lat' dir='ltr'><strong>apud</strong></span> <span class='ocrx_word' id='word_1_798' title='bbox 2674 3897 2973 3952; x_wconf 79' lang='lat' dir='ltr'><strong>Dominum.</strong></span> 
     </span>
    </p>
   </div>
   <div class='ocr_carea' id='block_1_101' title="bbox 2030 3978 3552 4071">
    <p class='ocr_par' dir='ltr' id='par_1_101' title="bbox 2030 3978 3552 4071">
     <span class='ocr_line' id='line_1_102' title="bbox 2030 3978 3552 4071; baseline -0.019 -14"><span class='ocrx_word' id='word_1_799' title='bbox 2030 3978 2286 4071; x_wconf 81' lang='lat' dir='ltr'><strong>Superbia</strong></span> <span class='ocrx_word' id='word_1_800' title='bbox 2315 3996 2454 4052; x_wconf 86' lang='lat' dir='ltr'><strong>omni</strong></span> <span class='ocrx_word' id='word_1_801' title='bbox 2483 3996 2602 4048; x_wconf 83' lang='lat' dir='ltr'><strong>vitio</strong></span> <span class='ocrx_word' id='word_1_802' title='bbox 2649 3992 2815 4063; x_wconf 86' lang='lat' dir='ltr'><strong>pejor.</strong></span> <span class='ocrx_word' id='word_1_803' title='bbox 2859 3986 3031 4042; x_wconf 81' lang='lat' dir='ltr'><strong>Homo</strong></span> <span class='ocrx_word' id='word_1_804' title='bbox 3076 3997 3325 4053; x_wconf 81' lang='lat' dir='ltr'><strong>arrogans</strong></span> <span class='ocrx_word' id='word_1_805' title='bbox 3367 3978 3552 4032; x_wconf 83' lang='lat' dir='ltr'><strong>acriter</strong></span> 
     </span>
    </p>
   </div>
   <div class='ocr_carea' id='block_1_102' title="bbox 1957 4072 3563 4166">
    <p class='ocr_par' dir='ltr' id='par_1_102' title="bbox 1957 4072 3563 4166">
     <span class='ocr_line' id='line_1_103' title="bbox 1957 4072 3563 4166; baseline -0.017 -14"><span class='ocrx_word' id='word_1_806' title='bbox 1957 4095 2304 4166; x_wconf 80' lang='lat' dir='ltr'><strong>redarguilur.</strong></span> <span class='ocrx_word' id='word_1_807' title='bbox 2331 4089 2523 4144; x_wconf 89' lang='lat' dir='ltr'><strong>—Non</strong></span> <span class='ocrx_word' id='word_1_808' title='bbox 2556 4085 2839 4141; x_wconf 87' lang='lat' dir='ltr'><strong>fornicatio</strong></span> <span class='ocrx_word' id='word_1_809' title='bbox 2863 4084 3024 4153; x_wconf 81' lang='lat' dir='ltr'><strong>igitur</strong></span> <span class='ocrx_word' id='word_1_810' title='bbox 3049 4121 3064 4146; x_wconf 96' lang='lat'><strong>,</strong></span> <span class='ocrx_word' id='word_1_811' title='bbox 3098 4093 3205 4132; x_wconf 89' lang='lat' dir='ltr'><strong>non</strong></span> <span class='ocrx_word' id='word_1_812' title='bbox 3239 4072 3563 4129; x_wconf 90' lang='lat' dir='ltr'><strong>adulterium</strong></span> 
     </span>
    </p>
   </div>
   <div class='ocr_carea' id='block_1_103' title="bbox 1961 4165 3566 4253">
    <p class='ocr_par' dir='ltr' id='par_1_103' title="bbox 1961 4165 3566 4253">
     <span class='ocr_line' id='line_1_104' title="bbox 1961 4165 3566 4253; baseline -0.018 -7"><span class='ocrx_word' id='word_1_813' title='bbox 1961 4165 2165 4246; x_wconf 87' lang='lat' dir='ltr'><strong>tantum</strong></span> <span class='ocrx_word' id='word_1_814' title='bbox 2195 4187 2468 4241; x_wconf 88' lang='lat' dir='ltr'><strong>hominem</strong></span> <span class='ocrx_word' id='word_1_815' title='bbox 2506 4182 2737 4253; x_wconf 82' lang='lat' dir='ltr'><strong>polluit,</strong></span> <span class='ocrx_word' id='word_1_816' title='bbox 2785 4177 2881 4234; x_wconf 90' lang='lat' dir='ltr'><strong>sed</strong></span> <span class='ocrx_word' id='word_1_817' title='bbox 2915 4176 3075 4230; x_wconf 89' lang='lat' dir='ltr'><strong>ctiam</strong></span> <span class='ocrx_word' id='word_1_818' title='bbox 3104 4181 3159 4227; x_wconf 91' lang='lat' dir='ltr'><strong>et</strong></span> <span class='ocrx_word' id='word_1_819' title='bbox 3195 4169 3366 4224; x_wconf 90' lang='lat' dir='ltr'><strong>multo</strong></span> <span class='ocrx_word' id='word_1_820' title='bbox 3397 4165 3566 4234; x_wconf 77' lang='lat' dir='ltr'><strong>magis</strong></span> 
     </span>
    </p>
   </div>
   <div class='ocr_carea' id='block_1_104' title="bbox 1961 4259 3567 4354">
    <p class='ocr_par' dir='ltr' id='par_1_104' title="bbox 1961 4259 3567 4354">
     <span class='ocr_line' id='line_1_105' title="bbox 1961 4259 3567 4354; baseline -0.017 -16"><span class='ocrx_word' id='word_1_821' title='bbox 1961 4282 2232 4354; x_wconf 80' lang='lat' dir='ltr'><strong>superbia.</strong></span> <span class='ocrx_word' id='word_1_822' title='bbox 2267 4275 2486 4347; x_wconf 80' lang='lat' dir='ltr'><strong>Quare?</strong></span> <span class='ocrx_word' id='word_1_823' title='bbox 2516 4273 2782 4342; x_wconf 85' lang='lat' dir='ltr'><strong>Quoniam</strong></span> <span class='ocrx_word' id='word_1_824' title='bbox 2830 4267 3115 4323; x_wconf 89' lang='lat' dir='ltr'><strong>fornicatio</strong></span> <span class='ocrx_word' id='word_1_825' title='bbox 3147 4263 3273 4318; x_wconf 90' lang='lat' dir='ltr'><strong>licet</strong></span> <span class='ocrx_word' id='word_1_826' title='bbox 3297 4259 3453 4315; x_wconf 89' lang='lat' dir='ltr'><strong>venia</strong></span> <span class='ocrx_word' id='word_1_827' title='bbox 3485 4260 3567 4311; x_wconf 82' lang='lat' dir='ltr'><strong>iu-</strong></span> 
     </span>
    </p>
   </div>
   <div class='ocr_carea' id='block_1_105' title="bbox 1962 4358 3568 4449">
    <p class='ocr_par' dir='ltr' id='par_1_105' title="bbox 1962 4358 3568 4449">
     <span class='ocr_line' id='line_1_106' title="bbox 1962 4358 3568 4449; baseline -0.017 -15"><span class='ocrx_word' id='word_1_828' title='bbox 1962 4379 2122 4449; x_wconf 83' lang='lat' dir='ltr'><strong>digna</strong></span> <span class='ocrx_word' id='word_1_829' title='bbox 2170 4377 2276 4441; x_wconf 90' lang='lat' dir='ltr'><strong>sit,</strong></span> <span class='ocrx_word' id='word_1_830' title='bbox 2310 4381 2486 4444; x_wconf 87' lang='lat' dir='ltr'><strong>potest</strong></span> <span class='ocrx_word' id='word_1_831' title='bbox 2533 4383 2712 4424; x_wconf 90' lang='lat' dir='ltr'><strong>tamen</strong></span> <span class='ocrx_word' id='word_1_832' title='bbox 2744 4367 2862 4438; x_wconf 89' lang='lat' dir='ltr'><strong>quis</strong></span> <span class='ocrx_word' id='word_1_833' title='bbox 2898 4358 3391 4430; x_wconf 72' lang='lat' dir='ltr'><strong>concupiscentiam</strong></span> <span class='ocrx_word' id='word_1_834' title='bbox 3425 4367 3568 4424; x_wconf 74' lang='lat' dir='ltr'><strong>pra:-</strong></span> 
     </span>
    </p>
   </div>
   <div class='ocr_carea' id='block_1_106' title="bbox 1966 4452 3570 4535">
    <p class='ocr_par' dir='ltr' id='par_1_106' title="bbox 1966 4452 3570 4535">
     <span class='ocr_line' id='line_1_107' title="bbox 1966 4452 3570 4535; baseline -0.019 -9"><span class='ocrx_word' id='word_1_835' title='bbox 1966 4469 2188 4526; x_wconf 89' lang='lat' dir='ltr'><strong>tcndere</strong></span> <span class='ocrx_word' id='word_1_836' title='bbox 2222 4485 2235 4522; x_wconf 89' lang='lat'>:</span> <span class='ocrx_word' id='word_1_837' title='bbox 2265 4462 2574 4535; x_wconf 84' lang='lat' dir='ltr'><strong>arrogantia</strong></span> <span class='ocrx_word' id='word_1_838' title='bbox 2602 4475 2732 4514; x_wconf 89' lang='lat' dir='ltr'><strong>vero</strong></span> <span class='ocrx_word' id='word_1_839' title='bbox 2759 4456 2960 4511; x_wconf 89' lang='lat' dir='ltr'><strong>nullam</strong></span> <span class='ocrx_word' id='word_1_840' title='bbox 2996 4452 3155 4506; x_wconf 87' lang='lat' dir='ltr'><strong>habet</strong></span> <span class='ocrx_word' id='word_1_841' title='bbox 3189 4461 3431 4508; x_wconf 86' lang='lat' dir='ltr'><strong>causam,</strong></span> <span class='ocrx_word' id='word_1_842' title='bbox 3462 4459 3570 4497; x_wconf 92' lang='lat' dir='ltr'><strong>non</strong></span> 
     </span>
    </p>
   </div>
   <div class='ocr_carea' id='block_1_107' title="bbox 1965 4539 3574 4629">
    <p class='ocr_par' dir='ltr' id='par_1_107' title="bbox 1965 4539 3574 4629">
     <span class='ocr_line' id='line_1_108' title="bbox 1965 4539 3574 4629; baseline -0.017 -8"><span class='ocrx_word' id='word_1_843' title='bbox 1965 4566 2287 4624; x_wconf 89' lang='lat' dir='ltr'><strong>obtentum,</strong></span> <span class='ocrx_word' id='word_1_844' title='bbox 2340 4574 2447 4629; x_wconf 92' lang='lat' dir='ltr'><strong>quo</strong></span> <span class='ocrx_word' id='word_1_845' title='bbox 2495 4556 2577 4611; x_wconf 86' lang='lat' dir='ltr'><strong>vel</strong></span> <span class='ocrx_word' id='word_1_846' title='bbox 2620 4553 2791 4608; x_wconf 76' lang='lat' dir='ltr'><strong>venia:</strong></span> <span class='ocrx_word' id='word_1_847' title='bbox 2834 4549 3081 4605; x_wconf 86' lang='lat' dir='ltr'><strong>umbram</strong></span> <span class='ocrx_word' id='word_1_848' title='bbox 3125 4552 3441 4601; x_wconf 86' lang='lat' dir='ltr'><strong>mereatur:</strong></span> <span class='ocrx_word' id='word_1_849' title='bbox 3479 4539 3574 4595; x_wconf 88' lang='lat' dir='ltr'><strong>scd</strong></span> 
     </span>
    </p>
   </div>
   <div class='ocr_carea' id='block_1_108' title="bbox 1969 4633 3576 4722">
    <p class='ocr_par' dir='ltr' id='par_1_108' title="bbox 1969 4633 3576 4722">
     <span class='ocr_line' id='line_1_109' title="bbox 1969 4633 3576 4722; baseline -0.018 -8"><span class='ocrx_word' id='word_1_850' title='bbox 1969 4657 2106 4714; x_wconf 88' lang='lat' dir='ltr'><strong>nihil</strong></span> <span class='ocrx_word' id='word_1_851' title='bbox 2132 4654 2278 4710; x_wconf 88' lang='lat' dir='ltr'><strong>aliud</strong></span> <span class='ocrx_word' id='word_1_852' title='bbox 2306 4661 2392 4709; x_wconf 88' lang='lat' dir='ltr'><strong>est</strong></span> <span class='ocrx_word' id='word_1_853' title='bbox 2417 4665 2578 4722; x_wconf 90' lang='lat' dir='ltr'><strong>quam</strong></span> <span class='ocrx_word' id='word_1_854' title='bbox 2609 4649 2807 4702; x_wconf 88' lang='lat' dir='ltr'><strong>mentis</strong></span> <span class='ocrx_word' id='word_1_855' title='bbox 2833 4643 3046 4699; x_wconf 90' lang='lat' dir='ltr'><strong>eversio</strong></span> <span class='ocrx_word' id='word_1_856' title='bbox 3069 4681 3085 4706; x_wconf 92' lang='lat'><strong>,</strong></span> <span class='ocrx_word' id='word_1_857' title='bbox 3116 4637 3338 4694; x_wconf 89' lang='lat' dir='ltr'><strong>morbus</strong></span> <span class='ocrx_word' id='word_1_858' title='bbox 3366 4633 3576 4705; x_wconf 78' lang='lat' dir='ltr'><strong>gravis-</strong></span> 
     </span>
    </p>
   </div>
   <div class='ocr_carea' id='block_1_109' title="bbox 1971 4725 3577 4812">
    <p class='ocr_par' dir='ltr' id='par_1_109' title="bbox 1971 4725 3577 4812">
     <span class='ocr_line' id='line_1_110' title="bbox 1971 4725 3577 4812; baseline -0.018 -6"><span class='ocrx_word' id='word_1_859' title='bbox 1971 4751 2140 4806; x_wconf 90' lang='lat' dir='ltr'><strong>simus</strong></span> <span class='ocrx_word' id='word_1_860' title='bbox 2169 4763 2236 4803; x_wconf 77' lang='lat' dir='ltr'><strong>ex</strong></span> <span class='ocrx_word' id='word_1_861' title='bbox 2266 4762 2368 4798; x_wconf 86' lang='lat' dir='ltr'><strong>una</strong></span> <span class='ocrx_word' id='word_1_862' title='bbox 2398 4740 2705 4812; x_wconf 88' lang='lat' dir='ltr'><strong>insipientia</strong></span> <span class='ocrx_word' id='word_1_863' title='bbox 2747 4746 2918 4793; x_wconf 89' lang='lat' dir='ltr'><strong>ortus.</strong></span> <span class='ocrx_word' id='word_1_864' title='bbox 2953 4733 3095 4789; x_wconf 84' lang='lat' dir='ltr'><strong>Nihil</strong></span> <span class='ocrx_word' id='word_1_865' title='bbox 3119 4730 3266 4787; x_wconf 88' lang='lat' dir='ltr'><strong>enim</strong></span> <span class='ocrx_word' id='word_1_866' title='bbox 3317 4725 3577 4795; x_wconf 84' lang='lat' dir='ltr'><strong>insipien-</strong></span> 
     </span>
    </p>
   </div>
   <div class='ocr_carea' id='block_1_110' title="bbox 1972 4818 3581 4910">
    <p class='ocr_par' dir='ltr' id='par_1_110' title="bbox 1972 4818 3581 4910">
     <span class='ocr_line' id='line_1_111' title="bbox 1972 4818 3581 4910; baseline -0.016 -13"><span class='ocrx_word' id='word_1_867' title='bbox 1972 4843 2079 4897; x_wconf 85' lang='lat' dir='ltr'><strong>tius</strong></span> <span class='ocrx_word' id='word_1_868' title='bbox 2108 4848 2396 4910; x_wconf 77' lang='lat' dir='ltr'><strong>arrogante</strong></span> <span class='ocrx_word' id='word_1_869' title='bbox 2441 4837 2658 4891; x_wconf 86' lang='lat' dir='ltr'><strong>homine</strong></span> <span class='ocrx_word' id='word_1_870' title='bbox 2684 4877 2699 4901; x_wconf 95' lang='lat'><strong>,</strong></span> <span class='ocrx_word' id='word_1_871' title='bbox 2728 4834 2834 4888; x_wconf 85' lang='lat' dir='ltr'><strong>etsi</strong></span> <span class='ocrx_word' id='word_1_872' title='bbox 2868 4827 3315 4903; x_wconf 83' lang='lat' dir='ltr'><strong>Opulentissimus</strong></span> <span class='ocrx_word' id='word_1_873' title='bbox 3346 4824 3447 4887; x_wconf 91' lang='lat' dir='ltr'><strong>sit,</strong></span> <span class='ocrx_word' id='word_1_874' title='bbox 3477 4818 3581 4873; x_wconf 90' lang='lat' dir='ltr'><strong>etsi</strong></span> 
     </span>
    </p>
   </div>
   <div class='ocr_carea' id='block_1_111' title="bbox 1975 4921 3585 4999">
    <p class='ocr_par' dir='ltr' id='par_1_111' title="bbox 1975 4921 3585 4999">
     <span class='ocr_line' id='line_1_112' title="bbox 1975 4921 3585 4999; baseline -0.017 -11"><span class='ocrx_word' id='word_1_875' title='bbox 1975 4943 2197 4988; x_wconf 79' lang='lat' dir='ltr'><strong>externa</strong></span> <span class='ocrx_word' id='word_1_876' title='bbox 2230 4931 2318 4985; x_wconf 84' lang='lat' dir='ltr'><strong>illa</strong></span> <span class='ocrx_word' id='word_1_877' title='bbox 2346 4930 2608 4999; x_wconf 90' lang='lat' dir='ltr'><strong>sapientia</strong></span> <span class='ocrx_word' id='word_1_878' title='bbox 2637 4923 2927 4981; x_wconf 90' lang='lat' dir='ltr'><strong>admodum</strong></span> <span class='ocrx_word' id='word_1_879' title='bbox 2958 4924 3270 4982; x_wconf 89' lang='lat' dir='ltr'><strong>instructus,</strong></span> <span class='ocrx_word' id='word_1_880' title='bbox 3305 4921 3585 4986; x_wconf 90' lang='lat' dir='ltr'><strong>quantum-</strong></span> 
     </span>
    </p>
   </div>
   <div class='ocr_carea' id='block_1_112' title="bbox 1976 5009 3588 5098">
    <p class='ocr_par' dir='ltr' id='par_1_112' title="bbox 1976 5009 3588 5098">
     <span class='ocr_line' id='line_1_113' title="bbox 1976 5009 3588 5098; baseline -0.014 -16"><span class='ocrx_word' id='word_1_881' title='bbox 1976 5028 2057 5082; x_wconf 86' lang='lat' dir='ltr'><strong>vis</strong></span> <span class='ocrx_word' id='word_1_882' title='bbox 2088 5037 2299 5098; x_wconf 85' lang='lat' dir='ltr'><strong>potens,</strong></span> <span class='ocrx_word' id='word_1_883' title='bbox 2348 5022 2560 5078; x_wconf 88' lang='lat' dir='ltr'><strong>etiamsi</strong></span> <span class='ocrx_word' id='word_1_884' title='bbox 2605 5036 2666 5076; x_wconf 89' lang='lat' dir='ltr'><strong>ea</strong></span> <span class='ocrx_word' id='word_1_885' title='bbox 2699 5017 2878 5076; x_wconf 83' lang='lat' dir='ltr'><strong>omnia</strong></span> <span class='ocrx_word' id='word_1_886' title='bbox 2924 5030 3045 5086; x_wconf 70' lang='lat' dir='ltr'><strong>qua:</strong></span> <span class='ocrx_word' id='word_1_887' title='bbox 3079 5009 3386 5068; x_wconf 89' lang='lat' dir='ltr'><strong>hominibus</strong></span> <span class='ocrx_word' id='word_1_888' title='bbox 3424 5021 3588 5075; x_wconf 78' lang='lat' dir='ltr'><strong>cxpe-</strong></span> 
     </span>
    </p>
   </div>
   <div class='ocr_carea' id='block_1_113' title="bbox 1981 5098 3587 5175">
    <p class='ocr_par' dir='ltr' id='par_1_113' title="bbox 1981 5098 3587 5175">
     <span class='ocr_line' id='line_1_114' title="bbox 1981 5098 3587 5175; baseline -0.015 -2"><span class='ocrx_word' id='word_1_889' title='bbox 1981 5117 2141 5174; x_wconf 86' lang='lat' dir='ltr'><strong>tcuda</strong></span> <span class='ocrx_word' id='word_1_890' title='bbox 2169 5116 2419 5172; x_wconf 90' lang='lat' dir='ltr'><strong>videntur</strong></span> <span class='ocrx_word' id='word_1_891' title='bbox 2445 5112 2711 5168; x_wconf 88' lang='lat' dir='ltr'><strong>obtineat.</strong></span> <span class='ocrx_word' id='word_1_892' title='bbox 2742 5108 2875 5163; x_wconf 89' lang='lat' dir='ltr'><strong>Nam</strong></span> <span class='ocrx_word' id='word_1_893' title='bbox 2905 5107 2949 5161; x_wconf 88' lang='lat' dir='ltr'><strong>si</strong></span> <span class='ocrx_word' id='word_1_894' title='bbox 2979 5106 3023 5159; x_wconf 92' lang='lat' dir='ltr'><strong>is</strong></span> <span class='ocrx_word' id='word_1_895' title='bbox 3048 5105 3137 5175; x_wconf 92' lang='lat' dir='ltr'><strong>qui</strong></span> <span class='ocrx_word' id='word_1_896' title='bbox 3161 5104 3231 5158; x_wconf 92' lang='lat' dir='ltr'><strong>de</strong></span> <span class='ocrx_word' id='word_1_897' title='bbox 3260 5101 3404 5156; x_wconf 87' lang='lat' dir='ltr'><strong>veris</strong></span> <span class='ocrx_word' id='word_1_898' title='bbox 3432 5098 3587 5153; x_wconf 74' lang='lat' dir='ltr'><strong>bonis</strong></span> 
     </span>
    </p>
   </div>
   <div class='ocr_carea' id='block_1_114' title="bbox 1979 5189 3589 5280">
    <p class='ocr_par' dir='ltr' id='par_1_114' title="bbox 1979 5189 3589 5280">
     <span class='ocr_line' id='line_1_115' title="bbox 1979 5189 3589 5280; baseline -0.016 -13"><span class='ocrx_word' id='word_1_899' title='bbox 1979 5209 2242 5280; x_wconf 82' lang='lat' dir='ltr'><strong>superbit,</strong></span> <span class='ocrx_word' id='word_1_900' title='bbox 2266 5207 2448 5262; x_wconf 80' lang='lat' dir='ltr'><strong>infelix</strong></span> <span class='ocrx_word' id='word_1_901' title='bbox 2472 5219 2534 5260; x_wconf 90' lang='lat' dir='ltr'><strong>ac</strong></span> <span class='ocrx_word' id='word_1_902' title='bbox 2559 5204 2743 5267; x_wconf 88' lang='lat' dir='ltr'><strong>miser,</strong></span> <span class='ocrx_word' id='word_1_903' title='bbox 2772 5198 3014 5252; x_wconf 90' lang='lat' dir='ltr'><strong>omnium</strong></span> <span class='ocrx_word' id='word_1_904' title='bbox 3042 5195 3256 5250; x_wconf 89' lang='lat' dir='ltr'><strong>illorum</strong></span> <span class='ocrx_word' id='word_1_905' title='bbox 3282 5189 3589 5247; x_wconf 85' lang='lat' dir='ltr'><strong>mercedem</strong></span> 
     </span>
    </p>
   </div>
   <div class='ocr_carea' id='block_1_115' title="bbox 1983 5284 3590 5372">
    <p class='ocr_par' dir='ltr' id='par_1_115' title="bbox 1983 5284 3590 5372">
     <span class='ocr_line' id='line_1_116' title="bbox 1983 5284 3590 5372; baseline -0.016 -11"><span class='ocrx_word' id='word_1_906' title='bbox 1983 5306 2230 5368; x_wconf 83' lang='lat' dir='ltr'><strong>amittat;</strong></span> <span class='ocrx_word' id='word_1_907' title='bbox 2261 5302 2351 5372; x_wconf 89' lang='lat' dir='ltr'><strong>qui</strong></span> <span class='ocrx_word' id='word_1_908' title='bbox 2380 5299 2447 5355; x_wconf 87' lang='lat' dir='ltr'><strong>de</strong></span> <span class='ocrx_word' id='word_1_909' title='bbox 2479 5297 2543 5352; x_wconf 92' lang='lat' dir='ltr'><strong>iis</strong></span> <span class='ocrx_word' id='word_1_910' title='bbox 2584 5313 2702 5368; x_wconf 74' lang='lat' dir='ltr'><strong>qua:</strong></span> <span class='ocrx_word' id='word_1_911' title='bbox 2750 5293 2882 5349; x_wconf 88' lang='lat' dir='ltr'><strong>nihil</strong></span> <span class='ocrx_word' id='word_1_912' title='bbox 2913 5299 3038 5347; x_wconf 89' lang='lat' dir='ltr'><strong>sunt</strong></span> <span class='ocrx_word' id='word_1_913' title='bbox 3081 5287 3374 5352; x_wconf 78' lang='lat' dir='ltr'><strong>extollitur,</strong></span> <span class='ocrx_word' id='word_1_914' title='bbox 3404 5284 3496 5355; x_wconf 87' lang='lat' dir='ltr'><strong>qui</strong></span> <span class='ocrx_word' id='word_1_915' title='bbox 3525 5299 3590 5337; x_wconf 72' lang='lat' dir='ltr'><strong>ex</strong></span> 
     </span>
    </p>
   </div>
   <div class='ocr_carea' id='block_1_116' title="bbox 1987 5379 3595 5457">
    <p class='ocr_par' dir='ltr' id='par_1_116' title="bbox 1987 5379 3595 5457">
     <span class='ocr_line' id='line_1_117' title="bbox 1987 5379 3595 5457; baseline -0.012 -6"><span class='ocrx_word' id='word_1_916' title='bbox 1987 5399 2174 5452; x_wconf 87' lang='lat' dir='ltr'><strong>umbra</strong></span> <span class='ocrx_word' id='word_1_917' title='bbox 2202 5403 2257 5451; x_wconf 90' lang='lat' dir='ltr'><strong>ct</strong></span> <span class='ocrx_word' id='word_1_918' title='bbox 2302 5395 2426 5448; x_wconf 73' lang='grc' dir='ltr'>[ωιιί</span> <span class='ocrx_word' id='word_1_919' title='bbox 2457 5392 2610 5457; x_wconf 85' lang='lat' dir='ltr'><strong>ﬂore,</strong></span> <span class='ocrx_word' id='word_1_920' title='bbox 2643 5389 2693 5444; x_wconf 87' lang='lat' dir='ltr'><strong>id</strong></span> <span class='ocrx_word' id='word_1_921' title='bbox 2721 5390 2867 5445; x_wconf 88' lang='lat' dir='ltr'><strong>enim</strong></span> <span class='ocrx_word' id='word_1_922' title='bbox 2909 5393 2989 5441; x_wconf 89' lang='lat' dir='ltr'><strong>est</strong></span> <span class='ocrx_word' id='word_1_923' title='bbox 3021 5384 3195 5438; x_wconf 89' lang='lat' dir='ltr'><strong>inanis</strong></span> <span class='ocrx_word' id='word_1_924' title='bbox 3235 5379 3405 5451; x_wconf 71' lang='lat' dir='ltr'><strong>gloria</strong></span> <span class='ocrx_word' id='word_1_925' title='bbox 3427 5421 3442 5445; x_wconf 92' lang='lat'><strong>,</strong></span> <span class='ocrx_word' id='word_1_926' title='bbox 3473 5393 3595 5433; x_wconf 78' lang='lat' dir='ltr'><strong>sese</strong></span> 
     </span>
    </p>
   </div>
   <div class='ocr_carea' id='block_1_117' title="bbox 1991 5473 3598 5559">
    <p class='ocr_par' dir='ltr' id='par_1_117' title="bbox 1991 5473 3598 5559">
     <span class='ocr_line' id='line_1_118' title="bbox 1991 5473 3598 5559; baseline -0.013 -13"><span class='ocrx_word' id='word_1_927' title='bbox 1991 5493 2137 5547; x_wconf 83' lang='lat' dir='ltr'><strong>inﬂat</strong></span> <span class='ocrx_word' id='word_1_928' title='bbox 2158 5533 2172 5556; x_wconf 91' lang='lat'><strong>,</strong></span> <span class='ocrx_word' id='word_1_929' title='bbox 2205 5487 2474 5559; x_wconf 87' lang='lat' dir='ltr'><strong>quomodo</strong></span> <span class='ocrx_word' id='word_1_930' title='bbox 2502 5501 2610 5540; x_wconf 88' lang='lat' dir='ltr'><strong>non</strong></span> <span class='ocrx_word' id='word_1_931' title='bbox 2655 5483 2896 5538; x_wconf 87' lang='lat' dir='ltr'><strong>omnium</strong></span> <span class='ocrx_word' id='word_1_932' title='bbox 2947 5480 3182 5535; x_wconf 76' lang='lat' dir='ltr'><strong>maxime</strong></span> <span class='ocrx_word' id='word_1_933' title='bbox 3211 5473 3473 5530; x_wconf 78' lang='lat' dir='ltr'><strong>ridiculus</strong></span> <span class='ocrx_word' id='word_1_934' title='bbox 3497 5474 3562 5527; x_wconf 87' lang='lat' dir='ltr'><strong>sit</strong></span> <span class='ocrx_word' id='word_1_935' title='bbox 3584 5514 3598 5534; x_wconf 91' lang='lat'><strong>,</strong></span> 
     </span>
    </p>
   </div>
   <div class='ocr_carea' id='block_1_118' title="bbox 1992 5564 3598 5656">
    <p class='ocr_par' dir='ltr' id='par_1_118' title="bbox 1992 5564 3598 5656">
     <span class='ocr_line' id='line_1_119' title="bbox 1992 5564 3598 5656; baseline -0.015 -13"><span class='ocrx_word' id='word_1_936' title='bbox 1992 5604 2115 5644; x_wconf 89' lang='lat' dir='ltr'><strong>cum</strong></span> <span class='ocrx_word' id='word_1_937' title='bbox 2149 5585 2379 5656; x_wconf 89' lang='lat' dir='ltr'><strong>idipsnm</strong></span> <span class='ocrx_word' id='word_1_938' title='bbox 2422 5590 2545 5653; x_wconf 78' lang='lat' dir='ltr'><strong>agat</strong></span> <span class='ocrx_word' id='word_1_939' title='bbox 2591 5579 2731 5651; x_wconf 87' lang='lat' dir='ltr'><strong>quod</strong></span> <span class='ocrx_word' id='word_1_940' title='bbox 2781 5591 2985 5648; x_wconf 89' lang='lat' dir='ltr'><strong>panper</strong></span> <span class='ocrx_word' id='word_1_941' title='bbox 3024 5581 3080 5627; x_wconf 90' lang='lat' dir='ltr'><strong>et</strong></span> <span class='ocrx_word' id='word_1_942' title='bbox 3134 5567 3454 5633; x_wconf 89' lang='lat' dir='ltr'><strong>mendicus,</strong></span> <span class='ocrx_word' id='word_1_943' title='bbox 3507 5564 3598 5636; x_wconf 83' lang='lat' dir='ltr'><strong>qui</strong></span> 
     </span>
    </p>
   </div>
   <div class='ocr_carea' id='block_1_119' title="bbox 2061 5701 3599 5781">
    <p class='ocr_par' dir='ltr' id='par_1_119' title="bbox 2061 5701 3599 5781">
     <span class='ocr_line' id='line_1_120' title="bbox 2061 5701 3599 5781; baseline -0.007 -23"><span class='ocrx_word' id='word_1_944' title='bbox 2061 5726 2078 5758; x_wconf 84' lang='grc' dir='ltr'><strong>ι</strong></span> <span class='ocrx_word' id='word_1_945' title='bbox 2114 5731 2229 5781; x_wconf 73' lang='lat' dir='ltr'><strong>Quae</strong></span> <span class='ocrx_word' id='word_1_946' title='bbox 2253 5723 2378 5769; x_wconf 87' lang='lat' dir='ltr'><strong>intra</strong></span> <span class='ocrx_word' id='word_1_947' title='bbox 2403 5715 2733 5781; x_wconf 68' lang='lat' dir='ltr'><strong>parenthescs</strong></span> <span class='ocrx_word' id='word_1_948' title='bbox 2765 5705 3269 5781; x_wconf 50' lang='lat' dir='ltr'><strong>lnclnduntur,‘ali‘ter</strong></span> <span class='ocrx_word' id='word_1_949' title='bbox 3287 5701 3534 5781; x_wconf 48' lang='lat' dir='ltr'><strong>habentgr</strong></span> <span class='ocrx_word' id='word_1_950' title='bbox 3553 5702 3599 5768; x_wconf 74' lang='lat' dir='ltr'><strong>tu</strong></span> 
     </span>
    </p>
   </div>
   <div class='ocr_carea' id='block_1_120' title="bbox 1999 5761 3603 5843">
    <p class='ocr_par' dir='ltr' id='par_1_120' title="bbox 1999 5761 3603 5843">
     <span class='ocr_line' id='line_1_121' title="bbox 1999 5761 3603 5843; baseline -0.017 -7"><span class='ocrx_word' id='word_1_951' title='bbox 1999 5761 2229 5841; x_wconf 54' lang='lat' dir='ltr'><strong>March&quot;:</strong></span> <span class='ocrx_word' id='word_1_952' title='bbox 2256 5761 2479 5843; x_wconf 65' lang='grc' dir='ltr'><strong>ἱίὲέίιῖμῖξ</strong></span> <span class='ocrx_word' id='word_1_953' title='bbox 2500 5761 2689 5828; x_wconf 48' lang='lat' dir='ltr'><strong>Riihl.</strong></span> <span class='ocrx_word' id='word_1_954' title='bbox 2709 5761 2876 5832; x_wconf 61' lang='lat' dir='ltr'><strong>enim,</strong></span> <span class='ocrx_word' id='word_1_955' title='bbox 2899 5773 2968 5843; x_wconf 62' lang='grc' dir='ltr'><strong>με</strong></span> <span class='ocrx_word' id='word_1_956' title='bbox 3004 5761 3154 5832; x_wconf 48' lang='lat' dir='ltr'><strong>justi:</strong></span> <span class='ocrx_word' id='word_1_957' title='bbox 3187 5768 3384 5831; x_wconf 72' lang='lat' dir='ltr'><strong>loquens</strong></span> <span class='ocrx_word' id='word_1_958' title='bbox 3411 5798 3426 5825; x_wconf 88' lang='lat'><strong>,</strong></span> <span class='ocrx_word' id='word_1_959' title='bbox 3462 5761 3603 5820; x_wconf 66' lang='lat' dir='ltr'><strong>dicit,</strong></span> 
     </span>
    </p>
   </div>
   <div class='ocr_carea' id='block_1_121' title="bbox 2013 5835 3045 5907">
    <p class='ocr_par' dir='ltr' id='par_1_121' title="bbox 2013 5835 3045 5907">
     <span class='ocr_line' id='line_1_122' title="bbox 2013 5835 3045 5907; baseline -0.015 -13"><span class='ocrx_word' id='word_1_960' title='bbox 2013 5835 2262 5907; x_wconf 67' lang='lat' dir='ltr'><strong>«Quorum</strong></span> <span class='ocrx_word' id='word_1_961' title='bbox 2284 5835 2459 5904; x_wconf 71' lang='lat' dir='ltr'><strong>dignus</strong></span> <span class='ocrx_word' id='word_1_962' title='bbox 2492 5852 2583 5889; x_wconf 84' lang='lat' dir='ltr'><strong>non</strong></span> <span class='ocrx_word' id='word_1_963' title='bbox 2618 5844 2724 5888; x_wconf 81' lang='lat' dir='ltr'><strong>erat</strong></span> <span class='ocrx_word' id='word_1_964' title='bbox 2758 5835 2982 5885; x_wconf 80' lang='lat' dir='ltr'><strong>muudus.</strong></span> <span class='ocrx_word' id='word_1_965' title='bbox 3023 5850 3045 5879; x_wconf 73' lang='grc' dir='ltr'><strong>ι</strong></span> 
     </span>
    </p>
   </div>
  </div>
