  <div class='ocr_page' id='page_1' title='image "/cluster/home/n/w/nwhite01/storage/ocr_20150623/59/ien.35556001660869/113.png"; bbox 0 0 4048 6440; ppageno 0'>
   <div class='ocr_carea' id='block_1_1' title="bbox 543 391 640 445">
    <p class='ocr_par' dir='ltr' id='par_1_1' title="bbox 543 391 640 445">
     <span class='ocr_line' id='line_1_1' title="bbox 543 391 640 445; baseline -0.021 0"><span class='ocrx_word' id='word_1_1' title='bbox 543 391 640 445; x_wconf 76' lang='grc'><strong>107</strong></span> 
     </span>
    </p>
   </div>
   <div class='ocr_carea' id='block_1_2' title="bbox 538 507 2122 578">
    <p class='ocr_par' dir='ltr' id='par_1_2' title="bbox 538 507 2122 578">
     <span class='ocr_line' id='line_1_2' title="bbox 538 507 2122 578; baseline -0.001 -17"><span class='ocrx_word' id='word_1_2' title='bbox 538 522 751 578; x_wconf 79' lang='lat' dir='ltr'><strong>semper</strong></span> <span class='ocrx_word' id='word_1_3' title='bbox 798 508 1114 576; x_wconf 77' lang='lat' dir='ltr'><strong>famelicus,</strong></span> <span class='ocrx_word' id='word_1_4' title='bbox 1143 509 1187 562; x_wconf 88' lang='lat' dir='ltr'><strong>si</strong></span> <span class='ocrx_word' id='word_1_5' title='bbox 1231 511 1396 560; x_wconf 83' lang='lat' dir='ltr'><strong>semel</strong></span> <span class='ocrx_word' id='word_1_6' title='bbox 1446 507 1623 560; x_wconf 72' lang='lat' dir='ltr'><strong>Letum</strong></span> <span class='ocrx_word' id='word_1_7' title='bbox 1654 509 1918 562; x_wconf 87' lang='lat' dir='ltr'><strong>somnium</strong></span> <span class='ocrx_word' id='word_1_8' title='bbox 1963 516 2122 562; x_wconf 90' lang='lat' dir='ltr'><strong>noctu</strong></span> 
     </span>
    </p>
   </div>
   <div class='ocr_carea' id='block_1_3' title="bbox 545 597 2118 668">
    <p class='ocr_par' dir='ltr' id='par_1_3' title="bbox 545 597 2118 668">
     <span class='ocr_line' id='line_1_3' title="bbox 545 597 2118 668; baseline 0.002 -18"><span class='ocrx_word' id='word_1_9' title='bbox 545 597 774 666; x_wconf 88' lang='lat' dir='ltr'><strong>viderit,</strong></span> <span class='ocrx_word' id='word_1_10' title='bbox 805 599 924 653; x_wconf 88' lang='lat' dir='ltr'><strong>ideo</strong></span> <span class='ocrx_word' id='word_1_11' title='bbox 949 598 1255 668; x_wconf 80' lang='lat' dir='ltr'><strong>glorietur?</strong></span> <span class='ocrx_word' id='word_1_12' title='bbox 1279 597 1463 652; x_wconf 84' lang='lat' dir='ltr'><strong>infelix</strong></span> <span class='ocrx_word' id='word_1_13' title='bbox 1501 608 1555 653; x_wconf 91' lang='lat' dir='ltr'><strong>et</strong></span> <span class='ocrx_word' id='word_1_14' title='bbox 1577 601 1739 654; x_wconf 78' lang='lat' dir='ltr'><strong>miser</strong></span> <span class='ocrx_word' id='word_1_15' title='bbox 1757 641 1772 666; x_wconf 97' lang='lat'><strong>,</strong></span> <span class='ocrx_word' id='word_1_16' title='bbox 1794 600 1917 654; x_wconf 90' lang='lat' dir='ltr'><strong>dum</strong></span> <span class='ocrx_word' id='word_1_17' title='bbox 1943 601 2118 654; x_wconf 89' lang='lat' dir='ltr'><strong>anima</strong></span> 
     </span>
    </p>
   </div>
   <div class='ocr_carea' id='block_1_4' title="bbox 543 687 2114 763">
    <p class='ocr_par' dir='ltr' id='par_1_4' title="bbox 543 687 2114 763">
     <span class='ocr_line' id='line_1_4' title="bbox 543 687 2114 763; baseline 0.003 -22"><span class='ocrx_word' id='word_1_18' title='bbox 543 697 630 742; x_wconf 89' lang='lat' dir='ltr'><strong>tua</strong></span> <span class='ocrx_word' id='word_1_19' title='bbox 658 689 973 757; x_wconf 86' lang='lat' dir='ltr'><strong>gravissimo</strong></span> <span class='ocrx_word' id='word_1_20' title='bbox 995 687 1184 744; x_wconf 82' lang='lat' dir='ltr'><strong>morbo</strong></span> <span class='ocrx_word' id='word_1_21' title='bbox 1207 691 1591 761; x_wconf 75' lang='lat' dir='ltr'><strong>corrumpitur,</strong></span> <span class='ocrx_word' id='word_1_22' title='bbox 1620 702 1858 746; x_wconf 81' lang='lat' dir='ltr'><strong>extrema</strong></span> <span class='ocrx_word' id='word_1_23' title='bbox 1885 707 2114 763; x_wconf 88' lang='lat' dir='ltr'><strong>pauper-</strong></span> 
     </span>
    </p>
   </div>
   <div class='ocr_carea' id='block_1_5' title="bbox 536 778 2180 858">
    <p class='ocr_par' dir='ltr' id='par_1_5' title="bbox 536 778 2180 858">
     <span class='ocr_line' id='line_1_5' title="bbox 536 778 2180 858; baseline 0.006 -28"><span class='ocrx_word' id='word_1_24' title='bbox 536 786 644 831; x_wconf 89' lang='lat' dir='ltr'><strong>tate</strong></span> <span class='ocrx_word' id='word_1_25' title='bbox 673 778 951 844; x_wconf 78' lang='lat' dir='ltr'><strong>laborans,</strong></span> <span class='ocrx_word' id='word_1_26' title='bbox 992 779 1159 833; x_wconf 91' lang='lat' dir='ltr'><strong>altum</strong></span> <span class='ocrx_word' id='word_1_27' title='bbox 1211 781 1395 851; x_wconf 88' lang='lat' dir='ltr'><strong>sapis,</strong></span> <span class='ocrx_word' id='word_1_28' title='bbox 1443 782 1585 851; x_wconf 90' lang='lat' dir='ltr'><strong>quod</strong></span> <span class='ocrx_word' id='word_1_29' title='bbox 1634 791 1712 835; x_wconf 92' lang='lat' dir='ltr'><strong>tot</strong></span> <span class='ocrx_word' id='word_1_30' title='bbox 1757 783 1950 838; x_wconf 88' lang='lat' dir='ltr'><strong>talenta</strong></span> <span class='ocrx_word' id='word_1_31' title='bbox 1999 785 2114 840; x_wconf 83' lang='lat' dir='ltr'><strong>auri</strong></span> <span class='ocrx_word' id='word_1_32' title='bbox 2177 855 2180 858; x_wconf 8' lang='grc' dir='ltr'><strong><em>ἢ</em></strong></span> 
     </span>
    </p>
   </div>
   <div class='ocr_carea' id='block_1_6' title="bbox 535 867 2114 937">
    <p class='ocr_par' dir='ltr' id='par_1_6' title="bbox 535 867 2114 937">
     <span class='ocr_line' id='line_1_6' title="bbox 535 867 2114 937; baseline 0.006 -18"><span class='ocrx_word' id='word_1_33' title='bbox 535 867 752 935; x_wconf 85' lang='lat' dir='ltr'><strong>habeas,</strong></span> <span class='ocrx_word' id='word_1_34' title='bbox 779 874 910 937; x_wconf 87' lang='lat' dir='ltr'><strong>quot</strong></span> <span class='ocrx_word' id='word_1_35' title='bbox 945 882 1226 925; x_wconf 78' lang='lat' dir='ltr'><strong>servorum</strong></span> <span class='ocrx_word' id='word_1_36' title='bbox 1259 872 1500 926; x_wconf 79' lang='lat' dir='ltr'><strong>turbanti</strong></span> <span class='ocrx_word' id='word_1_37' title='bbox 1537 872 1728 927; x_wconf 85' lang='lat' dir='ltr'><strong>Verum</strong></span> <span class='ocrx_word' id='word_1_38' title='bbox 1757 872 1871 928; x_wconf 63' lang='lat' dir='ltr'><strong>haec</strong></span> <span class='ocrx_word' id='word_1_39' title='bbox 1898 889 2001 930; x_wconf 91' lang='lat' dir='ltr'><strong>non</strong></span> <span class='ocrx_word' id='word_1_40' title='bbox 2028 885 2114 929; x_wconf 87' lang='lat' dir='ltr'><strong>tua</strong></span> 
     </span>
    </p>
   </div>
   <div class='ocr_carea' id='block_1_7' title="bbox 531 959 2113 1035">
    <p class='ocr_par' dir='ltr' id='par_1_7' title="bbox 531 959 2113 1035">
     <span class='ocr_line' id='line_1_7' title="bbox 531 959 2113 1035; baseline 0.006 -23"><span class='ocrx_word' id='word_1_41' title='bbox 531 968 673 1013; x_wconf 89' lang='lat' dir='ltr'><strong>sunt.</strong></span> <span class='ocrx_word' id='word_1_42' title='bbox 700 959 754 1014; x_wconf 91' lang='lat' dir='ltr'><strong>Si</strong></span> <span class='ocrx_word' id='word_1_43' title='bbox 777 959 906 1013; x_wconf 92' lang='lat' dir='ltr'><strong>mihi</strong></span> <span class='ocrx_word' id='word_1_44' title='bbox 933 976 1038 1016; x_wconf 89' lang='lat' dir='ltr'><strong>non</strong></span> <span class='ocrx_word' id='word_1_45' title='bbox 1065 963 1258 1026; x_wconf 85' lang='lat' dir='ltr'><strong>credis,</strong></span> <span class='ocrx_word' id='word_1_46' title='bbox 1285 963 1512 1018; x_wconf 91' lang='lat' dir='ltr'><strong>aliorum</strong></span> <span class='ocrx_word' id='word_1_47' title='bbox 1537 965 1761 1019; x_wconf 86' lang='lat' dir='ltr'><strong>divitum</strong></span> <span class='ocrx_word' id='word_1_48' title='bbox 1784 969 2113 1035; x_wconf 89' lang='lat' dir='ltr'><strong>experientia</strong></span> 
     </span>
    </p>
   </div>
   <div class='ocr_carea' id='block_1_8' title="bbox 529 1048 2112 1128">
    <p class='ocr_par' dir='ltr' id='par_1_8' title="bbox 529 1048 2112 1128">
     <span class='ocr_line' id='line_1_8' title="bbox 529 1048 2112 1128; baseline 0.005 -24"><span class='ocrx_word' id='word_1_49' title='bbox 529 1048 585 1104; x_wconf 87' lang='lat' dir='ltr'><strong>id</strong></span> <span class='ocrx_word' id='word_1_50' title='bbox 610 1049 809 1106; x_wconf 88' lang='lat' dir='ltr'><strong>edisce.</strong></span> <span class='ocrx_word' id='word_1_51' title='bbox 833 1049 928 1105; x_wconf 86' lang='lat' dir='ltr'><strong>Sin</strong></span> <span class='ocrx_word' id='word_1_52' title='bbox 973 1051 1042 1106; x_wconf 91' lang='lat' dir='ltr'><strong>ita</strong></span> <span class='ocrx_word' id='word_1_53' title='bbox 1083 1051 1265 1108; x_wconf 88' lang='lat' dir='ltr'><strong>ebrius</strong></span> <span class='ocrx_word' id='word_1_54' title='bbox 1293 1069 1371 1118; x_wconf 90' lang='lat' dir='ltr'><strong>es,</strong></span> <span class='ocrx_word' id='word_1_55' title='bbox 1403 1063 1460 1107; x_wconf 90' lang='lat' dir='ltr'><strong>ut</strong></span> <span class='ocrx_word' id='word_1_56' title='bbox 1501 1054 1806 1124; x_wconf 87' lang='lat' dir='ltr'><strong>hujusmodi</strong></span> <span class='ocrx_word' id='word_1_57' title='bbox 1855 1059 2112 1128; x_wconf 88' lang='lat' dir='ltr'><strong>exemplis</strong></span> 
     </span>
    </p>
   </div>
   <div class='ocr_carea' id='block_1_9' title="bbox 530 1143 2111 1220">
    <p class='ocr_par' dir='ltr' id='par_1_9' title="bbox 530 1143 2111 1220">
     <span class='ocr_line' id='line_1_9' title="bbox 530 1143 2111 1220; baseline 0.008 -25"><span class='ocrx_word' id='word_1_58' title='bbox 530 1158 640 1198; x_wconf 90' lang='lat' dir='ltr'><strong>non</strong></span> <span class='ocrx_word' id='word_1_59' title='bbox 669 1143 960 1198; x_wconf 85' lang='lat' dir='ltr'><strong>instituaris</strong></span> <span class='ocrx_word' id='word_1_60' title='bbox 981 1186 996 1210; x_wconf 94' lang='lat'><strong>,</strong></span> <span class='ocrx_word' id='word_1_61' title='bbox 1028 1145 1304 1215; x_wconf 84' lang='lat' dir='ltr'><strong>paululum</strong></span> <span class='ocrx_word' id='word_1_62' title='bbox 1341 1156 1592 1216; x_wconf 89' lang='lat' dir='ltr'><strong>exspecta</strong></span> <span class='ocrx_word' id='word_1_63' title='bbox 1618 1190 1632 1213; x_wconf 89' lang='lat'><strong>,</strong></span> <span class='ocrx_word' id='word_1_64' title='bbox 1664 1157 1718 1204; x_wconf 90' lang='lat' dir='ltr'><strong>et</strong></span> <span class='ocrx_word' id='word_1_65' title='bbox 1744 1151 2111 1220; x_wconf 90' lang='lat' dir='ltr'><strong>experimento</strong></span> 
     </span>
    </p>
   </div>
   <div class='ocr_carea' id='block_1_10' title="bbox 531 1234 2110 1311">
    <p class='ocr_par' dir='ltr' id='par_1_10' title="bbox 531 1234 2110 1311">
     <span class='ocr_line' id='line_1_10' title="bbox 531 1234 2110 1311; baseline 0.005 -24"><span class='ocrx_word' id='word_1_66' title='bbox 531 1245 623 1289; x_wconf 92' lang='lat' dir='ltr'><strong>tuo</strong></span> <span class='ocrx_word' id='word_1_67' title='bbox 652 1234 879 1298; x_wconf 91' lang='lat' dir='ltr'><strong>edisces,</strong></span> <span class='ocrx_word' id='word_1_68' title='bbox 905 1235 1035 1291; x_wconf 87' lang='lat' dir='ltr'><strong>nihil</strong></span> <span class='ocrx_word' id='word_1_69' title='bbox 1065 1237 1185 1291; x_wconf 91' lang='lat' dir='ltr'><strong>hinc</strong></span> <span class='ocrx_word' id='word_1_70' title='bbox 1208 1236 1300 1290; x_wconf 85' lang='lat' dir='ltr'><strong>tibi</strong></span> <span class='ocrx_word' id='word_1_71' title='bbox 1326 1237 1566 1292; x_wconf 90' lang='lat' dir='ltr'><strong>utilitatis</strong></span> <span class='ocrx_word' id='word_1_72' title='bbox 1591 1239 1870 1308; x_wconf 81' lang='lat' dir='ltr'><strong>accedere,</strong></span> <span class='ocrx_word' id='word_1_73' title='bbox 1898 1243 2110 1311; x_wconf 84' lang='lat' dir='ltr'><strong>quando</strong></span> 
     </span>
    </p>
   </div>
   <div class='ocr_carea' id='block_1_11' title="bbox 527 1324 2105 1392">
    <p class='ocr_par' dir='ltr' id='par_1_11' title="bbox 527 1324 2105 1392">
     <span class='ocr_line' id='line_1_11' title="bbox 527 1324 2105 1392; baseline 0.008 -16"><span class='ocrx_word' id='word_1_74' title='bbox 527 1325 756 1378; x_wconf 85' lang='lat' dir='ltr'><strong>animam</strong></span> <span class='ocrx_word' id='word_1_75' title='bbox 785 1324 1002 1392; x_wconf 84' lang='lat' dir='ltr'><strong>efﬂans,</strong></span> <span class='ocrx_word' id='word_1_76' title='bbox 1034 1341 1131 1381; x_wconf 91' lang='lat' dir='ltr'><strong>nec</strong></span> <span class='ocrx_word' id='word_1_77' title='bbox 1157 1326 1302 1381; x_wconf 65' lang='lat' dir='ltr'><strong>horae</strong></span> <span class='ocrx_word' id='word_1_78' title='bbox 1339 1343 1438 1382; x_wconf 90' lang='lat' dir='ltr'><strong>nec</strong></span> <span class='ocrx_word' id='word_1_79' title='bbox 1462 1330 1718 1385; x_wconf 87' lang='lat' dir='ltr'><strong>momenti</strong></span> <span class='ocrx_word' id='word_1_80' title='bbox 1750 1334 1904 1387; x_wconf 91' lang='lat' dir='ltr'><strong>unius</strong></span> <span class='ocrx_word' id='word_1_81' title='bbox 1931 1333 2105 1388; x_wconf 84' lang='lat' dir='ltr'><strong>domi-</strong></span> 
     </span>
    </p>
   </div>
   <div class='ocr_carea' id='block_1_12' title="bbox 525 1415 2108 1495">
    <p class='ocr_par' dir='ltr' id='par_1_12' title="bbox 525 1415 2108 1495">
     <span class='ocr_line' id='line_1_12' title="bbox 525 1415 2108 1495; baseline 0.008 -28"><span class='ocrx_word' id='word_1_82' title='bbox 525 1429 625 1467; x_wconf 86' lang='lat' dir='ltr'><strong>nus</strong></span> <span class='ocrx_word' id='word_1_83' title='bbox 650 1457 664 1480; x_wconf 97' lang='lat'><strong>,</strong></span> <span class='ocrx_word' id='word_1_84' title='bbox 695 1415 808 1470; x_wconf 75' lang='lat' dir='ltr'><strong>lucc</strong></span> <span class='ocrx_word' id='word_1_85' title='bbox 839 1417 1034 1471; x_wconf 89' lang='lat' dir='ltr'><strong>invitus</strong></span> <span class='ocrx_word' id='word_1_86' title='bbox 1058 1419 1408 1488; x_wconf 61' lang='lat' dir='ltr'><strong>praesentibus</strong></span> <span class='ocrx_word' id='word_1_87' title='bbox 1436 1419 1704 1490; x_wconf 87' lang='lat' dir='ltr'><strong>relinques</strong></span> <span class='ocrx_word' id='word_1_88' title='bbox 1728 1464 1741 1485; x_wconf 94' lang='lat'><strong>,</strong></span> <span class='ocrx_word' id='word_1_89' title='bbox 1772 1423 1939 1493; x_wconf 89' lang='lat' dir='ltr'><strong>iisque</strong></span> <span class='ocrx_word' id='word_1_90' title='bbox 1963 1438 2108 1495; x_wconf 57' lang='lat' dir='ltr'><strong>secpe</strong></span> 
     </span>
    </p>
   </div>
   <div class='ocr_carea' id='block_1_13' title="bbox 521 1506 2105 1583">
    <p class='ocr_par' dir='ltr' id='par_1_13' title="bbox 521 1506 2105 1583">
     <span class='ocr_line' id='line_1_13' title="bbox 521 1506 2105 1583; baseline 0.008 -27"><span class='ocrx_word' id='word_1_91' title='bbox 521 1506 712 1573; x_wconf 80' lang='lat' dir='ltr'><strong>quibus</strong></span> <span class='ocrx_word' id='word_1_92' title='bbox 742 1506 933 1561; x_wconf 90' lang='lat' dir='ltr'><strong>nolles.</strong></span> <span class='ocrx_word' id='word_1_93' title='bbox 967 1507 1144 1561; x_wconf 85' lang='lat' dir='ltr'><strong>Multis</strong></span> <span class='ocrx_word' id='word_1_94' title='bbox 1172 1509 1312 1563; x_wconf 91' lang='lat' dir='ltr'><strong>enim</strong></span> <span class='ocrx_word' id='word_1_95' title='bbox 1342 1524 1441 1563; x_wconf 89' lang='lat' dir='ltr'><strong>nec</strong></span> <span class='ocrx_word' id='word_1_96' title='bbox 1470 1509 1538 1564; x_wconf 93' lang='lat' dir='ltr'><strong>dc</strong></span> <span class='ocrx_word' id='word_1_97' title='bbox 1578 1511 1640 1565; x_wconf 89' lang='lat' dir='ltr'><strong>iis</strong></span> <span class='ocrx_word' id='word_1_98' title='bbox 1667 1511 1953 1581; x_wconf 81' lang='lat' dir='ltr'><strong>disponere</strong></span> <span class='ocrx_word' id='word_1_99' title='bbox 1984 1530 2105 1583; x_wconf 90' lang='lat' dir='ltr'><strong>per-</strong></span> 
     </span>
    </p>
   </div>
   <div class='ocr_carea' id='block_1_14' title="bbox 521 1596 2102 1668">
    <p class='ocr_par' dir='ltr' id='par_1_14' title="bbox 521 1596 2102 1668">
     <span class='ocr_line' id='line_1_14' title="bbox 521 1596 2102 1668; baseline 0.007 -20"><span class='ocrx_word' id='word_1_100' title='bbox 521 1596 740 1650; x_wconf 87' lang='lat' dir='ltr'><strong>missum</strong></span> <span class='ocrx_word' id='word_1_101' title='bbox 777 1598 898 1663; x_wconf 81' lang='lat' dir='ltr'><strong>fuit,</strong></span> <span class='ocrx_word' id='word_1_102' title='bbox 931 1597 1025 1652; x_wconf 88' lang='lat' dir='ltr'><strong>sed</strong></span> <span class='ocrx_word' id='word_1_103' title='bbox 1077 1608 1298 1667; x_wconf 90' lang='lat' dir='ltr'><strong>repente</strong></span> <span class='ocrx_word' id='word_1_104' title='bbox 1348 1600 1679 1668; x_wconf 78' lang='lat' dir='ltr'><strong>migrarunt,</strong></span> <span class='ocrx_word' id='word_1_105' title='bbox 1723 1603 1847 1657; x_wconf 91' lang='lat' dir='ltr'><strong>dum</strong></span> <span class='ocrx_word' id='word_1_106' title='bbox 1899 1605 1962 1659; x_wconf 91' lang='lat' dir='ltr'><strong>iis</strong></span> <span class='ocrx_word' id='word_1_107' title='bbox 1998 1604 2102 1659; x_wconf 89' lang='lat' dir='ltr'><strong>frui</strong></span> 
     </span>
    </p>
   </div>
   <div class='ocr_carea' id='block_1_15' title="bbox 518 1690 2101 1764">
    <p class='ocr_par' dir='ltr' id='par_1_15' title="bbox 518 1690 2101 1764">
     <span class='ocr_line' id='line_1_15' title="bbox 518 1690 2101 1764; baseline 0.008 -26"><span class='ocrx_word' id='word_1_108' title='bbox 518 1694 800 1755; x_wconf 89' lang='lat' dir='ltr'><strong>optarent,</strong></span> <span class='ocrx_word' id='word_1_109' title='bbox 837 1702 934 1742; x_wconf 88' lang='lat' dir='ltr'><strong>nec</strong></span> <span class='ocrx_word' id='word_1_110' title='bbox 961 1703 1275 1745; x_wconf 90' lang='lat' dir='ltr'><strong>concessum</strong></span> <span class='ocrx_word' id='word_1_111' title='bbox 1303 1690 1409 1747; x_wconf 92' lang='lat' dir='ltr'><strong>illis</strong></span> <span class='ocrx_word' id='word_1_112' title='bbox 1440 1702 1552 1760; x_wconf 90' lang='lat' dir='ltr'><strong>est,</strong></span> <span class='ocrx_word' id='word_1_113' title='bbox 1580 1693 1673 1748; x_wconf 89' lang='lat' dir='ltr'><strong>sed</strong></span> <span class='ocrx_word' id='word_1_114' title='bbox 1714 1695 1966 1750; x_wconf 86' lang='lat' dir='ltr'><strong>abstracti</strong></span> <span class='ocrx_word' id='word_1_115' title='bbox 1993 1739 2008 1764; x_wconf 96' lang='lat'><strong>,</strong></span> <span class='ocrx_word' id='word_1_116' title='bbox 2038 1713 2101 1752; x_wconf 89' lang='lat' dir='ltr'><strong>ac</strong></span> 
     </span>
    </p>
   </div>
   <div class='ocr_carea' id='block_1_16' title="bbox 520 1779 2098 1854">
    <p class='ocr_par' dir='ltr' id='par_1_16' title="bbox 520 1779 2098 1854">
     <span class='ocr_line' id='line_1_16' title="bbox 520 1779 2098 1854; baseline 0.009 -24"><span class='ocrx_word' id='word_1_117' title='bbox 520 1793 614 1846; x_wconf 78' lang='lat' dir='ltr'><strong>per</strong></span> <span class='ocrx_word' id='word_1_118' title='bbox 641 1779 742 1831; x_wconf 88' lang='lat' dir='ltr'><strong>vim</strong></span> <span class='ocrx_word' id='word_1_119' title='bbox 770 1779 979 1832; x_wconf 87' lang='lat' dir='ltr'><strong>abducti</strong></span> <span class='ocrx_word' id='word_1_120' title='bbox 1005 1822 1019 1843; x_wconf 92' lang='lat'><strong>,</strong></span> <span class='ocrx_word' id='word_1_121' title='bbox 1052 1780 1202 1846; x_wconf 86' lang='lat' dir='ltr'><strong>aliis,</strong></span> <span class='ocrx_word' id='word_1_122' title='bbox 1230 1782 1422 1852; x_wconf 82' lang='lat' dir='ltr'><strong>quibus</strong></span> <span class='ocrx_word' id='word_1_123' title='bbox 1470 1784 1690 1840; x_wconf 88' lang='lat' dir='ltr'><strong>minime</strong></span> <span class='ocrx_word' id='word_1_124' title='bbox 1723 1786 2003 1854; x_wconf 89' lang='lat' dir='ltr'><strong>volebant,</strong></span> <span class='ocrx_word' id='word_1_125' title='bbox 2033 1804 2098 1844; x_wconf 87' lang='lat' dir='ltr'><strong>ea</strong></span> 
     </span>
    </p>
   </div>
   <div class='ocr_carea' id='block_1_17' title="bbox 516 1869 2094 1945">
    <p class='ocr_par' dir='ltr' id='par_1_17' title="bbox 516 1869 2094 1945">
     <span class='ocr_line' id='line_1_17' title="bbox 516 1869 2094 1945; baseline 0.008 -23"><span class='ocrx_word' id='word_1_126' title='bbox 516 1869 858 1938; x_wconf 70' lang='lat' dir='ltr'><strong>reliquerunt.</strong></span> <span class='ocrx_word' id='word_1_127' title='bbox 883 1870 1032 1936; x_wconf 84' lang='lat' dir='ltr'><strong>Quod</strong></span> <span class='ocrx_word' id='word_1_128' title='bbox 1066 1887 1134 1926; x_wconf 89' lang='lat' dir='ltr'><strong>ne</strong></span> <span class='ocrx_word' id='word_1_129' title='bbox 1172 1873 1349 1927; x_wconf 80' lang='lat' dir='ltr'><strong>nobis.</strong></span> <span class='ocrx_word' id='word_1_130' title='bbox 1369 1873 1605 1938; x_wconf 90' lang='lat' dir='ltr'><strong>accidat,</strong></span> <span class='ocrx_word' id='word_1_131' title='bbox 1640 1874 1765 1929; x_wconf 92' lang='lat' dir='ltr'><strong>hinc</strong></span> <span class='ocrx_word' id='word_1_132' title='bbox 1790 1876 1901 1945; x_wconf 81' lang='lat' dir='ltr'><strong>jam</strong></span> <span class='ocrx_word' id='word_1_133' title='bbox 1926 1920 1939 1944; x_wconf 95' lang='lat'><strong>,</strong></span> <span class='ocrx_word' id='word_1_134' title='bbox 1968 1879 2094 1934; x_wconf 91' lang='lat' dir='ltr'><strong>dum</strong></span> 
     </span>
    </p>
   </div>
   <div class='ocr_carea' id='block_1_18' title="bbox 515 1962 2095 2030">
    <p class='ocr_par' dir='ltr' id='par_1_18' title="bbox 515 1962 2095 2030">
     <span class='ocr_line' id='line_1_18' title="bbox 515 1962 2095 2030; baseline 0.006 -16"><span class='ocrx_word' id='word_1_135' title='bbox 515 1976 610 2030; x_wconf 83' lang='lat' dir='ltr'><strong>per</strong></span> <span class='ocrx_word' id='word_1_136' title='bbox 629 1962 985 2017; x_wconf 78' lang='lat' dir='ltr'><strong>valetudinem</strong></span> <span class='ocrx_word' id='word_1_137' title='bbox 1012 1964 1154 2028; x_wconf 91' lang='lat' dir='ltr'><strong>licet,</strong></span> <span class='ocrx_word' id='word_1_138' title='bbox 1179 1965 1452 2020; x_wconf 88' lang='lat' dir='ltr'><strong>mittamus</strong></span> <span class='ocrx_word' id='word_1_139' title='bbox 1473 1965 1526 2019; x_wconf 92' lang='lat' dir='ltr'><strong>in</strong></span> <span class='ocrx_word' id='word_1_140' title='bbox 1549 1966 1816 2021; x_wconf 89' lang='lat' dir='ltr'><strong>civitatem</strong></span> <span class='ocrx_word' id='word_1_141' title='bbox 1837 1980 2095 2025; x_wconf 87' lang='lat' dir='ltr'><strong>nostram.</strong></span> 
     </span>
    </p>
   </div>
   <div class='ocr_carea' id='block_1_19' title="bbox 515 2051 2089 2132">
    <p class='ocr_par' dir='ltr' id='par_1_19' title="bbox 515 2051 2089 2132">
     <span class='ocr_line' id='line_1_19' title="bbox 515 2051 2089 2132; baseline 0.006 -28"><span class='ocrx_word' id='word_1_142' title='bbox 515 2051 608 2104; x_wconf 87' lang='lat' dir='ltr'><strong>lllu</strong></span> <span class='ocrx_word' id='word_1_143' title='bbox 635 2052 773 2106; x_wconf 88' lang='lat' dir='ltr'><strong>enim</strong></span> <span class='ocrx_word' id='word_1_144' title='bbox 803 2061 1002 2107; x_wconf 91' lang='lat' dir='ltr'><strong>tantum</strong></span> <span class='ocrx_word' id='word_1_145' title='bbox 1034 2053 1195 2132; x_wconf 76' lang='lat' dir='ltr'><strong>modo</strong></span> <span class='ocrx_word' id='word_1_146' title='bbox 1225 2052 1310 2108; x_wconf 85' lang='lat' dir='ltr'><strong>his</strong></span> <span class='ocrx_word' id='word_1_147' title='bbox 1341 2053 1444 2108; x_wconf 87' lang='lat' dir='ltr'><strong>frui</strong></span> <span class='ocrx_word' id='word_1_148' title='bbox 1473 2057 1799 2125; x_wconf 86' lang='lat' dir='ltr'><strong>poterimus,</strong></span> <span class='ocrx_word' id='word_1_149' title='bbox 1831 2059 1964 2113; x_wconf 88' lang='lat' dir='ltr'><strong>alias</strong></span> <span class='ocrx_word' id='word_1_150' title='bbox 1990 2061 2089 2114; x_wconf 87' lang='lat' dir='ltr'><strong>mi-</strong></span> 
     </span>
    </p>
   </div>
   <div class='ocr_carea' id='block_1_20' title="bbox 1304 389 3117 454">
    <p class='ocr_par' dir='ltr' id='par_1_20' title="bbox 1304 389 3117 454">
     <span class='ocr_line' id='line_1_20' title="bbox 1304 389 3117 454; baseline 0.003 -6"><span class='ocrx_word' id='word_1_151' title='bbox 1304 392 1362 448; x_wconf 89' lang='lat' dir='ltr'><strong>S.</strong></span> <span class='ocrx_word' id='word_1_152' title='bbox 1402 391 1678 450; x_wconf 75' lang='lat' dir='ltr'><strong>JOANNIS</strong></span> <span class='ocrx_word' id='word_1_153' title='bbox 1715 390 2184 448; x_wconf 72' lang='lat' dir='ltr'><strong>CHRYSOSTOMI</strong></span> <span class='ocrx_word' id='word_1_154' title='bbox 2223 389 2540 447; x_wconf 77' lang='lat' dir='ltr'><strong>ARClllEP.</strong></span> <span class='ocrx_word' id='word_1_155' title='bbox 2584 393 3117 454; x_wconf 71' lang='lat' dir='ltr'><strong>CONSTANTINOP.</strong></span> 
     </span>
    </p>
   </div>
   <div class='ocr_carea' id='block_1_21' title="bbox 3739 410 3846 466">
    <p class='ocr_par' dir='ltr' id='par_1_21' title="bbox 3739 410 3846 466">
     <span class='ocr_line' id='line_1_21' title="bbox 3739 410 3846 466; baseline 0.019 -1"><span class='ocrx_word' id='word_1_156' title='bbox 3739 410 3846 466; x_wconf 65' lang='lat'><strong>{08</strong></span> 
     </span>
    </p>
   </div>
   <div class='ocr_carea' id='block_1_22' title="bbox 2235 506 3841 583">
    <p class='ocr_par' dir='ltr' id='par_1_22' title="bbox 2235 506 3841 583">
     <span class='ocr_line' id='line_1_22' title="bbox 2235 506 3841 583; baseline 0.015 -26"><span class='ocrx_word' id='word_1_157' title='bbox 2235 506 2419 561; x_wconf 84' lang='lat' dir='ltr'><strong>nime:</strong></span> <span class='ocrx_word' id='word_1_158' title='bbox 2449 509 2520 562; x_wconf 78' lang='lat' dir='ltr'><strong>sit.</strong></span> <span class='ocrx_word' id='word_1_159' title='bbox 2570 510 2620 562; x_wconf 92' lang='lat' dir='ltr'><strong>in</strong></span> <span class='ocrx_word' id='word_1_160' title='bbox 2672 511 2995 568; x_wconf 90' lang='lat' dir='ltr'><strong>tutissimum</strong></span> <span class='ocrx_word' id='word_1_161' title='bbox 3043 515 3221 573; x_wconf 88' lang='lat' dir='ltr'><strong>locum</strong></span> <span class='ocrx_word' id='word_1_162' title='bbox 3273 522 3653 583; x_wconf 88' lang='lat' dir='ltr'><strong>recoudemus.</strong></span> <span class='ocrx_word' id='word_1_163' title='bbox 3693 526 3841 582; x_wconf 69' lang='lat' dir='ltr'><strong>Nihil</strong></span> 
     </span>
    </p>
   </div>
   <div class='ocr_carea' id='block_1_23' title="bbox 2229 600 3842 684">
    <p class='ocr_par' dir='ltr' id='par_1_23' title="bbox 2229 600 3842 684">
     <span class='ocr_line' id='line_1_23' title="bbox 2229 600 3842 684; baseline 0.013 -31"><span class='ocrx_word' id='word_1_164' title='bbox 2229 600 2405 664; x_wconf 89' lang='lat' dir='ltr'><strong>enim,</strong></span> <span class='ocrx_word' id='word_1_165' title='bbox 2462 601 2593 656; x_wconf 86' lang='lat' dir='ltr'><strong>nihil</strong></span> <span class='ocrx_word' id='word_1_166' title='bbox 2645 605 2827 673; x_wconf 88' lang='lat' dir='ltr'><strong>utique</strong></span> <span class='ocrx_word' id='word_1_167' title='bbox 2881 617 3055 675; x_wconf 87' lang='lat' dir='ltr'><strong>potest</strong></span> <span class='ocrx_word' id='word_1_168' title='bbox 3107 625 3167 663; x_wconf 86' lang='lat' dir='ltr'><strong>ea</strong></span> <span class='ocrx_word' id='word_1_169' title='bbox 3225 612 3382 668; x_wconf 90' lang='lat' dir='ltr'><strong>istinc</strong></span> <span class='ocrx_word' id='word_1_170' title='bbox 3422 617 3672 684; x_wconf 82' lang='lat' dir='ltr'><strong>auferre,</strong></span> <span class='ocrx_word' id='word_1_171' title='bbox 3728 635 3842 674; x_wconf 88' lang='lat' dir='ltr'><strong>non</strong></span> 
     </span>
    </p>
   </div>
   <div class='ocr_carea' id='block_1_24' title="bbox 2225 702 3842 781">
    <p class='ocr_par' dir='ltr' id='par_1_24' title="bbox 2225 702 3842 781">
     <span class='ocr_line' id='line_1_24' title="bbox 2225 702 3842 781; baseline 0.015 -37"><span class='ocrx_word' id='word_1_172' title='bbox 2225 705 2369 745; x_wconf 89' lang='lat' dir='ltr'><strong>mors</strong></span> <span class='ocrx_word' id='word_1_173' title='bbox 2390 733 2403 758; x_wconf 89' lang='lat'><strong>,</strong></span> <span class='ocrx_word' id='word_1_174' title='bbox 2434 709 2536 747; x_wconf 89' lang='lat' dir='ltr'><strong>non</strong></span> <span class='ocrx_word' id='word_1_175' title='bbox 2575 702 2889 751; x_wconf 86' lang='lat' dir='ltr'><strong>testamenta</strong></span> <span class='ocrx_word' id='word_1_176' title='bbox 2912 740 2928 765; x_wconf 93' lang='lat'><strong>,</strong></span> <span class='ocrx_word' id='word_1_177' title='bbox 2979 715 3083 754; x_wconf 88' lang='lat' dir='ltr'><strong>non</strong></span> <span class='ocrx_word' id='word_1_178' title='bbox 3112 703 3474 761; x_wconf 83' lang='lat' dir='ltr'><strong>hereditatum</strong></span> <span class='ocrx_word' id='word_1_179' title='bbox 3513 715 3800 767; x_wconf 80' lang='lat' dir='ltr'><strong>successio</strong></span> <span class='ocrx_word' id='word_1_180' title='bbox 3823 754 3842 781; x_wconf 89' lang='lat'><strong>,</strong></span> 
     </span>
    </p>
   </div>
   <div class='ocr_carea' id='block_1_25' title="bbox 2224 787 3844 868">
    <p class='ocr_par' dir='ltr' id='par_1_25' title="bbox 2224 787 3844 868">
     <span class='ocr_line' id='line_1_25' title="bbox 2224 787 3844 868; baseline 0.017 -33"><span class='ocrx_word' id='word_1_181' title='bbox 2224 797 2331 836; x_wconf 91' lang='lat' dir='ltr'><strong>non</strong></span> <span class='ocrx_word' id='word_1_182' title='bbox 2364 787 2727 855; x_wconf 85' lang='lat' dir='ltr'><strong>sycophantiae</strong></span> <span class='ocrx_word' id='word_1_183' title='bbox 2755 789 2835 843; x_wconf 89' lang='lat' dir='ltr'><strong>vel</strong></span> <span class='ocrx_word' id='word_1_184' title='bbox 2885 792 3090 848; x_wconf 71' lang='lat' dir='ltr'><strong>insidia:</strong></span> <span class='ocrx_word' id='word_1_185' title='bbox 3121 810 3135 858; x_wconf 85' lang='lat'><strong>;</strong></span> <span class='ocrx_word' id='word_1_186' title='bbox 3165 797 3256 850; x_wconf 88' lang='lat' dir='ltr'><strong>sed</strong></span> <span class='ocrx_word' id='word_1_187' title='bbox 3288 799 3374 868; x_wconf 92' lang='lat' dir='ltr'><strong>qui</strong></span> <span class='ocrx_word' id='word_1_188' title='bbox 3404 799 3529 854; x_wconf 91' lang='lat' dir='ltr'><strong>hinc</strong></span> <span class='ocrx_word' id='word_1_189' title='bbox 3581 804 3844 862; x_wconf 83' lang='lat' dir='ltr'><strong>abscedit</strong></span> 
     </span>
    </p>
   </div>
   <div class='ocr_carea' id='block_1_26' title="bbox 2223 875 3843 968">
    <p class='ocr_par' dir='ltr' id='par_1_26' title="bbox 2223 875 3843 968">
     <span class='ocr_line' id='line_1_26' title="bbox 2223 875 3843 968; baseline 0.016 -42"><span class='ocrx_word' id='word_1_190' title='bbox 2223 875 2388 929; x_wconf 86' lang='lat' dir='ltr'><strong>multa</strong></span> <span class='ocrx_word' id='word_1_191' title='bbox 2418 890 2599 930; x_wconf 89' lang='lat' dir='ltr'><strong>secum</strong></span> <span class='ocrx_word' id='word_1_192' title='bbox 2649 877 2858 945; x_wconf 88' lang='lat' dir='ltr'><strong>ferens,</strong></span> <span class='ocrx_word' id='word_1_193' title='bbox 2893 882 2957 937; x_wconf 91' lang='lat' dir='ltr'><strong>iis</strong></span> <span class='ocrx_word' id='word_1_194' title='bbox 2982 895 3238 954; x_wconf 88' lang='lat' dir='ltr'><strong>perpetuo</strong></span> <span class='ocrx_word' id='word_1_195' title='bbox 3267 888 3491 945; x_wconf 83' lang='lat' dir='ltr'><strong>fruetur.</strong></span> <span class='ocrx_word' id='word_1_196' title='bbox 3521 893 3653 961; x_wconf 88' lang='lat' dir='ltr'><strong>Quis</strong></span> <span class='ocrx_word' id='word_1_197' title='bbox 3699 913 3843 968; x_wconf 83' lang='lat' dir='ltr'><strong>ergo</strong></span> 
     </span>
    </p>
   </div>
   <div class='ocr_carea' id='block_1_27' title="bbox 2221 967 3836 1049">
    <p class='ocr_par' dir='ltr' id='par_1_27' title="bbox 2221 967 3836 1049">
     <span class='ocr_line' id='line_1_27' title="bbox 2221 967 3836 1049; baseline 0.015 -29"><span class='ocrx_word' id='word_1_198' title='bbox 2221 967 2299 1021; x_wconf 91' lang='lat' dir='ltr'><strong>sic</strong></span> <span class='ocrx_word' id='word_1_199' title='bbox 2325 968 2491 1024; x_wconf 88' lang='lat' dir='ltr'><strong>miser</strong></span> <span class='ocrx_word' id='word_1_200' title='bbox 2517 980 2631 1037; x_wconf 89' lang='lat' dir='ltr'><strong>est,</strong></span> <span class='ocrx_word' id='word_1_201' title='bbox 2661 973 2749 1042; x_wconf 90' lang='lat' dir='ltr'><strong>qui</strong></span> <span class='ocrx_word' id='word_1_202' title='bbox 2793 976 2922 1031; x_wconf 90' lang='lat' dir='ltr'><strong>nolit</strong></span> <span class='ocrx_word' id='word_1_203' title='bbox 2965 992 3087 1032; x_wconf 91' lang='lat' dir='ltr'><strong>cum</strong></span> <span class='ocrx_word' id='word_1_204' title='bbox 3132 985 3373 1049; x_wconf 87' lang='lat' dir='ltr'><strong>pecuniis</strong></span> <span class='ocrx_word' id='word_1_205' title='bbox 3400 988 3513 1040; x_wconf 90' lang='lat' dir='ltr'><strong>suis</strong></span> <span class='ocrx_word' id='word_1_206' title='bbox 3556 1001 3836 1045; x_wconf 57' lang='lat' dir='ltr'><strong>arternum</strong></span> 
     </span>
    </p>
   </div>
   <div class='ocr_carea' id='block_1_28' title="bbox 2219 1057 3838 1144">
    <p class='ocr_par' dir='ltr' id='par_1_28' title="bbox 2219 1057 3838 1144">
     <span class='ocr_line' id='line_1_28' title="bbox 2219 1057 3838 1144; baseline 0.017 -32"><span class='ocrx_word' id='word_1_207' title='bbox 2219 1057 2493 1114; x_wconf 80' lang='lat' dir='ltr'><strong>deliciari?</strong></span> <span class='ocrx_word' id='word_1_208' title='bbox 2525 1060 2932 1121; x_wconf 81' lang='lat' dir='ltr'><strong>Transferamus</strong></span> <span class='ocrx_word' id='word_1_209' title='bbox 2979 1083 3108 1140; x_wconf 88' lang='lat' dir='ltr'><strong>ergo</strong></span> <span class='ocrx_word' id='word_1_210' title='bbox 3151 1073 3367 1129; x_wconf 85' lang='lat' dir='ltr'><strong>divitias</strong></span> <span class='ocrx_word' id='word_1_211' title='bbox 3410 1089 3627 1134; x_wconf 90' lang='lat' dir='ltr'><strong>nostras</strong></span> <span class='ocrx_word' id='word_1_212' title='bbox 3653 1124 3668 1144; x_wconf 95' lang='lat'><strong>,</strong></span> <span class='ocrx_word' id='word_1_213' title='bbox 3719 1084 3838 1140; x_wconf 90' lang='lat' dir='ltr'><strong>illic</strong></span> 
     </span>
    </p>
   </div>
   <div class='ocr_carea' id='block_1_29' title="bbox 2220 1152 3834 1249">
    <p class='ocr_par' dir='ltr' id='par_1_29' title="bbox 2220 1152 3834 1249">
     <span class='ocr_line' id='line_1_29' title="bbox 2220 1152 3834 1249; baseline 0.02 -44"><span class='ocrx_word' id='word_1_214' title='bbox 2220 1152 2572 1223; x_wconf 88' lang='lat' dir='ltr'><strong>deponamns.</strong></span> <span class='ocrx_word' id='word_1_215' title='bbox 2621 1158 2737 1214; x_wconf 86' lang='lat' dir='ltr'><strong>Non</strong></span> <span class='ocrx_word' id='word_1_216' title='bbox 2780 1162 2935 1218; x_wconf 90' lang='lat' dir='ltr'><strong>nobis</strong></span> <span class='ocrx_word' id='word_1_217' title='bbox 2979 1180 3112 1235; x_wconf 92' lang='lat' dir='ltr'><strong>opus</strong></span> <span class='ocrx_word' id='word_1_218' title='bbox 3157 1170 3260 1224; x_wconf 89' lang='lat' dir='ltr'><strong>erit</strong></span> <span class='ocrx_word' id='word_1_219' title='bbox 3313 1174 3514 1238; x_wconf 85' lang='lat' dir='ltr'><strong>asinis,</strong></span> <span class='ocrx_word' id='word_1_220' title='bbox 3557 1182 3834 1249; x_wconf 86' lang='lat' dir='ltr'><strong>camelis,</strong></span> 
     </span>
    </p>
   </div>
   <div class='ocr_carea' id='block_1_30' title="bbox 2217 1244 3835 1327">
    <p class='ocr_par' dir='ltr' id='par_1_30' title="bbox 2217 1244 3835 1327">
     <span class='ocr_line' id='line_1_30' title="bbox 2217 1244 3835 1327; baseline 0.019 -32"><span class='ocrx_word' id='word_1_221' title='bbox 2217 1244 2494 1312; x_wconf 91' lang='lat' dir='ltr'><strong>curribus,</strong></span> <span class='ocrx_word' id='word_1_222' title='bbox 2543 1262 2649 1303; x_wconf 91' lang='lat' dir='ltr'><strong>non</strong></span> <span class='ocrx_word' id='word_1_223' title='bbox 2700 1253 2922 1308; x_wconf 87' lang='lat' dir='ltr'><strong>navibus</strong></span> <span class='ocrx_word' id='word_1_224' title='bbox 2969 1256 3036 1310; x_wconf 91' lang='lat' dir='ltr'><strong>ad</strong></span> <span class='ocrx_word' id='word_1_225' title='bbox 3085 1257 3198 1314; x_wconf 67' lang='lat' dir='ltr'><strong>hrcc</strong></span> <span class='ocrx_word' id='word_1_226' title='bbox 3245 1267 3689 1324; x_wconf 88' lang='lat' dir='ltr'><strong>transvehenda:</strong></span> <span class='ocrx_word' id='word_1_227' title='bbox 3728 1273 3835 1327; x_wconf 81' lang='lat' dir='ltr'><strong>hac</strong></span> 
     </span>
    </p>
   </div>
   <div class='ocr_carea' id='block_1_31' title="bbox 2215 1331 3832 1424">
    <p class='ocr_par' dir='ltr' id='par_1_31' title="bbox 2215 1331 3832 1424">
     <span class='ocr_line' id='line_1_31' title="bbox 2215 1331 3832 1424; baseline 0.02 -38"><span class='ocrx_word' id='word_1_228' title='bbox 2215 1331 2528 1392; x_wconf 87' lang='lat' dir='ltr'><strong>difﬁcultate</strong></span> <span class='ocrx_word' id='word_1_229' title='bbox 2555 1354 2651 1396; x_wconf 86' lang='lat' dir='ltr'><strong>nos</strong></span> <span class='ocrx_word' id='word_1_230' title='bbox 2676 1343 2870 1413; x_wconf 89' lang='lat' dir='ltr'><strong>eripuit</strong></span> <span class='ocrx_word' id='word_1_231' title='bbox 2906 1345 3080 1415; x_wconf 83' lang='lat' dir='ltr'><strong>Deus;</strong></span> <span class='ocrx_word' id='word_1_232' title='bbox 3124 1352 3219 1406; x_wconf 91' lang='lat' dir='ltr'><strong>sed</strong></span> <span class='ocrx_word' id='word_1_233' title='bbox 3249 1369 3385 1424; x_wconf 91' lang='lat' dir='ltr'><strong>opus</strong></span> <span class='ocrx_word' id='word_1_234' title='bbox 3417 1366 3620 1415; x_wconf 90' lang='lat' dir='ltr'><strong>tantum</strong></span> <span class='ocrx_word' id='word_1_235' title='bbox 3650 1362 3832 1418; x_wconf 87' lang='lat' dir='ltr'><strong>habe-</strong></span> 
     </span>
    </p>
   </div>
   <div class='ocr_carea' id='block_1_32' title="bbox 2213 1430 3829 1510">
    <p class='ocr_par' dir='ltr' id='par_1_32' title="bbox 2213 1430 3829 1510">
     <span class='ocr_line' id='line_1_32' title="bbox 2213 1430 3829 1510; baseline 0.02 -33"><span class='ocrx_word' id='word_1_236' title='bbox 2213 1439 2332 1478; x_wconf 91' lang='lat' dir='ltr'><strong>mus</strong></span> <span class='ocrx_word' id='word_1_237' title='bbox 2360 1430 2684 1498; x_wconf 87' lang='lat' dir='ltr'><strong>pauperibus</strong></span> <span class='ocrx_word' id='word_1_238' title='bbox 2708 1474 2722 1497; x_wconf 91' lang='lat'><strong>,</strong></span> <span class='ocrx_word' id='word_1_239' title='bbox 2752 1433 2958 1491; x_wconf 90' lang='lat' dir='ltr'><strong>claudis</strong></span> <span class='ocrx_word' id='word_1_240' title='bbox 2983 1479 2999 1505; x_wconf 95' lang='lat'><strong>,</strong></span> <span class='ocrx_word' id='word_1_241' title='bbox 3030 1443 3217 1509; x_wconf 66' lang='lat' dir='ltr'><strong>carcis,</strong></span> <span class='ocrx_word' id='word_1_242' title='bbox 3268 1446 3516 1504; x_wconf 86' lang='lat' dir='ltr'><strong>inﬁrmis.</strong></span> <span class='ocrx_word' id='word_1_243' title='bbox 3574 1453 3667 1507; x_wconf 93' lang='lat' dir='ltr'><strong>llis</strong></span> <span class='ocrx_word' id='word_1_244' title='bbox 3699 1458 3829 1510; x_wconf 84' lang='lat' dir='ltr'><strong>talis</strong></span> 
     </span>
    </p>
   </div>
   <div class='ocr_carea' id='block_1_33' title="bbox 2211 1521 3827 1604">
    <p class='ocr_par' dir='ltr' id='par_1_33' title="bbox 2211 1521 3827 1604">
     <span class='ocr_line' id='line_1_33' title="bbox 2211 1521 3827 1604; baseline 0.022 -37"><span class='ocrx_word' id='word_1_245' title='bbox 2211 1521 2564 1585; x_wconf 85' lang='lat' dir='ltr'><strong>comportatio</strong></span> <span class='ocrx_word' id='word_1_246' title='bbox 2588 1522 2903 1582; x_wconf 86' lang='lat' dir='ltr'><strong>demandata</strong></span> <span class='ocrx_word' id='word_1_247' title='bbox 2929 1538 3010 1584; x_wconf 90' lang='lat' dir='ltr'><strong>est</strong></span> <span class='ocrx_word' id='word_1_248' title='bbox 3036 1549 3048 1583; x_wconf 89' lang='lat'><strong>:</strong></span> <span class='ocrx_word' id='word_1_249' title='bbox 3080 1532 3131 1588; x_wconf 92' lang='lat' dir='ltr'><strong>hi</strong></span> <span class='ocrx_word' id='word_1_250' title='bbox 3156 1538 3412 1604; x_wconf 87' lang='lat' dir='ltr'><strong>pecunias</strong></span> <span class='ocrx_word' id='word_1_251' title='bbox 3442 1547 3827 1603; x_wconf 88' lang='lat' dir='ltr'><strong>transmittunt</strong></span> 
     </span>
    </p>
   </div>
   <div class='ocr_carea' id='block_1_34' title="bbox 2212 1606 3822 1700">
    <p class='ocr_par' dir='ltr' id='par_1_34' title="bbox 2212 1606 3822 1700">
     <span class='ocr_line' id='line_1_34' title="bbox 2212 1606 3822 1700; baseline 0.02 -37"><span class='ocrx_word' id='word_1_252' title='bbox 2212 1606 2263 1663; x_wconf 89' lang='lat' dir='ltr'><strong>in</strong></span> <span class='ocrx_word' id='word_1_253' title='bbox 2287 1612 2509 1678; x_wconf 71' lang='lat' dir='ltr'><strong>cazlum;</strong></span> <span class='ocrx_word' id='word_1_254' title='bbox 2541 1615 2594 1670; x_wconf 91' lang='lat' dir='ltr'><strong>hi</strong></span> <span class='ocrx_word' id='word_1_255' title='bbox 2623 1619 2806 1674; x_wconf 91' lang='lat' dir='ltr'><strong>talium</strong></span> <span class='ocrx_word' id='word_1_256' title='bbox 2842 1639 3184 1692; x_wconf 86' lang='lat' dir='ltr'><strong>possessores</strong></span> <span class='ocrx_word' id='word_1_257' title='bbox 3211 1646 3372 1700; x_wconf 91' lang='lat' dir='ltr'><strong>opum</strong></span> <span class='ocrx_word' id='word_1_258' title='bbox 3402 1634 3453 1689; x_wconf 92' lang='lat' dir='ltr'><strong>in</strong></span> <span class='ocrx_word' id='word_1_259' title='bbox 3480 1647 3822 1695; x_wconf 77' lang='lat' dir='ltr'><strong>:eternorum</strong></span> 
     </span>
    </p>
   </div>
   <div class='ocr_carea' id='block_1_35' title="bbox 2209 1700 3825 1795">
    <p class='ocr_par' dir='ltr' id='par_1_35' title="bbox 2209 1700 3825 1795">
     <span class='ocr_line' id='line_1_35' title="bbox 2209 1700 3825 1795; baseline 0.024 -42"><span class='ocrx_word' id='word_1_260' title='bbox 2209 1700 2562 1762; x_wconf 86' lang='lat' dir='ltr'><strong>hereditatem</strong></span> <span class='ocrx_word' id='word_1_261' title='bbox 2606 1709 2871 1768; x_wconf 90' lang='lat' dir='ltr'><strong>bonorum</strong></span> <span class='ocrx_word' id='word_1_262' title='bbox 2914 1719 3252 1788; x_wconf 89' lang='lat' dir='ltr'><strong>perducunt;</strong></span> <span class='ocrx_word' id='word_1_263' title='bbox 3293 1742 3450 1795; x_wconf 88' lang='lat' dir='ltr'><strong>quam</strong></span> <span class='ocrx_word' id='word_1_264' title='bbox 3495 1746 3596 1786; x_wconf 91' lang='lat' dir='ltr'><strong>nos</strong></span> <span class='ocrx_word' id='word_1_265' title='bbox 3622 1749 3825 1792; x_wconf 83' lang='lat' dir='ltr'><strong>omnes</strong></span> 
     </span>
    </p>
   </div>
   <div class='ocr_carea' id='block_1_36' title="bbox 2205 1797 3813 1883">
    <p class='ocr_par' dir='ltr' id='par_1_36' title="bbox 2205 1797 3813 1883">
     <span class='ocr_line' id='line_1_36' title="bbox 2205 1797 3813 1883; baseline 0.024 -38"><span class='ocrx_word' id='word_1_266' title='bbox 2205 1797 2418 1865; x_wconf 82' lang='lat' dir='ltr'><strong>assequi</strong></span> <span class='ocrx_word' id='word_1_267' title='bbox 2451 1801 2722 1872; x_wconf 86' lang='lat' dir='ltr'><strong>contingat</strong></span> <span class='ocrx_word' id='word_1_268' title='bbox 2754 1807 2921 1875; x_wconf 83' lang='lat' dir='ltr'><strong>gratia</strong></span> <span class='ocrx_word' id='word_1_269' title='bbox 2951 1819 3005 1864; x_wconf 92' lang='lat' dir='ltr'><strong>et</strong></span> <span class='ocrx_word' id='word_1_270' title='bbox 3034 1810 3362 1882; x_wconf 80' lang='lat' dir='ltr'><strong>benignitate</strong></span> <span class='ocrx_word' id='word_1_271' title='bbox 3396 1819 3607 1876; x_wconf 89' lang='lat' dir='ltr'><strong>Domini</strong></span> <span class='ocrx_word' id='word_1_272' title='bbox 3636 1831 3813 1883; x_wconf 84' lang='lat' dir='ltr'><strong>nostri</strong></span> 
     </span>
    </p>
   </div>
   <div class='ocr_carea' id='block_1_37' title="bbox 2203 1881 3816 1986">
    <p class='ocr_par' dir='ltr' id='par_1_37' title="bbox 2203 1881 3816 1986">
     <span class='ocr_line' id='line_1_37' title="bbox 2203 1881 3816 1986; baseline 0.022 -48"><span class='ocrx_word' id='word_1_273' title='bbox 2203 1881 2332 1940; x_wconf 87' lang='lat' dir='ltr'><strong>Jesu</strong></span> <span class='ocrx_word' id='word_1_274' title='bbox 2370 1887 2604 1956; x_wconf 72' lang='lat' dir='ltr'><strong>Christi,</strong></span> <span class='ocrx_word' id='word_1_275' title='bbox 2657 1909 2756 1963; x_wconf 91' lang='lat' dir='ltr'><strong>per</strong></span> <span class='ocrx_word' id='word_1_276' title='bbox 2789 1913 2947 1967; x_wconf 90' lang='lat' dir='ltr'><strong>quem</strong></span> <span class='ocrx_word' id='word_1_277' title='bbox 2998 1911 3052 1956; x_wconf 90' lang='lat' dir='ltr'><strong>et</strong></span> <span class='ocrx_word' id='word_1_278' title='bbox 3099 1881 3219 1959; x_wconf 76' lang='lat' dir='ltr'><strong>cuin</strong></span> <span class='ocrx_word' id='word_1_279' title='bbox 3249 1923 3355 1977; x_wconf 89' lang='lat' dir='ltr'><strong>quo</strong></span> <span class='ocrx_word' id='word_1_280' title='bbox 3403 1910 3547 1967; x_wconf 84' lang='lat' dir='ltr'><strong>Patri</strong></span> <span class='ocrx_word' id='word_1_281' title='bbox 3592 1881 3816 1986; x_wconf 73' lang='lat' dir='ltr'><strong>gloria,</strong></span> 
     </span>
    </p>
   </div>
   <div class='ocr_carea' id='block_1_38' title="bbox 2201 1981 3821 2074">
    <p class='ocr_par' dir='ltr' id='par_1_38' title="bbox 2201 1981 3821 2074">
     <span class='ocr_line' id='line_1_38' title="bbox 2201 1981 3821 2074; baseline 0.025 -45"><span class='ocrx_word' id='word_1_282' title='bbox 2201 1988 2306 2031; x_wconf 89' lang='lat' dir='ltr'><strong>una</strong></span> <span class='ocrx_word' id='word_1_283' title='bbox 2348 1993 2468 2034; x_wconf 92' lang='lat' dir='ltr'><strong>cum</strong></span> <span class='ocrx_word' id='word_1_284' title='bbox 2496 1981 2697 2052; x_wconf 90' lang='lat' dir='ltr'><strong>Spiritu</strong></span> <span class='ocrx_word' id='word_1_285' title='bbox 2732 2000 2946 2057; x_wconf 90' lang='lat' dir='ltr'><strong>sancto,</strong></span> <span class='ocrx_word' id='word_1_286' title='bbox 2980 2010 3119 2051; x_wconf 91' lang='lat' dir='ltr'><strong>nunc</strong></span> <span class='ocrx_word' id='word_1_287' title='bbox 3162 2008 3216 2053; x_wconf 90' lang='lat' dir='ltr'><strong>et</strong></span> <span class='ocrx_word' id='word_1_288' title='bbox 3253 2016 3470 2074; x_wconf 87' lang='lat' dir='ltr'><strong>semper</strong></span> <span class='ocrx_word' id='word_1_289' title='bbox 3493 2049 3508 2074; x_wconf 99' lang='lat'><strong>,</strong></span> <span class='ocrx_word' id='word_1_290' title='bbox 3545 1981 3680 2065; x_wconf 65' lang='lat' dir='ltr'><strong>etin</strong></span> <span class='ocrx_word' id='word_1_291' title='bbox 3708 1981 3821 2068; x_wconf 50' lang='lat' dir='ltr'><strong>sm;</strong></span> 
     </span>
    </p>
   </div>
   <div class='ocr_carea' id='block_1_39' title="bbox 2203 2066 2914 2135">
    <p class='ocr_par' dir='ltr' id='par_1_39' title="bbox 2203 2066 2914 2135">
     <span class='ocr_line' id='line_1_39' title="bbox 2203 2066 2914 2135; baseline 0.024 -17"><span class='ocrx_word' id='word_1_292' title='bbox 2203 2066 2321 2120; x_wconf 89' lang='lat' dir='ltr'><strong>cula</strong></span> <span class='ocrx_word' id='word_1_293' title='bbox 2352 2072 2692 2129; x_wconf 63' lang='lat' dir='ltr'><strong>saeculorum.</strong></span> <span class='ocrx_word' id='word_1_294' title='bbox 2725 2079 2914 2135; x_wconf 88' lang='lat' dir='ltr'><strong>Amen.</strong></span> 
     </span>
    </p>
   </div>
   <div class='ocr_carea' id='block_1_40' title="bbox 519 2181 3813 2256">
    <p class='ocr_par' dir='ltr' id='par_1_40' title="bbox 519 2181 3813 2256">
     <span class='ocr_line' id='line_1_40' title="bbox 519 2181 3813 2256; baseline 0.015 -62"><span class='ocrx_word' id='word_1_295' title='bbox 519 2181 3813 2256; x_wconf 31' lang='lat' dir='ltr'><strong>MN</strong></span> 
     </span>
    </p>
   </div>
   <div class='ocr_carea' id='block_1_41' title="bbox 1833 2270 2425 2346">
    <p class='ocr_par' dir='ltr' id='par_1_41' title="bbox 1833 2270 2425 2346">
     <span class='ocr_line' id='line_1_41' title="bbox 1833 2270 2425 2346; baseline 0.02 -14"><span class='ocrx_word' id='word_1_296' title='bbox 1833 2270 2180 2337; x_wconf 73' lang='lat' dir='ltr'><strong>HOMILIA</strong></span> <span class='ocrx_word' id='word_1_297' title='bbox 2224 2276 2425 2346; x_wconf 81' lang='lat' dir='ltr'><strong>XVII.</strong></span> 
     </span>
    </p>
   </div>
   <div class='ocr_carea' id='block_1_42' title="bbox 517 2405 2100 2484">
    <p class='ocr_par' dir='ltr' id='par_1_42' title="bbox 517 2405 2100 2484">
     <span class='ocr_line' id='line_1_42' title="bbox 517 2405 2100 2484; baseline 0.005 -20"><span class='ocrx_word' id='word_1_298' title='bbox 517 2405 607 2464; x_wconf 68' lang='lat'><strong>98.</strong></span> <span class='ocrx_word' id='word_1_299' title='bbox 649 2405 770 2464; x_wconf 73' lang='lat' dir='ltr'><strong>Iltcc</strong></span> <span class='ocrx_word' id='word_1_300' title='bbox 797 2412 937 2480; x_wconf 77' lang='lat' dir='ltr'><strong>facta</strong></span> <span class='ocrx_word' id='word_1_301' title='bbox 971 2423 1085 2466; x_wconf 85' lang='lat' dir='ltr'><strong>sunt</strong></span> <span class='ocrx_word' id='word_1_302' title='bbox 1113 2414 1161 2466; x_wconf 87' lang='lat' dir='ltr'><strong>in</strong></span> <span class='ocrx_word' id='word_1_303' title='bbox 1188 2412 1471 2468; x_wconf 79' lang='lat' dir='ltr'><strong>Bethania&#39;</strong></span> <span class='ocrx_word' id='word_1_304' title='bbox 1505 2423 1643 2469; x_wconf 85' lang='lat' dir='ltr'><strong>trans</strong></span> <span class='ocrx_word' id='word_1_305' title='bbox 1669 2413 1948 2470; x_wconf 76' lang='lat' dir='ltr'><strong>Iordanem</strong></span> <span class='ocrx_word' id='word_1_306' title='bbox 1968 2459 1984 2484; x_wconf 92' lang='lat'><strong>,</strong></span> <span class='ocrx_word' id='word_1_307' title='bbox 2015 2419 2100 2474; x_wconf 83' lang='lat' dir='ltr'><strong>ubi</strong></span> 
     </span>
    </p>
   </div>
   <div class='ocr_carea' id='block_1_43' title="bbox 579 2500 2099 2573">
    <p class='ocr_par' dir='ltr' id='par_1_43' title="bbox 579 2500 2099 2573">
     <span class='ocr_line' id='line_1_43' title="bbox 579 2500 2099 2573; baseline 0.007 -21"><span class='ocrx_word' id='word_1_308' title='bbox 579 2512 689 2553; x_wconf 83' lang='lat' dir='ltr'><strong>erat</strong></span> <span class='ocrx_word' id='word_1_309' title='bbox 717 2500 944 2556; x_wconf 79' lang='lat' dir='ltr'><strong>Joannes</strong></span> <span class='ocrx_word' id='word_1_310' title='bbox 975 2504 1254 2573; x_wconf 81' lang='lat' dir='ltr'><strong>baptizans.</strong></span> <span class='ocrx_word' id='word_1_311' title='bbox 1299 2504 1390 2560; x_wconf 63' lang='grc' dir='ltr'><strong>ΩΟ.</strong></span> <span class='ocrx_word' id='word_1_312' title='bbox 1423 2505 1597 2558; x_wconf 85' lang='lat' dir='ltr'><strong>Altera</strong></span> <span class='ocrx_word' id='word_1_313' title='bbox 1640 2516 1811 2560; x_wconf 86' lang='lat' dir='ltr'><strong>autem</strong></span> <span class='ocrx_word' id='word_1_314' title='bbox 1859 2507 1942 2561; x_wconf 82' lang='lat' dir='ltr'><strong>die</strong></span> <span class='ocrx_word' id='word_1_315' title='bbox 1968 2509 2099 2563; x_wconf 82' lang='lat' dir='ltr'><strong>videt</strong></span> 
     </span>
    </p>
   </div>
   <div class='ocr_carea' id='block_1_44' title="bbox 584 2590 2099 2667">
    <p class='ocr_par' dir='ltr' id='par_1_44' title="bbox 584 2590 2099 2667">
     <span class='ocr_line' id='line_1_44' title="bbox 584 2590 2099 2667; baseline 0.009 -25"><span class='ocrx_word' id='word_1_316' title='bbox 584 2590 760 2645; x_wconf 83' lang='lat' dir='ltr'><strong>Jesmn</strong></span> <span class='ocrx_word' id='word_1_317' title='bbox 786 2595 1059 2647; x_wconf 85' lang='lat' dir='ltr'><strong>venientem</strong></span> <span class='ocrx_word' id='word_1_318' title='bbox 1082 2596 1152 2647; x_wconf 87' lang='lat' dir='ltr'><strong>ad</strong></span> <span class='ocrx_word' id='word_1_319' title='bbox 1175 2612 1247 2659; x_wconf 82' lang='lat' dir='ltr'><strong>se,</strong></span> <span class='ocrx_word' id='word_1_320' title='bbox 1271 2605 1318 2649; x_wconf 85' lang='lat' dir='ltr'><strong>et</strong></span> <span class='ocrx_word' id='word_1_321' title='bbox 1340 2598 1411 2650; x_wconf 95' lang='lat' dir='ltr'><strong>ait</strong></span> <span class='ocrx_word' id='word_1_322' title='bbox 1434 2612 1453 2649; x_wconf 91' lang='lat'><strong><em>:</em></strong></span> <span class='ocrx_word' id='word_1_323' title='bbox 1483 2596 1615 2651; x_wconf 85' lang='lat' dir='ltr'><strong>Ecce</strong></span> <span class='ocrx_word' id='word_1_324' title='bbox 1640 2614 1800 2667; x_wconf 82' lang='lat' dir='ltr'><strong>agnus</strong></span> <span class='ocrx_word' id='word_1_325' title='bbox 1831 2598 1957 2667; x_wconf 90' lang='lat' dir='ltr'><strong>Dei,</strong></span> <span class='ocrx_word' id='word_1_326' title='bbox 1987 2617 2099 2657; x_wconf 87' lang='lat' dir='ltr'><strong>ecce</strong></span> 
     </span>
    </p>
   </div>
   <div class='ocr_carea' id='block_1_45' title="bbox 576 2685 1278 2756">
    <p class='ocr_par' dir='ltr' id='par_1_45' title="bbox 576 2685 1278 2756">
     <span class='ocr_line' id='line_1_45' title="bbox 576 2685 1278 2756; baseline 0.013 -21"><span class='ocrx_word' id='word_1_327' title='bbox 576 2685 661 2753; x_wconf 83' lang='lat' dir='ltr'><strong>qui</strong></span> <span class='ocrx_word' id='word_1_328' title='bbox 689 2686 820 2738; x_wconf 85' lang='lat' dir='ltr'><strong>tollit</strong></span> <span class='ocrx_word' id='word_1_329' title='bbox 851 2697 1057 2756; x_wconf 83' lang='lat' dir='ltr'><strong>peccata</strong></span> <span class='ocrx_word' id='word_1_330' title='bbox 1082 2688 1278 2744; x_wconf 83' lang='lat' dir='ltr'><strong>mundi.</strong></span> 
     </span>
    </p>
   </div>
   <div class='ocr_carea' id='block_1_46' title="bbox 586 2776 2092 2854">
    <p class='ocr_par' dir='ltr' id='par_1_46' title="bbox 586 2776 2092 2854">
     <span class='ocr_line' id='line_1_46' title="bbox 586 2776 2092 2854; baseline 0.008 -26"><span class='ocrx_word' id='word_1_331' title='bbox 586 2777 637 2828; x_wconf 84' lang='lat' dir='ltr'><strong>l.</strong></span> <span class='ocrx_word' id='word_1_332' title='bbox 679 2776 924 2847; x_wconf 86' lang='lat' dir='ltr'><strong>Magnum</strong></span> <span class='ocrx_word' id='word_1_333' title='bbox 969 2779 1166 2834; x_wconf 90' lang='lat' dir='ltr'><strong>bonum</strong></span> <span class='ocrx_word' id='word_1_334' title='bbox 1214 2780 1403 2835; x_wconf 90' lang='lat' dir='ltr'><strong>liducia</strong></span> <span class='ocrx_word' id='word_1_335' title='bbox 1450 2792 1504 2836; x_wconf 89' lang='lat' dir='ltr'><strong>et</strong></span> <span class='ocrx_word' id='word_1_336' title='bbox 1542 2782 1790 2853; x_wconf 90' lang='lat' dir='ltr'><strong>loquendi</strong></span> <span class='ocrx_word' id='word_1_337' title='bbox 1841 2785 2092 2854; x_wconf 87' lang='lat' dir='ltr'><strong>libertas,</strong></span> 
     </span>
    </p>
   </div>
   <div class='ocr_carea' id='block_1_47' title="bbox 509 2867 2094 2941">
    <p class='ocr_par' dir='ltr' id='par_1_47' title="bbox 509 2867 2094 2941">
     <span class='ocr_line' id='line_1_47' title="bbox 509 2867 2094 2941; baseline 0.007 -22"><span class='ocrx_word' id='word_1_338' title='bbox 509 2867 796 2934; x_wconf 83' lang='lat' dir='ltr'><strong>omniaque</strong></span> <span class='ocrx_word' id='word_1_339' title='bbox 837 2867 1034 2922; x_wconf 83' lang='lat' dir='ltr'><strong>Christi</strong></span> <span class='ocrx_word' id='word_1_340' title='bbox 1076 2869 1398 2924; x_wconf 81' lang='lat' dir='ltr'><strong>confessioni</strong></span> <span class='ocrx_word' id='word_1_341' title='bbox 1452 2881 1811 2941; x_wconf 89' lang='lat' dir='ltr'><strong>postponere;</strong></span> <span class='ocrx_word' id='word_1_342' title='bbox 1859 2876 1929 2929; x_wconf 90' lang='lat' dir='ltr'><strong>ita</strong></span> <span class='ocrx_word' id='word_1_343' title='bbox 1981 2890 2094 2930; x_wconf 86' lang='lat' dir='ltr'><strong>ma-</strong></span> 
     </span>
    </p>
   </div>
   <div class='ocr_carea' id='block_1_48' title="bbox 504 2958 2089 3032">
    <p class='ocr_par' dir='ltr' id='par_1_48' title="bbox 504 2958 2089 3032">
     <span class='ocr_line' id='line_1_48' title="bbox 504 2958 2089 3032; baseline 0.009 -24"><span class='ocrx_word' id='word_1_344' title='bbox 504 2970 669 3024; x_wconf 78' lang='lat' dir='ltr'><strong>gnum</strong></span> <span class='ocrx_word' id='word_1_345' title='bbox 697 2965 750 3010; x_wconf 88' lang='lat' dir='ltr'><strong>et</strong></span> <span class='ocrx_word' id='word_1_346' title='bbox 777 2958 1040 3031; x_wconf 81' lang='lat' dir='ltr'><strong>mirabile,</strong></span> <span class='ocrx_word' id='word_1_347' title='bbox 1072 2968 1127 3012; x_wconf 93' lang='lat' dir='ltr'><strong>ut</strong></span> <span class='ocrx_word' id='word_1_348' title='bbox 1156 2959 1321 3016; x_wconf 90' lang='lat' dir='ltr'><strong>Filius</strong></span> <span class='ocrx_word' id='word_1_349' title='bbox 1348 2962 1439 3015; x_wconf 89' lang='lat' dir='ltr'><strong>Dei</strong></span> <span class='ocrx_word' id='word_1_350' title='bbox 1471 2964 1776 3032; x_wconf 85' lang='lat' dir='ltr'><strong>unigenitus</strong></span> <span class='ocrx_word' id='word_1_351' title='bbox 1808 2966 1965 3020; x_wconf 88' lang='lat' dir='ltr'><strong>talem</strong></span> <span class='ocrx_word' id='word_1_352' title='bbox 1990 2966 2089 3021; x_wconf 89' lang='lat' dir='ltr'><strong>ho-</strong></span> 
     </span>
    </p>
   </div>
   <div class='ocr_carea' id='block_1_49' title="bbox 509 3047 2084 3126">
    <p class='ocr_par' dir='ltr' id='par_1_49' title="bbox 509 3047 2084 3126">
     <span class='ocr_line' id='line_1_49' title="bbox 509 3047 2084 3126; baseline 0.011 -28"><span class='ocrx_word' id='word_1_353' title='bbox 509 3047 708 3100; x_wconf 88' lang='lat' dir='ltr'><strong>minem</strong></span> <span class='ocrx_word' id='word_1_354' title='bbox 737 3064 915 3103; x_wconf 88' lang='lat' dir='ltr'><strong>coram</strong></span> <span class='ocrx_word' id='word_1_355' title='bbox 958 3049 1115 3105; x_wconf 88' lang='lat' dir='ltr'><strong>Patre</strong></span> <span class='ocrx_word' id='word_1_356' title='bbox 1162 3052 1414 3120; x_wconf 80' lang='lat' dir='ltr'><strong>pra-dicet</strong></span> <span class='ocrx_word' id='word_1_357' title='bbox 1447 3071 1460 3107; x_wconf 88' lang='lat'><strong>:</strong></span> <span class='ocrx_word' id='word_1_358' title='bbox 1491 3055 1592 3109; x_wconf 88' lang='lat' dir='ltr'><strong>etsi</strong></span> <span class='ocrx_word' id='word_1_359' title='bbox 1621 3071 1726 3110; x_wconf 92' lang='lat' dir='ltr'><strong>non</strong></span> <span class='ocrx_word' id='word_1_360' title='bbox 1767 3059 1988 3126; x_wconf 66' lang='lat' dir='ltr'><strong>atqualis</strong></span> <span class='ocrx_word' id='word_1_361' title='bbox 2014 3061 2084 3116; x_wconf 87' lang='lat' dir='ltr'><strong>sit</strong></span> 
     </span>
    </p>
   </div>
   <div class='ocr_carea' id='block_1_50' title="bbox 507 3138 2086 3217">
    <p class='ocr_par' dir='ltr' id='par_1_50' title="bbox 507 3138 2086 3217">
     <span class='ocr_line' id='line_1_50' title="bbox 507 3138 2086 3217; baseline 0.013 -30"><span class='ocrx_word' id='word_1_362' title='bbox 507 3153 732 3192; x_wconf 83' lang='lat' dir='ltr'><strong>merces.</strong></span> <span class='ocrx_word' id='word_1_363' title='bbox 765 3138 840 3192; x_wconf 92' lang='lat' dir='ltr'><strong>Tu</strong></span> <span class='ocrx_word' id='word_1_364' title='bbox 870 3141 1012 3195; x_wconf 91' lang='lat' dir='ltr'><strong>enim</strong></span> <span class='ocrx_word' id='word_1_365' title='bbox 1042 3143 1316 3197; x_wconf 89' lang='lat' dir='ltr'><strong>conﬁteris</strong></span> <span class='ocrx_word' id='word_1_366' title='bbox 1344 3146 1395 3198; x_wconf 93' lang='lat' dir='ltr'><strong>in</strong></span> <span class='ocrx_word' id='word_1_367' title='bbox 1433 3155 1570 3199; x_wconf 84' lang='lat' dir='ltr'><strong>terra</strong></span> <span class='ocrx_word' id='word_1_368' title='bbox 1596 3163 1608 3211; x_wconf 89' lang='lat'><strong>;</strong></span> <span class='ocrx_word' id='word_1_369' title='bbox 1642 3147 1730 3202; x_wconf 91' lang='lat' dir='ltr'><strong>ille</strong></span> <span class='ocrx_word' id='word_1_370' title='bbox 1760 3162 1887 3203; x_wconf 89' lang='lat' dir='ltr'><strong>vero</strong></span> <span class='ocrx_word' id='word_1_371' title='bbox 1915 3153 2086 3217; x_wconf 76' lang='lat' dir='ltr'><strong>conli—</strong></span> 
     </span>
    </p>
   </div>
   <div class='ocr_carea' id='block_1_51' title="bbox 507 3229 2086 3305">
    <p class='ocr_par' dir='ltr' id='par_1_51' title="bbox 507 3229 2086 3305">
     <span class='ocr_line' id='line_1_51' title="bbox 507 3229 2086 3305; baseline 0.011 -25"><span class='ocrx_word' id='word_1_372' title='bbox 507 3237 644 3282; x_wconf 70' lang='lat' dir='ltr'><strong>tetur</strong></span> <span class='ocrx_word' id='word_1_373' title='bbox 670 3229 718 3283; x_wconf 90' lang='lat' dir='ltr'><strong>in</strong></span> <span class='ocrx_word' id='word_1_374' title='bbox 751 3231 893 3284; x_wconf 75' lang='lat' dir='ltr'><strong>cadis</strong></span> <span class='ocrx_word' id='word_1_375' title='bbox 921 3248 933 3283; x_wconf 88' lang='lat'><strong>:</strong></span> <span class='ocrx_word' id='word_1_376' title='bbox 957 3241 1010 3286; x_wconf 92' lang='lat' dir='ltr'><strong>tu</strong></span> <span class='ocrx_word' id='word_1_377' title='bbox 1039 3232 1341 3290; x_wconf 90' lang='lat' dir='ltr'><strong>hominibus</strong></span> <span class='ocrx_word' id='word_1_378' title='bbox 1369 3237 1754 3305; x_wconf 84' lang='lat' dir='ltr'><strong>praesentibus;</strong></span> <span class='ocrx_word' id='word_1_379' title='bbox 1786 3240 1876 3294; x_wconf 91' lang='lat' dir='ltr'><strong>ille</strong></span> <span class='ocrx_word' id='word_1_380' title='bbox 1906 3256 2086 3298; x_wconf 89' lang='lat' dir='ltr'><strong>coram</strong></span> 
     </span>
    </p>
   </div>
   <div class='ocr_carea' id='block_1_52' title="bbox 504 3319 2084 3392">
    <p class='ocr_par' dir='ltr' id='par_1_52' title="bbox 504 3319 2084 3392">
     <span class='ocr_line' id='line_1_52' title="bbox 504 3319 2084 3392; baseline 0.009 -19"><span class='ocrx_word' id='word_1_381' title='bbox 504 3319 658 3374; x_wconf 80' lang='lat' dir='ltr'><strong>Patre</strong></span> <span class='ocrx_word' id='word_1_382' title='bbox 697 3331 748 3375; x_wconf 89' lang='lat' dir='ltr'><strong>et</strong></span> <span class='ocrx_word' id='word_1_383' title='bbox 793 3323 995 3392; x_wconf 81' lang='lat' dir='ltr'><strong>angelis</strong></span> <span class='ocrx_word' id='word_1_384' title='bbox 1037 3325 1305 3380; x_wconf 88' lang='lat' dir='ltr'><strong>omnibus.</strong></span> <span class='ocrx_word' id='word_1_385' title='bbox 1353 3327 1497 3382; x_wconf 88' lang='lat' dir='ltr'><strong>Talis</strong></span> <span class='ocrx_word' id='word_1_386' title='bbox 1525 3339 1639 3382; x_wconf 89' lang='lat' dir='ltr'><strong>erat</strong></span> <span class='ocrx_word' id='word_1_387' title='bbox 1669 3328 1904 3386; x_wconf 84' lang='lat' dir='ltr'><strong>Joannes</strong></span> <span class='ocrx_word' id='word_1_388' title='bbox 1937 3349 1949 3385; x_wconf 90' lang='lat'><strong>:</strong></span> <span class='ocrx_word' id='word_1_389' title='bbox 1980 3348 2084 3388; x_wconf 91' lang='lat' dir='ltr'><strong>non</strong></span> 
     </span>
    </p>
   </div>
   <div class='ocr_carea' id='block_1_53' title="bbox 502 3413 2086 3497">
    <p class='ocr_par' dir='ltr' id='par_1_53' title="bbox 502 3413 2086 3497">
     <span class='ocr_line' id='line_1_53' title="bbox 502 3413 2086 3497; baseline 0.011 -32"><span class='ocrx_word' id='word_1_390' title='bbox 502 3413 914 3482; x_wconf 81' lang='lat' dir='ltr'><strong>multitudinem,</strong></span> <span class='ocrx_word' id='word_1_391' title='bbox 947 3432 1049 3472; x_wconf 90' lang='lat' dir='ltr'><strong>non</strong></span> <span class='ocrx_word' id='word_1_392' title='bbox 1079 3418 1332 3488; x_wconf 84' lang='lat' dir='ltr'><strong>gloriam,</strong></span> <span class='ocrx_word' id='word_1_393' title='bbox 1365 3435 1469 3475; x_wconf 92' lang='lat' dir='ltr'><strong>non</strong></span> <span class='ocrx_word' id='word_1_394' title='bbox 1502 3422 1642 3477; x_wconf 90' lang='lat' dir='ltr'><strong>aliud</strong></span> <span class='ocrx_word' id='word_1_395' title='bbox 1672 3425 1884 3494; x_wconf 79' lang='lat' dir='ltr'><strong>quidvis</strong></span> <span class='ocrx_word' id='word_1_396' title='bbox 1916 3427 2086 3497; x_wconf 89' lang='lat' dir='ltr'><strong>respi-</strong></span> 
     </span>
    </p>
   </div>
   <div class='ocr_carea' id='block_1_54' title="bbox 498 3503 2083 3586">
    <p class='ocr_par' dir='ltr' id='par_1_54' title="bbox 498 3503 2083 3586">
     <span class='ocr_line' id='line_1_54' title="bbox 498 3503 2083 3586; baseline 0.01 -31"><span class='ocrx_word' id='word_1_397' title='bbox 498 3503 700 3567; x_wconf 83' lang='lat' dir='ltr'><strong>ciebat;</strong></span> <span class='ocrx_word' id='word_1_398' title='bbox 734 3504 826 3559; x_wconf 87' lang='lat' dir='ltr'><strong>sed</strong></span> <span class='ocrx_word' id='word_1_399' title='bbox 859 3505 972 3560; x_wconf 76' lang='lat' dir='ltr'><strong>lucc</strong></span> <span class='ocrx_word' id='word_1_400' title='bbox 999 3510 1174 3562; x_wconf 89' lang='lat' dir='ltr'><strong>omnia</strong></span> <span class='ocrx_word' id='word_1_401' title='bbox 1222 3509 1498 3578; x_wconf 81' lang='lat' dir='ltr'><strong>calcabat,</strong></span> <span class='ocrx_word' id='word_1_402' title='bbox 1529 3521 1584 3566; x_wconf 92' lang='lat' dir='ltr'><strong>et</strong></span> <span class='ocrx_word' id='word_1_403' title='bbox 1614 3528 1736 3568; x_wconf 89' lang='lat' dir='ltr'><strong>cum</strong></span> <span class='ocrx_word' id='word_1_404' title='bbox 1766 3529 1826 3570; x_wconf 91' lang='lat' dir='ltr'><strong>ea</strong></span> <span class='ocrx_word' id='word_1_405' title='bbox 1857 3531 1958 3585; x_wconf 91' lang='lat' dir='ltr'><strong>qua</strong></span> <span class='ocrx_word' id='word_1_406' title='bbox 1988 3532 2083 3586; x_wconf 84' lang='lat' dir='ltr'><strong>par</strong></span> 
     </span>
    </p>
   </div>
   <div class='ocr_carea' id='block_1_55' title="bbox 497 3591 2078 3675">
    <p class='ocr_par' dir='ltr' id='par_1_55' title="bbox 497 3591 2078 3675">
     <span class='ocr_line' id='line_1_55' title="bbox 497 3591 2078 3675; baseline 0.011 -31"><span class='ocrx_word' id='word_1_407' title='bbox 497 3601 611 3645; x_wconf 85' lang='lat' dir='ltr'><strong>erat</strong></span> <span class='ocrx_word' id='word_1_408' title='bbox 633 3591 879 3650; x_wconf 85' lang='lat' dir='ltr'><strong>libertate</strong></span> <span class='ocrx_word' id='word_1_409' title='bbox 906 3611 1025 3666; x_wconf 74' lang='lat' dir='ltr'><strong>qua:</strong></span> <span class='ocrx_word' id='word_1_410' title='bbox 1041 3598 1236 3655; x_wconf 79' lang='lat' dir='ltr'><strong>Chrisﬁ</strong></span> <span class='ocrx_word' id='word_1_411' title='bbox 1268 3614 1421 3655; x_wconf 90' lang='lat' dir='ltr'><strong>erant</strong></span> <span class='ocrx_word' id='word_1_412' title='bbox 1448 3603 1699 3659; x_wconf 91' lang='lat' dir='ltr'><strong>omnibus</strong></span> <span class='ocrx_word' id='word_1_413' title='bbox 1730 3606 2078 3675; x_wconf 72' lang='lat' dir='ltr'><strong>prmdicabat.</strong></span> 
     </span>
    </p>
   </div>
   <div class='ocr_carea' id='block_1_56' title="bbox 498 3683 2081 3767">
    <p class='ocr_par' dir='ltr' id='par_1_56' title="bbox 498 3683 2081 3767">
     <span class='ocr_line' id='line_1_56' title="bbox 498 3683 2081 3767; baseline 0.011 -31"><span class='ocrx_word' id='word_1_414' title='bbox 498 3683 618 3737; x_wconf 84' lang='lat' dir='ltr'><strong>Ideo</strong></span> <span class='ocrx_word' id='word_1_415' title='bbox 646 3685 816 3740; x_wconf 84' lang='lat' dir='ltr'><strong>locum</strong></span> <span class='ocrx_word' id='word_1_416' title='bbox 845 3686 1038 3742; x_wconf 87' lang='lat' dir='ltr'><strong>indicat</strong></span> <span class='ocrx_word' id='word_1_417' title='bbox 1067 3693 1417 3761; x_wconf 80' lang='lat' dir='ltr'><strong>evangelista,</strong></span> <span class='ocrx_word' id='word_1_418' title='bbox 1452 3703 1509 3748; x_wconf 93' lang='lat' dir='ltr'><strong>ut</strong></span> <span class='ocrx_word' id='word_1_419' title='bbox 1536 3695 1859 3752; x_wconf 90' lang='lat' dir='ltr'><strong>vocalissimi</strong></span> <span class='ocrx_word' id='word_1_420' title='bbox 1885 3713 2081 3767; x_wconf 71' lang='grc' dir='ltr'><strong>[πωρο-</strong></span> 
     </span>
    </p>
   </div>
   <div class='ocr_carea' id='block_1_57' title="bbox 496 3776 2077 3860">
    <p class='ocr_par' dir='ltr' id='par_1_57' title="bbox 496 3776 2077 3860">
     <span class='ocr_line' id='line_1_57' title="bbox 496 3776 2077 3860; baseline 0.011 -32"><span class='ocrx_word' id='word_1_421' title='bbox 496 3777 578 3830; x_wconf 85' lang='lat' dir='ltr'><strong>nis</strong></span> <span class='ocrx_word' id='word_1_422' title='bbox 614 3776 858 3832; x_wconf 86' lang='lat' dir='ltr'><strong>ﬁduciam</strong></span> <span class='ocrx_word' id='word_1_423' title='bbox 889 3780 1216 3836; x_wconf 85' lang='lat' dir='ltr'><strong>ostenderet.</strong></span> <span class='ocrx_word' id='word_1_424' title='bbox 1262 3783 1375 3837; x_wconf 81' lang='lat' dir='ltr'><strong>Non</strong></span> <span class='ocrx_word' id='word_1_425' title='bbox 1399 3785 1538 3839; x_wconf 91' lang='lat' dir='ltr'><strong>domi</strong></span> <span class='ocrx_word' id='word_1_426' title='bbox 1560 3824 1576 3851; x_wconf 92' lang='lat'><strong>,</strong></span> <span class='ocrx_word' id='word_1_427' title='bbox 1622 3801 1726 3842; x_wconf 93' lang='lat' dir='ltr'><strong>non</strong></span> <span class='ocrx_word' id='word_1_428' title='bbox 1759 3788 1810 3842; x_wconf 92' lang='lat' dir='ltr'><strong>in</strong></span> <span class='ocrx_word' id='word_1_429' title='bbox 1848 3790 2077 3860; x_wconf 85' lang='lat' dir='ltr'><strong>angulo,</strong></span> 
     </span>
    </p>
   </div>
   <div class='ocr_carea' id='block_1_58' title="bbox 503 3867 2079 3935">
    <p class='ocr_par' dir='ltr' id='par_1_58' title="bbox 503 3867 2079 3935">
     <span class='ocr_line' id='line_1_58' title="bbox 503 3867 2079 3935; baseline 0.01 -16"><span class='ocrx_word' id='word_1_430' title='bbox 503 3884 606 3920; x_wconf 89' lang='lat' dir='ltr'><strong>non</strong></span> <span class='ocrx_word' id='word_1_431' title='bbox 661 3867 712 3921; x_wconf 89' lang='lat' dir='ltr'><strong>in</strong></span> <span class='ocrx_word' id='word_1_432' title='bbox 762 3868 979 3924; x_wconf 90' lang='lat' dir='ltr'><strong>deserto</strong></span> <span class='ocrx_word' id='word_1_433' title='bbox 1024 3873 1064 3935; x_wconf 80' lang='lat'><strong>&#39;,</strong></span> <span class='ocrx_word' id='word_1_434' title='bbox 1118 3872 1210 3927; x_wconf 80' lang='lat' dir='ltr'><strong>sed</strong></span> <span class='ocrx_word' id='word_1_435' title='bbox 1237 3874 1300 3927; x_wconf 91' lang='lat' dir='ltr'><strong>ad</strong></span> <span class='ocrx_word' id='word_1_436' title='bbox 1328 3873 1613 3930; x_wconf 89' lang='lat' dir='ltr'><strong>Jurdanem</strong></span> <span class='ocrx_word' id='word_1_437' title='bbox 1648 3879 1697 3932; x_wconf 91' lang='lat' dir='ltr'><strong>in</strong></span> <span class='ocrx_word' id='word_1_438' title='bbox 1730 3879 1906 3934; x_wconf 90' lang='lat' dir='ltr'><strong>medio</strong></span> <span class='ocrx_word' id='word_1_439' title='bbox 1940 3881 2079 3934; x_wconf 91' lang='lat' dir='ltr'><strong>mul-</strong></span> 
     </span>
    </p>
   </div>
   <div class='ocr_carea' id='block_1_59' title="bbox 493 3959 2076 4043">
    <p class='ocr_par' dir='ltr' id='par_1_59' title="bbox 493 3959 2076 4043">
     <span class='ocr_line' id='line_1_59' title="bbox 493 3959 2076 4043; baseline 0.011 -31"><span class='ocrx_word' id='word_1_440' title='bbox 493 3959 751 4026; x_wconf 87' lang='lat' dir='ltr'><strong>titudinis,</strong></span> <span class='ocrx_word' id='word_1_441' title='bbox 780 3964 1240 4034; x_wconf 76' lang='lat' dir='ltr'><strong>prtescntibusqne</strong></span> <span class='ocrx_word' id='word_1_442' title='bbox 1275 3968 1521 4023; x_wconf 91' lang='lat' dir='ltr'><strong>omnibus</strong></span> <span class='ocrx_word' id='word_1_443' title='bbox 1543 3970 1630 4037; x_wconf 90' lang='lat' dir='ltr'><strong>qui</strong></span> <span class='ocrx_word' id='word_1_444' title='bbox 1659 3971 1726 4024; x_wconf 92' lang='lat' dir='ltr'><strong>ab</strong></span> <span class='ocrx_word' id='word_1_445' title='bbox 1756 3972 1871 4041; x_wconf 87' lang='lat' dir='ltr'><strong>ipso</strong></span> <span class='ocrx_word' id='word_1_446' title='bbox 1900 3972 2076 4043; x_wconf 86' lang='lat' dir='ltr'><strong>bapti-</strong></span> 
     </span>
    </p>
   </div>
   <div class='ocr_carea' id='block_1_60' title="bbox 491 4051 2074 4127">
    <p class='ocr_par' dir='ltr' id='par_1_60' title="bbox 491 4051 2074 4127">
     <span class='ocr_line' id='line_1_60' title="bbox 491 4051 2074 4127; baseline 0.011 -25"><span class='ocrx_word' id='word_1_447' title='bbox 491 4051 746 4105; x_wconf 81' lang='lat' dir='ltr'><strong>zabantur</strong></span> <span class='ocrx_word' id='word_1_448' title='bbox 775 4052 1036 4116; x_wconf 89' lang='lat' dir='ltr'><strong>(aderant</strong></span> <span class='ocrx_word' id='word_1_449' title='bbox 1059 4055 1200 4109; x_wconf 91' lang='lat' dir='ltr'><strong>enim</strong></span> <span class='ocrx_word' id='word_1_450' title='bbox 1239 4055 1407 4112; x_wconf 70' lang='lat' dir='ltr'><strong>Judaei</strong></span> <span class='ocrx_word' id='word_1_451' title='bbox 1430 4060 1472 4127; x_wconf 82' lang='lat'><strong>),</strong></span> <span class='ocrx_word' id='word_1_452' title='bbox 1502 4060 1800 4116; x_wconf 88' lang='lat' dir='ltr'><strong>mirabilem</strong></span> <span class='ocrx_word' id='word_1_453' title='bbox 1834 4064 1974 4119; x_wconf 89' lang='lat' dir='ltr'><strong>illam</strong></span> <span class='ocrx_word' id='word_1_454' title='bbox 2006 4065 2074 4121; x_wconf 90' lang='lat' dir='ltr'><strong>de</strong></span> 
     </span>
    </p>
   </div>
   <div class='ocr_carea' id='block_1_61' title="bbox 487 4138 2072 4226">
    <p class='ocr_par' dir='ltr' id='par_1_61' title="bbox 487 4138 2072 4226">
     <span class='ocr_line' id='line_1_61' title="bbox 487 4138 2072 4226; baseline 0.012 -34"><span class='ocrx_word' id='word_1_455' title='bbox 487 4138 706 4194; x_wconf 73' lang='lat' dir='ltr'><strong>Christo</strong></span> <span class='ocrx_word' id='word_1_456' title='bbox 729 4143 1037 4213; x_wconf 63' lang='lat' dir='ltr'><strong>praedicavit</strong></span> <span class='ocrx_word' id='word_1_457' title='bbox 1067 4146 1458 4204; x_wconf 86' lang='lat' dir='ltr'><strong>confessionem</strong></span> <span class='ocrx_word' id='word_1_458' title='bbox 1491 4151 1830 4219; x_wconf 90' lang='lat' dir='ltr'><strong>sublimibus,</strong></span> <span class='ocrx_word' id='word_1_459' title='bbox 1865 4159 2072 4226; x_wconf 80' lang='lat' dir='ltr'><strong>magnis</strong></span> 
     </span>
    </p>
   </div>
   <div class='ocr_carea' id='block_1_62' title="bbox 484 4233 2070 4318">
    <p class='ocr_par' dir='ltr' id='par_1_62' title="bbox 484 4233 2070 4318">
     <span class='ocr_line' id='line_1_62' title="bbox 484 4233 2070 4318; baseline 0.014 -35"><span class='ocrx_word' id='word_1_460' title='bbox 484 4233 796 4303; x_wconf 85' lang='lat' dir='ltr'><strong>arcanisque</strong></span> <span class='ocrx_word' id='word_1_461' title='bbox 826 4236 1033 4304; x_wconf 88' lang='lat' dir='ltr'><strong>plenam</strong></span> <span class='ocrx_word' id='word_1_462' title='bbox 1064 4237 1402 4309; x_wconf 79' lang='lat' dir='ltr'><strong>dogmatibus</strong></span> <span class='ocrx_word' id='word_1_463' title='bbox 1423 4285 1435 4306; x_wconf 94' lang='lat'><strong>,</strong></span> <span class='ocrx_word' id='word_1_464' title='bbox 1466 4243 1606 4312; x_wconf 91' lang='lat' dir='ltr'><strong>quod</strong></span> <span class='ocrx_word' id='word_1_465' title='bbox 1643 4261 1749 4300; x_wconf 92' lang='lat' dir='ltr'><strong>non</strong></span> <span class='ocrx_word' id='word_1_466' title='bbox 1781 4257 1923 4302; x_wconf 89' lang='lat' dir='ltr'><strong>esset</strong></span> <span class='ocrx_word' id='word_1_467' title='bbox 1958 4249 2070 4318; x_wconf 89' lang='lat' dir='ltr'><strong>ipse</strong></span> 
     </span>
    </p>
   </div>
   <div class='ocr_carea' id='block_1_63' title="bbox 483 4325 2072 4405">
    <p class='ocr_par' dir='ltr' id='par_1_63' title="bbox 483 4325 2072 4405">
     <span class='ocr_line' id='line_1_63' title="bbox 483 4325 2072 4405; baseline 0.009 -27"><span class='ocrx_word' id='word_1_468' title='bbox 483 4325 674 4395; x_wconf 81' lang='lat' dir='ltr'><strong>dignus</strong></span> <span class='ocrx_word' id='word_1_469' title='bbox 700 4328 786 4396; x_wconf 91' lang='lat' dir='ltr'><strong>qui</strong></span> <span class='ocrx_word' id='word_1_470' title='bbox 816 4329 1098 4399; x_wconf 80' lang='lat' dir='ltr'><strong>corrigiam</strong></span> <span class='ocrx_word' id='word_1_471' title='bbox 1121 4332 1472 4387; x_wconf 88' lang='lat' dir='ltr'><strong>calceamenti</strong></span> <span class='ocrx_word' id='word_1_472' title='bbox 1502 4335 1617 4403; x_wconf 83' lang='lat' dir='ltr'><strong>ejus</strong></span> <span class='ocrx_word' id='word_1_473' title='bbox 1643 4339 1895 4393; x_wconf 86' lang='lat' dir='ltr'><strong>solveret.</strong></span> <span class='ocrx_word' id='word_1_474' title='bbox 1927 4342 2072 4405; x_wconf 81' lang='lat' dir='ltr'><strong>Quo-</strong></span> 
     </span>
    </p>
   </div>
   <div class='ocr_carea' id='block_1_64' title="bbox 485 4417 2068 4494">
    <p class='ocr_par' dir='ltr' id='par_1_64' title="bbox 485 4417 2068 4494">
     <span class='ocr_line' id='line_1_64' title="bbox 485 4417 2068 4494; baseline 0.009 -24"><span class='ocrx_word' id='word_1_475' title='bbox 485 4417 644 4470; x_wconf 91' lang='lat' dir='ltr'><strong>modo</strong></span> <span class='ocrx_word' id='word_1_476' title='bbox 673 4428 848 4474; x_wconf 88' lang='lat' dir='ltr'><strong>autem</strong></span> <span class='ocrx_word' id='word_1_477' title='bbox 894 4420 943 4474; x_wconf 90' lang='lat' dir='ltr'><strong>id</strong></span> <span class='ocrx_word' id='word_1_478' title='bbox 971 4422 1111 4490; x_wconf 85' lang='lat' dir='ltr'><strong>agit?</strong></span> <span class='ocrx_word' id='word_1_479' title='bbox 1146 4423 1238 4476; x_wconf 92' lang='lat' dir='ltr'><strong>llis</strong></span> <span class='ocrx_word' id='word_1_480' title='bbox 1267 4440 1462 4494; x_wconf 89' lang='lat' dir='ltr'><strong>nempe</strong></span> <span class='ocrx_word' id='word_1_481' title='bbox 1491 4427 1668 4480; x_wconf 85' lang='lat' dir='ltr'><strong>verbis</strong></span> <span class='ocrx_word' id='word_1_482' title='bbox 1693 4447 1705 4480; x_wconf 90' lang='lat'><strong>:</strong></span> <span class='ocrx_word' id='word_1_483' title='bbox 1737 4428 1862 4482; x_wconf 77' lang='grc' dir='ltr'><strong>ΙΙιιέ</strong></span> <span class='ocrx_word' id='word_1_484' title='bbox 1891 4432 1939 4483; x_wconf 86' lang='lat' dir='ltr'><strong>in</strong></span> <span class='ocrx_word' id='word_1_485' title='bbox 1973 4430 2068 4485; x_wconf 87' lang='lat' dir='ltr'><strong>Be-</strong></span> 
     </span>
    </p>
   </div>
   <div class='ocr_carea' id='block_1_65' title="bbox 484 4509 2065 4590">
    <p class='ocr_par' dir='ltr' id='par_1_65' title="bbox 484 4509 2065 4590">
     <span class='ocr_line' id='line_1_65' title="bbox 484 4509 2065 4590; baseline 0.011 -31"><span class='ocrx_word' id='word_1_486' title='bbox 484 4509 659 4561; x_wconf 82' lang='lat' dir='ltr'><strong>thania</strong></span> <span class='ocrx_word' id='word_1_487' title='bbox 686 4514 819 4578; x_wconf 82' lang='lat' dir='ltr'><strong>facta</strong></span> <span class='ocrx_word' id='word_1_488' title='bbox 849 4521 987 4564; x_wconf 84' lang='lat' dir='ltr'><strong>sunt.</strong></span> <span class='ocrx_word' id='word_1_489' title='bbox 1032 4515 1374 4570; x_wconf 75' lang='lat' dir='ltr'><strong>Accuratiora</strong></span> <span class='ocrx_word' id='word_1_490' title='bbox 1407 4527 1585 4571; x_wconf 89' lang='lat' dir='ltr'><strong>autem</strong></span> <span class='ocrx_word' id='word_1_491' title='bbox 1617 4523 1937 4590; x_wconf 80' lang='lat' dir='ltr'><strong>exemplaria</strong></span> <span class='ocrx_word' id='word_1_492' title='bbox 1970 4523 2065 4578; x_wconf 87' lang='lat' dir='ltr'><strong>ha-</strong></span> 
     </span>
    </p>
   </div>
   <div class='ocr_carea' id='block_1_66' title="bbox 481 4600 2064 4672">
    <p class='ocr_par' dir='ltr' id='par_1_66' title="bbox 481 4600 2064 4672">
     <span class='ocr_line' id='line_1_66' title="bbox 481 4600 2064 4672; baseline 0.011 -19"><span class='ocrx_word' id='word_1_493' title='bbox 481 4600 639 4665; x_wconf 83' lang='lat' dir='ltr'><strong>bent,</strong></span> <span class='ocrx_word' id='word_1_494' title='bbox 674 4601 738 4653; x_wconf 90' lang='lat' dir='ltr'><strong>ln</strong></span> <span class='ocrx_word' id='word_1_495' title='bbox 787 4601 1092 4658; x_wconf 72' lang='lat' dir='ltr'><strong>Ret/robora.</strong></span> <span class='ocrx_word' id='word_1_496' title='bbox 1145 4606 1274 4660; x_wconf 88' lang='lat' dir='ltr'><strong>Nam</strong></span> <span class='ocrx_word' id='word_1_497' title='bbox 1322 4609 1576 4664; x_wconf 87' lang='lat' dir='ltr'><strong>Bethania</strong></span> <span class='ocrx_word' id='word_1_498' title='bbox 1627 4628 1730 4665; x_wconf 85' lang='lat' dir='ltr'><strong>non</strong></span> <span class='ocrx_word' id='word_1_499' title='bbox 1780 4625 1861 4667; x_wconf 87' lang='lat' dir='ltr'><strong>est</strong></span> <span class='ocrx_word' id='word_1_500' title='bbox 1920 4625 2064 4672; x_wconf 83' lang='lat' dir='ltr'><strong>trans</strong></span> 
     </span>
    </p>
   </div>
   <div class='ocr_carea' id='block_1_67' title="bbox 477 4691 2058 4778">
    <p class='ocr_par' dir='ltr' id='par_1_67' title="bbox 477 4691 2058 4778">
     <span class='ocr_line' id='line_1_67' title="bbox 477 4691 2058 4778; baseline 0.012 -33"><span class='ocrx_word' id='word_1_501' title='bbox 477 4691 783 4760; x_wconf 72' lang='lat' dir='ltr'><strong>Iordanem,</strong></span> <span class='ocrx_word' id='word_1_502' title='bbox 812 4710 983 4765; x_wconf 85' lang='lat' dir='ltr'><strong>neque</strong></span> <span class='ocrx_word' id='word_1_503' title='bbox 1012 4698 1061 4750; x_wconf 91' lang='lat' dir='ltr'><strong>in</strong></span> <span class='ocrx_word' id='word_1_504' title='bbox 1091 4698 1326 4764; x_wconf 88' lang='lat' dir='ltr'><strong>deserto,</strong></span> <span class='ocrx_word' id='word_1_505' title='bbox 1347 4702 1438 4755; x_wconf 89' lang='lat' dir='ltr'><strong>sed</strong></span> <span class='ocrx_word' id='word_1_506' title='bbox 1464 4719 1626 4773; x_wconf 83' lang='lat' dir='ltr'><strong>prepe</strong></span> <span class='ocrx_word' id='word_1_507' title='bbox 1648 4704 2058 4778; x_wconf 75' lang='lat' dir='ltr'><strong>JeroSolymam.</strong></span> 
     </span>
    </p>
   </div>
   <div class='ocr_carea' id='block_1_68' title="bbox 479 4782 2059 4865">
    <p class='ocr_par' dir='ltr' id='par_1_68' title="bbox 479 4782 2059 4865">
     <span class='ocr_line' id='line_1_68' title="bbox 479 4782 2059 4865; baseline 0.013 -32"><span class='ocrx_word' id='word_1_508' title='bbox 479 4782 612 4834; x_wconf 76' lang='lat' dir='ltr'><strong>Loca</strong></span> <span class='ocrx_word' id='word_1_509' title='bbox 666 4793 842 4838; x_wconf 87' lang='lat' dir='ltr'><strong>autem</strong></span> <span class='ocrx_word' id='word_1_510' title='bbox 906 4788 1004 4839; x_wconf 91' lang='lat' dir='ltr'><strong>aiia</strong></span> <span class='ocrx_word' id='word_1_511' title='bbox 1055 4791 1214 4843; x_wconf 88' lang='lat' dir='ltr'><strong>etiam</strong></span> <span class='ocrx_word' id='word_1_512' title='bbox 1263 4792 1331 4845; x_wconf 92' lang='lat' dir='ltr'><strong>de</strong></span> <span class='ocrx_word' id='word_1_513' title='bbox 1394 4808 1551 4847; x_wconf 88' lang='lat' dir='ltr'><strong>causa</strong></span> <span class='ocrx_word' id='word_1_514' title='bbox 1597 4797 1880 4865; x_wconf 82' lang='lat' dir='ltr'><strong>signiﬁcat.</strong></span> <span class='ocrx_word' id='word_1_515' title='bbox 1927 4800 2059 4854; x_wconf 80' lang='lat' dir='ltr'><strong>Cum</strong></span> 
     </span>
    </p>
   </div>
   <div class='ocr_carea' id='block_1_69' title="bbox 475 4875 2060 4961">
    <p class='ocr_par' dir='ltr' id='par_1_69' title="bbox 475 4875 2060 4961">
     <span class='ocr_line' id='line_1_69' title="bbox 475 4875 2060 4961; baseline 0.015 -37"><span class='ocrx_word' id='word_1_516' title='bbox 475 4875 617 4927; x_wconf 68' lang='lat' dir='ltr'><strong>enim</strong></span> <span class='ocrx_word' id='word_1_517' title='bbox 647 4892 732 4929; x_wconf 90' lang='lat' dir='ltr'><strong>res</strong></span> <span class='ocrx_word' id='word_1_518' title='bbox 760 4891 861 4930; x_wconf 91' lang='lat' dir='ltr'><strong>non</strong></span> <span class='ocrx_word' id='word_1_519' title='bbox 890 4879 1134 4949; x_wconf 85' lang='lat' dir='ltr'><strong>antiquas</strong></span> <span class='ocrx_word' id='word_1_520' title='bbox 1153 4923 1167 4945; x_wconf 94' lang='lat'><strong>,</strong></span> <span class='ocrx_word' id='word_1_521' title='bbox 1211 4882 1304 4936; x_wconf 90' lang='lat' dir='ltr'><strong>sed</strong></span> <span class='ocrx_word' id='word_1_522' title='bbox 1334 4899 1455 4953; x_wconf 73' lang='lat' dir='ltr'><strong>qua:</strong></span> <span class='ocrx_word' id='word_1_523' title='bbox 1486 4888 1644 4953; x_wconf 87' lang='lat' dir='ltr'><strong>paulo</strong></span> <span class='ocrx_word' id='word_1_524' title='bbox 1669 4898 1792 4942; x_wconf 88' lang='lat' dir='ltr'><strong>ante</strong></span> <span class='ocrx_word' id='word_1_525' title='bbox 1823 4893 2060 4961; x_wconf 84' lang='lat' dir='ltr'><strong>contige-</strong></span> 
     </span>
    </p>
   </div>
   <div class='ocr_carea' id='block_1_70' title="bbox 473 4974 2059 5044">
    <p class='ocr_par' dir='ltr' id='par_1_70' title="bbox 473 4974 2059 5044">
     <span class='ocr_line' id='line_1_70' title="bbox 473 4974 2059 5044; baseline 0.014 -28"><span class='ocrx_word' id='word_1_526' title='bbox 473 4974 630 5030; x_wconf 88' lang='lat' dir='ltr'><strong>rant,</strong></span> <span class='ocrx_word' id='word_1_527' title='bbox 663 4978 970 5024; x_wconf 88' lang='lat' dir='ltr'><strong>narraturus</strong></span> <span class='ocrx_word' id='word_1_528' title='bbox 1000 4980 1143 5026; x_wconf 81' lang='lat' dir='ltr'><strong>esset</strong></span> <span class='ocrx_word' id='word_1_529' title='bbox 1165 5015 1179 5039; x_wconf 92' lang='lat'><strong>,</strong></span> <span class='ocrx_word' id='word_1_530' title='bbox 1211 4974 1329 5027; x_wconf 89' lang='lat' dir='ltr'><strong>illos</strong></span> <span class='ocrx_word' id='word_1_531' title='bbox 1359 4975 1446 5044; x_wconf 87' lang='lat' dir='ltr'><strong>qui</strong></span> <span class='ocrx_word' id='word_1_532' title='bbox 1477 4977 1699 5031; x_wconf 87' lang='lat' dir='ltr'><strong>aderant</strong></span> <span class='ocrx_word' id='word_1_533' title='bbox 1733 4989 1786 5033; x_wconf 91' lang='lat' dir='ltr'><strong>et</strong></span> <span class='ocrx_word' id='word_1_534' title='bbox 1816 4980 2059 5039; x_wconf 84' lang='lat' dir='ltr'><strong>viderant</strong></span> 
     </span>
    </p>
   </div>
   <div class='ocr_carea' id='block_1_71' title="bbox 468 5048 2055 5133">
    <p class='ocr_par' dir='ltr' id='par_1_71' title="bbox 468 5048 2055 5133">
     <span class='ocr_line' id='line_1_71' title="bbox 468 5048 2055 5133; baseline 0.014 -27"><span class='ocrx_word' id='word_1_535' title='bbox 468 5055 728 5109; x_wconf 88' lang='lat' dir='ltr'><strong>dictorum</strong></span> <span class='ocrx_word' id='word_1_536' title='bbox 781 5065 943 5112; x_wconf 89' lang='lat' dir='ltr'><strong>testes</strong></span> <span class='ocrx_word' id='word_1_537' title='bbox 992 5048 1250 5128; x_wconf 55' lang='lat' dir='ltr'><strong>advocdt,</strong></span> <span class='ocrx_word' id='word_1_538' title='bbox 1283 5079 1456 5133; x_wconf 74' lang='lat' dir='ltr'><strong>exque</strong></span> <span class='ocrx_word' id='word_1_539' title='bbox 1510 5066 1639 5121; x_wconf 86' lang='lat' dir='ltr'><strong>locis</strong></span> <span class='ocrx_word' id='word_1_540' title='bbox 1693 5071 2055 5128; x_wconf 89' lang='lat' dir='ltr'><strong>testimonium</strong></span> 
     </span>
    </p>
   </div>
   <div class='ocr_carea' id='block_1_72' title="bbox 469 5148 2053 5231">
    <p class='ocr_par' dir='ltr' id='par_1_72' title="bbox 469 5148 2053 5231">
     <span class='ocr_line' id='line_1_72' title="bbox 469 5148 2053 5231; baseline 0.013 -31"><span class='ocrx_word' id='word_1_541' title='bbox 469 5149 677 5217; x_wconf 88' lang='lat' dir='ltr'><strong>accipit.</strong></span> <span class='ocrx_word' id='word_1_542' title='bbox 712 5148 846 5203; x_wconf 90' lang='lat' dir='ltr'><strong>Cum</strong></span> <span class='ocrx_word' id='word_1_543' title='bbox 877 5149 1019 5205; x_wconf 86' lang='lat' dir='ltr'><strong>enim</strong></span> <span class='ocrx_word' id='word_1_544' title='bbox 1069 5153 1254 5209; x_wconf 89' lang='lat' dir='ltr'><strong>ﬁderet</strong></span> <span class='ocrx_word' id='word_1_545' title='bbox 1303 5170 1361 5211; x_wconf 92' lang='lat' dir='ltr'><strong>se</strong></span> <span class='ocrx_word' id='word_1_546' title='bbox 1406 5158 1534 5212; x_wconf 90' lang='lat' dir='ltr'><strong>nihil</strong></span> <span class='ocrx_word' id='word_1_547' title='bbox 1568 5161 1775 5214; x_wconf 86' lang='lat' dir='ltr'><strong>veritati</strong></span> <span class='ocrx_word' id='word_1_548' title='bbox 1825 5164 2053 5231; x_wconf 80' lang='lat' dir='ltr'><strong>addere,</strong></span> 
     </span>
    </p>
   </div>
   <div class='ocr_carea' id='block_1_73' title="bbox 465 5241 2052 5326">
    <p class='ocr_par' dir='ltr' id='par_1_73' title="bbox 465 5241 2052 5326">
     <span class='ocr_line' id='line_1_73' title="bbox 465 5241 2052 5326; baseline 0.013 -34"><span class='ocrx_word' id='word_1_549' title='bbox 465 5241 558 5293; x_wconf 90' lang='lat' dir='ltr'><strong>sed</strong></span> <span class='ocrx_word' id='word_1_550' title='bbox 585 5257 643 5295; x_wconf 90' lang='lat' dir='ltr'><strong>ea</strong></span> <span class='ocrx_word' id='word_1_551' title='bbox 671 5259 788 5311; x_wconf 76' lang='lat' dir='ltr'><strong>qua:</strong></span> <span class='ocrx_word' id='word_1_552' title='bbox 812 5253 958 5312; x_wconf 87' lang='lat' dir='ltr'><strong>gesta</strong></span> <span class='ocrx_word' id='word_1_553' title='bbox 989 5244 1198 5300; x_wconf 89' lang='lat' dir='ltr'><strong>fuerant</strong></span> <span class='ocrx_word' id='word_1_554' title='bbox 1218 5265 1342 5303; x_wconf 86' lang='lat' dir='ltr'><strong>vere</strong></span> <span class='ocrx_word' id='word_1_555' title='bbox 1365 5259 1418 5304; x_wconf 91' lang='lat' dir='ltr'><strong>et</strong></span> <span class='ocrx_word' id='word_1_556' title='bbox 1447 5252 1757 5321; x_wconf 88' lang='lat' dir='ltr'><strong>simpliciter</strong></span> <span class='ocrx_word' id='word_1_557' title='bbox 1778 5273 2052 5326; x_wconf 87' lang='lat' dir='ltr'><strong>enarrare,</strong></span> 
     </span>
    </p>
   </div>
   <div class='ocr_carea' id='block_1_74' title="bbox 465 5332 2050 5416">
    <p class='ocr_par' dir='ltr' id='par_1_74' title="bbox 465 5332 2050 5416">
     <span class='ocr_line' id='line_1_74' title="bbox 465 5332 2050 5416; baseline 0.014 -33"><span class='ocrx_word' id='word_1_558' title='bbox 465 5347 492 5383; x_wconf 92' lang='lat' dir='ltr'><strong>a</strong></span> <span class='ocrx_word' id='word_1_559' title='bbox 524 5332 642 5386; x_wconf 90' lang='lat' dir='ltr'><strong>loco</strong></span> <span class='ocrx_word' id='word_1_560' title='bbox 672 5334 1033 5390; x_wconf 87' lang='lat' dir='ltr'><strong>testimonium</strong></span> <span class='ocrx_word' id='word_1_561' title='bbox 1079 5340 1304 5409; x_wconf 86' lang='lat' dir='ltr'><strong>accipit,</strong></span> <span class='ocrx_word' id='word_1_562' title='bbox 1338 5357 1458 5411; x_wconf 77' lang='lat' dir='ltr'><strong>qua:</strong></span> <span class='ocrx_word' id='word_1_563' title='bbox 1485 5361 1592 5399; x_wconf 88' lang='lat' dir='ltr'><strong>non</strong></span> <span class='ocrx_word' id='word_1_564' title='bbox 1641 5346 1793 5413; x_wconf 87' lang='lat' dir='ltr'><strong>levis,</strong></span> <span class='ocrx_word' id='word_1_565' title='bbox 1827 5359 1882 5402; x_wconf 93' lang='lat' dir='ltr'><strong>nt</strong></span> <span class='ocrx_word' id='word_1_566' title='bbox 1911 5349 2050 5416; x_wconf 78' lang='lat' dir='ltr'><strong>dixi,</strong></span> 
     </span>
    </p>
   </div>
   <div class='ocr_carea' id='block_1_75' title="bbox 529 5501 2050 5571">
    <p class='ocr_par' dir='ltr' id='par_1_75' title="bbox 529 5501 2050 5571">
     <span class='ocr_line' id='line_1_75' title="bbox 529 5501 2050 5571; baseline 0.014 -22"><span class='ocrx_word' id='word_1_567' title='bbox 529 5504 542 5532; x_wconf 79' lang='grc'><strong>⁸</strong></span> <span class='ocrx_word' id='word_1_568' title='bbox 580 5501 752 5571; x_wconf 70' lang='lat' dir='ltr'><strong>Aliqui</strong></span> <span class='ocrx_word' id='word_1_569' title='bbox 783 5503 956 5571; x_wconf 69' lang='lat' dir='ltr'><strong>legunt</strong></span> <span class='ocrx_word' id='word_1_570' title='bbox 980 5542 993 5563; x_wconf 93' lang='lat'><strong>,</strong></span> <span class='ocrx_word' id='word_1_571' title='bbox 1031 5506 1079 5556; x_wconf 81' lang='lat' dir='ltr'><strong>in</strong></span> <span class='ocrx_word' id='word_1_572' title='bbox 1131 5510 1393 5562; x_wconf 75' lang='lat' dir='ltr'><strong>Bethttbara</strong></span> <span class='ocrx_word' id='word_1_573' title='bbox 1421 5527 1438 5562; x_wconf 90' lang='lat'><strong><em>:</em></strong></span> <span class='ocrx_word' id='word_1_574' title='bbox 1481 5517 1549 5564; x_wconf 87' lang='lat' dir='ltr'><strong>sic</strong></span> <span class='ocrx_word' id='word_1_575' title='bbox 1582 5517 1628 5564; x_wconf 91' lang='lat' dir='ltr'><strong>in</strong></span> <span class='ocrx_word' id='word_1_576' title='bbox 1664 5520 2050 5571; x_wconf 85' lang='lat' dir='ltr'><strong>accuratioribus</strong></span> 
     </span>
    </p>
   </div>
   <div class='ocr_carea' id='block_1_76' title="bbox 463 5561 2046 5644">
    <p class='ocr_par' dir='ltr' id='par_1_76' title="bbox 463 5561 2046 5644">
     <span class='ocr_line' id='line_1_76' title="bbox 463 5561 2046 5644; baseline 0.016 -37"><span class='ocrx_word' id='word_1_577' title='bbox 463 5561 1057 5644; x_wconf 63' lang='lat' dir='ltr'><strong>qxetnplaribuslegitur,</strong></span> <span class='ocrx_word' id='word_1_578' title='bbox 1083 5572 1236 5644; x_wconf 83' lang='lat' dir='ltr'><strong>inquit</strong></span> <span class='ocrx_word' id='word_1_579' title='bbox 1270 5561 1388 5644; x_wconf 71' lang='lat' dir='ltr'><strong>infra</strong></span> 
     </span>
    </p>
   </div>
   <div class='ocr_carea' id='block_1_77' title="bbox 459 5624 2044 5706">
    <p class='ocr_par' dir='ltr' id='par_1_77' title="bbox 459 5624 2044 5706">
     <span class='ocr_line' id='line_1_77' title="bbox 459 5624 2044 5706; baseline 0.017 -37"><span class='ocrx_word' id='word_1_580' title='bbox 459 5624 527 5672; x_wconf 76' lang='lat' dir='ltr'><strong>dit</strong></span> <span class='ocrx_word' id='word_1_581' title='bbox 565 5624 838 5706; x_wconf 51' lang='lat' dir='ltr'><strong>bellianiam</strong></span> <span class='ocrx_word' id='word_1_582' title='bbox 875 5624 967 5706; x_wconf 61' lang='lat' dir='ltr'><strong>non</strong></span> <span class='ocrx_word' id='word_1_583' title='bbox 1007 5624 1572 5706; x_wconf 39' lang='lat' dir='ltr'><strong>trans&#39;Jortl_atiettt:es§e</strong></span> <span class='ocrx_word' id='word_1_584' title='bbox 1599 5643 1733 5706; x_wconf 85' lang='lat' dir='ltr'><strong>,_sed</strong></span> <span class='ocrx_word' id='word_1_585' title='bbox 1768 5624 1920 5706; x_wconf 64' lang='lat' dir='ltr'><strong>prope</strong></span> <span class='ocrx_word' id='word_1_586' title='bbox 1963 5654 2044 5695; x_wconf 84' lang='lat' dir='ltr'><strong>.Ie-</strong></span> 
     </span>
    </p>
   </div>
   <div class='ocr_carea' id='block_1_78' title="bbox 458 5687 2043 5757">
    <p class='ocr_par' dir='ltr' id='par_1_78' title="bbox 458 5687 2043 5757">
     <span class='ocr_line' id='line_1_78' title="bbox 458 5687 2043 5757; baseline 0.018 -27"><span class='ocrx_word' id='word_1_587' title='bbox 458 5687 764 5757; x_wconf 57' lang='lat' dir='ltr'><strong>rosolyntam.</strong></span> <span class='ocrx_word' id='word_1_588' title='bbox 809 5693 1004 5746; x_wconf 80' lang='lat' dir='ltr'><strong>Quidam</strong></span> <span class='ocrx_word' id='word_1_589' title='bbox 1044 5702 1210 5757; x_wconf 81' lang='lat' dir='ltr'><strong>putant</strong></span> <span class='ocrx_word' id='word_1_590' title='bbox 1245 5699 1382 5746; x_wconf 85' lang='lat' dir='ltr'><strong>aliam</strong></span> <span class='ocrx_word' id='word_1_591' title='bbox 1428 5699 1507 5748; x_wconf 86' lang='lat' dir='ltr'><strong>hic</strong></span> <span class='ocrx_word' id='word_1_592' title='bbox 1541 5687 2043 5757; x_wconf 17' lang='lat' dir='ltr'><strong>Belb‘an—iain‘inveme-</strong></span> 
     </span>
    </p>
   </div>
   <div class='ocr_carea' id='block_1_79' title="bbox 459 5749 1236 5804">
    <p class='ocr_par' dir='ltr' id='par_1_79' title="bbox 459 5749 1236 5804">
     <span class='ocr_line' id='line_1_79' title="bbox 459 5749 1236 5804; baseline 0.014 -11"><span class='ocrx_word' id='word_1_593' title='bbox 459 5749 569 5801; x_wconf 79' lang='lat' dir='ltr'><strong>rari,</strong></span> <span class='ocrx_word' id='word_1_594' title='bbox 587 5763 695 5804; x_wconf 73' lang='lat' dir='ltr'><strong>qua:</strong></span> <span class='ocrx_word' id='word_1_595' title='bbox 726 5752 788 5799; x_wconf 77' lang='lat' dir='ltr'><strong>sit</strong></span> <span class='ocrx_word' id='word_1_596' title='bbox 813 5760 944 5800; x_wconf 82' lang='lat' dir='ltr'><strong>trans</strong></span> <span class='ocrx_word' id='word_1_597' title='bbox 965 5749 1236 5804; x_wconf 66' lang='lat' dir='ltr'><strong>Jordanetn.</strong></span> 
     </span>
    </p>
   </div>
   <div class='ocr_carea' id='block_1_80' title="bbox 523 5765 1644 5884">
    <p class='ocr_par' dir='ltr' id='par_1_80' title="bbox 523 5765 1644 5884">
     <span class='ocr_line' id='line_1_80' title="bbox 527 5765 1236 5804; baseline 0.017 -12"><span class='ocrx_word' id='word_1_598' title='bbox 527 5765 569 5801; x_wconf 68' lang='grc'><strong>’1,</strong></span> <span class='ocrx_word' id='word_1_599' title='bbox 621 5765 695 5796; x_wconf 70' lang='grc' dir='ltr'><strong>ιιω</strong></span> <span class='ocrx_word' id='word_1_600' title='bbox 726 5765 788 5799; x_wconf 69' lang='grc' dir='ltr'><strong>διι</strong></span> <span class='ocrx_word' id='word_1_601' title='bbox 813 5765 944 5800; x_wconf 60' lang='grc' dir='ltr'>ιιϊιιιδ</span> <span class='ocrx_word' id='word_1_602' title='bbox 965 5765 1236 5804; x_wconf 68' lang='grc' dir='ltr'>ιυωιιιιιιιιι.</span> 
     </span>
     <span class='ocr_line' id='line_1_81' title="bbox 523 5765 1644 5884; baseline 0.019 -30"><span class='ocrx_word' id='word_1_603' title='bbox 523 5809 541 5837; x_wconf 76' lang='grc'>⁸</span> <span class='ocrx_word' id='word_1_604' title='bbox 581 5765 715 5869; x_wconf 53' lang='lat' dir='ltr'><strong>illud,</strong></span> <span class='ocrx_word' id='word_1_605' title='bbox 742 5827 832 5864; x_wconf 72' lang='lat' dir='ltr'><strong>non</strong></span> <span class='ocrx_word' id='word_1_606' title='bbox 856 5831 901 5865; x_wconf 85' lang='lat' dir='ltr'><strong>nt</strong></span> <span class='ocrx_word' id='word_1_607' title='bbox 940 5821 1144 5875; x_wconf 58' lang='lat' dir='ltr'><strong>debello,</strong></span> <span class='ocrx_word' id='word_1_608' title='bbox 1175 5820 1310 5869; x_wconf 68' lang='lat' dir='ltr'><strong>deest</strong></span> <span class='ocrx_word' id='word_1_609' title='bbox 1341 5822 1384 5868; x_wconf 90' lang='lat' dir='ltr'><strong>in</strong></span> <span class='ocrx_word' id='word_1_610' title='bbox 1411 5821 1644 5884; x_wconf 54' lang='lat' dir='ltr'><strong>plurimis.</strong></span> 
     </span>
    </p>
   </div>
   <div class='ocr_carea' id='block_1_81' title="bbox 2208 2423 3813 2517">
    <p class='ocr_par' dir='ltr' id='par_1_81' title="bbox 2208 2423 3813 2517">
     <span class='ocr_line' id='line_1_82' title="bbox 2208 2423 3813 2517; baseline 0.026 -41"><span class='ocrx_word' id='word_1_611' title='bbox 2208 2423 2381 2480; x_wconf 87' lang='lat' dir='ltr'><strong>futura</strong></span> <span class='ocrx_word' id='word_1_612' title='bbox 2421 2438 2535 2484; x_wconf 88' lang='lat' dir='ltr'><strong>erat</strong></span> <span class='ocrx_word' id='word_1_613' title='bbox 2578 2434 2814 2491; x_wconf 88' lang='lat' dir='ltr'><strong>veritatis</strong></span> <span class='ocrx_word' id='word_1_614' title='bbox 2856 2435 3264 2502; x_wconf 83' lang='lat' dir='ltr'><strong>demonstratio.</strong></span> <span class='ocrx_word' id='word_1_615' title='bbox 3303 2450 3477 2508; x_wconf 81' lang='lat' dir='ltr'><strong>Altera</strong></span> <span class='ocrx_word' id='word_1_616' title='bbox 3516 2467 3686 2513; x_wconf 86' lang='lat' dir='ltr'><strong>autem</strong></span> <span class='ocrx_word' id='word_1_617' title='bbox 3725 2462 3813 2517; x_wconf 79' lang='lat' dir='ltr'><strong>die</strong></span> 
     </span>
    </p>
   </div>
   <div class='ocr_carea' id='block_1_82' title="bbox 2202 2517 3808 2624">
    <p class='ocr_par' dir='ltr' id='par_1_82' title="bbox 2202 2517 3808 2624">
     <span class='ocr_line' id='line_1_83' title="bbox 2202 2517 3808 2624; baseline 0.027 -57"><span class='ocrx_word' id='word_1_618' title='bbox 2202 2517 2326 2570; x_wconf 80' lang='lat' dir='ltr'><strong>vidit</strong></span> <span class='ocrx_word' id='word_1_619' title='bbox 2344 2517 2568 2576; x_wconf 82' lang='lat' dir='ltr'><strong>Joannes</strong></span> <span class='ocrx_word' id='word_1_620' title='bbox 2597 2525 2772 2580; x_wconf 82' lang='lat' dir='ltr'><strong>Jesum</strong></span> <span class='ocrx_word' id='word_1_621' title='bbox 2793 2535 3066 2588; x_wconf 81' lang='lat' dir='ltr'><strong>venientem</strong></span> <span class='ocrx_word' id='word_1_622' title='bbox 3087 2539 3155 2591; x_wconf 88' lang='lat' dir='ltr'><strong>ad</strong></span> <span class='ocrx_word' id='word_1_623' title='bbox 3174 2557 3253 2608; x_wconf 86' lang='lat' dir='ltr'><strong>se,</strong></span> <span class='ocrx_word' id='word_1_624' title='bbox 3283 2553 3331 2596; x_wconf 87' lang='lat' dir='ltr'><strong>et</strong></span> <span class='ocrx_word' id='word_1_625' title='bbox 3352 2546 3425 2599; x_wconf 86' lang='lat' dir='ltr'><strong>ait</strong></span> <span class='ocrx_word' id='word_1_626' title='bbox 3448 2562 3468 2600; x_wconf 91' lang='lat'><strong><em>:</em></strong></span> <span class='ocrx_word' id='word_1_627' title='bbox 3490 2548 3624 2604; x_wconf 84' lang='lat' dir='ltr'><strong>Ecce</strong></span> <span class='ocrx_word' id='word_1_628' title='bbox 3639 2570 3808 2624; x_wconf 83' lang='lat' dir='ltr'><strong>agnus</strong></span> 
     </span>
     <span class='ocr_line' id='line_1_84' title="bbox 2214 2604 2588 2624; baseline 0.013 -5"><span class='ocrx_word' id='word_1_629' title='bbox 2214 2604 2251 2624; x_wconf 64' lang='grc' dir='ltr'>,ι</span> <span class='ocrx_word' id='word_1_630' title='bbox 2289 2607 2301 2620; x_wconf 91' lang='grc'><strong>.</strong></span> <span class='ocrx_word' id='word_1_631' title='bbox 2437 2611 2449 2622; x_wconf 89' lang='grc'><strong>.</strong></span> <span class='ocrx_word' id='word_1_632' title='bbox 2487 2621 2495 2624; x_wconf 22' lang='grc' dir='ltr'><em>Α</em></span> 
     </span>
    </p>
   </div>
   <div class='ocr_carea' id='block_1_83' title="bbox 2202 2604 3804 2714">
    <p class='ocr_par' dir='ltr' id='par_1_83' title="bbox 2202 2604 3804 2714">
     <span class='ocr_line' id='line_1_85' title="bbox 2202 2604 3804 2714; baseline 0.027 -56"><span class='ocrx_word' id='word_1_633' title='bbox 2202 2604 2332 2672; x_wconf 88' lang='lat' dir='ltr'><strong>Dei,</strong></span> <span class='ocrx_word' id='word_1_634' title='bbox 2363 2611 2449 2678; x_wconf 83' lang='lat' dir='ltr'><strong>qui</strong></span> <span class='ocrx_word' id='word_1_635' title='bbox 2479 2614 2610 2667; x_wconf 81' lang='lat' dir='ltr'><strong>tollit</strong></span> <span class='ocrx_word' id='word_1_636' title='bbox 2653 2629 2856 2686; x_wconf 84' lang='lat' dir='ltr'><strong>peccata</strong></span> <span class='ocrx_word' id='word_1_637' title='bbox 2893 2628 3088 2681; x_wconf 71' lang='lat' dir='ltr'><strong>mundi.</strong></span> <span class='ocrx_word' id='word_1_638' title='bbox 3119 2604 3516 2694; x_wconf 83' lang='lat' dir='ltr'><strong>Distribuerunt</strong></span> <span class='ocrx_word' id='word_1_639' title='bbox 3559 2604 3804 2714; x_wconf 63' lang='lat' dir='ltr'><strong>tempora</strong></span> 
     </span>
    </p>
   </div>
   <div class='ocr_carea' id='block_1_84' title="bbox 2205 2701 3806 2806">
    <p class='ocr_par' dir='ltr' id='par_1_84' title="bbox 2205 2701 3806 2806">
     <span class='ocr_line' id='line_1_86' title="bbox 2205 2701 3806 2806; baseline 0.027 -56"><span class='ocrx_word' id='word_1_640' title='bbox 2205 2701 2547 2770; x_wconf 75' lang='lat' dir='ltr'><strong>evangelistas</strong></span> <span class='ocrx_word' id='word_1_641' title='bbox 2573 2723 2585 2758; x_wconf 91' lang='lat'>:</span> <span class='ocrx_word' id='word_1_642' title='bbox 2611 2706 2891 2767; x_wconf 66' lang='lat' dir='ltr'><strong>Matthmus</strong></span> <span class='ocrx_word' id='word_1_643' title='bbox 2931 2725 3169 2788; x_wconf 86' lang='lat' dir='ltr'><strong>tempora</strong></span> <span class='ocrx_word' id='word_1_644' title='bbox 3201 2739 3320 2793; x_wconf 67' lang='lat' dir='ltr'><strong>qua:</strong></span> <span class='ocrx_word' id='word_1_645' title='bbox 3359 2726 3583 2787; x_wconf 83' lang='lat' dir='ltr'><strong>Joannis</strong></span> <span class='ocrx_word' id='word_1_646' title='bbox 3621 2701 3806 2806; x_wconf 72' lang='lat' dir='ltr'><strong>Bapti-</strong></span> 
     </span>
    </p>
   </div>
   <div class='ocr_carea' id='block_1_85' title="bbox 2204 2794 3801 2896">
    <p class='ocr_par' dir='ltr' id='par_1_85' title="bbox 2204 2794 3801 2896">
     <span class='ocr_line' id='line_1_87' title="bbox 2204 2794 3801 2896; baseline 0.026 -52"><span class='ocrx_word' id='word_1_647' title='bbox 2204 2799 2303 2847; x_wconf 77' lang='lat' dir='ltr'><strong>sta:</strong></span> <span class='ocrx_word' id='word_1_648' title='bbox 2339 2794 2547 2850; x_wconf 88' lang='lat' dir='ltr'><strong>vincula</strong></span> <span class='ocrx_word' id='word_1_649' title='bbox 2593 2814 2984 2868; x_wconf 68' lang='lat' dir='ltr'><strong>praecesserunt</strong></span> <span class='ocrx_word' id='word_1_650' title='bbox 3036 2810 3269 2871; x_wconf 90' lang='lat' dir='ltr'><strong>breviter</strong></span> <span class='ocrx_word' id='word_1_651' title='bbox 3296 2794 3801 2896; x_wconf 39' lang='lat' dir='ltr'><strong>transcurrens-ad</strong></span> 
     </span>
    </p>
   </div>
   <div class='ocr_carea' id='block_1_86' title="bbox 2205 2888 3799 2984">
    <p class='ocr_par' dir='ltr' id='par_1_86' title="bbox 2205 2888 3799 2984">
     <span class='ocr_line' id='line_1_88' title="bbox 2205 2888 3799 2984; baseline 0.024 -47"><span class='ocrx_word' id='word_1_652' title='bbox 2205 2888 2483 2954; x_wconf 87' lang='lat' dir='ltr'><strong>sequentia</strong></span> <span class='ocrx_word' id='word_1_653' title='bbox 2517 2904 2808 2961; x_wconf 88' lang='lat' dir='ltr'><strong>preperat;</strong></span> <span class='ocrx_word' id='word_1_654' title='bbox 2850 2897 3086 2957; x_wconf 89' lang='lat' dir='ltr'><strong>Joannes</strong></span> <span class='ocrx_word' id='word_1_655' title='bbox 3117 2915 3294 2963; x_wconf 90' lang='lat' dir='ltr'><strong>autem</strong></span> <span class='ocrx_word' id='word_1_656' title='bbox 3327 2916 3657 2984; x_wconf 87' lang='lat' dir='ltr'><strong>evangelista</strong></span> <span class='ocrx_word' id='word_1_657' title='bbox 3688 2935 3799 2976; x_wconf 90' lang='lat' dir='ltr'><strong>non</strong></span> 
     </span>
    </p>
   </div>
   <div class='ocr_carea' id='block_1_87' title="bbox 2203 2976 3799 3068">
    <p class='ocr_par' dir='ltr' id='par_1_87' title="bbox 2203 2976 3799 3068">
     <span class='ocr_line' id='line_1_89' title="bbox 2203 2976 3799 3068; baseline 0.025 -40"><span class='ocrx_word' id='word_1_658' title='bbox 2203 2976 2365 3031; x_wconf 91' lang='lat' dir='ltr'><strong>modo</strong></span> <span class='ocrx_word' id='word_1_659' title='bbox 2409 2978 2525 3037; x_wconf 64' lang='lat' dir='ltr'><strong>haec</strong></span> <span class='ocrx_word' id='word_1_660' title='bbox 2576 2998 2680 3037; x_wconf 90' lang='lat' dir='ltr'><strong>non</strong></span> <span class='ocrx_word' id='word_1_661' title='bbox 2730 2986 2965 3046; x_wconf 89' lang='lat' dir='ltr'><strong>breviter</strong></span> <span class='ocrx_word' id='word_1_662' title='bbox 3014 3003 3410 3067; x_wconf 73' lang='lat' dir='ltr'><strong>prmtercurrit,</strong></span> <span class='ocrx_word' id='word_1_663' title='bbox 3456 2976 3551 3062; x_wconf 68' lang='lat' dir='ltr'><strong>sed</strong></span> <span class='ocrx_word' id='word_1_664' title='bbox 3609 3009 3662 3064; x_wconf 91' lang='lat' dir='ltr'><strong>in</strong></span> <span class='ocrx_word' id='word_1_665' title='bbox 3715 3011 3799 3068; x_wconf 87' lang='lat' dir='ltr'><strong>his</strong></span> 
     </span>
    </p>
   </div>
   <div class='ocr_carea' id='block_1_88' title="bbox 2202 3069 3798 3159">
    <p class='ocr_par' dir='ltr' id='par_1_88' title="bbox 2202 3069 3798 3159">
     <span class='ocr_line' id='line_1_90' title="bbox 2202 3069 3798 3159; baseline 0.025 -39"><span class='ocrx_word' id='word_1_666' title='bbox 2202 3069 2432 3125; x_wconf 80' lang='lat' dir='ltr'><strong>maxime</strong></span> <span class='ocrx_word' id='word_1_667' title='bbox 2464 3072 2798 3134; x_wconf 89' lang='lat' dir='ltr'><strong>immoratur.</strong></span> <span class='ocrx_word' id='word_1_668' title='bbox 2829 3083 2941 3147; x_wconf 84' lang='lat' dir='ltr'><strong>Ille,</strong></span> <span class='ocrx_word' id='word_1_669' title='bbox 2976 3097 3256 3159; x_wconf 88' lang='lat' dir='ltr'><strong>postquam</strong></span> <span class='ocrx_word' id='word_1_670' title='bbox 3282 3097 3428 3150; x_wconf 89' lang='lat' dir='ltr'><strong>venit</strong></span> <span class='ocrx_word' id='word_1_671' title='bbox 3452 3097 3612 3156; x_wconf 88' lang='lat' dir='ltr'><strong>Jesus</strong></span> <span class='ocrx_word' id='word_1_672' title='bbox 3641 3116 3672 3157; x_wconf 89' lang='lat' dir='ltr'><strong>e</strong></span> <span class='ocrx_word' id='word_1_673' title='bbox 3697 3103 3798 3159; x_wconf 87' lang='lat' dir='ltr'><strong>de-</strong></span> 
     </span>
    </p>
   </div>
   <div class='ocr_carea' id='block_1_89' title="bbox 2196 3165 3798 3260">
    <p class='ocr_par' dir='ltr' id='par_1_89' title="bbox 2196 3165 3798 3260">
     <span class='ocr_line' id='line_1_91' title="bbox 2196 3165 3798 3260; baseline 0.024 -46"><span class='ocrx_word' id='word_1_674' title='bbox 2196 3174 2360 3229; x_wconf 88' lang='lat' dir='ltr'><strong>serto,</strong></span> <span class='ocrx_word' id='word_1_675' title='bbox 2393 3165 2724 3226; x_wconf 90' lang='lat' dir='ltr'><strong>intermediis</strong></span> <span class='ocrx_word' id='word_1_676' title='bbox 2745 3175 2987 3243; x_wconf 87' lang='lat' dir='ltr'><strong>omissis;</strong></span> <span class='ocrx_word' id='word_1_677' title='bbox 3016 3183 3163 3236; x_wconf 79' lang='lat' dir='ltr'><strong>verbi</strong></span> <span class='ocrx_word' id='word_1_678' title='bbox 3195 3189 3387 3255; x_wconf 87' lang='lat' dir='ltr'><strong>gratia,</strong></span> <span class='ocrx_word' id='word_1_679' title='bbox 3414 3207 3534 3260; x_wconf 76' lang='lat' dir='ltr'><strong>qua:</strong></span> <span class='ocrx_word' id='word_1_680' title='bbox 3555 3192 3798 3254; x_wconf 77' lang='lat' dir='ltr'><strong>Joannes</strong></span> 
     </span>
    </p>
   </div>
   <div class='ocr_carea' id='block_1_90' title="bbox 2193 3253 3792 3351">
    <p class='ocr_par' dir='ltr' id='par_1_90' title="bbox 2193 3253 3792 3351">
     <span class='ocr_line' id='line_1_92' title="bbox 2193 3253 3792 3351; baseline 0.025 -45"><span class='ocrx_word' id='word_1_681' title='bbox 2193 3253 2441 3325; x_wconf 90' lang='lat' dir='ltr'><strong>loquutus</strong></span> <span class='ocrx_word' id='word_1_682' title='bbox 2469 3270 2583 3326; x_wconf 90' lang='lat' dir='ltr'><strong>est,</strong></span> <span class='ocrx_word' id='word_1_683' title='bbox 2612 3277 2731 3331; x_wconf 68' lang='lat' dir='ltr'><strong>qua:</strong></span> <span class='ocrx_word' id='word_1_684' title='bbox 2779 3267 3053 3325; x_wconf 90' lang='lat' dir='ltr'><strong>mittentes</strong></span> <span class='ocrx_word' id='word_1_685' title='bbox 3099 3253 3269 3331; x_wconf 65' lang='lat' dir='ltr'><strong>Judaei</strong></span> <span class='ocrx_word' id='word_1_686' title='bbox 3314 3253 3594 3351; x_wconf 40' lang='lat' dir='ltr'><strong>dixe-runt;</strong></span> <span class='ocrx_word' id='word_1_687' title='bbox 3625 3299 3792 3346; x_wconf 70' lang='lat' dir='ltr'><strong>caete-</strong></span> 
     </span>
    </p>
   </div>
   <div class='ocr_carea' id='block_1_91' title="bbox 2191 3346 3781 3436">
    <p class='ocr_par' dir='ltr' id='par_1_91' title="bbox 2191 3346 3781 3436">
     <span class='ocr_line' id='line_1_93' title="bbox 2191 3346 3781 3436; baseline 0.025 -37"><span class='ocrx_word' id='word_1_688' title='bbox 2191 3346 2374 3417; x_wconf 89' lang='lat' dir='ltr'><strong>risque</strong></span> <span class='ocrx_word' id='word_1_689' title='bbox 2404 3351 2582 3408; x_wconf 91' lang='lat' dir='ltr'><strong>missis</strong></span> <span class='ocrx_word' id='word_1_690' title='bbox 2609 3356 2880 3426; x_wconf 78' lang='lat' dir='ltr'><strong>erunibus,</strong></span> <span class='ocrx_word' id='word_1_691' title='bbox 2912 3364 3090 3419; x_wconf 90' lang='lat' dir='ltr'><strong>statim</strong></span> <span class='ocrx_word' id='word_1_692' title='bbox 3124 3370 3336 3426; x_wconf 83' lang='lat' dir='ltr'><strong>transiit</strong></span> <span class='ocrx_word' id='word_1_693' title='bbox 3362 3373 3428 3429; x_wconf 85' lang='lat' dir='ltr'><strong>ad</strong></span> <span class='ocrx_word' id='word_1_694' title='bbox 3463 3391 3740 3436; x_wconf 84' lang='lat' dir='ltr'><strong>carcerem</strong></span> <span class='ocrx_word' id='word_1_695' title='bbox 3767 3399 3781 3436; x_wconf 94' lang='lat'>:</span> 
     </span>
    </p>
   </div>
   <div class='ocr_carea' id='block_1_92' title="bbox 2189 3434 3792 3528">
    <p class='ocr_par' dir='ltr' id='par_1_92' title="bbox 2189 3434 3792 3528">
     <span class='ocr_line' id='line_1_94' title="bbox 2189 3434 3792 3528; baseline 0.024 -39"><span class='ocrx_word' id='word_1_696' title='bbox 2189 3434 2315 3490; x_wconf 86' lang='lat' dir='ltr'><strong>Cum</strong></span> <span class='ocrx_word' id='word_1_697' title='bbox 2385 3443 2644 3511; x_wconf 75' lang='lat' dir='ltr'><strong>audisset,</strong></span> <span class='ocrx_word' id='word_1_698' title='bbox 2703 3446 2904 3519; x_wconf 91' lang='lat' dir='ltr'><strong>inquit,</strong></span> <span class='ocrx_word' id='word_1_699' title='bbox 2949 3453 3132 3520; x_wconf 84' lang='lat' dir='ltr'><strong>Jesus,</strong></span> <span class='ocrx_word' id='word_1_700' title='bbox 3181 3460 3322 3528; x_wconf 90' lang='lat' dir='ltr'><strong>quod</strong></span> <span class='ocrx_word' id='word_1_701' title='bbox 3369 3434 3792 3528; x_wconf 15' lang='lat' dir='ltr'><strong>traditusiesse‘t</strong></span> 
     </span>
    </p>
   </div>
   <div class='ocr_carea' id='block_1_93' title="bbox 2187 3530 3789 3623">
    <p class='ocr_par' dir='ltr' id='par_1_93' title="bbox 2187 3530 3789 3623">
     <span class='ocr_line' id='line_1_95' title="bbox 2187 3530 3789 3623; baseline 0.023 -39"><span class='ocrx_word' id='word_1_702' title='bbox 2187 3530 2440 3597; x_wconf 89' lang='lat' dir='ltr'><strong>Joannes,</strong></span> <span class='ocrx_word' id='word_1_703' title='bbox 2469 3541 2670 3592; x_wconf 81' lang='lat' dir='ltr'><strong>secessit</strong></span> <span class='ocrx_word' id='word_1_704' title='bbox 2701 3541 2817 3597; x_wconf 84' lang='lat' dir='ltr'><strong>inde</strong></span> <span class='ocrx_word' id='word_1_705' title='bbox 2842 3543 2862 3616; x_wconf 94' lang='lat'>(</span> <span class='ocrx_word' id='word_1_706' title='bbox 2891 3544 3077 3601; x_wconf 78' lang='lat' dir='ltr'><strong>Matth.</strong></span> <span class='ocrx_word' id='word_1_707' title='bbox 3118 3550 3203 3605; x_wconf 78' lang='lat' dir='ltr'><strong>lt.</strong></span> <span class='ocrx_word' id='word_1_708' title='bbox 3242 3554 3364 3623; x_wconf 80' lang='lat' dir='ltr'><strong>l3).</strong></span> <span class='ocrx_word' id='word_1_709' title='bbox 3398 3555 3636 3616; x_wconf 87' lang='lat' dir='ltr'><strong>Joannes</strong></span> <span class='ocrx_word' id='word_1_710' title='bbox 3660 3580 3789 3622; x_wconf 87' lang='lat' dir='ltr'><strong>vero</strong></span> 
     </span>
    </p>
   </div>
   <div class='ocr_carea' id='block_1_94' title="bbox 2189 3627 3787 3727">
    <p class='ocr_par' dir='ltr' id='par_1_94' title="bbox 2189 3627 3787 3727">
     <span class='ocr_line' id='line_1_96' title="bbox 2189 3627 3787 3727; baseline 0.024 -51"><span class='ocrx_word' id='word_1_711' title='bbox 2189 3639 2294 3678; x_wconf 90' lang='lat' dir='ltr'><strong>non</strong></span> <span class='ocrx_word' id='word_1_712' title='bbox 2326 3627 2433 3695; x_wconf 88' lang='lat' dir='ltr'><strong>sic,</strong></span> <span class='ocrx_word' id='word_1_713' title='bbox 2464 3629 2558 3684; x_wconf 90' lang='lat' dir='ltr'><strong>sed</strong></span> <span class='ocrx_word' id='word_1_714' title='bbox 2587 3634 2970 3700; x_wconf 85' lang='lat' dir='ltr'><strong>profectionem</strong></span> <span class='ocrx_word' id='word_1_715' title='bbox 3002 3641 3052 3696; x_wconf 92' lang='lat' dir='ltr'><strong>in</strong></span> <span class='ocrx_word' id='word_1_716' title='bbox 3082 3643 3355 3704; x_wconf 89' lang='lat' dir='ltr'><strong>desertum</strong></span> <span class='ocrx_word' id='word_1_717' title='bbox 3385 3655 3568 3721; x_wconf 85' lang='lat' dir='ltr'><strong>tacuit,</strong></span> <span class='ocrx_word' id='word_1_718' title='bbox 3599 3667 3787 3727; x_wconf 89' lang='lat' dir='ltr'><strong>utpote</strong></span> 
     </span>
    </p>
   </div>
   <div class='ocr_carea' id='block_1_95' title="bbox 2186 3715 3784 3809">
    <p class='ocr_par' dir='ltr' id='par_1_95' title="bbox 2186 3715 3784 3809">
     <span class='ocr_line' id='line_1_97' title="bbox 2186 3715 3784 3809; baseline 0.024 -42"><span class='ocrx_word' id='word_1_719' title='bbox 2186 3715 2490 3774; x_wconf 69' lang='lat' dir='ltr'><strong>aMatthmo</strong></span> <span class='ocrx_word' id='word_1_720' title='bbox 2533 3734 2821 3793; x_wconf 88' lang='lat' dir='ltr'><strong>narratam;</strong></span> <span class='ocrx_word' id='word_1_721' title='bbox 2851 3743 2915 3783; x_wconf 88' lang='lat' dir='ltr'><strong>ea</strong></span> <span class='ocrx_word' id='word_1_722' title='bbox 2957 3747 3084 3787; x_wconf 84' lang='lat' dir='ltr'><strong>vero</strong></span> <span class='ocrx_word' id='word_1_723' title='bbox 3131 3751 3250 3805; x_wconf 69' lang='lat' dir='ltr'><strong>quae</strong></span> <span class='ocrx_word' id='word_1_724' title='bbox 3294 3749 3415 3809; x_wconf 87' lang='lat' dir='ltr'><strong>post</strong></span> <span class='ocrx_word' id='word_1_725' title='bbox 3462 3715 3784 3806; x_wconf 70' lang='lat' dir='ltr'><strong>descensum</strong></span> 
     </span>
    </p>
   </div>
   <div class='ocr_carea' id='block_1_96' title="bbox 2187 3820 3787 3904">
    <p class='ocr_par' dir='ltr' id='par_1_96' title="bbox 2187 3820 3787 3904">
     <span class='ocr_line' id='line_1_98' title="bbox 2187 3820 3787 3904; baseline 0.024 -46"><span class='ocrx_word' id='word_1_726' title='bbox 2187 3820 2250 3859; x_wconf 86' lang='lat' dir='ltr'><strong>ex</strong></span> <span class='ocrx_word' id='word_1_727' title='bbox 2294 3820 2475 3864; x_wconf 88' lang='lat' dir='ltr'><strong>monte</strong></span> <span class='ocrx_word' id='word_1_728' title='bbox 2500 3824 2648 3882; x_wconf 86' lang='lat' dir='ltr'><strong>gesta</strong></span> <span class='ocrx_word' id='word_1_729' title='bbox 2698 3829 2823 3873; x_wconf 88' lang='lat' dir='ltr'><strong>sunt</strong></span> <span class='ocrx_word' id='word_1_730' title='bbox 2866 3824 3131 3888; x_wconf 89' lang='lat' dir='ltr'><strong>narravit,</strong></span> <span class='ocrx_word' id='word_1_731' title='bbox 3162 3837 3215 3882; x_wconf 87' lang='lat' dir='ltr'><strong>et</strong></span> <span class='ocrx_word' id='word_1_732' title='bbox 3259 3832 3424 3886; x_wconf 91' lang='lat' dir='ltr'><strong>multa</strong></span> <span class='ocrx_word' id='word_1_733' title='bbox 3459 3846 3787 3904; x_wconf 62' lang='lat' dir='ltr'><strong>prastercur-</strong></span> 
     </span>
    </p>
   </div>
   <div class='ocr_carea' id='block_1_97' title="bbox 2185 3902 3782 3991">
    <p class='ocr_par' dir='ltr' id='par_1_97' title="bbox 2185 3902 3782 3991">
     <span class='ocr_line' id='line_1_99' title="bbox 2185 3902 3782 3991; baseline 0.023 -39"><span class='ocrx_word' id='word_1_734' title='bbox 2185 3913 2310 3954; x_wconf 88' lang='lat' dir='ltr'><strong>rens</strong></span> <span class='ocrx_word' id='word_1_735' title='bbox 2335 3902 2517 3972; x_wconf 84' lang='lat' dir='ltr'><strong>adjicit</strong></span> <span class='ocrx_word' id='word_1_736' title='bbox 2546 3920 2556 3953; x_wconf 95' lang='lat'>:</span> <span class='ocrx_word' id='word_1_737' title='bbox 2591 3905 2835 3964; x_wconf 85' lang='lat' dir='ltr'><strong>Nondum</strong></span> <span class='ocrx_word' id='word_1_738' title='bbox 2866 3915 2997 3967; x_wconf 85' lang='lat' dir='ltr'><strong>enim</strong></span> <span class='ocrx_word' id='word_1_739' title='bbox 3031 3919 3215 3974; x_wconf 85' lang='lat' dir='ltr'><strong>missus</strong></span> <span class='ocrx_word' id='word_1_740' title='bbox 3263 3924 3426 3991; x_wconf 80' lang='lat' dir='ltr'><strong>fuerat</strong></span> <span class='ocrx_word' id='word_1_741' title='bbox 3460 3902 3702 3986; x_wconf 57' lang='lat' dir='ltr'><strong>doannes</strong></span> <span class='ocrx_word' id='word_1_742' title='bbox 3729 3933 3782 3988; x_wconf 80' lang='lat' dir='ltr'><strong>in</strong></span> 
     </span>
    </p>
   </div>
   <div class='ocr_carea' id='block_1_98' title="bbox 2181 3996 3783 4084">
    <p class='ocr_par' dir='ltr' id='par_1_98' title="bbox 2181 3996 3783 4084">
     <span class='ocr_line' id='line_1_100' title="bbox 2181 3996 3783 4084; baseline 0.024 -41"><span class='ocrx_word' id='word_1_743' title='bbox 2181 4008 2433 4048; x_wconf 85' lang='lat' dir='ltr'><strong>carcerem</strong></span> <span class='ocrx_word' id='word_1_744' title='bbox 2463 3996 2642 4065; x_wconf 83' lang='lat' dir='ltr'><strong>(Joan.</strong></span> <span class='ocrx_word' id='word_1_745' title='bbox 2686 4002 2739 4056; x_wconf 73' lang='grc' dir='ltr'><strong>ὅ.</strong></span> <span class='ocrx_word' id='word_1_746' title='bbox 2768 4003 2880 4076; x_wconf 72' lang='grc'><strong>24).</strong></span> <span class='ocrx_word' id='word_1_747' title='bbox 2914 4007 2977 4062; x_wconf 88' lang='lat' dir='ltr'><strong>Et</strong></span> <span class='ocrx_word' id='word_1_748' title='bbox 3008 4025 3103 4063; x_wconf 91' lang='lat' dir='ltr'><strong>cur</strong></span> <span class='ocrx_word' id='word_1_749' title='bbox 3124 4053 3138 4078; x_wconf 95' lang='lat'><strong>,</strong></span> <span class='ocrx_word' id='word_1_750' title='bbox 3174 4013 3381 4084; x_wconf 88' lang='lat' dir='ltr'><strong>inquies</strong></span> <span class='ocrx_word' id='word_1_751' title='bbox 3405 4060 3419 4083; x_wconf 94' lang='lat'><strong>,</strong></span> <span class='ocrx_word' id='word_1_752' title='bbox 3456 4036 3598 4076; x_wconf 90' lang='lat' dir='ltr'><strong>nunc</strong></span> <span class='ocrx_word' id='word_1_753' title='bbox 3622 4023 3783 4082; x_wconf 86' lang='lat' dir='ltr'><strong>Jesus</strong></span> 
     </span>
    </p>
   </div>
   <div class='ocr_carea' id='block_1_99' title="bbox 2182 4085 3781 4173">
    <p class='ocr_par' dir='ltr' id='par_1_99' title="bbox 2182 4085 3781 4173">
     <span class='ocr_line' id='line_1_101' title="bbox 2182 4085 3781 4173; baseline 0.025 -39"><span class='ocrx_word' id='word_1_754' title='bbox 2182 4085 2325 4137; x_wconf 88' lang='lat' dir='ltr'><strong>venit</strong></span> <span class='ocrx_word' id='word_1_755' title='bbox 2355 4087 2420 4141; x_wconf 92' lang='lat' dir='ltr'><strong>ad</strong></span> <span class='ocrx_word' id='word_1_756' title='bbox 2443 4087 2703 4148; x_wconf 90' lang='lat' dir='ltr'><strong>Joannem</strong></span> <span class='ocrx_word' id='word_1_757' title='bbox 2723 4109 2827 4150; x_wconf 91' lang='lat' dir='ltr'><strong>non</strong></span> <span class='ocrx_word' id='word_1_758' title='bbox 2852 4101 3039 4167; x_wconf 91' lang='lat' dir='ltr'><strong>semel,</strong></span> <span class='ocrx_word' id='word_1_759' title='bbox 3069 4103 3162 4158; x_wconf 92' lang='lat' dir='ltr'><strong>sed</strong></span> <span class='ocrx_word' id='word_1_760' title='bbox 3194 4106 3309 4160; x_wconf 78' lang='lat' dir='ltr'><strong>bis?</strong></span> <span class='ocrx_word' id='word_1_761' title='bbox 3339 4108 3471 4165; x_wconf 90' lang='lat' dir='ltr'><strong>Nam</strong></span> <span class='ocrx_word' id='word_1_762' title='bbox 3497 4112 3781 4173; x_wconf 76' lang='lat' dir='ltr'><strong>Matthteus</strong></span> 
     </span>
    </p>
   </div>
   <div class='ocr_carea' id='block_1_100' title="bbox 2178 4177 3774 4277">
    <p class='ocr_par' dir='ltr' id='par_1_100' title="bbox 2178 4177 3774 4277">
     <span class='ocr_line' id='line_1_102' title="bbox 2178 4177 3774 4277; baseline 0.024 -50"><span class='ocrx_word' id='word_1_763' title='bbox 2178 4177 2394 4244; x_wconf 83' lang='lat' dir='ltr'><strong>quidem</strong></span> <span class='ocrx_word' id='word_1_764' title='bbox 2425 4186 2732 4240; x_wconf 89' lang='lat' dir='ltr'><strong>necessario</strong></span> <span class='ocrx_word' id='word_1_765' title='bbox 2775 4189 2923 4244; x_wconf 91' lang='lat' dir='ltr'><strong>illum</strong></span> <span class='ocrx_word' id='word_1_766' title='bbox 2964 4193 3028 4247; x_wconf 90' lang='lat' dir='ltr'><strong>ad</strong></span> <span class='ocrx_word' id='word_1_767' title='bbox 3077 4194 3339 4265; x_wconf 82' lang='lat' dir='ltr'><strong>baptisma</strong></span> <span class='ocrx_word' id='word_1_768' title='bbox 3375 4205 3587 4260; x_wconf 87' lang='lat' dir='ltr'><strong>venisse</strong></span> <span class='ocrx_word' id='word_1_769' title='bbox 3616 4208 3774 4277; x_wconf 88' lang='lat' dir='ltr'><strong>dicit;</strong></span> 
     </span>
    </p>
   </div>
   <div class='ocr_carea' id='block_1_101' title="bbox 2180 4269 3771 4370">
    <p class='ocr_par' dir='ltr' id='par_1_101' title="bbox 2180 4269 3771 4370">
     <span class='ocr_line' id='line_1_103' title="bbox 2180 4269 3771 4370; baseline 0.022 -49"><span class='ocrx_word' id='word_1_770' title='bbox 2180 4269 2228 4322; x_wconf 93' lang='lat' dir='ltr'><strong>id</strong></span> <span class='ocrx_word' id='word_1_771' title='bbox 2253 4274 2391 4340; x_wconf 89' lang='lat' dir='ltr'><strong>quod</strong></span> <span class='ocrx_word' id='word_1_772' title='bbox 2420 4276 2708 4332; x_wconf 89' lang='lat' dir='ltr'><strong>ostendens</strong></span> <span class='ocrx_word' id='word_1_773' title='bbox 2734 4279 2890 4335; x_wconf 88' lang='lat' dir='ltr'><strong>Jesus</strong></span> <span class='ocrx_word' id='word_1_774' title='bbox 2916 4284 3128 4354; x_wconf 83' lang='lat' dir='ltr'><strong>adjicit:</strong></span> <span class='ocrx_word' id='word_1_775' title='bbox 3155 4288 3244 4342; x_wconf 86' lang='lat' dir='ltr'><strong>Sic</strong></span> <span class='ocrx_word' id='word_1_776' title='bbox 3275 4291 3414 4347; x_wconf 86' lang='lat' dir='ltr'><strong>decet</strong></span> <span class='ocrx_word' id='word_1_777' title='bbox 3441 4313 3533 4351; x_wconf 83' lang='lat' dir='ltr'><strong>nos</strong></span> <span class='ocrx_word' id='word_1_778' title='bbox 3559 4269 3771 4370; x_wconf 67' lang='lat' dir='ltr'><strong>implere</strong></span> 
     </span>
    </p>
   </div>
   <div class='ocr_carea' id='block_1_102' title="bbox 2178 4367 3772 4450">
    <p class='ocr_par' dir='ltr' id='par_1_102' title="bbox 2178 4367 3772 4450">
     <span class='ocr_line' id='line_1_104' title="bbox 2178 4367 3772 4450; baseline 0.023 -37"><span class='ocrx_word' id='word_1_779' title='bbox 2178 4377 2373 4416; x_wconf 88' lang='lat' dir='ltr'><strong>onmem</strong></span> <span class='ocrx_word' id='word_1_780' title='bbox 2394 4367 2649 4434; x_wconf 77' lang='lat' dir='ltr'><strong>justitiam</strong></span> <span class='ocrx_word' id='word_1_781' title='bbox 2683 4372 2896 4441; x_wconf 75' lang='lat' dir='ltr'><strong>(Matth.</strong></span> <span class='ocrx_word' id='word_1_782' title='bbox 2920 4377 2970 4431; x_wconf 79' lang='lat'><strong>3.</strong></span> <span class='ocrx_word' id='word_1_783' title='bbox 2996 4380 3060 4433; x_wconf 80' lang='grc'><strong>15</strong></span> <span class='ocrx_word' id='word_1_784' title='bbox 3093 4376 3132 4449; x_wconf 92' lang='grc'><strong>).</strong></span> <span class='ocrx_word' id='word_1_785' title='bbox 3155 4381 3390 4440; x_wconf 89' lang='lat' dir='ltr'><strong>Joannes</strong></span> <span class='ocrx_word' id='word_1_786' title='bbox 3421 4404 3550 4445; x_wconf 88' lang='lat' dir='ltr'><strong>vero</strong></span> <span class='ocrx_word' id='word_1_787' title='bbox 3579 4367 3772 4450; x_wconf 84' lang='lat' dir='ltr'><strong>iterum</strong></span> 
     </span>
    </p>
   </div>
   <div class='ocr_carea' id='block_1_103' title="bbox 2177 4454 3774 4550">
    <p class='ocr_par' dir='ltr' id='par_1_103' title="bbox 2177 4454 3774 4550">
     <span class='ocr_line' id='line_1_105' title="bbox 2177 4454 3774 4550; baseline 0.024 -46"><span class='ocrx_word' id='word_1_788' title='bbox 2177 4454 2386 4510; x_wconf 87' lang='lat' dir='ltr'><strong>venisse</strong></span> <span class='ocrx_word' id='word_1_789' title='bbox 2406 4457 2552 4513; x_wconf 77' lang='lat' dir='ltr'><strong>illuni</strong></span> <span class='ocrx_word' id='word_1_790' title='bbox 2575 4461 2706 4517; x_wconf 91' lang='lat' dir='ltr'><strong>dicit</strong></span> <span class='ocrx_word' id='word_1_791' title='bbox 2731 4475 2848 4533; x_wconf 86' lang='lat' dir='ltr'><strong>post</strong></span> <span class='ocrx_word' id='word_1_792' title='bbox 2869 4467 3130 4538; x_wconf 90' lang='lat' dir='ltr'><strong>baptisma</strong></span> <span class='ocrx_word' id='word_1_793' title='bbox 3157 4489 3171 4538; x_wconf 91' lang='lat'><strong>;</strong></span> <span class='ocrx_word' id='word_1_794' title='bbox 3203 4475 3253 4530; x_wconf 89' lang='lat' dir='ltr'><strong>id</strong></span> <span class='ocrx_word' id='word_1_795' title='bbox 3278 4480 3416 4546; x_wconf 85' lang='lat' dir='ltr'><strong>quod</strong></span> <span class='ocrx_word' id='word_1_796' title='bbox 3438 4483 3611 4550; x_wconf 84' lang='lat' dir='ltr'><strong>palam</strong></span> <span class='ocrx_word' id='word_1_797' title='bbox 3647 4487 3774 4543; x_wconf 83' lang='lat' dir='ltr'><strong>facit</strong></span> 
     </span>
    </p>
   </div>
   <div class='ocr_carea' id='block_1_104' title="bbox 2174 4545 3773 4643">
    <p class='ocr_par' dir='ltr' id='par_1_104' title="bbox 2174 4545 3773 4643">
     <span class='ocr_line' id='line_1_106' title="bbox 2174 4545 3773 4643; baseline 0.021 -45"><span class='ocrx_word' id='word_1_798' title='bbox 2174 4545 2258 4601; x_wconf 89' lang='lat' dir='ltr'><strong>his</strong></span> <span class='ocrx_word' id='word_1_799' title='bbox 2308 4551 2481 4606; x_wconf 82' lang='lat' dir='ltr'><strong>verbis</strong></span> <span class='ocrx_word' id='word_1_800' title='bbox 2514 4569 2526 4605; x_wconf 93' lang='lat'>:</span> <span class='ocrx_word' id='word_1_801' title='bbox 2558 4553 2668 4625; x_wconf 84' lang='lat' dir='ltr'><strong>Ego</strong></span> <span class='ocrx_word' id='word_1_802' title='bbox 2723 4560 2826 4611; x_wconf 78' lang='lat' dir='ltr'><strong>uidi</strong></span> <span class='ocrx_word' id='word_1_803' title='bbox 2874 4560 3127 4629; x_wconf 85' lang='lat' dir='ltr'><strong>Spiritum</strong></span> <span class='ocrx_word' id='word_1_804' title='bbox 3189 4545 3571 4628; x_wconf 74' lang='lat' dir='ltr'><strong>descendentem</strong></span> <span class='ocrx_word' id='word_1_805' title='bbox 3623 4582 3773 4643; x_wconf 82' lang='lat' dir='ltr'><strong>quasi</strong></span> 
     </span>
    </p>
   </div>
   <div class='ocr_carea' id='block_1_105' title="bbox 2172 4639 3772 4736">
    <p class='ocr_par' dir='ltr' id='par_1_105' title="bbox 2172 4639 3772 4736">
     <span class='ocr_line' id='line_1_107' title="bbox 2172 4639 3772 4736; baseline 0.023 -47"><span class='ocrx_word' id='word_1_806' title='bbox 2172 4639 2455 4695; x_wconf 82' lang='lat' dir='ltr'><strong>colmnbam</strong></span> <span class='ocrx_word' id='word_1_807' title='bbox 2479 4686 2492 4710; x_wconf 86' lang='lat'><strong>,</strong></span> <span class='ocrx_word' id='word_1_808' title='bbox 2524 4656 2570 4698; x_wconf 85' lang='lat' dir='ltr'><strong>et</strong></span> <span class='ocrx_word' id='word_1_809' title='bbox 2599 4661 2878 4703; x_wconf 83' lang='lat' dir='ltr'><strong>manentem</strong></span> <span class='ocrx_word' id='word_1_810' title='bbox 2909 4670 3059 4722; x_wconf 82' lang='lat' dir='ltr'><strong>super</strong></span> <span class='ocrx_word' id='word_1_811' title='bbox 3086 4673 3197 4709; x_wconf 86' lang='lat' dir='ltr'><strong>eum</strong></span> <span class='ocrx_word' id='word_1_812' title='bbox 3226 4658 3406 4726; x_wconf 84' lang='lat' dir='ltr'><strong>(Joatt.</strong></span> <span class='ocrx_word' id='word_1_813' title='bbox 3435 4664 3483 4717; x_wconf 79' lang='grc'><strong>1.</strong></span> <span class='ocrx_word' id='word_1_814' title='bbox 3514 4639 3772 4736; x_wconf 34' lang='grc' dir='ltr'><strong>δὴίευι·</strong></span> 
     </span>
    </p>
   </div>
   <div class='ocr_carea' id='block_1_106' title="bbox 2168 4734 3770 4822">
    <p class='ocr_par' dir='ltr' id='par_1_106' title="bbox 2168 4734 3770 4822">
     <span class='ocr_line' id='line_1_108' title="bbox 2168 4734 3770 4822; baseline 0.021 -40"><span class='ocrx_word' id='word_1_815' title='bbox 2168 4743 2297 4799; x_wconf 84' lang='lat' dir='ltr'><strong>ergo</strong></span> <span class='ocrx_word' id='word_1_816' title='bbox 2318 4734 2460 4786; x_wconf 89' lang='lat' dir='ltr'><strong>venit</strong></span> <span class='ocrx_word' id='word_1_817' title='bbox 2489 4737 2553 4789; x_wconf 91' lang='lat' dir='ltr'><strong>ad</strong></span> <span class='ocrx_word' id='word_1_818' title='bbox 2575 4736 2868 4794; x_wconf 81' lang='lat' dir='ltr'><strong>Joannem?</strong></span> <span class='ocrx_word' id='word_1_819' title='bbox 2895 4742 3008 4797; x_wconf 84' lang='lat' dir='ltr'><strong>Non</strong></span> <span class='ocrx_word' id='word_1_820' title='bbox 3033 4746 3192 4801; x_wconf 91' lang='lat' dir='ltr'><strong>modo</strong></span> <span class='ocrx_word' id='word_1_821' title='bbox 3223 4749 3366 4804; x_wconf 88' lang='lat' dir='ltr'><strong>enim</strong></span> <span class='ocrx_word' id='word_1_822' title='bbox 3400 4756 3572 4822; x_wconf 87' lang='lat' dir='ltr'><strong>venit,</strong></span> <span class='ocrx_word' id='word_1_823' title='bbox 3591 4734 3684 4812; x_wconf 84' lang='lat' dir='ltr'><strong>sed</strong></span> <span class='ocrx_word' id='word_1_824' title='bbox 3713 4771 3770 4815; x_wconf 91' lang='lat' dir='ltr'><strong>et</strong></span> 
     </span>
    </p>
   </div>
   <div class='ocr_carea' id='block_1_107' title="bbox 2169 4819 3756 4909">
    <p class='ocr_par' dir='ltr' id='par_1_107' title="bbox 2169 4819 3756 4909">
     <span class='ocr_line' id='line_1_109' title="bbox 2169 4819 3756 4909; baseline 0.023 -39"><span class='ocrx_word' id='word_1_825' title='bbox 2169 4819 2316 4875; x_wconf 90' lang='lat' dir='ltr'><strong>illum</strong></span> <span class='ocrx_word' id='word_1_826' title='bbox 2347 4824 2495 4877; x_wconf 90' lang='lat' dir='ltr'><strong>adiit.</strong></span> <span class='ocrx_word' id='word_1_827' title='bbox 2527 4826 2652 4879; x_wconf 77' lang='lat' dir='ltr'><strong>Cum</strong></span> <span class='ocrx_word' id='word_1_828' title='bbox 2689 4832 2875 4884; x_wconf 84' lang='lat' dir='ltr'><strong>veniret</strong></span> <span class='ocrx_word' id='word_1_829' title='bbox 2896 4875 2911 4898; x_wconf 86' lang='lat'><strong>,</strong></span> <span class='ocrx_word' id='word_1_830' title='bbox 2945 4836 3150 4905; x_wconf 89' lang='lat' dir='ltr'><strong>inquit,</strong></span> <span class='ocrx_word' id='word_1_831' title='bbox 3197 4841 3265 4892; x_wconf 89' lang='lat' dir='ltr'><strong>ad</strong></span> <span class='ocrx_word' id='word_1_832' title='bbox 3294 4859 3428 4909; x_wconf 77' lang='lat' dir='ltr'><strong>eum,</strong></span> <span class='ocrx_word' id='word_1_833' title='bbox 3465 4848 3586 4901; x_wconf 81' lang='lat' dir='ltr'><strong>vidit</strong></span> <span class='ocrx_word' id='word_1_834' title='bbox 3616 4867 3756 4905; x_wconf 78' lang='lat' dir='ltr'><strong>eunt.</strong></span> 
     </span>
    </p>
   </div>
   <div class='ocr_carea' id='block_1_108' title="bbox 2165 4912 3762 5011">
    <p class='ocr_par' dir='ltr' id='par_1_108' title="bbox 2165 4912 3762 5011">
     <span class='ocr_line' id='line_1_110' title="bbox 2165 4912 3762 5011; baseline 0.02 -45"><span class='ocrx_word' id='word_1_835' title='bbox 2165 4912 2274 4968; x_wconf 89' lang='lat' dir='ltr'><strong>Cur</strong></span> <span class='ocrx_word' id='word_1_836' title='bbox 2303 4931 2431 4987; x_wconf 83' lang='lat' dir='ltr'><strong>ergo</strong></span> <span class='ocrx_word' id='word_1_837' title='bbox 2457 4921 2638 4974; x_wconf 89' lang='lat' dir='ltr'><strong>venit?</strong></span> <span class='ocrx_word' id='word_1_838' title='bbox 2669 4922 2801 4990; x_wconf 84' lang='lat' dir='ltr'><strong>Quia</strong></span> <span class='ocrx_word' id='word_1_839' title='bbox 2838 4925 2928 4982; x_wconf 88' lang='lat' dir='ltr'><strong>ille</strong></span> <span class='ocrx_word' id='word_1_840' title='bbox 2956 4927 3129 4997; x_wconf 88' lang='lat' dir='ltr'><strong>ipsum</strong></span> <span class='ocrx_word' id='word_1_841' title='bbox 3153 4946 3276 4988; x_wconf 89' lang='lat' dir='ltr'><strong>cum</strong></span> <span class='ocrx_word' id='word_1_842' title='bbox 3309 4938 3489 4992; x_wconf 71' lang='lat' dir='ltr'><strong>multis</strong></span> <span class='ocrx_word' id='word_1_843' title='bbox 3518 4940 3762 5011; x_wconf 80' lang='lat' dir='ltr'><strong>baptiza-</strong></span> 
     </span>
    </p>
   </div>
   <div class='ocr_carea' id='block_1_109' title="bbox 2166 5005 3754 5102">
    <p class='ocr_par' dir='ltr' id='par_1_109' title="bbox 2166 5005 3754 5102">
     <span class='ocr_line' id='line_1_111' title="bbox 2166 5005 3754 5102; baseline 0.021 -46"><span class='ocrx_word' id='word_1_844' title='bbox 2166 5005 2259 5069; x_wconf 90' lang='lat' dir='ltr'><strong>vit,</strong></span> <span class='ocrx_word' id='word_1_845' title='bbox 2288 5007 2356 5060; x_wconf 90' lang='lat' dir='ltr'><strong>ita</strong></span> <span class='ocrx_word' id='word_1_846' title='bbox 2387 5019 2443 5062; x_wconf 92' lang='lat' dir='ltr'><strong>ut</strong></span> <span class='ocrx_word' id='word_1_847' title='bbox 2475 5026 2633 5065; x_wconf 89' lang='lat' dir='ltr'><strong>nemo</strong></span> <span class='ocrx_word' id='word_1_848' title='bbox 2663 5016 3026 5083; x_wconf 82' lang='lat' dir='ltr'><strong>suspicaretur</strong></span> <span class='ocrx_word' id='word_1_849' title='bbox 3057 5021 3228 5091; x_wconf 93' lang='lat' dir='ltr'><strong>ipsum</strong></span> <span class='ocrx_word' id='word_1_850' title='bbox 3251 5026 3442 5082; x_wconf 89' lang='lat' dir='ltr'><strong>eadem</strong></span> <span class='ocrx_word' id='word_1_851' title='bbox 3473 5029 3540 5086; x_wconf 89' lang='lat' dir='ltr'><strong>de</strong></span> <span class='ocrx_word' id='word_1_852' title='bbox 3567 5048 3754 5102; x_wconf 80' lang='lat' dir='ltr'><strong>causa,</strong></span> 
     </span>
    </p>
   </div>
   <div class='ocr_carea' id='block_1_110' title="bbox 2164 5098 3756 5191">
    <p class='ocr_par' dir='ltr' id='par_1_110' title="bbox 2164 5098 3756 5191">
     <span class='ocr_line' id='line_1_112' title="bbox 2164 5098 3756 5191; baseline 0.022 -46"><span class='ocrx_word' id='word_1_853' title='bbox 2164 5110 2262 5163; x_wconf 91' lang='lat' dir='ltr'><strong>qua</strong></span> <span class='ocrx_word' id='word_1_854' title='bbox 2292 5098 2377 5151; x_wconf 85' lang='lat' dir='ltr'><strong>alit</strong></span> <span class='ocrx_word' id='word_1_855' title='bbox 2404 5143 2418 5163; x_wconf 93' lang='lat'><strong>,</strong></span> <span class='ocrx_word' id='word_1_856' title='bbox 2450 5102 2514 5154; x_wconf 89' lang='lat' dir='ltr'><strong>ad</strong></span> <span class='ocrx_word' id='word_1_857' title='bbox 2546 5101 2806 5159; x_wconf 91' lang='lat' dir='ltr'><strong>Joannem</strong></span> <span class='ocrx_word' id='word_1_858' title='bbox 2852 5113 3148 5168; x_wconf 84' lang='lat' dir='ltr'><strong>accessisse</strong></span> <span class='ocrx_word' id='word_1_859' title='bbox 3169 5155 3182 5176; x_wconf 95' lang='lat'><strong>,</strong></span> <span class='ocrx_word' id='word_1_860' title='bbox 3218 5126 3269 5169; x_wconf 89' lang='lat' dir='ltr'><strong>ut</strong></span> <span class='ocrx_word' id='word_1_861' title='bbox 3303 5119 3509 5175; x_wconf 86' lang='lat' dir='ltr'><strong>scilicet</strong></span> <span class='ocrx_word' id='word_1_862' title='bbox 3537 5135 3756 5191; x_wconf 86' lang='lat' dir='ltr'><strong>peccata</strong></span> 
     </span>
    </p>
   </div>
   <div class='ocr_carea' id='block_1_111' title="bbox 2161 5189 3753 5274">
    <p class='ocr_par' dir='ltr' id='par_1_111' title="bbox 2161 5189 3753 5274">
     <span class='ocr_line' id='line_1_113' title="bbox 2161 5189 3753 5274; baseline 0.022 -36"><span class='ocrx_word' id='word_1_863' title='bbox 2161 5189 2522 5256; x_wconf 72' lang='lat' dir='ltr'><strong>conititeretnr,</strong></span> <span class='ocrx_word' id='word_1_864' title='bbox 2549 5202 2603 5247; x_wconf 89' lang='lat' dir='ltr'><strong>et</strong></span> <span class='ocrx_word' id='word_1_865' title='bbox 2625 5195 2675 5248; x_wconf 92' lang='lat' dir='ltr'><strong>in</strong></span> <span class='ocrx_word' id='word_1_866' title='bbox 2705 5199 3070 5265; x_wconf 79' lang='lat' dir='ltr'><strong>pamitentiam</strong></span> <span class='ocrx_word' id='word_1_867' title='bbox 3095 5205 3402 5265; x_wconf 62' lang='lat' dir='ltr'><strong>ablueretur</strong></span> <span class='ocrx_word' id='word_1_868' title='bbox 3430 5214 3481 5269; x_wconf 88' lang='lat' dir='ltr'><strong>in</strong></span> <span class='ocrx_word' id='word_1_869' title='bbox 3513 5215 3753 5274; x_wconf 81' lang='lat' dir='ltr'><strong>flumine.</strong></span> 
     </span>
    </p>
   </div>
   <div class='ocr_carea' id='block_1_112' title="bbox 2160 5277 3748 5366">
    <p class='ocr_par' dir='ltr' id='par_1_112' title="bbox 2160 5277 3748 5366">
     <span class='ocr_line' id='line_1_114' title="bbox 2160 5277 3748 5366; baseline 0.022 -35"><span class='ocrx_word' id='word_1_870' title='bbox 2160 5277 2283 5333; x_wconf 84' lang='lat' dir='ltr'><strong>ideo</strong></span> <span class='ocrx_word' id='word_1_871' title='bbox 2309 5283 2532 5347; x_wconf 76' lang='lat' dir='ltr'><strong>accedit,</strong></span> <span class='ocrx_word' id='word_1_872' title='bbox 2568 5286 2700 5341; x_wconf 85' lang='lat' dir='ltr'><strong>dans</strong></span> <span class='ocrx_word' id='word_1_873' title='bbox 2744 5288 2933 5346; x_wconf 87' lang='lat' dir='ltr'><strong>Joanni</strong></span> <span class='ocrx_word' id='word_1_874' title='bbox 2977 5296 3174 5363; x_wconf 91' lang='lat' dir='ltr'><strong>locum,</strong></span> <span class='ocrx_word' id='word_1_875' title='bbox 3206 5310 3257 5353; x_wconf 92' lang='lat' dir='ltr'><strong>ut</strong></span> <span class='ocrx_word' id='word_1_876' title='bbox 3289 5302 3448 5357; x_wconf 75' lang='lat' dir='ltr'><strong>talem</strong></span> <span class='ocrx_word' id='word_1_877' title='bbox 3477 5321 3748 5366; x_wconf 82' lang='lat' dir='ltr'><strong>amoveret</strong></span> 
     </span>
    </p>
   </div>
   <div class='ocr_carea' id='block_1_113' title="bbox 2157 5373 3750 5469">
    <p class='ocr_par' dir='ltr' id='par_1_113' title="bbox 2157 5373 3750 5469">
     <span class='ocr_line' id='line_1_115' title="bbox 2157 5373 3750 5469; baseline 0.021 -48"><span class='ocrx_word' id='word_1_878' title='bbox 2157 5373 2538 5439; x_wconf 90' lang='lat' dir='ltr'><strong>suspicionem.</strong></span> <span class='ocrx_word' id='word_1_879' title='bbox 2582 5377 2712 5434; x_wconf 85' lang='lat' dir='ltr'><strong>Nam</strong></span> <span class='ocrx_word' id='word_1_880' title='bbox 2758 5398 2881 5438; x_wconf 91' lang='lat' dir='ltr'><strong>cum</strong></span> <span class='ocrx_word' id='word_1_881' title='bbox 2911 5373 3060 5440; x_wconf 67' lang='lat' dir='ltr'><strong>dicit</strong></span> <span class='ocrx_word' id='word_1_882' title='bbox 3087 5431 3100 5449; x_wconf 90' lang='lat'><strong>,</strong></span> <span class='ocrx_word' id='word_1_883' title='bbox 3138 5388 3269 5444; x_wconf 79' lang='lat' dir='ltr'><strong>Ecce</strong></span> <span class='ocrx_word' id='word_1_884' title='bbox 3311 5411 3473 5464; x_wconf 82' lang='lat' dir='ltr'><strong>agnus</strong></span> <span class='ocrx_word' id='word_1_885' title='bbox 3507 5397 3598 5450; x_wconf 81' lang='lat' dir='ltr'><strong>Dei</strong></span> <span class='ocrx_word' id='word_1_886' title='bbox 3620 5440 3636 5465; x_wconf 91' lang='lat'><strong>,</strong></span> <span class='ocrx_word' id='word_1_887' title='bbox 3667 5403 3750 5469; x_wconf 84' lang='lat' dir='ltr'><strong>qui</strong></span> 
     </span>
    </p>
   </div>
   <div class='ocr_carea' id='block_1_114' title="bbox 2156 5463 3752 5559">
    <p class='ocr_par' dir='ltr' id='par_1_114' title="bbox 2156 5463 3752 5559">
     <span class='ocr_line' id='line_1_116' title="bbox 2156 5463 3752 5559; baseline 0.021 -46"><span class='ocrx_word' id='word_1_888' title='bbox 2156 5463 2284 5516; x_wconf 82' lang='lat' dir='ltr'><strong>tollit</strong></span> <span class='ocrx_word' id='word_1_889' title='bbox 2318 5478 2578 5533; x_wconf 81' lang='lat' dir='ltr'><strong>peccatum</strong></span> <span class='ocrx_word' id='word_1_890' title='bbox 2607 5476 2817 5541; x_wconf 87' lang='lat' dir='ltr'><strong>mundi,</strong></span> <span class='ocrx_word' id='word_1_891' title='bbox 2854 5485 3019 5531; x_wconf 87' lang='lat' dir='ltr'><strong>tutam</strong></span> <span class='ocrx_word' id='word_1_892' title='bbox 3063 5479 3204 5534; x_wconf 83' lang='lat' dir='ltr'><strong>illaut</strong></span> <span class='ocrx_word' id='word_1_893' title='bbox 3237 5463 3458 5552; x_wconf 83' lang='lat' dir='ltr'><strong>depellit</strong></span> <span class='ocrx_word' id='word_1_894' title='bbox 3489 5463 3752 5559; x_wconf 82' lang='lat' dir='ltr'><strong>suspieio-</strong></span> 
     </span>
    </p>
   </div>
   <div class='ocr_carea' id='block_1_115' title="bbox 2155 5558 3751 5648">
    <p class='ocr_par' dir='ltr' id='par_1_115' title="bbox 2155 5558 3751 5648">
     <span class='ocr_line' id='line_1_117' title="bbox 2155 5558 3751 5648; baseline 0.019 -42"><span class='ocrx_word' id='word_1_895' title='bbox 2155 5569 2296 5608; x_wconf 87' lang='lat' dir='ltr'><strong>nem.</strong></span> <span class='ocrx_word' id='word_1_896' title='bbox 2345 5558 2442 5622; x_wconf 84' lang='grc' dir='ltr'><strong>Οιιὶ</strong></span> <span class='ocrx_word' id='word_1_897' title='bbox 2497 5562 2641 5615; x_wconf 79' lang='lat' dir='ltr'><strong>enim</strong></span> <span class='ocrx_word' id='word_1_898' title='bbox 2694 5565 2762 5619; x_wconf 89' lang='lat' dir='ltr'><strong>ita</strong></span> <span class='ocrx_word' id='word_1_899' title='bbox 2815 5582 2978 5634; x_wconf 85' lang='lat' dir='ltr'><strong>purus</strong></span> <span class='ocrx_word' id='word_1_900' title='bbox 3011 5579 3127 5632; x_wconf 90' lang='lat' dir='ltr'><strong>cst,</strong></span> <span class='ocrx_word' id='word_1_901' title='bbox 3179 5582 3234 5625; x_wconf 91' lang='lat' dir='ltr'><strong>ut</strong></span> <span class='ocrx_word' id='word_1_902' title='bbox 3271 5575 3497 5630; x_wconf 84' lang='lat' dir='ltr'><strong>altorum</strong></span> <span class='ocrx_word' id='word_1_903' title='bbox 3533 5592 3751 5648; x_wconf 79' lang='lat' dir='ltr'><strong>peccata</strong></span> 
     </span>
    </p>
   </div>
   <div class='ocr_carea' id='block_1_116' title="bbox 2153 5647 3748 5736">
    <p class='ocr_par' dir='ltr' id='par_1_116' title="bbox 2153 5647 3748 5736">
     <span class='ocr_line' id='line_1_118' title="bbox 2153 5647 3748 5736; baseline 0.021 -44"><span class='ocrx_word' id='word_1_904' title='bbox 2153 5647 2321 5712; x_wconf 75' lang='lat' dir='ltr'><strong>possit</strong></span> <span class='ocrx_word' id='word_1_905' title='bbox 2349 5649 2572 5704; x_wconf 87' lang='lat' dir='ltr'><strong>abluere</strong></span> <span class='ocrx_word' id='word_1_906' title='bbox 2592 5693 2606 5714; x_wconf 90' lang='lat'><strong>,</strong></span> <span class='ocrx_word' id='word_1_907' title='bbox 2644 5653 2686 5705; x_wconf 89' lang='lat' dir='ltr'><strong>is</strong></span> <span class='ocrx_word' id='word_1_908' title='bbox 2711 5696 2724 5716; x_wconf 95' lang='lat'><strong>,</strong></span> <span class='ocrx_word' id='word_1_909' title='bbox 2755 5667 2810 5710; x_wconf 91' lang='lat' dir='ltr'><strong>ut</strong></span> <span class='ocrx_word' id='word_1_910' title='bbox 2844 5659 3015 5726; x_wconf 88' lang='lat' dir='ltr'><strong>palam</strong></span> <span class='ocrx_word' id='word_1_911' title='bbox 3044 5670 3146 5724; x_wconf 72' lang='lat' dir='ltr'><strong>est,</strong></span> <span class='ocrx_word' id='word_1_912' title='bbox 3184 5679 3288 5716; x_wconf 90' lang='lat' dir='ltr'><strong>non</strong></span> <span class='ocrx_word' id='word_1_913' title='bbox 3317 5674 3372 5719; x_wconf 92' lang='lat' dir='ltr'><strong>ut</strong></span> <span class='ocrx_word' id='word_1_914' title='bbox 3400 5679 3616 5736; x_wconf 83' lang='lat' dir='ltr'><strong>peccata</strong></span> <span class='ocrx_word' id='word_1_915' title='bbox 3651 5687 3748 5726; x_wconf 87' lang='lat' dir='ltr'><strong>sua</strong></span> 
     </span>
    </p>
   </div>
   <div class='ocr_carea' id='block_1_117' title="bbox 2150 5738 3748 5830">
    <p class='ocr_par' dir='ltr' id='par_1_117' title="bbox 2150 5738 3748 5830">
     <span class='ocr_line' id='line_1_119' title="bbox 2150 5738 3748 5830; baseline 0.021 -44"><span class='ocrx_word' id='word_1_916' title='bbox 2150 5738 2468 5794; x_wconf 81' lang='lat' dir='ltr'><strong>conﬁteatur</strong></span> <span class='ocrx_word' id='word_1_917' title='bbox 2495 5746 2732 5812; x_wconf 83' lang='lat' dir='ltr'><strong>accedit,</strong></span> <span class='ocrx_word' id='word_1_918' title='bbox 2780 5750 2872 5803; x_wconf 87' lang='lat' dir='ltr'><strong>sed</strong></span> <span class='ocrx_word' id='word_1_919' title='bbox 2925 5759 2977 5804; x_wconf 87' lang='lat' dir='ltr'><strong>nt</strong></span> <span class='ocrx_word' id='word_1_920' title='bbox 3025 5753 3341 5810; x_wconf 85' lang='lat' dir='ltr'><strong>admirando</strong></span> <span class='ocrx_word' id='word_1_921' title='bbox 3391 5758 3462 5812; x_wconf 91' lang='lat' dir='ltr'><strong>illi</strong></span> <span class='ocrx_word' id='word_1_922' title='bbox 3513 5767 3748 5830; x_wconf 64' lang='lat' dir='ltr'><strong>pf&#39;JECttlli</strong></span> 
     </span>
    </p>
   </div>
   <div class='ocr_carea' id='block_1_118' title="bbox 2154 5829 3742 5922">
    <p class='ocr_par' dir='ltr' id='par_1_118' title="bbox 2154 5829 3742 5922">
     <span class='ocr_line' id='line_1_120' title="bbox 2154 5829 3742 5922; baseline 0.02 -43"><span class='ocrx_word' id='word_1_923' title='bbox 2154 5829 2490 5886; x_wconf 82' lang='lat' dir='ltr'><strong>occasionem</strong></span> <span class='ocrx_word' id='word_1_924' title='bbox 2534 5836 2769 5904; x_wconf 58' lang='lat' dir='ltr'><strong>praebeat</strong></span> <span class='ocrx_word' id='word_1_925' title='bbox 2795 5880 2810 5907; x_wconf 90' lang='lat'><strong>,</strong></span> <span class='ocrx_word' id='word_1_926' title='bbox 2852 5850 2910 5894; x_wconf 88' lang='lat' dir='ltr'><strong>ut</strong></span> <span class='ocrx_word' id='word_1_927' title='bbox 2961 5844 3194 5900; x_wconf 88' lang='lat' dir='ltr'><strong>secunda</strong></span> <span class='ocrx_word' id='word_1_928' title='bbox 3228 5849 3560 5922; x_wconf 76' lang='lat' dir='ltr'><strong>repetitaque</strong></span> <span class='ocrx_word' id='word_1_929' title='bbox 3613 5869 3742 5910; x_wconf 78' lang='lat' dir='ltr'><strong>voce</strong></span> 
     </span>
    </p>
   </div>
  </div>
