4048 6458
177 397 283 454 I09

173 528 297 584 quae
323 507 470 580 prius
495 505 640 561 dicta
689 501 902 557 fuerant
934 499 986 554 iu
1029 485 1361 553 audientium
1393 489 1589 547 animis
1619 488 1779 543 altius

174 578 891 674 iinprimerentur,laliaque
937 605 1148 648 rursum
1211 586 1599 657 adjicerentur.
1647 578 1781 638 Iliun

172 673 389 759 autem,
424 691 590 755 Ecce,
635 689 837 745 dictum
877 693 997 750 est,
1045 682 1168 754 quia
1217 679 1372 734 multi
1400 691 1545 748 saepe
1570 689 1638 731 ex
1668 673 1779 744 jam

172 788 334 845 dictis
355 792 413 843 et
449 799 482 841 a
522 782 693 840 multo
733 789 975 849 tempore
1019 773 1338 848 quaerebant
1363 784 1510 826 eum.
1548 767 1782 836 Ideoque

173 889 499 953 praesentem
539 877 686 932 illum
714 871 951 930 ostendit
993 883 1057 924 ac
1082 866 1212 924 dicit
1237 905 1253 932 ,
1285 863 1454 929 Ecce;
1483 857 1780 940 ostendens

173 937 328 1030 illum
363 973 539 1044 ipsum
569 983 690 1025 esse
719 966 807 1037 qui
853 964 965 1033 jam
993 960 1120 1017 olim
1166 956 1531 1030 quaerebatur.
1578 937 1676 1008 llic
1701 959 1785 1006 est

172 1078 370 1136 agnus.
402 1065 615 1133 Agnum
641 1066 824 1113 autem
853 1063 1048 1122 vocat,
1091 1052 1146 1107 in
1191 1057 1432 1136 mentem
1467 1044 1776 1101 Judzeorum

173 1123 824 1223 revocans-prophetiam
874 1145 1026 1202 Isaia:
1053 1185 1068 1209 ,
1107 1128 1318 1198 necnon
1347 1138 1595 1194 umbram
1627 1135 1777 1190 illam
1810 1123 1825 1143 "

173 1247 376 1320 Moysis
424 1253 665 1312 tempore
689 1283 704 1308 ,
733 1247 792 1295 ut
828 1253 925 1310 per
951 1225 1178 1308 figuram
1235 1233 1358 1319 illos
1383 1230 1554 1300 magis
1584 1227 1650 1283 ad
1678 1241 1774 1282 ve-

173 1341 391 1396 ritatem
418 1334 736 1392 adduceret.
760 1331 858 1388 Ille
887 1329 1105 1401 quidem
1144 1340 1315 1397 agnus
1361 1323 1562 1378 nullius
1594 1333 1784 1391 pecca-

173 1439 294 1485 tum
319 1426 567 1496 accepit;
596 1424 685 1480 hic
715 1430 895 1478 autem
925 1419 1094 1483 totius
1120 1417 1268 1474 orbis
1296 1423 1561 1471 terrarum
1594 1403 1785 1481 pecca-

174 1533 248 1578 ta.
301 1517 704 1576 Periclitantem
749 1515 952 1585 quippe
1000 1508 1262 1566 mundum
1307 1507 1416 1562 cito
1455 1504 1525 1559 ab
1557 1503 1635 1560 ira
1685 1499 1782 1557 Dei

171 1611 394 1682 eripuit.
427 1609 518 1667 50.
562 1606 667 1662 Hic
705 1615 778 1662 est
822 1605 885 1658 de
911 1618 1014 1674 quo
1043 1599 1152 1654 dixi
1172 1640 1188 1667 ,
1226 1597 1330 1666 Qui
1359 1605 1476 1668 post
1500 1610 1580 1649 me
1610 1592 1739 1648 venit
1762 1628 1779 1658 ,

171 1713 297 1758 ante
331 1717 413 1757 me
439 1701 607 1770 [actus
636 1705 734 1752 est.

242 1797 304 1853 2.
342 1769 535 1848 Viden”
573 1786 740 1842 etiam
801 1781 891 1835 hic
946 1792 1060 1849 quo
1115 1780 1282 1847 pacto
1336 1786 1528 1826 vocem
1597 1769 1768 1834 illam,

178 1890 342 1952 Ante,
369 1873 808 1951 interpretatur?
855 1870 990 1926 Nam
1018 1883 1146 1924 cum
1179 1867 1414 1922 dixisset
1456 1877 1682 1934 agnum,
1715 1869 1771 1915 et

169 1973 350 2041 ipsum
373 1967 562 2025 tollere
589 1974 863 2038 peccatum
890 1962 1100 2028 mundi,
1134 1971 1262 2017 tunc
1291 1961 1404 2026 ait,
1436 1957 1565 2012 Ante
1589 1971 1668 2010 me
1694 1957 1777 2027 fa-

167 2073 284 2118 ctus
305 2071 418 2128 est;
443 2059 732 2116 ostendens
752 2055 908 2123 illud,
937 2056 1090 2122 Ante,
1118 2054 1195 2109 sic
1225 2050 1603 2122 explicandum
1635 2062 1777 2112 esse,

167 2153 318 2226 quod
363 2152 513 2209 tollat
561 2157 777 2221 peccata
809 2146 1019 2214 mundi,
1060 2143 1202 2215 quod
1233 2142 1467 2214 baptizet
1496 2141 1548 2194 in
1577 2139 1780 2209 Spiritu

167 2251 380 2299 sancto.
407 2240 684 2297 Adventus
707 2239 906 2310 quippe
929 2249 1082 2292 meus
1105 2234 1234 2290 nihil
1263 2233 1381 2302 plus
1409 2230 1593 2286 habuit
1618 2243 1778 2299 quam

166 2334 316 2406 quod
355 2347 696 2390 communem
737 2329 884 2386 orbis
914 2325 1314 2384 benefactorem
1338 2319 1741 2394 prtedieaverim
1763 2360 1777 2383 ,

166 2439 226 2485 et
251 2427 394 2499 quod
421 2425 742 2496 baptismum
783 2438 936 2494 aquae
981 2419 1446 2481 ministraverim;
1489 2413 1650 2486 hujus
1680 2429 1779 2468 au~

169 2530 280 2577 tem
312 2517 574 2574 adventus
604 2531 742 2588 opus
765 2514 892 2570 illud
911 2522 1015 2581 est,
1034 2523 1266 2585 purgare
1295 2509 1541 2565 homines
1564 2521 1778 2573 omnes,

167 2610 436 2669 Paracicti
460 2609 829 2680 operationem
861 2605 1065 2677 largiri.
1091 2604 1188 2660 Hic
1215 2603 1344 2657 Ante
1373 2617 1454 2656 me
1483 2600 1647 2671 factus
1665 2607 1781 2662 est;

167 2706 224 2762 id
249 2715 352 2772 est,
382 2719 469 2760 me
492 2703 691 2759 clarior
719 2699 985 2772 apparuit,
1017 2698 1150 2766 Quia
1179 2699 1320 2768 prior
1360 2712 1439 2750 me
1483 2703 1610 2749 erat.
1645 2693 1782 2748 Eru-

167 2795 393 2851 bescant
439 2797 473 2849 ii
525 2794 614 2862 qui
647 2793 794 2848 Pauli
844 2789 1182 2846 Samosateni
1224 2789 1470 2843 insanum
1537 2799 1778 2840 errorem

163 2903 459 2958 suscepere
486 2885 584 2959 (a),
606 2885 695 2957 qui
719 2893 824 2940 tam
859 2892 1102 2955 apertam
1131 2887 1443 2952 oppugnant
1471 2878 1776 2934 veritatem.

164 2985 260 3039 31.
293 2981 360 3037 Et
379 2998 472 3054 ego
501 2981 778 3036 nesciebam
802 2996 937 3034 eum.
969 2977 1102 3032 Vide
1121 2990 1229 3047 quo
1259 2982 1413 3044 pacto
1438 2986 1652 3051 omnem
1677 2969 1780 3027 hoc

165 3072 482 3129 testimonio
508 3068 720 3126 auferat
763 3068 1149 3139 suspicionem,
1183 3061 1478 3120 ostendens
1508 3061 1638 3116 illud
1670 3077 1776 3116 non

163 3182 236 3223 ex
260 3166 490 3220 humana
511 3163 679 3235 gratia
708 3170 763 3217 et
808 3160 1064 3225 amicitia,
1114 3156 1208 3214 sed
1251 3172 1316 3213 ex
1347 3155 1525 3211 divina
1575 3154 1780 3209 revela-

164 3257 318 3314 tione
343 3253 630 3328 proﬁcisci.
664 3252 777 3325 Ego
800 3252 1088 3307 nesciebam
1117 3266 1250 3314 eum,
1278 3247 1470 3318 inquit.
1495 3243 1779 3313 Quomodo

163 3366 302 3423 ergo
334 3349 438 3406 [ide
457 3348 651 3420 dignus
679 3345 833 3402 testis
861 3342 1076 3399 fueris?
1119 3340 1393 3413 quomodo
1434 3339 1568 3394 alios
1614 3338 1779 3393 doce-

165 3446 278 3510 bis,
308 3443 352 3498 si
381 3443 494 3513 ipse
518 3440 772 3511 ignores?
803 3437 921 3493 Non
971 3435 1127 3499 dixit,
1159 3433 1277 3489 Non
1303 3432 1428 3488 novi
1453 3430 1625 3497 illum,
1659 3429 1776 3495 sed,

167 3535 472 3592 Nesciebam
495 3549 645 3600 eum;
681 3533 751 3586 ita
799 3539 856 3585 ut
883 3529 1010 3585 hinc
1056 3527 1293 3583 maxime
1324 3523 1430 3580 tide
1457 3523 1653 3594 dignus
1681 3537 1779 3592 ap.

164 3637 374 3700 pareat.
404 3626 523 3696 Quo
571 3635 729 3696 pacto
755 3623 899 3679 enim
928 3623 980 3676 in
1011 3619 1128 3691 ejus
1155 3619 1407 3690 gratiam,
1440 3631 1598 3687 quem
1629 3616 1780 3686 igno-

163 3719 360 3784 rabat,
391 3718 644 3789 loquutus
676 3713 871 3770 fuerit?
912 3711 1020 3768 Sed
1044 3721 1098 3766 ut
1124 3709 1476 3779 manifestetur
1503 3709 1556 3762 in
1589 3705 1776 3774 Israel,

163 3811 283 3866 ideo
322 3809 435 3865 ueni
460 3808 722 3879 baptisans
767 3808 819 3860 in
860 3820 1012 3876 aqua.
1040 3802 1158 3858 Non
1185 3815 1314 3873 ergo
1340 3790 1430 3856 ille
1457 3799 1780 3870 baptismate

167 3917 309 3973 opus
335 3900 594 3968 habebat;
651 3912 829 3970 neque
881 3895 986 3951 alia
1025 3895 1095 3950 de
1134 3908 1295 3951 causa
1338 3893 1610 3947 lavacrum
1649 3890 1776 3945 illud

167 4002 420 4066 paratum
445 3990 638 4055 fuerat,
674 4003 833 4060 quam
876 3997 936 4042 ut
965 3985 1214 4042 omnibus
1259 3981 1327 4038 ad
1371 3981 1570 4037 Christi
1618 3979 1776 4035 tidem

166 4087 314 4143 viam
341 4091 624 4141 sterneret.
653 4080 772 4137 Non
797 4080 942 4136 enim
973 4078 1131 4145 dixit,
1161 4076 1234 4133 Ut
1272 4075 1574 4145 baptizatos
1616 4089 1778 4144 puros

169 4176 416 4243 reddam,
441 4188 636 4246 neque,
657 4172 995 4242 Baptizatum
1039 4169 1182 4238 veni,
1212 4176 1273 4223 ut
1299 4183 1327 4221 a
1360 4166 1598 4238 peccatis
1641 4165 1777 4220 libe-

170 4278 336 4332 rem:
375 4265 494 4333 sed,
553 4265 626 4321 Ut
674 4263 1023 4334 manifestetur
1070 4261 1123 4315 in
1172 4259 1360 4314 Israel.
1409 4258 1548 4327 Quid
1595 4257 1777 4322 enim,

165 4372 355 4431 quasso
375 4355 484 4412 ?an
517 4356 636 4412 sine
673 4353 997 4425 baptismate
1039 4366 1145 4407 non
1174 4351 1371 4407 licebat
1402 4349 1697 4421 praedicare
1725 4355 1782 4404 et

166 4450 426 4523 populum
448 4448 753 4504 attrahere?
779 4447 976 4502 Verum
1003 4461 1110 4503 non
1144 4444 1196 4500 id
1231 4445 1300 4500 ita
1333 4443 1491 4500 facile
1523 4443 1639 4499 fieri
1677 4459 1774 4513 po-

168 4551 312 4598 terat
335 4541 375 4595 ¹.
406 4539 588 4611 Neque
619 4538 763 4594 enim
801 4538 873 4592 ita
897 4535 1299 4614 concurrissent
1328 4549 1539 4601 omnes,
1568 4534 1612 4589 si
1641 4550 1778 4604 prae-

167 4633 372 4691 dicatio
407 4632 525 4688 sine
577 4631 897 4702 baptismate
946 4629 1172 4693 fuisset;
1224 4642 1324 4683 nec
1377 4626 1781 4697 comparatione

165 4725 308 4782 facta
331 4725 448 4796 ejus
471 4721 932 4795 praeminentium
955 4719 1324 4776 edidicisscnt.
1348 4715 1624 4788 Siquidem
1644 4715 1780 4770 mul-

168 4819 345 4877 titudo
372 4819 573 4885 exibat,
607 4832 714 4873 non
743 4824 800 4870 ut
825 4830 944 4888 qua:
981 4813 1196 4870 dicebat
1227 4811 1438 4866 audiret
1473 4830 1484 4864 :
1523 4810 1616 4865 sed
1643 4804 1779 4865 cur?

166 4911 244 4971 Ut
294 4911 610 4967 conﬁtentes
661 4916 881 4980 peccata
933 4906 1357 4977 baptizarcntur.
1415 4897 1779 4959 Advenientes

165 5012 348 5059 autem
371 5017 490 5072 qua:
518 4999 585 5055 ad
611 4998 887 5056 Christum
911 4997 1230 5069 spectabant
1259 4995 1612 5060 docebantur,
1647 5008 1777 5049 ncc-

165 5109 277 5152 non
320 5092 571 5166 baptismi
617 5090 999 5148 differentiam.
1055 5089 1155 5144 Hic
1197 5089 1341 5144 enim
1393 5095 1510 5143 erat
1553 5086 1780 5142 Judaico

166 5187 547 5259 prmstantior;
597 5183 825 5254 ideoque
867 5195 1059 5238 omnes
1098 5180 1451 5238 accurrebant
1484 5195 1497 5231 :
1540 5187 1777 5234 attamen

165 5278 257 5335 Iilc
285 5277 579 5349 baptismus
610 5274 960 5347 imperfectus
981 5282 1116 5329 erat.
1162 5273 1449 5342 Quomodo
1485 5271 1649 5342 igitur
1687 5285 1778 5325 co-

164 5367 401 5442 gnovisti
453 5367 617 5424 eum?
670 5366 773 5422 Per
815 5364 1138 5421 descensum
1185 5364 1436 5434 Spiritus.
1465 5362 1658 5433 inquit.
1698 5349 1778 5417 Nc

165 5461 292 5534 quis
313 5470 494 5516 autem
523 5460 648 5514 hinc
678 5458 973 5524 existimet,
1006 5457 1159 5514 illum
1207 5457 1409 5528 Spiritu
1458 5457 1694 5528 eguisse,
1719 5465 1778 5510 ut

167 5567 272 5610 nos
299 5567 540 5625 egemus,
569 5549 692 5606 audi
717 5549 989 5622 quomodo
1018 5549 1158 5605 hanc
1177 5563 1392 5621 quoque
1415 5549 1776 5620 suspicionem

231 5665 308 5728 (a)
340 5661 539 5728 Dicebat
563 5656 734 5728 Paulus
756 5662 1099 5728 samosateaus
1122 5652 1518 5728 Fillunt‘nuliam
1550 5653 1777 5718 hypoca-

167 5717 254 5781 συί
282 5717 515 5776 habuisse
545 5727 804 5781 antequam
838 5730 903 5766 ex
928 5717 1070 5766 naria
1103 5724 1410 5766 nascerewr.

231 5793 250 5823 ι
288 5789 342 5841 In
374 5786 664 5853 quibusdam
698 5785 902 5853 legitur,
927 5798 989 5834 an
1008 5783 1112 5835 sine
1137 5783 1485 5848 baptismate...
1528 5789 1576 5834 et
1611 5794 1767 5846 popa-

164 5851 270 5904 Ium
297 5845 406 5904 ωιιὶ
425 5847 572 5917 facile
603 5845 848 5898 attrahere
870 5845 894 5896 .9
917 5845 1242 5911 nequam.

509 5942 780 6008 Ρέιτιιοι.
828 5948 943 6008 (in.
980 5947 1151 6014 LIX.

1326 375 1392 432 IN
1431 372 1746 432 JOANNEM
1783 369 2013 428 IIOMIL.
2057 369 2219 427 XVII.
2263 371 2334 426 al.
2380 368 2519 427 XVI.

1891 496 2160 553 amoveat,
2189 485 2484 544 ostendens
2508 485 2742 558 Spiritus
2764 485 3088 542 descensum
3115 481 3184 538 ad
3217 482 3514 552 praedican-

1889 582 2019 637 dum
2047 580 2325 637 Christum
2349 571 2695 637 solummodo
2721 573 2913 636 fuisse.
2942 575 3078 634 Cum
3100 568 3325 633 dixisset
3345 580 3512 646 enim,

1891 673 1962 729 Et
1991 691 2082 746 ego
2111 692 2215 730 non
2238 673 2604 747 cognoscebam
2625 689 2764 741 eum,
2792 672 3105 744 subjunxit:
3132 671 3241 728 Sed
3269 673 3360 745 qui
3380 674 3511 727 misit

1891 783 1971 821 tne
1993 767 2258 838 baptizare
2277 768 2332 824 in
2362 783 2519 839 aqua,
2540 757 2632 822 ille
2657 752 2787 822 mihi
2812 766 2948 822 dixit
2990 781 3012 820 :
3057 765 3230 837 Super
3255 781 3404 837 quem
3442 769 3513 820 vi.

1891 854 2028 913 deris
2055 859 2314 930 Spiritum
2333 859 2738 922 descendentem,
2779 867 2828 913 et
2868 867 3160 912 manentem
3181 873 3337 926 super
3358 873 3472 911 eum
3497 890 3512 922 δ

1891 949 1980 1003 ille
2007 961 2082 1004 est
2103 951 2192 1020 qui
2208 951 2434 1021 baptizat
2481 951 2533 1005 in
2589 950 2795 1021 Spiritu
2841 959 3039 1004 sancto.
3069 937 3266 1003 Viden'
3312 943 3379 1004 ad
3413 948 3514 1003 hoc

1889 1043 2106 1104 venisse
2131 1041 2391 1113 Spiritum
2418 1051 2690 1107 sanctum,
2736 1050 2796 1096 ut
2821 1039 3099 1095 Christum
3155 1037 3513 1095 Ostenderet?

1892 1122 2027 1190 Erat
2058 1135 2270 1206 quippe
2317 1137 2480 1192 etiam
2532 1135 2758 1192 Joannis
2805 1134 3174 1191 testimonium
3205 1132 3513 1202 suspicione

1890 1242 2138 1283 vacuum.
2172 1227 2245 1308 Ut
2272 1236 2458 1284 autem
2501 1227 2633 1283 illud
2665 1227 2768 1282 ﬁde
2821 1219 3038 1296 dignius
3093 1222 3378 1279 exhiberet
3401 1264 3419 1290 ,
3441 1222 3512 1277 ad

1891 1318 2064 1375 Deum
2091 1318 2308 1376 reduxit
2351 1327 2406 1375 et
2451 1319 2520 1376 ad
2558 1319 2818 1392 Spiritum
2861 1327 3130 1372 sanctum.
3179 1315 3316 1383 Quia
3363 1314 3511 1371 enim

1887 1401 2124 1469 Joannes
2173 1399 2293 1470 rem
2341 1419 2566 1480 tantam,
2617 1417 2726 1468 tam
2771 1409 3143 1467 admirandam
3175 1408 3508 1480 pradicavit,

1888 1518 2011 1575 quae
2042 1514 2225 1575 posset
2248 1502 2522 1561 auditores
2547 1519 2740 1560 omnes
2797 1503 2851 1558 in
2891 1505 3167 1573 stuporem
3200 1497 3508 1570 conjicere;

1888 1612 2085 1669 nempe
2099 1584 2243 1669 quod
2273 1598 2387 1670 ipse
2414 1588 2564 1654 solus
2588 1583 2738 1653 orbis
2766 1598 2986 1666 peccata
3033 1593 3214 1649 omnia
3255 1593 3468 1650 tolleret
3487 1635 3506 1657 ,

1887 1697 1944 1746 et
1968 1677 2112 1760 quod
2138 1689 2267 1744 doni
2295 1688 2611 1760 magnitudo
2631 1687 2700 1743 ad
2725 1696 2927 1743 tantam
2947 1674 3379 1756 redemptionem
3397 1674 3510 1740 suis

1889 1780 2077 1838 ticeret
2109 1796 2126 1836 :
2157 1780 2299 1837 hanc
2337 1780 2557 1836 demum
2595 1779 2920 1835 sententiam
2959 1778 3158 1833 ﬁrmat.
3200 1765 3508 1834 Conﬁrmas

1889 1881 1978 1928 tur
2001 1881 2185 1928 autem
2216 1887 2284 1927 ex
2315 1886 2383 1927 eo
2409 1870 2555 1942 quod
2578 1871 2649 1926 sit
2677 1870 2850 1925 Filius
2881 1869 2998 1931 Dei,
3039 1852 3184 1939 quod
3211 1884 3318 1924 non
3355 1877 3511 1938 egeat

1887 1961 2234 2033 baptismate,
2266 1971 2322 2018 ct
2349 1961 2495 2032 quod
2524 1961 2646 2018 ideo
2672 1971 2882 2016 tantum
2911 1959 3143 2028 Spiritus
3188 1959 3507 2025 descendit,

1888 2063 1947 2109 ut
1977 2054 2124 2110 illum
2150 2055 2537 2110 manifestaret.
2567 2053 2684 2108 Non
2714 2053 2868 2108 enim
2897 2067 3066 2122 penes
3102 2051 3364 2107 Joannem
3392 2060 3510 2106 crat

1888 2147 2149 2219 Spiritum
2181 2148 2333 2213 dare,
2384 2146 2527 2218 quod
2562 2144 2842 2201 declarant
2877 2145 2910 2199 ii
2935 2144 3029 2216 qui
3069 2144 3138 2199 ab
3166 2143 3286 2214 ipso
3330 2142 3508 2213 bapti-

1886 2254 2064 2302 smum
2085 2249 2431 2311 acceperant,
2449 2238 2695 2294 dicentes
2721 2254 2736 2292 :
2759 2236 2868 2292 Sed
2889 2252 3050 2308 neque
3065 2236 3110 2290 si
3132 2234 3363 2306 Spiritus
3382 2250 3510 2290 san-

1887 2341 1999 2385 ctus
2027 2338 2103 2386 est
2126 2330 2414 2386 audivimus
2435 2329 2589 2402 (Act.
2621 2329 2712 2386 t9.
2743 2323 2780 2384 2
2798 2330 2843 2401 ).

1959 2422 2192 2480 Christus
2242 2423 2545 2496 baptismate
2595 2412 2821 2480 Joannis
2856 2432 2958 2479 nott
3005 2413 3204 2494 egebat,
3233 2414 3322 2477 sed
3349 2407 3508 2478 Citri-

1886 2525 1965 2570 sto
2009 2514 2296 2588 Baptisma.
2365 2509 2538 2586 Quare
2587 2513 2820 2572 Joannes
2873 2515 2938 2570 Β.
2989 2517 3277 2586 frequenter
3330 2514 3505 2580 dicat,

1886 2607 2169 2662 nesciebam
2215 2624 2349 2663 eum.
2391 2639 2462 2648 —
2520 2608 2638 2664 Non
2692 2624 2823 2680 ergo
2885 2608 3209 2677 baptismate
3258 2603 3508 2662 Christus

1887 2697 2100 2768 egebat,
2129 2714 2236 2755 non
2270 2700 2383 2767 illo,
2425 2715 2532 2754 non
2564 2700 2703 2768 alio;
2758 2700 2853 2756 sed
2886 2699 3066 2771 potius
3109 2698 3374 2768 baptisma
3405 2712 3508 2767 po-

1888 2793 2054 2848 tentia
2111 2792 2332 2849 Christi.
2374 2792 2508 2848 Nam
2563 2792 2840 2849 residuum
2893 2800 3055 2864 caput
3101 2799 3219 2847 erat
3263 2792 3506 2846 omnium

1887 2886 2174 2955 benorum,
2229 2895 2289 2942 ut
2335 2888 2546 2943 scilicet
2591 2888 2894 2958 baptizatus
2936 2887 3142 2958 Spiritu
3188 2899 3378 2943 sancto
3425 2885 3508 2940 di-

1884 2989 2160 3047 guaretur.
2189 2979 2304 3035 Iloc
2341 2974 2573 3051 Spiritus
2605 2979 2808 3036 donum
2846 2979 3053 3035 addidit
3075 2980 3164 3035 ille
3190 2994 3310 3035 cum
3338 2979 3505 3035 adve-

1887 3071 1981 3122 nit.
2007 3068 2098 3124 32.
2131 3069 2202 3125 Et
2228 3072 2573 3126 testimonium
2603 3072 2857 3142 perhibuit
2878 3072 3111 3126 Joannes
3132 3065 3306 3128 dicens
3343 3086 3362 3125 :
3389 3063 3507 3124 Vidi

1887 3158 2144 3230 Spiritum
2185 3162 2572 3243 descendentem
2602 3165 2734 3217 sicut
2773 3155 3091 3232 columbam,
3133 3171 3182 3218 et
3215 3172 3506 3218 manentem

1884 3269 2040 3336 super
2060 3268 2193 3307 eum.
2229 3256 2318 3311 35.
2345 3240 2413 3308 Et
2455 3254 2565 3327 Ego
2597 3249 2880 3311 nesciebant
2919 3252 3033 3310 eum
3072 3271 3091 3309 :
3118 3240 3209 3311 sed
3242 3253 3333 3328 qui
3370 3255 3507 3312 misit

1886 3362 1966 3400 me
1993 3345 2255 3418 baptizare
2280 3349 2333 3402 in
2370 3347 2646 3428 aqua,'ille
2675 3347 2804 3402 milii
2831 3345 2966 3403 dixit
2988 3364 3008 3401 :
3032 3344 3210 3419 Super
3252 3350 3399 3420 quem
3425 3351 3505 3404 ei.

1885 3439 2021 3494 deris
2052 3438 2307 3510 Spiritum
2330 3439 2737 3506 descendentem,
2774 3447 2822 3493 et
2840 3447 3127 3493 manentem
3171 3445 3326 3510 super
3365 3457 3501 3506 eum,

1885 3531 1966 3585 hic
1995 3531 2176 3602 estqui
2201 3525 2426 3601 baptizat
2455 3531 2508 3584 in
2537 3529 2740 3600 Spiritu
2753 3541 2950 3585 sancto.
2985 3513 3074 3585 3i.
3101 3529 3169 3602 Et
3197 3537 3286 3602 ego
3307 3525 3434 3600 vidi,
3455 3542 3507 3587 et

1887 3601 2228 3676 testimonium
2252 3621 2509 3691 perhibui,
2536 3622 2658 3688 quia
2680 3616 2767 3675 hic
2792 3631 2865 3676 est
2895 3620 2943 3674 F
2945 3621 3064 3675 ilius
3088 3601 3204 3676 Dei.
3228 3601 3508 3693 Frequen-

1888 3724 1969 3770 ter
1998 3715 2104 3770 hoc
2134 3715 2301 3770 utitur
2325 3714 2493 3781 dicto,
2528 3713 2832 3770 Nesciebam
2857 3732 3004 3782 eum;
3037 3703 3136 3771 nec
3165 3716 3282 3772 siue
3307 3731 3467 3773 causa
3488 3758 3503 3778 .

1886 3805 1981 3861 sed
2009 3805 2131 3876 quia
2159 3814 2421 3877 cognatus
2447 3806 2566 3878 ejus
2594 3816 2712 3862 erat
2737 3807 2753 3839 ¹
2776 3790 3075 3863 secundum
3103 3811 3342 3864 carnem.
3374 3798 3510 3864 Ecce

1886 3897 2134 3962 Elisabct,
2189 3899 2381 3977 inquit.
2430 3909 2648 3968 cognata
2689 3904 2892 3966 tua,-et
2926 3889 3041 3969 ipsa
3070 3886 3300 3972 concepit
3339 3892 3508 3970 filium

1888 3987 1907 4055 (
1925 3977 2054 4042 an.
2085 3992 2136 4044 1.
2177 3977 2248 4044 36
2271 3989 2310 4058 ).
2356 3987 2436 4044 Ne
2466 3991 2741 4046 videretur
2791 4004 2923 4062 ergo
2960 3991 3296 4061 cognationis
3333 3993 3506 4062 gratia

1886 4077 2052 4152 loqui,
2089 4083 2402 4152 frequenter
2426 4082 2579 4151 dicit,
2617 4081 2926 4139 Nesciebam
2951 4098 3089 4138 eum.
3140 4083 3218 4136 Ac
3263 4098 3391 4138 vero
3431 4083 3504 4138 ita

1885 4189 1974 4231 res
2029 4188 2089 4230 se
2141 4159 2377 4231 habuit:
2413 4190 2540 4230 nam
2588 4183 2704 4231 toto
2759 4174 2883 4230 vitae
2934 4167 3179 4245 tempore
3205 4173 3258 4232 in
3286 4173 3507 4230 deserto

1885 4268 2204 4323 versabatur
2226 4276 2379 4323 extra
2408 4277 2690 4338 paternam
2719 4259 2963 4325 domum.
2987 4261 3100 4323 Cur
3128 4281 3278 4339 ergo,
3307 4267 3354 4323 si
3381 4277 3508 4324 ante

1886 4360 2120 4431 Spiritus
2173 4360 2497 4416 descensum
2553 4377 2662 4417 non
2712 4371 2944 4418 noverat
2994 4375 3142 4425 eum.
3182 4370 3238 4416 et
3279 4361 3324 4416 si
3353 4359 3508 4417 illutn

1888 4465 2014 4509 tunc
2043 4455 2274 4524 primum
2300 4456 2468 4535 novit,
2501 4463 2627 4510 ante
2654 4451 2983 4535 baptismum
3028 4451 3351 4526 prohibebat
3377 4469 3504 4510 eum

1883 4547 2091 4612 dicens,
2117 4545 2230 4619 Ego
2251 4563 2283 4601 a
2308 4555 2357 4602 te
2373 4529 2539 4602 "debeo
2577 4544 2831 4617 baptizari
2861 4529 3090 4616 (Matth.
3123 4547 3177 4601 δ.
3209 4546 3278 4601 tt
3305 4545 3364 4616 )t
3393 4544 3508 4601 Hoc

1885 4642 2030 4695 cutim
2065 4642 2276 4711 signum
2306 4657 2354 4695 ex
2450 4633 2729 4695 Christum
2759 4638 2862 4695 sibi
2889 4638 3062 4710 probe
3092 4647 3282 4694 notum
3317 4635 3504 4694 fuisse.

1887 4734 2090 4791 Verum
2118 4750 2226 4789 non
2257 4734 2349 4788 diu
2375 4742 2530 4799 ante;
2564 4743 2620 4789 et
2648 4732 2772 4802 jure
2798 4732 3039 4803 quidem.
3068 4731 3204 4788 Nam
3243 4725 3502 4788 miracula

1887 4827 2009 4892 illa,
2056 4842 2177 4895 qua:
2219 4823 2346 4879 dum
2394 4840 2528 4895 puer
2567 4833 2711 4880 esset
2741 4823 2904 4881 Iesus
2933 4824 3072 4879 facta
3111 4832 3273 4892 sunt,
3307 4837 3506 4894 nempe

1885 4920 2028 4975 circa
2076 4933 2264 4988 magos
2311 4926 2367 4973 et
2415 4903 2643 4985 similia,
2689 4918 2862 4974 multo
2883 4927 3009 4972 ante
3033 4927 3278 4986 tempore
3325 4917 3505 4971 conti-

1885 5022 2092 5083 gerant,
2129 5013 2246 5083 ipso
2271 5027 2484 5081 quoque
2505 5009 2716 5066 Joanne
2748 5010 2926 5065 adhuc
2964 5008 3169 5064 infante
3201 5025 3216 5064 :
3246 5023 3344 5080 per
3367 5000 3506 5078 mul:

1888 5115 1998 5160 tum
2051 5115 2228 5160 autem
2279 5103 2408 5158 illud
2458 5102 2604 5176 quod
2646 5101 2845 5160 abhinc
2888 5101 3195 5159 intercessit
3251 5111 3502 5172 tempus,

1885 5196 2136 5252 omnibus
2191 5202 2310 5256 erat
2350 5195 2588 5264 ignotus.
2619 5191 2755 5248 Nam
2809 5193 2854 5248 si
2905 5202 3068 5248 natus
3121 5189 3347 5259 fuisset,
3395 5201 3537 5248 nnn’

1887 5288 2128 5343 dicturus
2168 5295 2308 5353 erat,
2361 5275 2429 5341 Ut
2474 5286 2832 5356 mattifestetur
2880 5280 2934 5338 in
2983 5273 3174 5350 Israel,
3224 5284 3340 5338 ideo
3394 5286 3506 5338 veni

1884 5380 2161 5448 baptizare.

1958 5473 2011 5528 3.
2076 5471 2210 5527 llinc
2249 5471 2425 5543 palam
2468 5476 2551 5527 est
2599 5470 2753 5543 signa
2785 5466 2869 5524 illa
2916 5483 3038 5540 qua:
3098 5483 3128 5523 a
3181 5467 3400 5524 Christo
3448 5468 3500 5522 in

1887 5565 2112 5635 pueritia
2169 5565 2303 5620 facta
2358 5564 2626 5630 feruntur,
2675 5562 2808 5618 falsa
2839 5572 2953 5618 eta
3000 5559 3320 5632 quibusdam
3373 5575 3504 5614 con-

1949 5740 1969 5774 ⁸
2002 5740 2170 5801 Savil.,
2193 5746 2247 5790 et
2279 5733 2431 5792 Codd.
2466 5738 2593 5800 705,
2628 5739 2756 5800 706,
2791 5740 2870 5801 sic
2893 5737 3208 5801 habent......
3251 5752 3273 5780 ι
3307 5735 3502 5801 Nescia.

1885 5800 1998 5919 baut;
2035 5797 2165 5854 cuin;
2188 5818 2212 5849 ι
2252 5811 2354 5865 oua
2389 5806 2452 5853 de
2501 5797 2680 5854 causa.
2715 5797 2762 5848 et
2805 5800 2872 5851 nd
2905 5799 3026 5863 quid
3058 5798 3083 5848 ?
3115 5804 3355 5861 cognatus
3399 5797 3508 5863 ejus

3085 5962 3124 6024 ’1
