4048 6446
569 477 687 530 tieta
739 491 859 534 esse
891 479 1149 552 (a).Nam
1178 479 1222 534 si
1263 493 1291 531 a
1349 490 1513 546 puero
1559 469 1814 528 miracula
1860 466 2132 525 edidisset,

563 569 795 625 Joannes
844 585 950 625 non
994 571 1139 624 illum
1176 568 1546 638 iguoravisset,
1600 578 1702 618 nec
1746 561 1948 630 reliqua
2002 555 2138 646 mul-

564 662 733 717 titudo
779 678 913 735 opus
949 662 1217 718 habuisset
1259 659 1478 715 doctore
1525 655 1616 725 qui
1666 652 1814 708 illum
1860 649 2136 705 indicaret.

566 751 715 806 Nunc
741 763 915 807 autem
948 754 1060 822 ipse
1085 753 1178 819 ait,
1205 766 1266 807 se
1291 750 1412 806 ideo
1441 749 1670 811 venisse,
1699 744 1765 800 Ut
1786 744 2140 814 manifestare-

565 853 644 896 tur
662 846 712 896 in
741 842 906 898 Israel
922 859 942 909 ,'
970 855 1128 914 atque
1155 843 1275 899 ideo
1296 856 1507 898 rursum
1529 839 1759 904 dicebat,
1788 835 1894 906 Ego
1923 851 1955 887 a
1982 843 2027 886 te
2047 831 2138 884 de-

564 935 652 988 bro
672 937 936 1005 baptizari.
966 936 1187 1002 Deinde,
1234 942 1416 1004 utpote
1450 932 1540 1002 qui
1570 930 1768 985 clarius
1797 924 2134 988 edidicisset,

564 1027 734 1081 turbis
781 1028 950 1096 ipsum
998 1027 1305 1097 praedicavit
1333 1025 1516 1080 dicens
1548 1041 1562 1077 :
1587 1021 1686 1075 Hic
1703 1029 1806 1074 erat
1821 1033 1965 1089 quem
1985 1014 2092 1068 dixi
2120 1028 2140 1066 :

561 1115 689 1171 Iâ€™ost
719 1119 961 1172 nte-venit
989 1120 1062 1172 vir
1084 1120 1172 1190 qui
1199 1127 1411 1172 anteme
1430 1121 1596 1189 factus
1625 1124 1731 1180 est;
1759 1111 2009 1183 quoniam
2040 1105 2141 1171 Qui

562 1211 697 1263 misit
724 1226 800 1263 me
825 1211 1078 1278 baptizare
1114 1210 1168 1264 in
1193 1225 1344 1278 aqua,
1373 1208 1598 1278 ideoque
1621 1220 1709 1260 me
1732 1201 1896 1268 misit,
1930 1198 1996 1255 Ut
2025 1214 2138 1250 ma-

561 1301 878 1366 nifestaretur
906 1303 958 1354 in
986 1300 1169 1368 Israel,
1225 1302 1338 1372 ipse
1365 1301 1437 1355 illi
1466 1311 1592 1354 ante
1618 1298 1935 1352 descensum
1969 1291 2139 1361 Spiri-

562 1402 645 1446 tus
673 1393 842 1461 ipsum
868 1394 1141 1448 revelavit.
1175 1393 1531 1462 Quamobrem
1554 1401 1838 1460 antequam
1864 1385 2142 1441 adveniret

557 1482 801 1538 dicebat:
836 1483 961 1538 Post
1014 1501 1093 1538 me
1136 1487 1286 1548 venit,
1334 1486 1419 1555 qui
1448 1493 1565 1538 ante
1601 1498 1679 1536 me
1706 1485 1869 1552 factus
1897 1486 1988 1533 est.
2023 1475 2137 1530 Non

545 1589 686 1644 ergo
717 1586 934 1631 noverat
973 1577 1119 1631 illum
1146 1586 1428 1646 antequam
1460 1576 1665 1630 veniret
1705 1574 1771 1629 ad
1809 1572 2095 1628 Jordanem
2120 1610 2134 1634 ,

559 1679 851 1735 omnesque
887 1668 1217 1736 baptizaret:
1251 1668 1344 1721 sed
1371 1667 1588 1736 quando
1628 1663 1975 1734 baptizandus
1998 1667 2134 1725 erat,

561 1765 688 1810 tunc
709 1757 854 1810 illum
880 1760 1126 1828 cognovit
1157 1777 1170 1812 :
1202 1760 1317 1827 ipso
1361 1758 1520 1813 Patre
1561 1759 1704 1813 illum
1751 1755 2022 1826 propheta:
2052 1765 2138 1806 re-

559 1846 785 1911 velaute,
810 1855 863 1901 et
881 1847 1076 1916 Spiritu
1101 1851 1270 1918 ipsum
1292 1849 1416 1903 dum
1439 1849 1794 1918 baptizaretur
1821 1843 2138 1900 oswndeute

558 1935 776 2002 Judaeis,
808 1951 1034 2006 quorum
1060 1953 1220 1993 causa
1249 1939 1478 2007 Spiritus
1507 1937 1802 1992 descendit.
1829 1935 2041 1990 Etenim
2073 1948 2138 1987 ne

556 2024 777 2080 Joannis
804 2029 1163 2083 testimonium
1212 2038 1643 2086 contemneretur
1687 2027 1932 2092 dicentis,
1984 2023 2138 2077 Prior

563 2134 640 2168 me
667 2129 793 2184 erat,
824 2129 896 2185 et,
926 2121 980 2173 lu
1011 2121 1210 2189 Spiritu
1253 2121 1483 2190 baptizat
1503 2162 1516 2186 ,
1563 2131 1635 2186 et,
1666 2118 1930 2174 iudicabit
1953 2117 2135 2170 orbem

560 2206 749 2275 (Joan.
780 2211 832 2264 l.
863 2210 951 2264 50.
982 2211 1070 2265 '55.
1111 2222 1157 2263 et
1185 2211 1237 2266 5.
1263 2209 1388 2281 l7);
1415 2210 1571 2264 Pater
1598 2209 1789 2264 Filium
1813 2206 2129 2278 praedicans,

562 2313 742 2352 vocem
795 2301 1026 2355 emittit:
1056 2289 1285 2371 Spiritus
1327 2302 1563 2364 advenit,
1608 2315 1794 2355 vocem
1840 2300 1892 2353 in
1937 2296 2135 2352 Christi

555 2399 715 2457 caput
736 2391 1068 2460 pertt'allcns.
1101 2393 1232 2460 Quia
1261 2393 1402 2448 enim
1427 2393 1516 2447 ille
1546 2391 1877 2461 baptizabat,
1917 2389 2006 2444 hic
2036 2389 2136 2445 ba-

554 2479 866 2546 ptizabatur,
898 2497 964 2536 ne
1003 2483 1122 2551 quis
1148 2499 1212 2536 ex
1263 2484 1620 2552 prteseutibus
1665 2481 1792 2537 illud
1824 2481 1893 2535 de
1931 2481 2139 2536 Joanne

553 2566 753 2621 dictum
790 2583 908 2624 esse
955 2580 1182 2639 putaret,
1241 2573 1386 2627 venit
1413 2573 1644 2642 Spiritus
1683 2573 1770 2641 qui
1800 2571 1936 2626 hanc
1966 2572 2139 2641 suspi-

551 2658 759 2714 ciuuem
785 2673 1078 2717 amoveret.
1111 2663 1291 2734 Itaque
1318 2679 1437 2720 cum
1465 2665 1613 2730 dicit,
1658 2664 1959 2719 Nesciebam
1999 2681 2133 2732 eum,

553 2748 619 2802 de
641 2753 908 2818 praeterito
933 2754 983 2807 id
1010 2755 1406 2825 intelligendum
1432 2765 1515 2811 est
1548 2765 1808 2826 tempore,
1830 2771 1936 2810 non
1958 2766 2134 2811 autem

554 2840 620 2895 de
649 2857 713 2896 eo
743 2845 882 2913 quod
909 2845 1174 2915 baptismo
1218 2849 1516 2917 proximum
1557 2859 1692 2904 erat.
1737 2848 1867 2903 Nam
1909 2863 2015 2918 quo
2046 2863 2138 2918 pa-

553 2942 638 2986 cto
660 2934 1019 3001 prohibuisset
1045 2953 1167 2991 eum
1193 2937 1397 3005 dicens,
1425 2938 1533 3007 Ego
1549 2955 1580 2991 a
1605 2948 1651 2991 te
1675 2938 1827 2992 debeo
1851 2937 2136 3008 baptizari?

550 3023 815 3091 quomodo
859 3033 1000 3079 tanta
1047 3025 1296 3095 loquutus
1330 3028 1552 3083 luisset?
1576 3027 1684 3082 Cur
1717 3043 1866 3098 ergo,
1898 3029 2129 3097 inquies,

551 3127 656 3166 non
687 3115 1028 3169 crediderunt
1057 3116 1265 3172 Jndtei?
1310 3133 1481 3188 neque
1530 3120 1674 3173 enim
1713 3119 1858 3174 solus
1899 3117 2135 3173 Joannes

547 3199 819 3257 Christum
851 3205 1056 3260 viderat
1086 3207 1137 3260 in
1165 3208 1425 3263 columba:
1449 3209 1650 3278 specie.
1673 3208 1802 3276 Quia
1825 3209 2034 3262 etiamsi
2058 3207 2132 3263 illi

550 3291 824 3359 viderant,
877 3304 932 3348 at
978 3311 1065 3350 res
1115 3295 1415 3367 hujusmodi
1467 3314 1574 3352 non
1613 3299 1886 3368 corporeis
1930 3306 2130 3354 tantum

547 3386 714 3438 oculis
760 3400 894 3454 Opus
947 3387 1164 3456 habent,
1221 3389 1313 3444 sed
1369 3391 1542 3460 potius
1589 3391 1804 3456 mentis,
1853 3405 1921 3446 ne
1957 3391 2132 3447 inanis

552 3476 827 3544 phantasia
854 3493 973 3533 esse
1002 3489 1297 3550 putaretur.
1325 3481 1455 3535 Nam
1490 3481 1533 3536 si
1580 3481 1829 3536 miracula
1880 3481 2129 3537 edentem

547 3568 809 3629 videntes,
840 3571 881 3624 si
917 3572 1162 3626 manibus
1185 3582 1484 3643 tangentem
1515 3588 1738 3643 corpora
1781 3589 2047 3643 mgrorum
2075 3582 2130 3629 et

549 3668 899 3724 mortuorum,
931 3670 985 3715 et
1013 3664 1088 3715 sic.
1108 3663 1172 3716 ad
1201 3665 1360 3717 vitam
1383 3674 1435 3718 et
1457 3665 1735 3718 sanitatem
1759 3664 2125 3732 reducentem,

547 3759 688 3803 tanta
734 3751 914 3804 livoris
941 3752 1195 3808 ebrietate
1225 3757 1361 3821 capti
1393 3763 1583 3818 erant,
1637 3764 1693 3809 ut
1743 3757 2008 3810 contraria
2064 3757 2128 3812 iis

546 3858 663 3909 qum
700 3842 1013 3898 videbantur
1042 3846 1342 3914 proferrent
1373 3866 1385 3901 :
1418 3848 1684 3917 quomodo
1714 3863 1777 3903 ex
1810 3849 1924 3903 solo
1954 3848 2127 3919 Spiri-

546 3946 626 3986 tus
654 3933 879 3988 adventu
909 3937 1332 3993 incredulitatem
1355 3939 1717 4009 abiecissent?
1745 3941 1967 4009 Quidam
1999 3957 2126 3999 vero

541 4023 742 4087 dicunt,
773 4039 877 4078 non
909 4041 1096 4081 onmes
1131 4029 1346 4092 vidisse,
1397 4033 1490 4084 sed
1520 4029 1780 4086 Joannem
1817 4041 2018 4087 tantum
2073 4044 2126 4089 et

541 4130 631 4168 cos
654 4117 739 4186 qui
769 4118 961 4171 melius
987 4118 1346 4176 affectieraut.
1381 4123 1527 4178 Licet
1558 4124 1698 4178 enim
1734 4139 1894 4180 sensu
1926 4125 2122 4196 prtedi-

541 4206 605 4259 tis
634 4208 801 4261 oculis
828 4208 1058 4279 Spiritus
1084 4212 1261 4280 specie
1288 4214 1548 4268 columba:
1576 4214 1909 4270 descendens
1949 4216 2121 4271 videri

539 4306 752 4364 posset;
795 4313 900 4353 non
947 4316 1164 4355 necesse
1207 4311 1384 4357 tamen
1432 4315 1547 4358 erat
1575 4319 1687 4357 rem
1718 4321 1837 4358 esse
1876 4307 2124 4361 omnibus

537 4390 888 4443 manifestam.
924 4391 1050 4443 Nam
1080 4402 1132 4445 ct
1174 4392 1458 4447 Zacharias
1487 4394 1650 4448 multa
1679 4395 1918 4449 sensibili
1943 4397 2122 4464 specie

539 4480 685 4546 vidit,
722 4497 926 4535 necnon
965 4483 1150 4536 Daniel
1181 4492 1233 4538 el
1263 4483 1533 4550 Ezechiel,
1570 4500 1630 4538 ac
1659 4486 1776 4540 sine
1809 4485 1926 4540 .ullo
1955 4487 2119 4540 visio-

536 4572 615 4624 nis
643 4580 888 4625 cousorte
918 4590 929 4627 :
974 4572 1181 4644 Moyses
1209 4589 1421 4644 quoque
1449 4575 1613 4630 multa
1644 4577 1794 4644 vidit,
1847 4585 1901 4631 et
1944 4578 2117 4647 qualia

533 4663 707 4717 nullus
725 4665 854 4719 alius
875 4665 1092 4720 viderat.
1116 4667 1614 4736 Transligurationis
1636 4685 1845 4740 quoque
1865 4670 1917 4725 in
1937 4681 2117 4727 monte

536 4755 737 4807 visione
769 4771 872 4808 non
900 4771 1087 4810 OtltnCS
1113 4757 1359 4826 discipuli
1389 4760 1588 4829 dignati
1620 4771 1772 4827 sunt;
1800 4766 1907 4816 imo
1940 4780 2004 4818 ne
2033 4782 2118 4819 re-

534 4845 914 4898 surrectionem
941 4845 1152 4913 quidem
1183 4863 1370 4902 omnes
1396 4849 1669 4904 viderunt:
1699 4852 1749 4906 id
1771 4854 1911 4922 quod
1934 4865 2117 4924 aperte

534 4933 761 4987 declarat
806 4935 974 4990 Lucas
999 4938 1180 4994 dicens
1201 4982 1214 5002 ,
1247 4940 1494 4995 Ostendit
1539 4945 1772 5012 seipsum
1837 4945 2064 5000 Testibtts
2089 4968 2116 5001 (Î¹

532 5023 638 5076 Deo
663 5027 1031 5092 prmordinatis.
1066 5031 1129 5083 Et
1149 5048 1239 5102 ego
1266 5034 1367 5086 vidi
1389 5045 1436 5087 et
1483 5036 1816 5090 testimonium
1863 5041 2111 5108 perhibui,

528 5117 644 5180 quia
672 5117 751 5169 hic
781 5129 852 5171 est
881 5118 1044 5174 Filius
1071 5121 1165 5176 Dei
1188 5123 1327 5193 (Act.
1362 5125 1448 5181 lO.
1481 5127 1542 5180 41
1566 5127 1604 5196 ).
1629 5127 1724 5182 Ubi
1753 5129 2111 5184 testimonium

531 5206 812 5273 perhibuit,
839 5223 960 5263 esse
987 5210 1176 5266 Filium
1230 5213 1359 5269 Dei?
1410 5217 1617 5285 Agnum
1668 5217 1882 5287 quidem
1936 5220 2110 5288 ipsum

527 5296 832 5366 appellavit,
857 5310 909 5352 et
950 5306 1090 5369 quod
1123 5302 1322 5372 Spiritu
1367 5305 1728 5376 baptizaturus
1764 5319 1907 5363 esset
1941 5310 2106 5376 dixit;

529 5389 719 5444 Filium
741 5399 915 5444 autem
949 5391 1037 5447 Dei
1062 5409 1339 5464 nusquam.
1365 5398 1521 5467 Atqui
1547 5409 1662 5466 post
1690 5399 1947 5469 baptisma
1980 5401 2108 5456 nihil

527 5479 695 5546 ipsum
739 5481 936 5536 dixisse
993 5483 1225 5539 scribunt
1270 5489 1447 5542 carteri
1494 5490 1877 5559 evangelistce:
1924 5508 2106 5546 verum

524 5571 700 5625 missis
743 5573 805 5625 iis
839 5589 954 5643 qua:
1000 5575 1198 5630 interea
1257 5579 1387 5633 facta
1443 5580 1670 5645 fuerant,
1705 5583 1955 5635 miracula
1989 5595 2107 5651 post

523 5671 733 5728 Captum
760 5662 1014 5718 Joannem
1049 5682 1076 5718 a
1105 5665 1314 5721 Christo
1343 5669 1480 5724 edita
1513 5680 1749 5728 narrant.
1798 5672 1950 5727 Unde
1981 5688 2106 5727 cou-

586 5752 657 5825 Ï‚Ï‚á½·)
692 5754 881 5824 Quidam
917 5757 1404 5810 conuuiuiscebaatur
1443 5761 1684 5811 Christum
1721 5776 1926 5825 puerum
1963 5764 2105 5814 mira-

523 5811 626 5860 cula
665 5818 937 5874 patravisse.

1310 366 1366 422 S.
1409 362 1685 421 JOANNIS
1721 353 2188 417 CllltYSOSTOMI
2231 352 2549 409 ARCHIEP.
2590 353 3121 414 CONSTANTINOP.

2245 465 2449 535 jactare
2497 482 2777 536 possumus
2818 479 2872 523 et
2915 469 3029 523 huic
3054 470 3230 527 etalia
3262 469 3417 541 longe
3445 473 3599 544 plura
3630 474 3854 530 silentio

2246 558 2407 612 missa
2431 557 2622 623 fuisse;
2668 559 2807 629 quod
2838 561 2924 614 hic
2970 561 3085 630 ipse
3113 563 3438 632 evangelista
3489 566 3542 621 in
3589 569 3697 623 line
3727 569 3852 623 libri

2246 647 2585 718 significavit.
2631 649 2861 714 Tantum
2894 654 3036 706 enim
3068 652 3236 707 abfuit
3275 662 3334 708 ut
3361 670 3612 725 maguum
3641 659 3853 730 aliquid

2245 737 2314 792 de
2355 740 2443 794 illo
2471 740 2854 811 confingerent,
2903 745 3149 798 utetiam
3179 761 3298 815 qua:
3332 746 3588 814 probrosa
3612 763 3738 805 esse
3775 752 3856 806 vi-

2245 827 2526 896 debantur,
2557 845 2744 885 omnes
2767 847 2871 886 uno
2898 847 3164 889 consensu
3201 845 3448 891 accurate
3474 850 3852 908 recenserent,

2246 931 2348 973 nec
2367 920 2664 989 quempiam
2693 921 2907 976 illorum
2945 923 3068 992 quid
3107 925 3282 980 simile
3316 928 3545 982 tacuisse
3574 932 3844 998 reperias.

2245 1006 2495 1062 Miracula
2526 1024 2654 1065 vero
2684 1011 2784 1064 alia
2815 1012 2934 1066 aliis
2972 1015 3315 1069 narrantibus
3364 1017 3682 1083 omiserunt,
3741 1021 3855 1074 alia

2245 1098 2404 1153 simul
2429 1115 2615 1157 omnes
2644 1114 2940 1158 tacuerunt.
2990 1103 3115 1159 lituo
3154 1115 3330 1161 autem
3361 1123 3467 1162 nott
3515 1108 3632 1164 sine
3683 1123 3856 1166 causa

2246 1190 2436 1260 loquor
2461 1233 2474 1256 ,
2510 1192 2603 1248 sed
2647 1192 2711 1248 ad
2747 1194 3179 1250 contundendam
3233 1199 3510 1267 gentilium
3557 1200 3854 1270 impuden-

2247 1283 2394 1337 tiam.
2425 1285 2535 1340 Hoc
2551 1286 2744 1356 quippe
2765 1289 2897 1341 Satis
2918 1297 2999 1342 est
3028 1289 3092 1343 ad
3119 1289 3595 1346 demonstrandum
3627 1293 3851 1348 illorum

2244 1375 2354 1427 veri
2384 1378 2637 1445 studium,
2685 1389 2738 1434 et
2769 1380 3102 1449 probandum
3139 1382 3283 1452 ipsos
3323 1383 3452 1438 nihil
3496 1384 3563 1438 ad
3613 1385 3853 1454 gratiam

2242 1464 2461 1521 dixisse.
2489 1469 2599 1524 Hoc
2632 1482 2950 1540 argumento
2978 1481 3033 1527 et
3055 1474 3173 1527 aliis
3204 1475 3416 1539 muniti,
3444 1477 3689 1542 poteritis
3719 1492 3850 1531 cum

2246 1559 2347 1614 illis
2375 1563 2645 1632 congredi.
2673 1563 2869 1619 Verum
2896 1565 3156 1621 attendite
3183 1583 3199 1622 :
3231 1582 3353 1621 nam
3377 1567 3668 1623 absurdum
3698 1578 3853 1623 esset

2244 1651 2508 1706 medicum
2538 1664 2644 1708 tam
2669 1665 2887 1711 strenue
2910 1672 3006 1727 pro
3024 1667 3138 1712 arte
3159 1665 3253 1712 sua
3278 1673 3534 1728 pugnare,
3552 1659 3850 1714 cori-arium

2244 1741 2391 1808 item,
2445 1753 2726 1811 textorem,
2767 1757 3102 1817 cmterosque
3148 1764 3337 1803 omnes
3384 1749 3653 1814 artilices;
3687 1749 3854 1805 Citri-

2243 1832 2475 1886 stianum
2503 1851 2647 1900 vero,
2681 1853 2844 1906 seque
2883 1839 3041 1893 talem
3084 1840 3456 1908 prolitentem,
3495 1856 3563 1896 ne
3613 1843 3845 1896 verbum

2242 1923 2454 1992 quidem
2480 1941 2636 1994 posse
2665 1927 2730 1981 ad
2755 1942 2905 1982 suam
2932 1929 3182 1984 tuendam
3207 1929 3362 1984 ï¬dem
3388 1929 3650 2000 proferre.
3679 1934 3847 2004 Atqui

2244 2014 2334 2068 illa
2367 2016 2622 2084 neglecta,
2654 2021 2890 2088 pecunia:
2913 2021 3252 2076 solummodo
3285 2021 3537 2077 damnum
3565 2022 3846 2091 referunt;

2244 2103 2360 2158 haec
2391 2121 2518 2160 vero
2543 2108 2588 2161 si
2627 2110 2981 2180 negligantur,
3033 2111 3201 2180 ipsam
3233 2111 3388 2166 nobis
3421 2113 3437 2144 Â¹
3469 2113 3704 2167 animam
3750 2130 3849 2184 pe-

2243 2196 2462 2250 rimunt.
2511 2200 2761 2254 Attamen
2818 2201 2890 2256 ita
2939 2204 3136 2257 misere
3187 2202 3363 2259 aliâ€˜ecti
3397 2219 3619 2270 sumus,
3651 2214 3707 2259 ut
3738 2206 3848 2262 illis

2243 2295 2406 2342 totam
2461 2306 2642 2346 curam
2691 2293 3098 2362 impendamus;
3155 2297 3458 2351 necessaria
3507 2312 3672 2362 vero,
3719 2314 3845 2368 qua:

2242 2378 2398 2432 nobis
2422 2382 2607 2436 salutis
2628 2397 2788 2462 causa
2811 2393 2956 2451 sunt,
3004 2395 3063 2440 ut
3098 2386 3299 2440 nullius
3344 2389 3499 2456 pretii
3526 2398 3846 2443 contemna-

2245 2483 2382 2522 mus.

2315 2561 2366 2612 4.
2402 2560 2453 2614 ld
2489 2577 2612 2615 vero
2643 2578 2748 2618 non
2776 2565 2900 2619 sinit
2927 2567 3152 2636 gentiles
3188 2584 3426 2624 errorem
3464 2585 3618 2624 suum
3651 2573 3722 2625 ita
3756 2569 3841 2625 fa-

2243 2651 2346 2705 cile
2377 2652 2619 2710 irridere.
2653 2657 2784 2711 Cum
2810 2659 2951 2712 enim
2986 2660 3082 2729 ipsi
3112 2662 3390 2718 mendacio
3417 2663 3524 2717 nixi
3556 2665 3689 2720 nihil
3732 2682 3841 2722 non

2243 2751 2434 2810 agant,
2467 2754 2522 2798 nt
2551 2745 2854 2816 dogmatmn
2887 2764 3105 2805 suorum
3137 2752 3516 2820 turpitudinem
3547 2754 3838 2826 obtegant,

2242 2847 2341 2886 nos
2362 2845 2536 2888 autem
2559 2839 2798 2892 veritatis
2823 2840 3054 2896 cultores
3082 2857 3147 2896 ne
3173 2857 3234 2896 os
3263 2843 3476 2912 quidem
3506 2847 3716 2916 aperire
3742 2865 3839 2900 va-

2239 2921 2478 2992 leamus,
2508 2929 2777 2996 quomodo
2809 2946 2913 2985 non
2960 2933 3082 2987 inde
3120 2933 3387 3004 dogmatis
3418 2937 3835 2995 imbecillitatem

2239 3026 2463 3083 arguant
2491 3025 2545 3070 et
2584 3017 2871 3075 damnent?
2910 3022 3178 3091 quomodo
3209 3039 3314 3079 non
3354 3025 3618 3083 fallaciam
3663 3029 3838 3084 stulti-

2242 3103 2471 3175 tiamque
2503 3121 2680 3164 nostra
2709 3126 2830 3167 esse
2858 3115 3235 3183 suspicentur?
3265 3119 3536 3186 quomodo
3579 3137 3683 3175 non
3716 3122 3837 3176 bla-

2239 3194 2598 3262 sphemabunt
2629 3201 2898 3257 Christum
2931 3215 2987 3258 ut
3016 3206 3231 3273 planum
3263 3218 3315 3261 et
3345 3208 3710 3278 deceptorem,
3742 3214 3836 3283 qui

2239 3284 2526 3340 multorum
2568 3291 2791 3345 stultitia
2830 3293 2895 3346 ad
2937 3293 3174 3350 fraudem
3217 3312 3344 3352 usus
3371 3300 3477 3352 sit?
3518 3300 3837 3370 Hujusmodi

2238 3388 2365 3429 vero
2395 3376 2744 3447 blaSphemia:
2771 3398 2868 3438 nos
2895 3385 2943 3437 iu
2971 3400 3130 3442 causa
3157 3401 3357 3454 sumus,
3384 3391 3472 3460 qui
3501 3392 3840 3449 uoluerimus

2235 3466 2534 3523 ediscendis
2558 3486 2650 3539 pro
2675 3474 2869 3528 tuenda
2889 3476 3145 3547 religione
3169 3482 3494 3549 argumentis
3515 3483 3836 3552 advigilare;

2235 3558 2333 3613 sed
2373 3559 2458 3614 bis
2490 3565 2812 3634 contemptis
2841 3567 2986 3621 velut
3028 3568 3312 3638 superï¬‚uis
3337 3612 3351 3635 ,
3402 3579 3612 3627 terrena
3653 3573 3836 3630 solum

2235 3665 2504 3707 curemus.
2535 3655 2600 3709 Et
2625 3656 2839 3727 quidem
2879 3661 3167 3726 saltatoris,
3200 3672 3291 3715 aut
3325 3664 3554 3733 aurigaz,
3587 3674 3677 3720 ant
3708 3682 3836 3722 cum

2235 3742 2362 3798 feris
2389 3750 2670 3816 pugnantis
2696 3765 2879 3806 amore
2905 3761 3091 3821 captus
3112 3754 3396 3822 quispiam,
3427 3756 3556 3810 nihil
3585 3773 3689 3811 non
3718 3775 3838 3814 mo-

2235 3847 2342 3902 vet,
2374 3839 2505 3892 nihil
2537 3856 2640 3894 uon
2671 3843 2797 3912 agit,
2827 3854 2882 3898 ut
2916 3844 2966 3898 in
2999 3847 3378 3901 certaminibus
3409 3864 3514 3902 non
3543 3849 3835 3907 inferiores

2235 3930 2497 3996 evadant;
2531 3933 2651 3988 illos
2676 3935 2962 3991 admodum
2996 3938 3230 4005 laudant,
3259 3951 3310 3994 et
3332 3941 3589 3995 adversus
3616 3943 3831 4012 vitupe-

2233 4033 2413 4078 rantes
2461 4024 2826 4082 defensionem
2894 4038 3116 4096 parant,
3174 4031 3618 4102 adversariosque
3680 4035 3834 4090 mille

2230 4115 2486 4170 conviciis
2514 4127 2738 4172 onerant
2765 4137 2778 4173 :
2808 4134 2927 4173 cum
2956 4135 3082 4175 vero
3107 4120 3174 4177 de
3201 4121 3602 4178 Cbristiauismo
3625 4139 3830 4195 propu-

2230 4207 2441 4274 gnando
2469 4211 2664 4276 agitur,
2710 4225 2898 4264 omnes
2941 4222 3099 4280 caput
3140 4213 3428 4278 inclinant,
3480 4224 3825 4284 terpescunt,

2231 4299 2487 4360 oscitaut,
2531 4315 2591 4353 ac
2625 4316 2742 4354 cum
2777 4304 2883 4355 risu
2913 4303 3118 4372 excepti
3157 4303 3432 4359 recedunt.
3461 4305 3665 4373 Quanta
3709 4307 3830 4364 ha-c

2230 4387 2590 4457 indignatione
2622 4408 2724 4446 non
2752 4393 2908 4461 digna
2941 4393 3132 4448 fuerint
3153 4436 3165 4460 ,
3195 4410 3315 4449 cum
3343 4394 3585 4450 Christus
3612 4413 3639 4450 a
3671 4400 3828 4455 Vobis

2228 4479 2481 4535 saitatore
2514 4481 2732 4537 inferior
2760 4484 3018 4537 habetur?
3047 4485 3475 4555 quandoquidem
3503 4487 3569 4542 de
3608 4488 3824 4545 illorum

2225 4573 2388 4641 gestis
2413 4572 2556 4628 mille
2585 4574 2778 4642 paratis
2803 4574 3303 4651 defensiouesï¬icet
3331 4579 3426 4645 ipsi
3450 4580 3687 4634 omnium
3709 4591 3826 4634 tur-

2226 4664 2426 4732 pissimi
2456 4665 2592 4729 sint;
2624 4665 2709 4720 ubi
2740 4675 2915 4720 autem
2945 4667 3012 4721 de
3040 4665 3236 4722 Christi
3268 4669 3555 4735 miraculis,
3590 4688 3708 4740 qua:
3743 4683 3826 4725 to-

2227 4763 2336 4809 tum
2377 4765 2710 4810 attraxerunt
2752 4757 2957 4824 orbem,
3005 4758 3195 4827 agitur,
3223 4775 3289 4813 ne
3330 4759 3564 4830 cogitare
3601 4761 3823 4831 quidem

2224 4857 2316 4901 aut
2341 4863 2528 4902 curare
2558 4849 2827 4920 quidpiam
2860 4849 3131 4904 videmini.
3164 4851 3447 4906 Credimus
3488 4853 3538 4906 in
3580 4853 3818 4920 Patrem,

2223 4950 2276 4992 et
2316 4939 2506 4993 Filium
2551 4951 2603 4993 et
2649 4940 2903 5010 Spiritum
2947 4953 3225 5008 sanctum,
3269 4941 3320 4996 in
3364 4945 3820 5001 resurrectionem

2223 5044 2526 5097 corporum,
2562 5031 2613 5086 in
2643 5033 2802 5085 vitam
2826 5042 3100 5088 mternam.
3125 5034 3179 5089 Si
3203 5035 3319 5103 quis
3341 5050 3469 5104 ergo
3489 5035 3707 5092 Cra-cus
3733 5038 3818 5092 in-

2224 5124 2601 5190 terrogat-crit,
2650 5124 2779 5190 Quis
2818 5134 2897 5178 est
2940 5123 3024 5178 hic
3063 5124 3252 5179 Pater?
3292 5126 3411 5193 quis
3450 5125 3655 5181 Filius?
3696 5130 3821 5198 quis

2220 5211 2448 5281 Spiritus
2477 5214 2729 5268 sanctus?
2771 5224 2825 5268 et
2861 5215 3132 5284 quomodo
3173 5229 3304 5281 vos,
3349 5218 3436 5284 qui
3490 5225 3595 5270 tres
3637 5218 3818 5272 dicitis

2219 5304 2369 5370 deos,
2405 5320 2501 5358 nos
2530 5306 2793 5359 accusatis
2823 5307 2964 5375 quod
2991 5306 3212 5360 deorum
3242 5307 3687 5376 tnultiplicitatcm
3716 5313 3815 5364 ad-

2218 5396 2524 5449 mittamus?
2545 5396 2666 5465 quid
2689 5397 2910 5452 dicetis?
2937 5397 3061 5466 quid
3090 5399 3522 5466 respoudebitis?
3542 5405 3817 5469 quomodo

2219 5488 2353 5542 hanc
2380 5489 2733 5557 objectioucm
2768 5489 3080 5570 depclletis?
3109 5489 3244 5556 Quid
3274 5506 3401 5545 vero
3428 5493 3504 5556 si,
3547 5493 3698 5546 vobis
3733 5503 3813 5547 ta-

2217 5579 2489 5642 centibus,
2536 5581 2691 5633 aliam
2724 5591 2972 5637 moveant
3000 5582 3346 5652 qumsdonem
3385 5601 3396 5635 :
3430 5584 3684 5649 Qua-nam
3730 5600 3814 5640 est

2217 5668 2302 5721 illa
2351 5671 2705 5724 resurrectio?
2752 5687 2876 5726 num
2925 5672 2974 5725 iu
3023 5672 3122 5727 hoc
3159 5687 3382 5740 corpore
3425 5679 3810 5742 rcsurgcznusi

2281 5827 2296 5856 Â³
2334 5828 2437 5883 Î‘Îœ,
2468 5826 2612 5876 rcbis.
