4048 6438
170 372 277 432 III

162 486 241 540 ἐν
264 483 459 548 ὕδατι,
495 480 591 536 καὶ
618 479 707 535 διά
735 478 896 534 τοῦτο
919 479 1166 550 πέμψας,
1190 477 1318 531 Ἵνα
1345 470 1664 544 φανερωθῇ
1693 467 1776 534 τῷ

175 566 453 635 Ἰσραὴλ,
489 562 656 628 αὐτὸς
695 564 847 636 αύτῷ
891 564 987 617 καὶ
1016 567 1124 633 πρὸ
1156 560 1258 631 τῆς
1300 557 1398 612 τοῦ
1451 554 1775 625 Πνεύματος

158 650 396 705 καθόδου
446 648 613 702 αὑτὸν
658 647 1002 719 ἀπεκάλυψε.
1040 646 1133 700 Διὸ
1160 644 1254 699 καὶ
1289 642 1419 714 πρὶν
1449 640 1482 711 ἢ
1520 652 1770 719 παραγε-

157 732 377 797 νέσθαι,
407 732 616 802 ἔλεγεν·
658 732 876 785 Ὀπίσω
894 748 1017 800 μου
1045 729 1305 797 ἔρχεται,
1334 724 1405 791 ὃς
1426 718 1777 794 ἔμπροσθέν

154 832 282 885 μου
334 815 605 887 γέγονεν.
652 814 728 868 Ού
756 813 938 866 τοίνυν
974 811 1092 882 ᾔδει
1126 810 1291 864 αὐτὸν
1329 806 1439 879 πρὸ
1472 803 1566 859 τοῦ
1598 802 1777 887 έλθεῖν

159 899 258 953 ἐπὶ
298 886 419 953 τὸν
452 899 728 971 Ἰορδάνην
762 897 855 950 καὶ
891 896 1102 958 πάντας
1151 891 1463 965 βαπτίζειν,
1510 888 1629 943 ἀλλ’
1684 886 1777 971 ὅτε

158 981 361 1049 ἔμελλε
399 968 785 1053 βαπτίζεσθαι,
814 979 937 1033 τότε
962 979 1127 1033 αὑτὸν
1152 977 1326 1046 ἔγνω·
1362 971 1653 1029 καὶταῦτα
1678 968 1775 1053 τοῦ

160 1051 577 1135 Πατρὸςναύτδν
606 1060 1067 1133 ἀποκαλύψαντος
1103 1060 1186 1132 τῷ
1213 1060 1505 1131 Προφήτῃ,
1542 1056 1640 1110 καὶ
1677 1051 1774 1108 τοῦ

158 1150 485 1221 ιΙνεύματος
508 1147 786 1213 δείξαντος
814 1145 1217 1217 βαπτιζόμενον
1259 1142 1560 1206 Ἰουδαίοις,
1580 1140 1647 1194 δι’
1680 1136 1776 1203 οὓς

156 1236 259 1287 καὶ
299 1235 332 1305 ἡ
382 1230 612 1295 κάθοδος
656 1229 753 1284 τοῦ
784 1230 1107 1301 Πνεύματος
1129 1229 1378 1297 γέγονεν.
1427 1226 1545 1280 Ἵνα
1591 1222 1703 1298 γάρ
1738 1226 1773 1296 ἡ

171 1317 429 1370 Ἰωάννου
477 1314 556 1386 μὴ
593 1312 989 1385 καταφρονηθῇ
1042 1311 1319 1383 μαρτυρία
1374 1310 1650 1379 λέγοντος,
1690 1309 1774 1362 ὃτι

155 1398 403 1469 Πρῶτός
445 1416 567 1468 μου
606 1394 704 1467 ἦν,
756 1397 852 1451 καὶ
884 1397 968 1451 ὅτι
1008 1393 1097 1449 Ἐν
1150 1394 1430 1463 Πνεύματι
1486 1391 1772 1464 βαπτίζει,

156 1488 258 1539 καὶ
286 1485 371 1537 δτι
413 1484 627 1554 ,Κρινεῖ
653 1481 753 1552 τὴν
783 1479 1134 1551 οἰκουμένην,
1166 1479 1262 1532 καὶ
1302 1479 1332 1531 6
1361 1476 1554 1548 Πατὴρ
1588 1477 1775 1548 φωνὴν

156 1568 398 1640 ἀφίησιν
424 1563 826 1635 ἀνακηρύττων
844 1563 935 1617 τὸν
959 1562 1110 1624 Υἰὸν,
1132 1562 1224 1614 καὶ
1240 1560 1301 1613 τὸ
1317 1558 1547 1631 Πνεῦμα
1568 1560 1771 1623 ἔπεισι,

154 1654 262 1725 τὴν
289 1652 477 1721 φωνὴν
492 1648 757 1702 ’ἑλκονὲπὶ
770 1648 867 1718 τὴν
884 1646 1130 1717 κεφαλὴν
1146 1644 1239 1699 τοῦ
1256 1643 1518 1716 Χριστοῦ.
1550 1642 1773 1714 Ἐπειδὴ

156 1735 275 1807 γὰρ
293 1738 321 1788 6
351 1736 452 1805 μὲν
481 1730 840 1796 ἐθάπτιζεν,ὀ
862 1731 921 1785 δὲ
954 1729 1305 1794 ὲ6απτίζετο,
1326 1728 1415 1781 ἴνα
1445 1728 1520 1799 μή
1551 1743 1637 1791 τις
1657 1726 1767 1779 τῶν

156 1818 452 1891 παρόντων
482 1816 611 1886 περὶ
655 1815 906 1869 Ἰωάννου
934 1813 1135 1884 νομίσῃ
1170 1811 1516 1881 λέγεσθαιτό
1537 1809 1773 1881 εἰρημέ-

156 1921 278 1969 νον,
315 1902 539 1975 έρχεται
580 1900 643 1955 τὸ
683 1899 911 1971 Πνεῦμα
956 1896 1344 1970 διορθούμενον
1377 1897 1479 1968 τὴν
1510 1896 1774 1966 τοιαύτην

156 1989 444 2042 ὑπόνοιαν.
476 1987 640 2039 Ὥστε
683 1984 814 2037 ὅταν
852 1981 1011 2055 λέγῃ,
1047 1984 1171 2037 Οὐκ
1212 1980 1386 2050 nae»-
1427 1982 1639 2042 αὑτὸν,
1680 1979 1774 2033 τὸν

155 2070 476 2142 ἔμπροσθεν
501 2068 651 2137 λέγει
681 2067 894 2137 χρόνον,
914 2066 975 2119 ού
1013 2065 1108 2118 τὸν
1130 2064 1301 2133 ἐγγὺς
1340 2063 1435 2117 τοῦ
1453 2062 1773 2134 βαπτίσμα-

156 2171 278 2219 τος.
333 2152 489 2207 Ἐπεὶ
521 2151 639 2215 πῶς
668 2150 835 2204 αὐτὸν
878 2148 1087 2204 ἐκώλυε
1132 2148 1331 2217 λέγων,
1378 2147 1529 2216 Ἐγὼ
1562 2147 1775 2215 χρείαν

154 2240 284 2306 ἔχω
312 2235 435 2292 ὑπὸ
476 2233 597 2289 σοῦ
625 2230 1085 2300 βαπτισθῆναι;
1129 2232 1248 2296 πῶς
1294 2231 1354 2285 δὲ
1403 2230 1503 2285 καὶ
1546 2229 1774 2285 τοιαῦτα

158 2320 299 2391 περὶ
327 2318 494 2372 αὐτοῦ
519 2318 709 2385 ἐλεγε;
744 2316 870 2378 Πῶς
886 2312 981 2371 οὖν
1008 2316 1108 2369 οὐκ
1134 2315 1468 2370 ἐπίστευσαν
1504 2314 1771 2379 Ἰουδαῖοι,

160 2403 377 2476 φησίν;
411 2402 535 2455 οὐδὲ
582 2401 694 2473 γάρ
726 2401 888 2470 μόνος
930 2400 1189 2469 Ἰωάννης
1216 2393 1325 2453 εἰδε
1358 2398 1421 2452 τὸ
1453 2397 1681 2469 Πνεῦμα
1716 2399 1773 2450 έν

158 2486 297 2540 εῖδει
332 2485 687 2557 περιστερᾶς.
712 2484 839 2537 Ὅτι
864 2484 913 2536 εἰ
934 2484 1029 2536 καί
1055 2478 1217 2547 εἶδον,
1244 2480 1381 2535 ἀλλά
1398 2480 1468 2535 τὰ
1496 2481 1725 2535 τοιαῦτα
1745 2492 1771 2521 ι

159 2573 292 2642 οὐχὶ
316 2569 428 2624 τῶν
456 2571 553 2623 τοῦ
584 2569 840 2641 σώματος
870 2566 1172 2639 ὀφθαλμῶν
1198 2567 1373 2621 δεῖται
1417 2567 1602 2637 μόνον,
1635 2564 1774 2619 ἀλλά

160 2655 279 2724 πρὸ
308 2652 517 2707 τούτων
550 2652 651 2723 τῆς
682 2652 825 2705 κατά
852 2652 1097 2705 διάνοιαν
1120 2650 1319 2721 ὅψεως,
1346 2648 1491 2704 ὥστε
1526 2650 1602 2720 μὴ
1636 2666 1768 2717 φαν-

158 2736 359 2791 τασίαν
388 2736 648 2806 περιττὴν
680 2735 743 2787 τὸ
776 2736 1012 2805 πρᾶγμα
1046 2733 1285 2803 νομίσαι.
1314 2734 1379 2787 Εἰ
1409 2732 1541 2802 γοῦν
1577 2734 1605 2774 δ
1642 2733 1776 2786 θαυ-

161 2819 588 2892 ματουργοῦντα
633 2818 889 2890 ὁρῶντες,
924 2818 1021 2871 καὶ
1057 2818 1365 2889 ἀπτόμενον
1398 2820 1520 2881 ταῖς
1544 2818 1775 2881 οἰκείαις

160 2905 329 2978 χερσί
354 2904 468 2957 τῶν
490 2904 869 2974 νενοσηκότων
898 2904 994 2957 καὶ
1025 2902 1137 2957 τῶν
1166 2902 1533 2973 τεθνηκότων,
1569 2904 1665 2956 καὶ
1689 2902 1778 2957 οὗ·

157 3005 274 3051 τως
316 2987 519 3050 αὐτοὺς
560 2986 699 3057 πρὸς
735 2984 881 3058 ζωὴν
905 2987 1255 3054 ἐπανάγοντα
1282 2986 1379 3039 καὶ
1412 2986 1625 3053 ὑγείαν,
1653 3003 1777 3039 τοσ-

156 3072 323 3126 οῦτον
375 3070 608 3142 έμέθυον
652 3072 759 3125 ὑπὸ
809 3072 907 3140 τῆς
956 3070 1295 3139 βασκανίας,
1350 3069 1493 3123 ῶστε
1552 3070 1776 3124 ἐναντία

157 3157 276 3218 τοῖς
307 3154 610 3227 ὁρωμένοις
660 3153 1101 3223 ἀποφαίνεσθαι·
1132 3152 1250 3217 πῶς
1280 3152 1348 3207 ἂν
1377 3153 1487 3205 ἀπὸ
1524 3154 1627 3223 τῆς
1656 3156 1776 3207 ἑπι-

160 3240 477 3310 φοιτήσεως
520 3238 618 3292 τοῦ
650 3237 972 3308 Πνεύματος
1013 3237 1187 3308 μόνης
1225 3236 1643 3309 ἀπεκρούσαντο
1674 3238 1775 3309 τὴν

157 3323 458 3388 ἀπιστίαν;
502 3320 661 3385 Τινὲς
704 3322 761 3375 δέ
813 3338 981 3392 φασιν
1021 3321 1142 3374 οὐδὲ
1204 3322 1414 3385 πάντας
1447 3321 1647 3385 αὐτοὺς
1687 3339 1777 3375 τε-

158 3407 423 3473 θεᾶσθαι,
452 3407 571 3461 ἀλλ’
616 3406 648 3478 ἢ
683 3406 847 3478 μόνον
888 3405 1148 3474 Ἰωάννην
1176 3405 1270 3457 καὶ
1314 3407 1443 3468 τοὺς
1490 3406 1775 3477 εὐγνωμο-

158 3492 423 3561 νέστερον
433 3490 836 3561 διακειμένους.
856 3490 919 3542 Εἰ
934 3489 1042 3559 γὰρ
1054 3488 1151 3542 καὶ
1173 3488 1455 3559 αἰσθητοῖς
1471 3488 1775 3561 ὀφθαλμοῖς

156 3574 396 3629 δυνατὸν
428 3570 497 3645 ἦν
534 3574 663 3627 ἰδεῖν
711 3574 787 3637 ὡς
816 3572 874 3624 έν
916 3572 1048 3625 εῖδει
1085 3574 1420 3643 περιστεράς
1451 3571 1513 3624 τὸ
1547 3573 1776 3644 Πνεῦμα

163 3659 360 3713 κατιόν
388 3676 401 3688 ·
434 3658 552 3712 ἀλλ’
586 3657 739 3728 ὅμως
773 3656 833 3710 ού
879 3654 969 3709 διὰ
1006 3654 1172 3709 τοῦτο
1212 3656 1364 3709 πᾶσα
1394 3656 1611 3728 ἀνάγκη
1638 3660 1774 3712 πᾶσι

160 3742 471 3812 κατάδηλον
503 3738 645 3794 εἶναι
679 3739 742 3793 τὸ
785 3739 1046 3810 πρᾶγμα.
1078 3738 1190 3792 Καὶ
1218 3739 1329 3811 γὰρ
1369 3739 1467 3792 καὶ
1497 3741 1776 3812 Ζαχαρίας

160 3828 225 3879 έν
260 3822 509 3896 αἰσθητῷ
554 3823 686 3877 εῖδει
734 3821 908 3876 πολλά
952 3821 1249 3876 τεθέαται·
1298 3823 1396 3877 καὶ
1446 3824 1649 3895 Δανιὴλ
1680 3826 1775 3879 καὶ

174 3907 467 3979 Ἰεζεκιὴλ,
501 3908 595 3961 καὶ
624 3906 885 3960 κοινωνὸν
914 3906 1016 3975 τῆς
1046 3905 1177 3969 θέας
1218 3906 1411 3960 οὐδένα
1454 3905 1614 3978 ἔσχον
1635 3926 1648 3938 ·
1680 3910 1773 3962 καὶ

160 3990 412 4059 Μωῦσῆς
460 3989 519 4043 δὲ
549 3989 720 4043 πολλά
751 3984 883 4053 οἶδε,
928 3989 1023 4042 καί
1052 3983 1143 4042 οἷα
1179 3988 1291 4041 τῶν
1336 3989 1512 4044 ἀλλων
1557 3990 1769 4055 οὐδείς·

160 4074 395 4144 καὶτῆς
442 4071 924 4145 μεταμορφώσεως
968 4071 1025 4125 δὲ
1068 4071 1171 4141 τῆς
1215 4073 1309 4125 ἐπὶ
1349 4072 1447 4126 τοῦ
1494 4073 1655 4144 ὀρους
1708 4075 1771 4127 οὑ

159 4157 369 4220 πάντες
392 4155 704 4226 ἠξιώθησαν
741 4165 763 4195 ε
794 4156 843 4207 οἰ
896 4153 1166 4226 μαθηταί·
1200 4154 1317 4207 ἀλλ’
1356 4155 1477 4209 οὐδὲ
1507 4159 1606 4227 τῆς
1630 4158 1771 4211 κατά

160 4241 261 4313 τὴν
284 4240 583 4294 ἀνάστασιν
598 4239 777 4309 ὅψεως
796 4237 1168 4309 ἐκοινώνησαν
1196 4237 1439 4302 ἅπαντες
1462 4256 1476 4269 ·
1498 4239 1771 4296 καὶτοῦτο

156 4324 315 4395 δηλοῖ
337 4323 526 4393 σαφῶς
555 4324 585 4375 ὀ
609 4323 829 4385 Λουκᾶς
861 4320 1064 4375 εἰπών·
1096 4322 1180 4374 ὃτι
1202 4320 1404 4385 ἔδειξεν
1435 4323 1630 4376 ἑαυτὸν
1657 4328 1771 4390 τοῖς

159 4407 441 4476 Μάρτυσι
460 4406 585 4474 τοῖς
605 4404 1317 4474 προκεχειροτονημένοις
1332 4406 1453 4460 ὑπὸ
1472 4406 1580 4461 τοῦ
1596 4409 1766 4463 Θεοῦ.

160 4491 343 4562 Κάγὼ
359 4490 589 4558 ἑώρακα
609 4489 710 4543 καί
724 4490 1178 4559 μεμαρτύρηκα,
1214 4489 1301 4541 ὅτι
1330 4484 1514 4555 οὗτός
1533 4490 1707 4545 ἐστιν
1736 4496 1769 4547 ό

162 4574 321 4649 [NH]
364 4576 495 4641 Υἱὸς
529 4574 636 4627 τοῦ
660 4573 831 4628 Θεοῦ.
856 4573 966 4627 Καὶ
1000 4571 1103 4647 ποῦ
1134 4574 1546 4644 ἐμαρτύρησεν,
1579 4576 1663 4629 δτι
1687 4571 1770 4630 οὗ.

162 4656 254 4719 τός
284 4658 435 4707 ἐστιν
463 4656 493 4707 ὀ
533 4654 661 4717 Υἰὸς
705 4652 798 4706 τοῦ
828 4651 1007 4716 Θεοῦ;
1052 4652 1252 4723 Ἀμνδν
1300 4653 1403 4723 μὲν
1450 4654 1573 4725 γὰρ.
1605 4656 1769 4709 αὑτὸν

164 4740 420 4801 ἐκάλεσε,
454 4740 549 4791 καὶ
569 4739 652 4791 ὅτι
676 4737 955 4808 Πνεῦματι
988 4736 1273 4807 βαπτίζειν
1295 4737 1545 4809 ἔμελλεν,
1579 4735 1762 4794 εἶπεν·

163 4824 298 4878 Υἰὸν
330 4823 388 4877 δὲ
413 4821 549 4876 θεοῦ
580 4819 841 4890 οὐδαμοῦ.
883 4820 1079 4873 Καίτοι
1109 4837 1171 4888 γε
1209 4822 1349 4890 μετὰ
1384 4823 1445 4874 τὸ
1482 4822 1767 4893 βάπτισμα

162 4906 319 4961 οὐδὲν
352 4904 514 4959 αὑτὸν
550 4903 966 4975 ἀναγράφουσιν
990 4902 1253 4974 εἰρηκότα
1276 4906 1325 4957 οἰ
1360 4903 1509 4958 ἄλλοι
1536 4908 1769 4977 εὐαγγε-

160 4990 368 5051 λισταί,
403 4988 543 5042 ἀλλά
579 4989 648 5042 τά
682 4988 888 5058 μεταξὺ
936 4987 1340 5057 σιωπήσαντες,
1378 4989 1445 5042 τά
1491 4991 1630 5060 μετά
1665 4994 1767 5063 τὴν

163 5071 432 5145 σύλληψιν
486 5071 734 5125 Ἰωάννου
773 5070 1048 5139 γενόμενα
1088 5070 1183 5125 τοῦ
1230 5072 1468 5143 Χριστοῦ
1509 5073 1764 5145 θαύματα

160 5157 439 5224 λέγουσιν.
489 5155 605 5223 Ἀφ’
635 5147 712 5207 ῶν
746 5154 1106 5225 στοχάζεσθαι
1148 5154 1315 5219 εἰκὸς,
1349 5156 1433 5210 ὅτι
1468 5160 1563 5210 καὶ
1594 5158 1765 5212 ταῦτα

162 5241 261 5295 καὶ
291 5239 475 5310 πολλῷ
507 5239 674 5311 lupa
716 5238 938 5293 πλείονα
974 5238 1440 5310 παραλέλειπται·
1477 5244 1571 5295 καὶ
1604 5243 1765 5297 τοῦτο

161 5324 329 5387 αὐτὸς
354 5316 508 5388 οὗτος
535 5326 564 5377 6
591 5322 990 5393 εὑαγγελιστὴς
1034 5323 1173 5395 πρὸς
1210 5324 1289 5394 τῷ
1317 5323 1461 5378 τέλει
1503 5329 1602 5396 τῆς
1634 5344 1763 5394 συγ-

161 5407 388 5481 γραφῆς
415 5406 678 5477 ἐδήλωσε.
709 5404 977 5461 Τοσοῦτον
1014 5405 1127 5476 γάρ
1160 5408 1403 5477 ἀπέσχον
1430 5409 1526 5462 τοῦ
1558 5409 1762 5465 πλάσαι

160 5509 215 5545 τι
252 5492 396 5562 μέγα
421 5494 550 5563 περὶ
570 5490 760 5553 αὑτοῦ,
798 5491 882 5544 ὅτι
913 5490 983 5543 τά
1009 5490 1111 5560 μὶν
1136 5490 1396 5545 δοκοῦντα
1422 5494 1765 5548 ἐπονείδιστα

161 5571 305 5629 εἶναι
336 5575 537 5638 πάντες
571 5573 915 5646 ὁμοφώνωςά
952 5575 1045 5627 καὶ
1076 5574 1214 5645 μετά
1236 5575 1525 5648 ἀκριϐείας
1558 5576 1765 5647 ἔθηκαν

160 5660 406 5724 ἀπάσης.
433 5662 529 5713 καὶ
546 5660 647 5713 οὐκ
675 5659 743 5713 ἂν
765 5658 948 5730 εὕροις
962 5659 1153 5713 οὐδένα
1170 5660 1351 5713 αὐτῶν
1382 5660 1765 5732 παραλιπόντα

159 5743 316 5797 οἰδὲν
342 5743 451 5796 τῶν
479 5743 754 5797 τοιούτοιν·
796 5743 907 5797 τῶν
937 5742 994 5796 δὲ
1022 5743 1320 5814 θαυμάτων
1349 5744 1417 5797 τὰ
1454 5746 1554 5815 μὲν
1583 5746 1765 5811 ἀλλοις

223 5901 579 5978 musam?“
603 5900 907 5978 τετριατςα.
961 5902 1001 5978 ,ις
1036 5903 1093 5951 ει
1126 5902 1215 5978 γάρ
1255 5902 1405 5978 ξδνιί.
1434 5906 1485 5953 ει
1515 5905 1624 5978 cqq.
1650 5905 1762 5978 29g),

157 5967 314 6075 ouép
342 5967 444 6012 end.
474 5965 585 6015 706.
654 5968 675 5995 ε
706 5967 855 6013 Sani).
881 5966 1127 6019 ἀπήλαυον
1154 5965 1456 6025 (ἀπήλαυσαν
1480 5968 1620 6017 codd.
1650 5968 1761 6029 705,

157 6028 184 6075 7
260 6034 291 6075 ἰ.
329 6026 497 6075 Morel.
524 6029 792 6075 ἠξιώῖηταν
876 6028 900 6067 α
926 6028 1022 6075 Adi
1054 6030 1343 6075 ὁιωπόνιυξ.

166 6026 291 6088 ῖοῦ).
329 6026 497 6076 Morel.
524 6029 809 6084 ήξιιῦἷηςαν
876 6028 900 6067 α
926 6028 1022 6077 Adi
1054 6030 1343 6089 r3po;p«ivm;.

1248 362 1313 417 IN
1349 358 1670 417 JOANNEM
1714 354 1955 453 IIO‘MIL.
1994 354 2170 417 XVII.
2207 360 2279 415 al.
2320 356 2460 413 XVI.

1884 468 2076 524 εἴασαν
2109 488 2150 533 ο,
2189 472 2259 527 τά
2282 472 2341 526 δὲ
2380 472 2583 536 πάντες
2611 473 3036 545 ἀπεσιώπησαν.
3066 469 3253 527 Ταῦτα
3289 471 3352 528 ει
3390 490 3484 548 μοι

1880 555 1980 625 οὐχ
2028 554 2219 619 ἀπλῶς
2259 558 2497 629 εἴρηται,
2546 556 2685 612 ἀλλά
2727 555 2866 629 πρὸς
2894 555 2995 628 τὴν
3048 556 3161 610 τῶν
3214 554 3488 629 Ἑλλήνων

1884 639 2297 710 ἀναισχυντίαν.
2348 640 2557 695 Ἱκανὸν
2589 639 2700 711 γάρ
2730 640 2891 694 τοῦτο
2906 638 3002 694 τοῦ
3034 639 3366 713 φιλαλήθους
3387 643 3490 697 αύ-

1879 721 1991 775 τῶν
2018 722 2226 794 τρόπου
2253 722 2475 796 δεῖγμα,
2499 724 2594 777 καὶ
2616 722 2711 778 τοῦ
2738 723 2908 795 μηδὲν
2928 724 3067 796 πρὸς
3096 725 3259 795 χάριν
3284 723 3485 793 λέγειν.

1878 805 1990 858 Καὶ
2007 805 2311 877 δυνήσεσθε
2338 809 2432 862 καὶ
2464 807 2639 880 ταύτῃ
2666 808 2807 880 μετά
2834 807 2944 861 τῶν
2964 807 3144 863 ἄλλων
3166 806 3489 873 ὁπλίζεσθαι

1876 894 1945 964 τῇ
1961 892 2072 946 τῶν
2084 893 2261 964 λόγων
2276 894 2532 969 ὑποθέσει
2549 894 2687 966 πρὸς
2710 894 2932 958 αύτούς.
2968 894 3130 949 ’Λλλά
3146 896 3449 967 προσέχετε
3471 910 3486 926 ·

1878 977 1976 1031 καί
2001 977 2115 1049 γάρ
2139 978 2344 1033 ἀτοπον
2372 978 2465 1032 τὸν
2498 977 2599 1050 μὲν
2622 977 2809 1049 ἰατρὸν
2845 978 2987 1048 μετά
3023 976 3313 1049 ἀκριϐείας
3344 977 3489 1049 ὑπὲρ

1877 1060 1978 1132 τῆς
2006 1060 2209 1132 τέχνης
2241 1062 2611 1131 ἀγωνίζεσθαι
2637 1063 2739 1133 τῆς
2765 1061 2955 1124 αὑτοῦ,
2984 1063 3078 1116 καὶ
3101 1061 3194 1115 τὸν
3228 1062 3489 1115 σκυτοτό-

1881 1160 2004 1214 μον,
2040 1147 2138 1199 καὶ
2162 1145 2257 1199 τὸν
2285 1146 2553 1217 ὑφάντην,
2578 1147 2673 1200 καὶ
2703 1146 2915 1210 πάντας
2943 1144 3133 1210 ἁπλῶς
3158 1145 3289 1210 τοὺς
3310 1146 3491 1215 τεχνί·

1876 1243 1978 1291 τας
1998 1242 2011 1255 ·
2042 1228 2136 1281 τὸν
2164 1228 2222 1282 δὲ
2250 1230 2580 1298 Χριστιανὸν
2605 1226 2746 1283 εἰναι
2772 1229 3076 1299 φάσκοντα,
3118 1228 3195 1300 μὴ
3227 1228 3489 1283 δύνασθαι

1876 1312 2040 1382 λόγον
2068 1313 2209 1386 ὑπὲρ
2250 1316 2350 1384 τῆς
2388 1315 2597 1379 οἰκείας
2642 1317 2950 1387 παρασχεῖν
2998 1314 3261 1378 πίστεως.
3296 1312 3491 1367 Καίτοι

1877 1396 2065 1451 έκεῖνα
2116 1397 2218 1467 μὲν
2272 1398 2649 1468 παροφθέντα,
2686 1400 2768 1460 εἰς
2811 1399 3077 1470 χρήματα
3128 1396 3229 1468 τὴν
3284 1395 3492 1468 ζημίαν

1875 1480 2078 1553 ἢνεγκε
2100 1497 2114 1509 ·
2152 1482 2329 1535 ταῦτα
2355 1481 2413 1534 δὲ
2436 1481 2809 1554 ἀμελουμενα,
2835 1481 3008 1553 αὐτὴν
3030 1483 3167 1552 ἡμῖν
3195 1480 3215 1519 ί
3244 1480 3495 1549 διαφθεί-

1878 1581 1964 1636 ρει
1993 1565 2094 1634 τὴν
2118 1563 2323 1636 ψυχήν.
2362 1564 2505 1619 Ἀλλ’
2535 1566 2685 1637 ὅμως
2711 1564 2889 1630 οὕτως
2909 1564 3115 1629 ἀθλίως
3139 1564 3491 1635 διακείμεθα.

1875 1649 1953 1711 ὡς
1983 1648 2218 1712 ἐκείνοις
2251 1648 2352 1718 μὲν
2385 1648 2607 1703 ἃπασαν
2643 1649 2947 1721 ἀπονέμειν
2983 1648 3229 1722 σπουδήν
3250 1663 3265 1679 ·
3288 1648 3402 1702 τῶν
3433 1648 3494 1704 δὲ

1874 1730 2213 1799 ἀναγκαίων,
2252 1732 2348 1784 καὶ
2390 1730 2425 1785 ἀ
2457 1732 2731 1802 σωτηρίας
2760 1731 3021 1796 ὑπόθεσις
3064 1730 3169 1802 τῆς
3202 1731 3488 1803 ἡμετέρας

1878 1814 2018 1878 ἐστὶ,
2055 1814 2265 1868 τούτων
2295 1814 2372 1877 ὼς
2401 1814 2616 1880 οὐδενὸς
2650 1815 2819 1882 ἀξίων
2861 1815 3251 1887 καταφρονεῖν.

1935 1898 2181 1954 δ’.Τοῦτο
2197 1900 2300 1953 οὐκ
2316 1900 2512 1971 ἀφίησι
2527 1900 2934 1972 τοὺςἝλληνας
2945 1904 3044 1971 τῆς
3055 1900 3266 1964 οἰκείας
3282 1899 3496 1971 ταχέως

1876 1981 2261 2051 καταγελάσαι
2287 1981 2520 2053 πλάνης.
2545 1983 2715 2037 Ὅταν
2748 1982 2861 2055 γὰρ
2886 1984 3042 2037 αὐτοὶ
3077 1983 3178 2054 μὶν
3205 1983 3286 2054 τῷ
3304 1982 3495 2054 ψεύδει

1877 2065 2293 2135 συνιστάμενοι,
2321 2065 2504 2119 πάντα
2533 2065 2855 2137 πράττωσιν
2880 2065 3023 2120 ὥστε
3052 2067 3350 2121 συσκιάσαι
3386 2067 3495 2120 τῶν

1875 2148 2167 2219 δογμάτων
2213 2148 2316 2219 τὴν
2367 2148 2657 2221 αἰσχύνην,
2708 2152 2873 2221 ἡμεῖς
2912 2149 2969 2204 δὲ
3001 2152 3051 2204 οἰ
3094 2151 3195 2223 τῆς
3230 2148 3496 2221 ἀληθείας

1877 2232 2220 2304 θεραπευταί
2255 2231 2393 2303 μηδὲ.
2419 2232 2605 2304 διᾶραι
2634 2232 2697 2286 τὸ
2731 2232 2909 2305 στόμα
2932 2232 3248 2307 δυνώμεθα,
3284 2235 3404 2299 πῶς
3430 2233 3494 2287 οὐ

1877 2316 2084 2387 πολλὴν
2108 2315 2207 2370 τοῦ
2243 2317 2518 2387 δόγματος
2544 2318 2997 2387 καταγνώσονται
3030 2319 3133 2391 τὴν
3166 2318 3494 2383 ἀσθένειαν;

1876 2400 1997 2465 πῶς
2014 2401 2116 2453 ούκ
2138 2400 2358 2471 ἀπάτην
2383 2401 2482 2455 καὶ
2507 2402 2725 2472 μωρίαν
2748 2400 2818 2457 τὰ
2847 2403 3095 2475 ἡμέτερα
3118 2404 3497 2457 ὑποπτεύσου-

1878 2500 1963 2547 σι;
1988 2483 2105 2545 πῶς
2126 2484 2185 2536 ού
2212 2482 2677 2556 βλασφημήσουσι
2698 2485 2791 2537 τὸν
2814 2486 3051 2556 Χριστὸν
3070 2485 3146 2549 ὼς
3169 2486 3372 2559 εἰρωνα
3400 2489 3496 2540 καὶ

1876 2566 2200 2630 ἀπατεῶνα,
2232 2567 2329 2620 καὶ
2356 2569 2425 2637 τῇ
2473 2566 2585 2619 τῶν
2614 2568 2829 2621 πολλῶν
2871 2569 3030 2641 ἀνοία
3067 2568 3205 2640 πρὸς
3233 2568 3332 2642 τὴν
3357 2570 3499 2624 άπά-

1874 2668 1976 2724 την
1997 2652 2495 2723 ἀποχρησάμενον;
2530 2652 2750 2724 Ταύτης
2775 2652 2833 2706 δὲ
2864 2656 3026 2724 ἡμεῖς
3052 2656 3215 2708 αἰτιοι
3238 2655 3339 2725 τῆς
3373 2653 3498 2725 βλαο

1878 2737 2271 2807 σφημίαςόὺκ
2300 2736 2579 2800 ἐθέλοντες
2611 2738 2916 2808 ἀγρυπνεῖν
2939 2738 3000 2790 έν
3030 2740 3144 2801 τοῖς
3172 2738 3314 2811 ὑπὲρ
3338 2739 3498 2791 εὐσε-

1876 2820 2033 2885 δείας
2063 2822 2266 2889 λόγοις,
2295 2820 2433 2875 ἀλλά
2465 2820 2726 2893 πάρεργα
2756 2819 3035 2891 τιθέμενοι
3071 2820 3270 2885 ταῦτα,
3305 2822 3399 2874 καὶ
3426 2822 3496 2875 τά

1877 2903 1975 2974 τῆς
1998 2904 2103 2973 γῆς
2129 2904 2527 2975 μεριμνῶντες.
2556 2904 2670 2958 Καὶ
2696 2904 2970 2976 ὀρχηστοῦ
2998 2903 3101 2975 μέν
3124 2921 3211 2969 τις
3232 2903 3377 2975 έρῶν
3400 2906 3497 2959 καὶ

1877 2985 2094 3056 ἡνιόχου
2125 2986 2222 3039 καὶ
2250 2986 2348 3040 τοῦ
2383 2990 2497 3051 τοῖς
2525 2986 2737 3057 θηρίοις
2772 2987 3162 3053 πυκτεύοντος,
3199 2989 3379 3042 πάντα
3409 3004 3497 3041 κι-

1877 3073 1958 3124 νεῖ
1979 3072 2073 3125 καί
2097 3069 2571 3141 πραγματεύεται,
2601 3070 2746 3123 ὥστε
2772 3071 2831 3125 έν
2858 3073 2975 3134 τοῖς
2997 3070 3179 3141 ἀγῶσι
3206 3075 3322 3137 τοῖς
3349 3073 3513 3144 ὑπὲρ

1878 3153 2041 3208 αὑτοῦ
2071 3153 2149 3226 μὴ
2186 3154 2414 3208 ἔλαττον
2437 3154 2579 3226 έχων
2620 3153 2913 3208 ἀπελθεῖν·
2950 3156 3045 3208 καὶ
3082 3156 3332 3228 μακροὺς
3367 3174 3495 3210 συν-

1877 3238 2115 3310 είρουσιν
2158 3237 2437 3303 ἐπαίνους,
2485 3237 2622 3308 πρὸς
2652 3237 2781 3302 τοὺς
2820 3236 3270 3310 κατηγοροῦντας
3310 3240 3497 3293 αὐτῶν

1877 3321 2177 3391 ἀπολογίαν
2208 3320 2572 3384 συντιθέντες,
2595 3322 2692 3375 καὶ
2727 3321 2947 3393 μυρίοις
2983 3322 3271 3392 βάλλοντες
3304 3324 3495 3396 σκώμ-

1881 3422 2013 3477 μασι
2060 3405 2188 3467 τοὺς
2232 3405 2721 3476 ἐναντιουμένους·
2760 3406 2904 3477 ὑπὲρ
2950 3404 3008 3458 δὲ
3056 3406 3494 3479 Χριστιανισμοῦ

1878 3489 2258 3561 προκειμένων
2274 3490 2300 3529 ε
2323 3487 2519 3557 λόγων,
2543 3487 2749 3553 πάντες
2770 3488 2922 3543 κάτω
2942 3489 3183 3553 νεύουσι,
3210 3491 3305 3555 κα).
3331 3493 3495 3547 κνῶν-

1874 3590 1997 3637 ται,
2040 3572 2137 3626 καί
2181 3571 2536 3643 χασμῶνται,
2582 3572 2678 3625 καὶ
2723 3572 3235 3639 καταγελασθέντες
3280 3577 3497 3645 ἀναχω-

1880 3655 2057 3729 ροῦσι.
2090 3650 2242 3729 [I02]
2278 3654 2391 3710 Καὶ
2420 3656 2538 3720 m3;
2566 3657 2668 3709 οὐκ
2698 3653 2827 3720 ἀξια
2854 3656 3029 3711 ταῦτα
3063 3658 3267 3729 μυρίας
3298 3658 3491 3731 ὀργῆς,

1878 3742 2009 3794 ὅταν
2037 3742 2066 3793 6
2102 3738 2342 3811 Χριστὸς
2371 3738 2698 3810 ἀτιμότερος
2732 3738 3007 3809 ὀρχηστοῦ
3057 3742 3319 3813 φαίνηται
3360 3745 3494 3813 παρ’

1878 3823 2038 3894 ὐμῖν;
2065 3822 2120 3875 εί
2146 3839 2211 3892 γε
2246 3821 2389 3893 ὑπὲρ
2417 3822 2516 3891 μὲν
2541 3820 2650 3874 τῶν
2678 3821 2910 3886 ἐκείνοις
2940 3824 3355 3895 πεπραγμένων
3391 3843 3495 3897 μυ-

1877 3906 1999 3977 ρίας
2030 3904 2332 3975 ἀπολογίας
2377 3904 2817 3976 μεμελετήκατε,
2849 3904 3027 3960 καίτοι
3055 3923 3121 3975 γε
3155 3909 3377 3963 πάντων
3406 3912 3494 3963 αἰ·-

1878 3989 2188 4063 σχροτέρων
2220 3989 2418 4043 ὀντων·
2454 3988 2595 4060 ὑπὲρ
2625 3988 2682 4041 δὲ
2719 3988 2832 4043 τῶν
2856 3988 2952 4043 τοῦ
2994 3990 3237 4061 Χριστοῦ
3269 3991 3492 4063 θαυμάο

1875 4089 2005 4137 των,
2040 4074 2220 4127 καίτοι
2250 4089 2315 4141 γε
2344 4072 2440 4145 τὴν
2475 4072 2807 4144 οἰκουμένην
2840 4074 3334 4145 ἐπισπασαμένων,
3365 4078 3491 4130 οὐδε

1876 4156 2128 4229 ἐννοῆσαί
2155 4175 2209 4211 τι
2233 4157 2329 4211 καὶ
2363 4156 2701 4229 μεριμνῆσαι
2726 4155 3008 4228 ἀνέχεσθε.
3042 4157 3385 4230 Πιστεύομεν
3406 4162 3489 4225 εἰς

1876 4241 2096 4313 Πατέρα
2141 4242 2238 4295 καί
2269 4242 2396 4295 Υἰδν
2438 4242 2533 4295 καὶ
2572 4240 2732 4309 ἀγιον
2759 4240 3018 4311 Πνεῦμα·
3061 4244 3141 4306 εἰς
3188 4244 3487 4298 ἀνάστασιν

1876 4324 2171 4394 σωμάτων,
2203 4326 2285 4390 εἰς
2319 4324 2463 4395 ζωὴν
2511 4322 2752 4379 αἰώνιον.
2784 4325 2883 4377 Ἂν
2928 4324 3113 4377 τοίνυν
3159 4324 3355 4397 ἔρηταί
3401 4345 3487 4392 τις

1886 4408 2188 4479 Ἑλλήνων·
2235 4409 2336 4473 Τίς
2376 4408 2509 4462 ποτέ
2547 4409 2698 4463 ἐστιν
2739 4402 2895 4471 οὗτος
2923 4410 2953 4462 ὀ
2986 4409 3213 4480 Πατήρ;
3246 4410 3331 4475 τίς
3372 4410 3429 4464 δὲ
3458 4416 3487 4465 ὀ

1874 4490 2034 4555 Υἱός;
2074 4492 2158 4555 τίς
2193 4492 2251 4545 δὲ
2293 4492 2358 4544 τὸ
2398 4492 2625 4562 Πνεῦμα
2649 4491 2711 4545 τὸ
2750 4492 2936 4560 ἀγιονς
2968 4492 3001 4563 ἢ
3036 4492 3154 4556 πῶς
3186 4494 3283 4547 καὶ
3326 4496 3489 4565 ὑμεῖς

1873 4578 2025 4648 τρεῖς
2071 4574 2324 4643 λέγοντες
2378 4573 2571 4637 θεοὺς,
2621 4576 2755 4645 ἡμῖν
2806 4574 3031 4640 ἐγκαλεῖ
3069 4575 3397 4646 πολυθεῖαν;
3432 4581 3487 4633 τί

1872 4660 2081 4730 ὲρεῖτε;
2112 4659 2164 4710 τί
2194 4658 2253 4713 δὲ
2300 4659 2718 4729 ἀποκρινεῖσθε;
2766 4656 2887 4721 πῶς
2934 4659 3346 4731 ἀποκρούσεσθε
3384 4672 3487 4735 την

1872 4742 2185 4814 προσϐολὴν
2225 4742 2337 4795 τῶν
2379 4742 2555 4811 λόγων
2597 4742 2840 4807 τούτωνς
2874 4742 2940 4794 Τί
2978 4742 3056 4808 δὲ,
3098 4743 3166 4796 ἂν
3207 4744 3489 4814 σιγώντων

1872 4829 2029 4899 ὑμῶν
2058 4828 2221 4880 πάλιν
2251 4826 2525 4898 ἐπενέγκῃ
2562 4826 2621 4879 τὸ
2647 4826 2837 4896 ἕτερον
2876 4826 3123 4898 ζήτημα,
3150 4828 3216 4880 Τί
3244 4830 3303 4883 δέ
3336 4831 3488 4885 ἐστιν

1868 4914 2007 4977 ὅλως
2040 4913 2365 4975 ἀνάστασις,
2394 4909 2648 4981 έρωτῶν;
2683 4905 2794 4980 ἄρα
2836 4909 2948 4981 γάρ
2970 4910 3029 4964 ἐν
3058 4910 3236 4984 τούτῳ
3265 4913 3345 4985 τῷ
3382 4914 3487 4969 σώ-

1874 5013 2002 5065 ματι
2032 4996 2197 5049 πάλιν
2222 4993 2677 5065 ἀναστησόμεθα;
2706 4988 2814 5063 ἆρα
2833 4995 2892 5046 έν
2910 4995 3087 5066 έτέρῳ
3116 4997 3267 5068 παρά
3292 4997 3480 5063 τοῦτο;

1870 5081 1965 5133 καὶ
1990 5082 2039 5133 εἰ
2068 5082 2127 5133 ὲν
2147 5079 2345 5151 τούτῳ,
2370 5078 2455 5139 τίς
2486 5076 2645 5149 χρεία
2672 5076 2807 5130 αὐτὸ
2834 5078 3234 5149 καταλυθῆναι;
3262 5081 3317 5134 τί
3348 5084 3483 5155 πρὸς

1867 5164 2039 5219 ταῦτα
2076 5167 2284 5235 έρεῖτες
2334 5162 2401 5216 Τί
2440 5162 2517 5229 δὲ,
2562 5162 2628 5217 ἂν
2659 5160 2827 5235 λέγῃ·
2859 5163 3014 5217 Διατί
3048 5164 3162 5231 νῦν,
3198 5166 3292 5219 καὶ
3324 5168 3400 5241 μὴ
3428 5168 3487 5222 ιν

1868 5257 1981 5316 τοῖς
2028 5251 2343 5322 ἔμπροσθεν
2391 5251 2730 5323 παρεγένετο
2777 5251 2991 5322 χρόνοις
3018 5254 3047 5306 ὀ
3080 5252 3359 5324 Χριστόςς
3390 5256 3486 5310 νῦν

1868 5339 1977 5410 γάρ
2008 5337 2187 5403 εδοξεν
2220 5337 2372 5408 αὐτῷ
2418 5336 2720 5407 προνοῆσαι
2769 5335 2882 5389 τῶν
2927 5334 3261 5407 ἀνθρώπων,
3307 5340 3397 5394 τὸν
3429 5341 3485 5394 δὲ

1868 5423 2029 5476 ἀλλον
2070 5420 2289 5475 ἅπαντα
2318 5420 2514 5493 χρόνον
2546 5419 2710 5490 ἡμῶν
2744 5423 3104 5491 κατεφρόνεις
3136 5422 3169 5493 ἢ
3219 5425 3315 5478 καὶ
3350 5424 3485 5481 ἄλλα

1868 5508 1950 5561 ἔτι
1980 5508 2046 5562 ἂν
2078 5507 2216 5578 πρὸς
2239 5504 2264 5545 δ
2300 5506 2514 5568 τούτοις
2552 5504 2759 5558 τούτων
2788 5505 3009 5560 πλείονα
3046 5504 3315 5579 ἐξετάζῃς
3351 5506 3483 5561 ί]ὑᾶ

1868 5595 1979 5666 γὰρ
2009 5593 2310 5660 ἀναγκαῖον
2344 5591 2515 5645 πολλὰ
2540 5590 2737 5661 ἑφεξῆς
2769 5588 3063 5661 ζητήματα
3084 5590 3358 5654 τιθέντας,
3384 5592 3484 5657 τὰς

1868 5677 2051 5740 λύσεις
2087 5678 2381 5747 ἀποσιγᾷν,
2408 5674 2546 5727 ὥστε
2599 5673 2675 5745 μὴ
2716 5674 2841 5738 τοὺς
2868 5675 3266 5745 ἀφελεστέρους
3308 5675 3485 5747 ταύτῃ

1870 5760 2249 5833 καραϐλάψαι.
2289 5759 2474 5828 Ἀρκεῖ
2524 5757 2641 5827 γάρ
2680 5758 2775 5810 καὶ
2819 5758 2888 5810 τά
2932 5759 3202 5829 εἰρημένα
3237 5758 3375 5831 πρὸς
3422 5761 3484 5813 τὸ

1929 5906 1949 5928 ⁸
1970 5904 2051 5954 Sic
2069 5902 2221 5952 Savil.
2245 5900 2419 5951 Morel.
2456 5902 2516 5949 τὰ
2543 5901 2625 5963 μέν
2647 5902 2872 5958 ἀλλήλοις
2894 5904 3264 5966 παρεχώρησαν.
3288 5964 3298 5966 ἓ
3337 5902 3357 5939 τ
3386 5903 3483 5953 Al“

1868 5971 1997 6029 ὺμιν,
2025 5969 2107 6015 alii
2147 5966 2279 6027 ἡμῖν.
2352 5968 2375 6003 Β
2400 5966 2477 6029 8k:
2510 5966 2619 6029 δῖαν.
2651 5970 2703 6011 et
2738 5966 2937 6027 piurimi
2960 5964 3105 6029 ξιιιᾼεξ
3146 5964 3324 6017 Morel.
3362 5979 3483 6025 προ-

1872 6032 2168 6091 τεινομένων.
2239 6028 2264 6065 h
2292 6028 2497 6089 Quidam
2541 6028 2570 6083 ἢ
2614 6029 2691 6075 καί
2715 6029 2850 6088 ἔτερα
2879 6028 3011 6089 πρός.
