4048 6442
245 525 377 566 num
406 510 458 563 iu
487 505 637 562 alio?
671 505 718 560 si
747 502 801 559 in
830 501 932 557 hoc
951 541 968 566 ,
998 511 1120 570 quae
1148 496 1444 552 necessitas
1489 502 1549 549 ut
1585 489 1850 548 dissolva-

247 601 374 658 tur?
393 600 521 673 quid
545 598 614 655 ad
640 598 755 654 haec
783 590 1218 667 respondebitis‘l
1242 588 1373 661 quid
1402 602 1531 643 vero
1554 588 1600 642 si
1631 586 1734 642 hoc
1755 584 1853 640 ob-

235 693 395 762 jiciat
425 709 440 745 :
473 691 582 748 Cur
611 705 718 746 non
747 686 1010 759 superiori
1053 691 1294 753 tempore
1318 679 1540 736 advenit
1564 675 1851 734 Christus?

247 799 315 840 an
343 799 486 840 nunc
512 783 748 839 humano
770 779 952 853 generi
985 775 1268 849 providere
1289 773 1464 830 visum
1491 772 1566 828 illi
1592 778 1696 837 est,
1719 780 1774 826 et
1795 771 1848 826 in

245 877 520 947 praeterito
545 876 691 930 omni
715 885 956 943 tempore
977 871 1030 926 id
1052 867 1325 940 neglexit?
1349 865 1476 938 quid
1503 866 1548 921 si
1569 865 1669 920 alia
1691 863 1846 935 plura

242 967 556 1024 examinet?
592 965 776 1036 Neque
803 963 944 1019 enim
975 959 1192 1031 expedit
1221 967 1280 1013 ut
1306 957 1502 1013 multas
1530 955 1664 1011 alias
1693 969 1845 1025 qua:-

242 1061 448 1115 stiones
471 1057 815 1128 adjicientes,
852 1055 1172 1110 solutionem
1202 1050 1409 1105 illarum
1443 1057 1743 1114 taceamus,
1775 1061 1846 1104 ne

242 1153 362 1209 haec
388 1150 803 1223 simplicioribus
825 1155 1074 1205 noceant.
1107 1143 1244 1200 Nam
1273 1158 1394 1216 quae
1423 1141 1685 1208 diximus,
1719 1145 1846 1195 sunt

239 1245 308 1301 ad
339 1243 716 1301 excutiendum
746 1255 993 1298 somnum
1022 1247 1258 1294 vestrum
1285 1236 1437 1291 satis.
1467 1233 1605 1302 Quid
1636 1247 1765 1303 ergo
1794 1232 1840 1288 si

240 1338 357 1394 hare
385 1343 789 1406 percontantur,
819 1348 917 1389 vos
941 1339 1121 1386 autem
1150 1344 1218 1384 ne
1254 1326 1442 1384 audire
1478 1324 1693 1397 quidem
1725 1323 1841 1380 haec

238 1432 401 1488 verba
431 1428 686 1501 possitis?
711 1443 809 1492 an,
837 1440 1043 1497 quaeso,
1086 1424 1336 1494 exiguum
1374 1435 1474 1476 nos
1501 1429 1682 1476 manet
1709 1435 1840 1490 sup-

236 1523 476 1595 plicium,
506 1521 595 1591 qui
617 1518 932 1576 sedentibus
952 1517 1004 1571 in
1030 1514 1268 1572 tenebris
1290 1522 1435 1569 tanta
1454 1512 1655 1570 erroris
1675 1525 1836 1565 causa

234 1614 439 1670 simus?
474 1613 710 1677 Vellem,
749 1611 794 1666 si
835 1625 932 1680 per
959 1609 1126 1662 etiam
1155 1615 1394 1661 vestrum
1435 1605 1649 1668 liceret,
1681 1616 1836 1659 exse-

229 1704 423 1761 crandi
449 1702 728 1777 cujusdam
758 1700 932 1758 Graeci
963 1698 1268 1771 philosophi
1301 1696 1497 1753 librum
1524 1705 1710 1752 contra
1735 1709 1837 1751 nos

234 1800 495 1870 scriptum
529 1799 631 1852 huc
655 1794 869 1862 aﬂerre,
899 1807 1110 1849 necnon
1136 1792 1358 1848 alterius
1383 1791 1542 1860 longe
1569 1789 1838 1858 antiquio-

227 1894 308 1948 ris
327 1933 342 1959 ,
381 1901 440 1948 ut
475 1892 556 1946 sic
595 1905 690 1945 vos
717 1887 1007 1945 excitarem
1026 1928 1040 1950 ,
1073 1893 1129 1941 et
1158 1892 1360 1939 tantam
1389 1890 1624 1937 vestram
1649 1878 1832 1952 segni-

227 1985 358 2039 tiem
383 1991 715 2039 excuterem.
743 1979 874 2036 Nam
905 1979 950 2034 si
978 1977 1053 2033 illi
1071 2020 1086 2044 ,
1119 1985 1179 2033 ut
1206 1990 1305 2031 nos
1331 1976 1729 2045 impugnarent,
1758 1972 1830 2027 ita

223 2076 612 2147 advigilamnt,
637 2089 741 2147 qua
766 2075 970 2131 erimus
997 2071 1142 2144 digni
1175 2071 1330 2126 venia
1349 2112 1364 2137 ,
1395 2069 1440 2124 si
1469 2069 1612 2124 illata
1642 2075 1830 2123 contra

222 2187 326 2226 nos
355 2171 457 2226 tela
489 2170 803 2241 propulsare
845 2166 1187 2225 nesciamus?
1229 2163 1346 2233 Qua
1385 2163 1454 2219 de
1491 2176 1652 2218 causa
1699 2174 1828 2230 pro-

220 2262 370 2319 ducti
398 2262 622 2320 sumus?
649 2261 764 2317 Non
792 2260 946 2316 audis
974 2257 1276 2330 apostolum
1298 2255 1568 2312 dicentem
1594 2271 1609 2310 :
1644 2251 1830 2307 Parati

218 2367 379 2412 estote
413 2357 483 2411 ad
518 2356 860 2429 defensionem
889 2354 1028 2408 omni
1069 2353 1208 2408 vobis
1245 2351 1495 2406 rationem
1533 2347 1827 2419 exposcenti

215 2457 340 2524 ejus
361 2467 474 2521 quat
500 2450 552 2505 in
583 2449 717 2504 vobis
743 2459 817 2505 est
843 2449 951 2520 spei
977 2447 1066 2514 (1.
1101 2449 1216 2500 l‘et.
1248 2445 1302 2501 5.
1332 2443 1452 2515 I5).
1480 2442 1679 2498 Paulus
1699 2456 1827 2514 quo-

213 2560 324 2616 que
353 2543 544 2599 eadem
570 2543 736 2597 utitur
760 2536 1384 2596 admouitione:Verbum
1410 2536 1597 2591 Christi
1619 2534 1826 2590 inhabi-

213 2643 284 2689 tet
312 2635 365 2688 in
392 2632 526 2688 vobis
554 2631 872 2686 abundanter
898 2627 1055 2704 (Col.
1084 2630 1138 2684 3.
1171 2628 1295 2698 18).
1326 2627 1431 2683 Sed
1459 2626 1584 2699 quid
1609 2626 1676 2682 ad
1705 2625 1822 2684 hinc

209 2727 400 2784 dicunt
421 2726 666 2783 homines
686 2726 820 2782 fucis
841 2722 1306 2796 insipientiores‘?
1328 2721 1615 2780 Benedicta
1637 2721 1816 2778 omnis

277 2847 295 2878 ι
330 2843 406 2896 sic
437 2854 610 2893 omnes
641 2852 771 2902 pene
793 2844 899 2888 Mss.
934 2834 1076 2886 savii.
1115 2844 1282 2885 autem
1314 2839 1368 2884 et
1396 2831 1586 2896 Itorel.,
1612 2831 1818 2886 Codices

1322 378 1389 436 IN
1424 374 1736 437 JUANNEM
1773 372 2006 434 BOIIL.
2037 375 2225 439 XVIII.
2255 383 2329 440 al.
2371 381 2532 443 XVII.

3477 392 3584 453 ΜΔ

1957 497 2138 554 anima
2177 499 2436 571 simplex;
2472 509 2560 568 et,
2604 501 2707 569 Qui
2744 501 2973 561 ambulat
2998 505 3318 578 simpliciter,
3347 506 3578 562 ambulat

1957 591 2273 659 conﬁdenter
2306 590 2507 662 (Prov.
2554 593 2642 650 10.
2683 594 2776 664 9).
2818 591 2935 653 Hoc
2972 596 3172 668 quippe
3209 609 3290 654 est
3327 595 3575 656 omnium

1955 696 2114 738 causa
2160 683 2457 751 malorum,
2499 685 2646 757 quod
2685 685 3084 756 Scripturarum
3121 689 3443 745 testimoniis
3467 703 3570 761 op-

1955 783 2186 844 portune
2210 775 2288 831 uti
2319 777 2471 832 multi
2505 777 2770 834 nesciant.
2797 778 2982 850 Neque
3007 780 3155 836 enim
3185 778 3276 835 hic
3304 781 3568 852 insipien-

1953 874 2060 922 tem
2084 867 2352 940 intelligit,
2383 884 2558 940 neque
2584 869 2831 942 ignarum
2857 871 2948 942 qui
2971 870 3105 926 nihil
3127 874 3285 938 sciat,
3313 872 3409 928 sed
3439 888 3568 929 eum

1951 963 2042 1033 qui
2069 977 2172 1019 nec
2192 962 2492 1033 improbus,
2517 979 2618 1020 nec
2637 972 2886 1020 versutus
2910 964 3001 1032 sit,
3025 962 3121 1020 sed
3145 964 3402 1034 prudens.
3427 963 3564 1020 Nam

1950 1055 1995 1108 si
2028 1069 2118 1110 res
2144 1054 2216 1109 ita
2243 1065 2391 1111 esset
2411 1055 2462 1122 ⁸,
2503 1054 2700 1110 frustra
2731 1055 3048 1112 diceretur:
3075 1054 3257 1111 Estote
3290 1057 3566 1126 prudentes

1946 1148 2078 1200 sicut
2105 1156 2392 1215 serpentes,
2430 1157 2479 1203 et
2506 1148 2762 1218 simplices
2787 1149 2919 1205 sicut
2942 1147 3192 1205 columba:
3215 1147 3237 1223 (
3251 1148 3440 1204 Atuttlt.
3472 1151 3560 1206 ιθ.

1950 1235 2079 1306 16).
2110 1237 2218 1293 Sed
2248 1237 2376 1308 quid
2408 1239 2523 1296 haec
2551 1239 2688 1295 ultra
2721 1255 3131 1311 persequamur,
3160 1241 3230 1297 ad
3269 1241 3404 1297 nihil
3430 1257 3562 1314 pro-

1946 1328 2164 1384 futura?
2202 1331 2409 1387 Praeter
2448 1346 2513 1388 ea
2551 1332 2696 1387 enim
2735 1347 2857 1404 qua:
2899 1332 3008 1401 jam
3044 1332 3189 1389 dicta
3247 1343 3410 1400 sunt,
3455 1334 3559 1390 alia

1944 1438 2156 1495 quoque
2195 1424 2263 1479 ad
2300 1439 2480 1481 mores
2505 1433 2560 1480 et
2592 1426 2714 1480 vitae
2744 1425 3044 1480 institutum
3081 1427 3378 1495 spectantia
3418 1429 3558 1484 male

1941 1526 2202 1586 geruntur
2224 1531 2253 1569 a
2279 1515 2457 1573 nobis.
2485 1515 2687 1574 Verum
2715 1518 2950 1589 undique
2975 1513 3197 1585 miseri,
3223 1519 3462 1591 undique
3485 1521 3562 1575 ri-

1941 1607 2103 1666 diculi
2131 1625 2353 1677 sumus;
2382 1624 2447 1668 ac
2471 1626 2691 1682 semper
2713 1611 2883 1681 parati
2906 1611 2974 1667 ad
2998 1612 3134 1669 alios
3157 1613 3553 1684 coarguendos,

1941 1718 2138 1776 segnes
2163 1719 2352 1762 sumus
2376 1704 2444 1761 ad
2474 1719 2536 1761 ea
2564 1706 2883 1779 corrigenda
2920 1722 3042 1778 quae
3078 1707 3134 1762 in
3173 1707 3329 1762 nobis
3367 1706 3557 1764 redar-

1939 1806 2195 1868 guuntur.
2223 1797 2586 1866 Quamobrem
2603 1839 2620 1864 ,
2651 1797 2905 1866 obsecro,
2933 1798 3091 1854 nobis
3118 1799 3335 1854 tandem
3370 1807 3552 1855 atten-

1937 1888 2150 1955 dentes,
2179 1904 2250 1945 ne
2275 1889 2330 1944 in
2358 1890 2784 1960 reprehensione
2809 1889 3033 1962 gradum
3062 1889 3338 1947 sistamus.
3364 1891 3553 1964 Neque

1936 1982 2084 2035 enim
2128 1979 2231 2036 hoc
2269 1988 2353 2036 est
2389 1979 2457 2035 ad
2498 1980 2665 2036 Deum
2711 1981 3030 2053 placandum
3061 1983 3230 2049 satis;
3258 1982 3352 2039 sed
3383 1984 3549 2040 etiam

1935 2072 2195 2144 optimam
2237 2073 2290 2128 in
2330 2074 2583 2130 omnibus
2625 2077 2978 2132 mutationem
3026 2075 3288 2133 exhibere
3331 2076 3553 2133 studea-

1934 2180 2076 2233 mus,
2109 2173 2168 2220 ut
2193 2165 2259 2221 ad
2293 2165 2518 2237 gloriam
2548 2165 2642 2222 Dei
2684 2167 2845 2223 vitam
2874 2177 3128 2241 agentes,
3156 2176 3212 2225 et
3237 2168 3338 2240 ipsi
3369 2167 3562 2228 futura.

1931 2257 2102 2329 gloria
2128 2257 2404 2326 fruamur;
2437 2274 2598 2330 quam
2628 2276 2727 2316 nos
2754 2276 2948 2317 omnes
2970 2261 3188 2333 assequi
3231 2261 3544 2333 contingat.

1930 2348 2102 2420 gratia
2125 2359 2181 2406 et
2204 2348 2534 2422 benignitate
2563 2351 2772 2408 Domini
2801 2354 2972 2410 nostri
3005 2351 3135 2410 Jcsu
3173 2351 3415 2419 Christi,
3455 2351 3545 2409 cui

1929 2442 2100 2515 gloria
2127 2451 2182 2501 et
2211 2443 2497 2515 imperium
2525 2445 2577 2500 in
2609 2443 2806 2503 saecula
2833 2447 3180 2503 sazculorum.
3213 2447 3407 2506 Amen.

1928 2690 2024 2759 705
2055 2698 2109 2743 et
2138 2693 2233 2759 τρε
2263 2695 2442 2759 secuti,
2467 2693 2646 2759 legunt
2677 2693 2944 2759 segniores,
2972 2709 3078 2758 pro,
3104 2693 3474 2759 insipientiores.

1935 2765 1940 2768 '
1993 2757 2010 2788 ι
2049 2755 2239 2818 μοι-ειη
2264 2757 2436 2817 habet,
2467 2755 2565 2809 niii
2587 2771 2667 2809 res
2696 2755 2767 2809 ita
2795 2772 2849 2810 se
2878 2755 3098 2810 haberet.
3126 2755 3270 2810 Savtl.
3295 2766 3462 2808 autem
3487 2765 3540 2812 et

1925 2825 2031 2870 Mss.
2055 2817 2245 2870 habent
2272 2825 2328 2871 ut
2363 2820 2411 2870 in
2446 2828 2608 2884 textu,
2632 2828 2684 2872 et
2715 2822 2784 2872 ita
2814 2820 2940 2887 legit
2972 2821 3146 2873 Franc.
3172 2819 3424 2873 Διαίου.

205 2939 3532 2968 Mm

1574 3010 1930 3078 HOMILIK
1966 3016 2205 3082 XVIII.

202 3177 298 3235 55.
341 3176 514 3232 Altera
542 3174 624 3230 die
645 3173 827 3229 iterum
864 3171 1029 3227 stabat
1057 3167 1320 3232 Joannes,
1366 3175 1416 3220 et
1441 3182 1503 3221 ea:
1545 3161 1812 3233 discipulis

282 3273 392 3340 ejus
416 3269 538 3324 duo.
559 3268 652 3324 36.
677 3265 744 3322 Et
763 3265 1038 3336 respiciens
1051 3261 1083 3317 J
1091 3279 1233 3318 esum
1258 3258 1623 3320 ambulantem,
1653 3255 1813 3311 dicit:

282 3367 416 3420 Ecce
435 3381 596 3436 agnus
625 3361 738 3417 Dei.
762 3362 853 3418 '57.
891 3359 957 3413 Et
977 3357 1251 3413 audierunt
1278 3370 1392 3410 eum
1434 3352 1535 3407 duo
1565 3350 1807 3422 discipuli

281 3456 565 3525 loquentem
580 3495 594 3518 ,
617 3461 664 3508 et
689 3451 891 3522 sequuti
912 3459 1028 3506 sunt
1052 3446 1090 3503 Ι
1093 3464 1252 3503 esum.

280 3550 332 3604 I.
374 3545 596 3618 Propter
637 3545 900 3618 segnitiem
948 3550 1144 3596 natura;
1184 3541 1420 3594 humana:
1445 3537 1620 3593 eadem
1645 3536 1812 3591 moni-

203 3652 258 3697 ta
279 3641 464 3712 saepius
505 3638 781 3710 repetenda
819 3647 959 3691 sunt.
1000 3633 1104 3690 Cur
1143 3633 1376 3689 Joannes
1418 3631 1576 3704 Bapt.
1627 3632 1807 3686 eadem

198 3735 316 3806 ipsa
359 3733 610 3788 ntultoties
646 3726 1212 3797 loquatur.—Segnis
1262 3725 1421 3796 plane
1464 3733 1549 3780 est
1610 3723 1806 3778 huma-

201 3844 272 3883 na
331 3837 536 3891 natura,
589 3833 646 3880 et
693 3823 760 3878 ad
810 3820 1101 3893 perniciem
1163 3835 1326 3890 prona
1358 3861 1373 3886 ,
1428 3833 1535 3874 non
1581 3833 1659 3882 ex
1692 3819 1808 3888 ipsa

201 3929 410 3976 natura:
457 3917 802 3978 conditione.
837 3914 933 3971 sed
959 3930 1027 3970 ex
1069 3912 1364 3970 voluntatis
1395 3912 1602 3983 ignavia
1633 3929 1648 3966 :
1676 3927 1808 3983 qua-

199 4021 425 4084 propter
463 4011 628 4066 multa
668 4023 806 4081 opus
852 4005 1024 4072 habet.
1057 4005 1381 4064 monitione.
1435 4005 1562 4061 Ideo
1607 4004 1807 4060 Paulus

199 4103 636 4175 Philippeusibus
682 4101 926 4158 scribens
974 4099 1192 4155 dicebat
1236 4115 1252 4153 :
1300 4096 1500 4152 Eadem
1561 4096 1802 4163 scribere,

198 4197 327 4251 mihi
350 4195 552 4266 quidem
571 4211 675 4253 non
697 4209 874 4266 grave,
904 4193 1042 4246 rubis
1061 4201 1230 4248 autem
1257 4201 1416 4247 tutum
1445 4191 1463 4262 (
1490 4189 1725 4260 Philipp.
1748 4190 1803 4245 3.

198 4290 280 4360 ι).
314 4287 445 4356 Nam
474 4297 614 4349 terra
655 4287 869 4357 quidem
895 4285 1062 4341 semel
1089 4293 1340 4354 suscepto
1364 4283 1591 4350 semine,
1623 4283 1804 4338 statim

201 4383 411 4437 fructus
439 4381 641 4450 profert
665 4419 683 4448 ,
711 4395 889 4448 neque
917 4379 1082 4433 altera
1105 4386 1226 4447 eget
1255 4377 1468 4432 satione
1500 4393 1514 4431 :
1548 4377 1599 4430 in
1621 4377 1802 4431 anima

195 4483 380 4541 autem
413 4483 595 4540 nostra
627 4487 733 4527 non
770 4471 840 4527 ita
884 4486 972 4526 res
999 4485 1058 4526 se
1090 4470 1252 4526 habet
1279 4488 1292 4536 ;
1323 4470 1416 4525 sed
1457 4469 1692 4539 optabile
1721 4478 1804 4526 cst

195 4576 259 4622 ut
301 4577 583 4645 p05tquam
631 4563 942 4635 frequenter
977 4562 1183 4635 jactum
1233 4571 1316 4618 est
1345 4578 1530 4618 semen
1555 4604 1569 4628 ,
1601 4572 1654 4616 et
1686 4571 1805 4632 post

197 4675 449 4731 magnam
481 4656 775 4719 exhibitam
807 4657 1139 4728 diligentiam
1165 4698 1178 4722 ,
1208 4657 1379 4712 semel
1408 4657 1598 4711 saltem
1632 4657 1804 4727 possit

196 4756 430 4810 fructum
457 4753 722 4822 excipere.
757 4750 937 4804 Primo
979 4749 1195 4820 quidem
1223 4765 1349 4821 qua:
1395 4749 1649 4805 dicuntur
1694 4765 1801 4815 non

196 4846 355 4904 facile
378 4845 758 4917 imprimuntur
777 4844 830 4897 in
857 4843 1094 4897 animum
1118 4883 1133 4906 ,
1165 4841 1308 4912 quod
1339 4842 1503 4896 multa
1530 4841 1800 4897 substrata

193 4940 267 4995 sit
326 4937 587 5001 durities,
637 4936 937 4991 innumeris
986 4934 1158 5003 spinis
1227 4934 1540 4989 obstruetur
1579 4935 1797 5002 anima,

195 5031 505 5101 multosque
535 5028 877 5085 insidiatores
923 5026 1120 5082 habeat
1144 5027 1232 5097 qui
1279 5040 1464 5081 semen
1509 5027 1799 5096 abripiant.

196 5125 403 5182 Deinde
431 5133 711 5195 postquam
747 5121 972 5177 inﬁxum
1004 5136 1191 5177 semen
1232 5121 1442 5176 radices
1467 5121 1676 5191 egerit,
1705 5137 1801 5178 ea-

191 5217 320 5274 dem
349 5226 434 5273 est
470 5230 606 5286 opus
633 5214 908 5286 diligentia
938 5254 954 5281 ,
997 5222 1057 5269 ut
1098 5214 1163 5268 ad
1196 5213 1433 5284 vigorem
1483 5215 1802 5283 perveniant

195 5308 402 5364 semina
426 5349 442 5372 ,
471 5307 746 5376 illaesaque
773 5314 1064 5371 maneant,
1100 5320 1276 5376 neque
1307 5305 1573 5360 laadantur
1594 5306 1663 5361 ab
1698 5307 1800 5362 ali-

193 5414 324 5472 quo.
351 5400 407 5454 In
437 5397 734 5453 seminibus
767 5398 910 5453 enim
937 5412 1062 5453 cum
1100 5398 1246 5468 spica
1280 5396 1518 5468 perfecta
1545 5399 1798 5456 virtutem

193 5505 346 5547 suam
379 5490 619 5558 accepit,
665 5498 855 5544 aestum
883 5498 1215 5559 ceterasque
1242 5501 1424 5560 pestes
1451 5493 1750 5547 contemnit
1779 5509 1792 5547 :

193 5583 249 5642 in
292 5582 632 5654 dogmatibus
669 5597 798 5637 vero
845 5596 950 5638 non
982 5582 1104 5648 sic;
1152 5582 1246 5638 sed
1289 5592 1571 5654 postquam
1621 5593 1792 5646 totum

192 5686 327 5743 opus
360 5673 663 5743 impensum
687 5680 808 5737 est,
838 5674 1227 5744 superveniens
1258 5674 1431 5730 hiems
1461 5691 1523 5730 ac
1579 5687 1790 5748 tempe-

197 5775 328 5834 stas,
357 5763 675 5829 diflicultate
706 5774 1138 5840 praoccupantc,
1161 5776 1216 5825 et
1234 5765 1588 5832 fraudulentis
1621 5770 1795 5828 homi-

1921 3168 2082 3225 nibus
2109 3170 2508 3242 insidiantibus,
2532 3174 2914 3247 ingruentibus
2926 3175 3091 3232 rariis
3119 3176 3546 3249 tentationibus,

1921 3275 2093 3324 totum
2119 3267 2496 3324 labefactatur.
2525 3267 2655 3326 Hme
2681 3284 2984 3341 porronan
3022 3269 3143 3326 sine
3165 3285 3330 3326 causa
3367 3285 3396 3325 a
3428 3285 3544 3339 no—A

1917 3361 2002 3418 his
2031 3360 2174 3419 dicta
2197 3352 2377 3430 "sunt;
2423 3362 2606 3419 sedent
2643 3361 2970 3419 dumaudis
3018 3360 3287 3419 Joannem
3335 3361 3531 3420 eadem

1919 3457 2036 3529 ipsa
2067 3467 2404 3530 repetentem
2426 3499 2440 3521 .
2473 3473 2543 3515 ne
2571 3459 2725 3530 quasi
2757 3472 3018 3529 nugacem
3051 3456 3280 3514 damnes
3305 3498 3321 3523 ,
3355 3472 3533 3530 neque

1918 3524 2143 3608 inanem.
2172 3565 2536 3608 onerosumve
2575 3524 2877 3608 existimes.
2911 3549 3182 3607 Voluisset
3207 3551 3407 3622 quippe
3443 3524 3546 3606 £56-.

1916 3647 2025 3701 mel
2053 3647 2303 3717 loquutus
2346 3644 2520 3701 audiri
2549 3663 2562 3701 :
2592 3644 2719 3715 quia
2761 3659 2894 3701 vero
2936 3658 3043 3699 non
3071 3643 3227 3700 multi
3259 3650 3414 3699 erant
3437 3643 3531 3714 qui

1914 3737 2076 3796 dictis
2102 3739 2287 3794 statim
2317 3738 2666 3794 attenderent
2698 3737 2771 3792 ob
2800 3735 3228 3794 somnolentiam
3255 3779 3270 3805 ,
3301 3735 3530 3807 repetita

1917 3847 2050 3889 voce
2079 3831 2204 3887 illos
2230 3830 2614 3903 expergefaeit.
2658 3829 2777 3886 Iam
2806 3831 2894 3886 hic
2922 3827 3145 3888 attende
3171 3846 3186 3884 :
3215 3828 3392 3895 dixit,
3427 3825 3532 3896 Qui

1916 3936 2029 3998 post
2055 3943 2136 3981 me
2159 3927 2315 3993 venit,
2347 3935 2467 3980 ante
2491 3941 2572 3979 me
2597 3924 2766 3995 factus
2792 3933 2909 3989 est;
2939 3932 3015 3991 et,
3050 3921 3175 3979 Non
3202 3939 3316 3978 sum
3342 3922 3530 3994 dignus

1913 4020 2106 4074 solvere
2135 4019 2411 4090 corrigiam
2441 4017 2772 4072 calceamenti
2791 4016 2903 4090 ejus
2927 4033 2946 4081 ,'
2974 4027 3029 4073 et
3052 4057 3069 4083 ,
3100 4014 3128 4069 1
3133 4031 3222 4086 pse
3247 4030 3336 4070 vos
3363 4014 3532 4085 bapti-

1911 4112 2048 4167 zabit
2075 4112 2128 4166 in
2168 4111 2369 4182 Spiritu
2395 4121 2572 4165 sancto
2597 4119 2644 4164 et
2665 4110 2771 4181 igni
2795 4107 3009 4180 (Matth.
3042 4109 3098 4165 ὅ.
3129 4108 3244 4176 II),
3277 4104 3530 4177 quodque

1914 4205 2107 4261 viderit
2153 4204 2414 4275 Spiritum
2463 4201 2882 4258 descendentem
2921 4199 3386 4257 sieutcolumbam
3417 4240 3430 4264 ,
3468 4209 3528 4255 et

1912 4309 2222 4355 manentem
2250 4313 2415 4367 super
2443 4310 2605 4363 eum;
2643 4305 2698 4352 et
2745 4295 3064 4352 testificatus
3101 4304 3186 4350 est
3222 4291 3364 4364 quod
3405 4290 3524 4360 ipse

1911 4401 2057 4448 esset
2083 4390 2250 4446 Filius
2290 4391 2424 4446 Dei:
2470 4405 2630 4444 nemo
2675 4389 2941 4450 attendit.
2974 4402 3136 4444 nemo
3175 4385 3526 4458 interrogavit

1911 4484 1997 4540 vel
2022 4485 2176 4552 dixit,
2207 4483 2318 4540 Cur
2342 4483 2458 4538 haec
2488 4482 2747 4554 loqueris,
2774 4497 2879 4553 qua
2904 4481 2972 4537 de
3001 4496 3162 4538 causa
3185 4488 3240 4540 et
3263 4481 3474 4542 ratione
3503 4478 3529 4532 τ

1914 4579 2061 4634 Dixit
2100 4591 2313 4634 rursum
2337 4619 2351 4645 ,
2385 4574 2520 4630 Ecce
2548 4592 2714 4649 agnus
2758 4573 2857 4628 Dei
2886 4615 2901 4639 ,
2949 4567 3044 4644 qui
3081 4574 3215 4629 tollit
3261 4581 3525 4644 peccatum

1911 4671 2109 4731 mundi.
2143 4668 2330 4740 Neque
2373 4669 2451 4728 sic
2491 4668 2704 4722 illorum
2734 4668 2997 4739 ignaviam
3027 4667 3219 4738 tetigit.
3252 4665 3380 4722 Ideo
3425 4679 3523 4720 ca-

1910 4762 2032 4824 dem
2065 4763 2181 4832 ipsa
2224 4769 2472 4832 repetere
2513 4760 2723 4831 cogitur
2751 4800 2766 4825 ,
2813 4773 2879 4824 ac
2914 4759 2960 4818 si
2993 4766 3192 4814 terram
3231 4757 3522 4828 quamdam

1911 4869 2159 4926 asperam
2189 4862 2243 4909 ct
2284 4852 2476 4910 duram
2517 4851 2874 4910 renovatione
2901 4849 3218 4918 emolliret,
3264 4860 3320 4905 et
3355 4849 3526 4906 verbo

1911 4951 2062 5020 quasi
2090 4957 2272 5004 aratro
2293 4947 2572 5013 subactam
2595 4953 2832 5001 mentem
2869 4943 3153 5012 excitaret,
3177 4952 3236 4998 ut
3261 4941 3525 5014 profunde

1910 5047 2114 5106 semina
2139 5045 2365 5120 iaceret.
2403 5041 2530 5102 Ideo
2561 5054 2668 5104 non
2707 5039 2870 5110 longo
2897 5036 3336 5092 utitursermone
3356 5076 3373 5103 ,
3399 5035 3524 5108 quia

1911 5155 2078 5195 unum
2106 5146 2314 5199 tantum
2357 5134 2618 5201 curabat,
2653 5142 2711 5188 ut
2752 5133 2872 5188 illos
2891 5147 3015 5187 cum
3039 5131 3262 5188 Christo
3295 5130 3523 5202 conjun-

1909 5242 2078 5306 geret.
2105 5231 2318 5288 Sciebat
2371 5229 2516 5285 enim
2546 5227 2668 5283 illos
2690 5269 2703 5291 ,
2736 5226 2779 5282 si
2808 5225 2915 5282 hoc
2948 5224 3122 5282 semel
3151 5224 3519 5296 suscepissent

1909 5336 1964 5381 et
1991 5325 2476 5394 obtemperassent,
2510 5335 2620 5375 non
2648 5318 2788 5374 ultra
2816 5318 3126 5375 testimonio
3145 5332 3283 5389 opus
3311 5316 3520 5379 habitu,-

1909 5434 1999 5474 ros
2025 5436 2038 5471 :
2070 5428 2128 5473 ut
2165 5417 2327 5472 etiam
2359 5413 2561 5472 evenit.
2593 5412 2725 5467 Nam
2756 5413 2802 5467 si
2830 5411 3155 5469 Samaritani
3182 5452 3199 5478 ,
3234 5419 3516 5480 postquam

1913 5513 2060 5567 illum
2107 5509 2434 5574 audierant.
2469 5506 2683 5562 mulieri
2731 5504 2962 5568 dicunt:
2994 5503 3117 5559 Non
3150 5505 3266 5574 jam
3316 5510 3528 5573 propter

1911 5617 2050 5661 tuam
2077 5603 2329 5675 loquelam
2373 5601 2628 5657 credimus
2652 5617 2671 5654 .'
2700 5599 2800 5670 ipsi
2844 5601 2976 5653 enim
3009 5598 3262 5661 novimus,
3292 5595 3412 5665 quia
3439 5594 3520 5647 hic

1911 5712 1984 5757 est
2008 5700 2249 5755 Salvator
2274 5696 2450 5753 mundi
2479 5694 2711 5750 Christus
2734 5693 2914 5766 (Joan.
2945 5693 2997 5754 4,.
3029 5691 3145 5762 i2);
3170 5690 3342 5745 multo
3357 5688 3518 5744 citius

1912 5792 2160 5867 discipuli
2202 5791 2343 5863 rapti
2393 5789 2620 5846 fuissent
2657 5831 2670 5857 ,
2705 5798 2765 5844 ut
2803 5804 2988 5845 revera
3025 5787 3164 5859 capti
3211 5793 3355 5842 sunt.
3387 5784 3520 5842 Cum
