4048 6448
647 476 789 530 enim
817 476 1163 531 accessissent
1189 519 1204 542 ,
1245 484 1298 531 et
1321 493 1420 533 una
1481 487 1681 534 tantum
1721 495 1942 552 vespera
1984 482 2214 544 audivis-

649 571 786 626 sent,
812 578 914 619 non
942 566 1077 619 ultra
1107 566 1172 619 ad
1210 565 1466 621 Joannem
1496 571 1694 625 reversi
1724 580 1844 625 sunt
1869 613 1884 636 ,
1915 573 2008 627 sed
2041 577 2108 628 ita
2137 575 2212 629 illi

652 648 935 718 ba'serunt,
966 663 1022 707 ut
1049 654 1267 710 Joannis
1299 658 1456 710 etiam
1497 659 1843 714 ministerium
1872 663 2169 732 acciperent
2192 706 2209 731 ,

651 740 922 810 ipsumque
964 744 1326 811 prmdicarent.
1370 747 1563 802 lurenit
1589 792 1604 817 ,
1654 751 1858 818 inquit,
1886 755 1966 807 hic
2005 756 2210 822 fratrem

648 843 792 882 suum
810 830 1086 902 Simonem,
1106 846 1150 890 et
1170 839 1285 891 dicit
1305 839 1452 910 ei:(a)
1477 839 1524 913 [1
1532 844 1785 898 nvenimus
1803 844 2056 912 Messium,
2077 848 2211 916 quod

646 928 717 973 est
737 920 1108 992 interpretatum
1129 925 1352 982 Christus
1377 929 1552 999 (Joan.
1576 934 1622 987 Ι.
1643 931 1781 1005 41).]
1809 935 1916 990 Hoc
1942 938 2204 992 veromihi

647 1011 952 1067 consideres
970 1013 1143 1081 velim,
1167 1019 1450 1085 quomodo,
1478 1035 1594 1073 cum
1623 1021 1842 1090 diceret,
1867 1026 1962 1090 Qui
1991 1038 2101 1095 post
2129 1045 2207 1082 me

647 1099 799 1162 venit,
827 1109 942 1153 ante
985 1119 1063 1156 me
1095 1105 1255 1174 factus
1283 1115 1394 1172 est;
1423 1119 1495 1171 et,
1528 1107 1645 1164 Non
1673 1129 1783 1166 sum
1819 1116 1998 1185 dignus
2016 1120 2205 1173 solvere

646 1186 912 1257 corrigiam
947 1191 1268 1248 calceamenti
1310 1199 1455 1267 ejus,
1505 1201 1771 1256 neminem
1819 1207 2051 1275 ceperit;
2082 1223 2202 1264 cum

644 1286 819 1329 autem
851 1276 916 1332 tle
956 1283 1246 1338 meonomia
1291 1284 1537 1354 loquutus
1561 1299 1640 1344 est
1664 1331 1679 1354 ,
1708 1300 1765 1346 et
1788 1293 1839 1348 in
1869 1294 2201 1354 humiliorem

642 1382 940 1424 sermonem
989 1373 1296 1442 descendit,
1339 1387 1466 1433 tunc
1489 1385 1696 1452 sequuti
1727 1395 1844 1440 sunt
1888 1389 2125 1460 discipuli
2158 1394 2199 1448 '.

641 1457 818 1529 Neque
871 1463 994 1517 illud
1049 1477 1247 1523 tantum
1275 1472 1714 1528 considerandum
1743 1490 1864 1542 est;
1905 1482 1998 1536 sed
2041 1485 2197 1540 etiam

639 1551 778 1619 quod
811 1569 914 1606 non
935 1563 1038 1609 tam
1067 1559 1212 1612 multi
1244 1560 1559 1632 alliciantur,
1580 1568 1791 1636 quando
1810 1572 1934 1641 quid
1955 1589 2198 1642 magnum

639 1651 691 1692 et
720 1641 943 1697 sublime
969 1645 1035 1699 de
1076 1647 1182 1702 Deo
1227 1649 1419 1706 dicitur
1447 1694 1462 1718 ,
1507 1671 1664 1725 quam
1708 1659 1796 1714 ubi
1826 1663 2121 1721 clementia:
2147 1677 2200 1723 et

638 1731 985 1801 benignitatis,
1018 1738 1175 1793 verba
1199 1781 1214 1805 ,
1246 1757 1364 1810 qua:
1396 1744 1462 1798 ad
1504 1747 1801 1805 auditorum
1828 1756 2049 1810 salutem
2080 1775 2202 1830 spe-

638 1827 801 1886 etcnt,
829 1825 1178 1892 proferuntur.
1199 1833 1485 1890 Audierunt
1516 1840 1656 1893 enim
1676 1844 1813 1912 quod
1839 1847 2050 1904 tolleret
2076 1825 2196 1920 pec-

635 1919 810 1966 catum
854 1917 1054 1984 mundi,
1094 1929 1144 1974 ct
1167 1923 1341 1978 statim
1373 1940 1729 1986 accurrerunt.
1757 1933 1887 1990 Nam
1924 1940 1969 1993 si
2000 1945 2197 1999 scelera

635 2000 892 2059 abluenda
903 2014 1045 2072 sunt,
1065 2009 1320 2079 inquiunt,
1342 2016 1445 2071 Cur
1456 2030 1763 2076 cunctamur
1778 2025 1801 2078 ?
1819 2026 1966 2082 adest
1979 2032 2066 2097 qui
2081 2034 2199 2088 sine

634 2090 814 2149 labore
839 2109 935 2151 nos
964 2099 1185 2168 liberet;
1214 2110 1478 2175 quomodo
1504 2125 1606 2166 non
1633 2123 1886 2171 extremae
1914 2119 2196 2180 dementiae

637 2183 814 2253 fuerit,
837 2187 1030 2244 donum
1054 2192 1103 2246 in
1125 2196 1263 2250 aliud
1294 2207 1499 2271 tempus
1520 2204 1738 2272 rejicere
1756 2195 1783 2259 ἵ
1805 2210 2193 2271 Audianteate-

634 2270 915 2340 cltumeni,
943 2280 1029 2347 qtti
1056 2297 1219 2352 usque
1264 2288 1328 2341 ad
1372 2270 1667 2349 extremum
1711 2296 1930 2354 halitum
1971 2305 2192 2363 salutem

635 2375 784 2416 suam
813 2368 1082 2424 remittunt
1104 2374 1198 2444 (ti).
1233 2375 1457 2434 Rursum
1483 2385 1896 2457 stetitJoannes,
1925 2394 2112 2463 inquit,
2144 2409 2198 2454 et

632 2449 759 2503 dixit
787 2468 802 2505 :
835 2453 963 2508 Ecce
999 2472 1158 2528 agnus
1181 2461 1296 2518 Dei.
1321 2466 1462 2522 Nihil
1504 2470 1744 2528 Christus
1783 2449 2011 2549 loquitur
2039 2502 2054 2549 ;

631 2543 804 2595 omnia
822 2543 929 2598 ille.
949 2545 1036 2602 Sic
1059 2565 1282 2618 sponsus
1302 2556 1436 2613 solet
1461 2577 1476 2624 ;
1513 2563 1640 2616 nihil
1665 2564 1777 2636 ipse
1806 2543 2017 2639 sponsae
2041 2543 2190 2642 dicit,

631 2630 722 2683 sed
752 2633 900 2688 adest
925 2636 1088 2694 silens
1110 2657 1124 2694 :
1145 2642 1235 2697 alii
1265 2645 1412 2702 illum
1436 2651 1686 2720 indicant,
1711 2671 2066 2734 sponsamque
2093 2667 2189 2738 ipsi

631 2723 843 2780 tradunt
873 2744 887 2780 :
929 2729 1012 2783 illa
1055 2747 1324 2804 comparet
1345 2780 1359 2805 ,
1389 2756 1560 2810 neque
1579 2723 1806 2814 sponsus
1834 2751 1972 2806 illam
2000 2770 2095 2824 per
2131 2775 2190 2814 se

629 2816 837 2885 accipit,
869 2820 961 2873 scd
1006 2823 1109 2878 alio
1153 2827 1408 2885 tradente.
1442 2832 1722 2905 Postquam
1761 2855 1887 2896 vero
1920 2844 2059 2900 illam
2084 2857 2188 2904 tra-

626 2904 788 2959 ditam
818 2914 1099 2978 acceperit,
1125 2913 1192 2968 ita
1219 2931 1342 2988 erga
1376 2921 1516 2976 illam
1539 2904 1768 2984 afficitur
1790 2972 1804 2996 ,
1837 2941 1892 2986 ut
1922 2949 2026 2990 non
2051 2939 2190 2996 ultra

628 2994 984 3058 pronuborum
1025 3005 1350 3063 recordetur.
1395 3009 1448 3064 ld
1495 3014 1633 3068 circa
1674 3018 1940 3078 Christum
1989 3030 2183 3083 evenit.

629 3082 788 3139 Venit
832 3087 884 3141 in
937 3104 1183 3158 sponsam
1231 3098 1486 3158 ducturus
1527 3107 1819 3164 Ecclesiam
1848 3129 1862 3178 ;
1893 3116 2021 3171 nihil
2073 3120 2186 3190 ipse

626 3173 776 3239 dixit,
805 3178 899 3232 sed
928 3181 1093 3237 adfuit
1117 3195 1313 3243 tantum
1340 3209 1352 3244 :
1385 3192 1617 3252 Joannes
1642 3210 1818 3258 autem
1848 3209 2046 3265 amicus
2072 3173 2186 3281 ejus

624 3277 832 3334 Sponsae
873 3270 1141 3330 dexteram
1191 3280 1284 3350 ipsi
1334 3287 1582 3356 tradidit,
1613 3294 1786 3350 verbis
1819 3298 1891 3352 illi
1915 3300 2184 3360 hominum

623 3356 829 3414 animas
854 3366 1176 3420 concilians:
1209 3389 1341 3439 quos
1375 3390 1622 3448 acceptos
1652 3385 1739 3440 ille
1772 3387 1839 3442 ita
1871 3390 2078 3460 affecit,
2129 3407 2186 3451 ut

627 3461 732 3501 non
756 3450 886 3504 ultra
919 3454 982 3507 ad
1008 3471 1124 3512 emn
1154 3465 1238 3531 qni
1272 3466 1553 3526 tradiderat
1579 3487 1986 3538 reverterentur.

692 3538 746 3593 2.
806 3540 1016 3598 Verbum
1062 3566 1178 3621 erga
1223 3553 1490 3613 humanam
1535 3575 1765 3621 naturam
1803 3573 1930 3626 sicut
1971 3593 2184 3647 sponsus

623 3644 741 3697 erga
797 3647 1030 3701 sponsam
1087 3656 1140 3694 se
1199 3648 1364 3713 gessit.
1413 3649 1637 3709 Joannes
1693 3660 1831 3713 solus
1892 3681 2184 3735 prtesentem

626 3717 684 3735 ιη
734 3721 744 3731 ·
779 3729 788 3735 ι
1034 3729 1061 3735 ’⁸
1160 3732 1169 3735 ⁸
1267 3733 1305 3735 AA

623 3717 873 3774 Christum
904 3729 1208 3793 prwdicavit.
1266 3733 1431 3791 Virtus
1479 3745 1713 3813 sacri/icit
1760 3717 1946 3809 Christi
1990 3775 2184 3830 semper

618 3821 872 3876 operatur.
926 3817 1136 3875 Joannis
1171 3823 1235 3878 B.
1278 3830 1535 3886 sobrietas.
1596 3837 1872 3898 Maximina
1923 3848 1986 3903 de
2032 3851 2182 3907 Citri-

623 3911 694 3953 sto
718 3906 1047 3963 testimonium
1076 3929 1224 3983 opera
1249 3920 1374 3986 ejus.
1401 3951 1469 3962 ——-
1490 3923 1668 3996 Neque
1696 3933 1795 3987 hoc
1823 3945 2054 4008 tantum,
2086 3945 2181 4000 sed

621 3993 776 4045 etiam
816 3997 953 4052 aliud
994 3999 1076 4056 hic
1100 4013 1178 4058 est
1203 4007 1608 4069 observandum.
1637 4020 2090 4088 Quemadmodum
2127 4036 2179 4090 in

621 4084 819 4152 nuptiis
861 4102 962 4142 non
1009 4105 1257 4161 sponsum
1301 4099 1410 4156 adit
1451 4107 1618 4172 puella
1640 4151 1655 4174 ,
1684 4113 1776 4167 sed
1808 4116 1893 4171 ille
1919 4120 1983 4173 ad
2013 4122 2178 4190 ipsam

620 4173 850 4242 festinat,
882 4179 1085 4238 etiamsi
1140 4186 1277 4244 illius
1307 4195 1443 4261 regis
1473 4196 1562 4263 sit,
1591 4201 1796 4257 etiamsi
1826 4207 1910 4261 illa
1940 4210 2006 4264 sit
2034 4214 2183 4269 vilio-

619 4265 690 4317 iis
720 4269 1034 4326 conditionis
1055 4315 1068 4336 ,
1102 4275 1207 4330 into
1236 4280 1278 4332 si
1306 4285 1552 4339 ancillam
1583 4287 1835 4350 ducturus
1862 4298 1929 4351 sit
1971 4316 1983 4353 :
2027 4302 2094 4356 ita
2126 4314 2182 4360 et

620 4352 703 4407 hic
731 4359 968 4428 contigit.
995 4363 1272 4422 llominum
1297 4381 1479 4427 natura
1507 4392 1610 4431 non
1633 4384 1870 4440 ascendit
1891 4387 1944 4444 in
1966 4394 2174 4462 czclum,

615 4447 707 4499 sed
738 4448 847 4516 ipse
875 4453 940 4506 ad
967 4455 1118 4545 vilem
1144 4459 1280 4514 illam
1311 4471 1362 4517 et
1383 4476 1686 4540 contemptu
1713 4474 1921 4545 dignam
1951 4447 2175 4543 descent:

613 4535 690 4589 dit
724 4555 736 4589 :
769 4533 1312 4610 postque'celebratas
1339 4557 1575 4625 nuptias,
1599 4533 1737 4618 -non
1767 4533 1886 4624 sivit
1916 4570 2060 4630 illam
2089 4576 2174 4633 hic

612 4628 744 4682 ultra
785 4647 1090 4701 remanere,
1124 4639 1216 4693 sed
1255 4643 1531 4702 abductam
1561 4652 1611 4707 in
1644 4664 1913 4722 paternam
1956 4665 2171 4725 domum

611 4715 781 4771 duxit.
829 4720 934 4775 Cur
967 4724 1195 4783 Joannes
1223 4747 1325 4785 non
1354 4739 1572 4794 seorsim
1614 4743 1899 4815 discipulos
1945 4759 2170 4828 accipit,

613 4813 665 4828 ..Α
697 4805 754 4828 .Ι..
784 4807 858 4828 L9-
878 4826 913 4828 _,
1010 4813 1023 4828 ι
1133 4818 1144 4828 ι
1339 4823 1369 4828 -.

1750 4805 1762 4815 .
1884 4805 1893 4807 ν
1948 4805 2052 4812 πννν
2081 4805 2134 4815 ἠ
2155 4805 2170 4827 ι

613 4813 670 4858 ιιι
694 4805 759 4861 de
784 4807 924 4866 hisce
949 4813 1105 4869 rebus
1132 4818 1274 4886 ipsos
1303 4823 1618 4896 alloquatnr,
1643 4843 1696 4889 et
1717 4839 1793 4891 sic
1819 4840 1934 4898 illos
1959 4805 2172 4906 Christo

612 4897 814 4962 tradat,
862 4917 1042 4959 verum
1099 4911 1268 4978 palam
1317 4921 1666 4983 praesentibus
1720 4934 1966 4991 omnibus
2019 4939 2166 5010 dicit,

618 4986 737 5010 ι)---
798 5008 817 5010 -
1008 4996 1041 5010 λ
1079 5001 1130 5010 ·-
1185 5003 1227 5010 ·“
1344 5009 1386 5010 ”

613 4986 737 5042 Ecce
788 5008 946 5061 agnus
996 4996 1130 5054 Dei?
1182 5003 1258 5059 Ne
1308 5009 1574 5070 videretur
1623 5017 1747 5074 illud
1800 4986 2167 5090 deﬁindustria

605 5077 960 5140 factumesse.
1013 5089 1141 5146 Nam
1170 5095 1213 5149 si
1243 5097 1332 5153 illo
1357 5106 1579 5162 seorsim
1623 5108 1867 5172 hortante
1905 5122 1969 5175 ad
2008 5125 2165 5180 Chri-

603 5176 742 5222 stum
795 5173 1077 5245 abiissent,
1120 5192 1176 5237 ut
1221 5191 1443 5255 gratiam
1494 5195 1680 5255 Joanni
1735 5204 2026 5278 habentes,
2059 5216 2166 5269 cito

604 5256 818 5278 μων

1736 5256 1992 5266 __,_-_-.---
2012 5256 2026 5278 ,
2060 5256 2161 5269 μιν

601 5256 828 5317 fortasse
882 5268 1231 5328 resiliisseut:
1265 5295 1406 5338 nunc
1455 5297 1632 5346 autem
1660 5307 1723 5348 ex
1754 5304 2024 5358 communi
2062 5305 2161 5360 do-

663 5409 678 5437 ι
703 5409 785 5476 Sic
811 5407 962 5459 Savil.
990 5420 1044 5462 et
1068 5415 1178 5466 Mss.
1220 5421 1272 5470 ln
1308 5424 1479 5478 Morel.
1511 5439 1675 5485 autem
1717 5438 1923 5505 legitur,
1948 5444 2182 5514 discipuli

663 5476 712 5514 m
739 5477 846 5514 sunt
869 5477 914 5514 ρι
938 5479 1242 5514 sur-manili".
1270 5487 1371 5514 ιι...
1396 5490 1508 5514 ...~-.:

588 5476 721 5548 capti
739 5477 846 5548 sunt
864 5477 924 5544 _et_
938 5479 1242 5548 sermonibus
1269 5487 1371 5548 ejus
1396 5476 1524 5541 victi:

752 5531 954 5610 Lincinis
983 5542 1147 5610 clausa
1173 5531 1369 5610 destiti—tv
1391 5531 1636 5610 ιἰἶὶιιὸτρι.

650 5589 1490 5689 ςξι)ιιὲιτῗιῗξλξξῗὶέςίῗῐῖξιίέέξῗΫΡΨηθηίι
1517 5618 1603 5680 (Ni
1624 5596 1783 5689 1‘S’IUE!
1807 5630 1867 5680 πά
1899 5640 2175 5689 (κῐτεῐηυηι

587 5651 795 5703 ba‘itum
819 5651 1060 5719 baptisma
1086 5651 1362 5721 dilferr‘e-n-t'.

1335 365 1390 422 s.
1430 365 1704 421 JOANNIS
1741 365 2204 423 cnnvsosrout
2245 365 2563 427 Attcntse.
2595 372 3125 440 CONSTANTINUP.

3809 401 3892 462 illi

2323 485 2490 540 ctrina
2522 488 2586 542 ad
2617 487 2883 549 Christum
2914 502 3244 570 sequendum
3287 504 3510 572 inducti,
3542 512 3690 566 firmi
3721 515 3897 583 persti-

2322 579 2500 630 terunt
2542 578 2818 651 discipuli,
2845 595 3030 656 utpote
3055 593 3144 659 qui
3173 609 3278 648 non
3307 595 3357 650 in
3385 600 3621 667 gratiam
3676 607 3902 674 magistri

2316 668 2523 734 sequuti
2546 681 2744 738 essent,
2772 674 2863 728 sed
2891 681 3118 748 prepria:
3141 684 3382 742 utilitatis
3407 703 3596 746 causa.
3625 693 3904 765 Prophetm

2317 755 2498 823 utique
2523 766 2577 812 et
2603 763 2830 829 apostoli
2882 781 3072 825 omnes
3123 772 3397 831 absentem
3444 781 3600 836 illum
3649 755 3900 854 praedica-

2314 856 2468 911 runt;
2492 847 2564 901 illi
2590 863 2713 906 ante
2738 853 3045 926 adventum,
3069 859 3120 915 hi
3153 876 3268 932 post
3293 874 3729 940 assumptioncm
3756 877 3889 946 ejus:

2314 930 2401 987 hic
2443 950 2567 990 vero
2610 941 2755 996 solus
2791 958 3107 1012 prmsentem
3154 930 3448 1025 praedicat;
3482 963 3727 1035 ideoque
3763 969 3896 1020 illum

2311 1024 2538 1080 amicum
2587 1033 2766 1100 Sponsi
2790 1033 2953 1102 dicit,
2982 1041 3104 1108 quia
3151 1047 3352 1114 nuptiis
3398 1024 3511 1118 ipse
3537 1024 3700 1109 solus
3721 1058 3896 1114 adfuit.

2312 1112 2519 1170 Etenim
2560 1118 2670 1188 ipse
2698 1125 2875 1179 omnia
2923 1127 3045 1185 fecit
3071 1142 3126 1188 et
3155 1112 3378 1204 perfecit
3410 1112 3431 1192 τ’
3453 1141 3566 1210 ipse
3597 1146 3680 1200 rei
3712 1149 3895 1216 princi-

2311 1206 2452 1274 pium
2495 1209 2664 1272 dedit,
2714 1213 2781 1268 Et
2804 1220 3076 1288 respiciens
3118 1223 3296 1280 Iesum
3341 1206 3894 1314 ambulantem-dixit.

2305 1293 2440 1350 Ecce
2472 1317 2629 1370 agnus
2660 1303 2788 1370 Dei;
2817 1313 3104 1368 ostendens
3131 1330 3191 1371 se
3217 1334 3322 1373 non
3351 1335 3480 1377 voce
3511 1332 3730 1380 tantum
3755 1371 3770 1392 ,
3799 1331 3888 1383 sed

2304 1396 2359 1439 et
2384 1391 2547 1442 oculis
2577 1395 2866 1451 testificari.
2917 1401 3204 1460 Mirabatur
3231 1409 3426 1479 quippe
3456 1413 3742 1471 Christum
3771 1433 3892 1486 gauo

2304 1476 2439 1533 dens
2466 1491 2518 1534 ct
2543 1485 2840 1541 exsultans.
2895 1490 3076 1562 Neque
3103 1476 3284 1552 statim
3315 1501 3599 1571 hortatur,
3633 1507 3732 1561 sed
3763 1509 3890 1563 inte-

2307 1568 2405 1621 rim
2448 1585 2760 1638 praesentem
2799 1580 3020 1637 miratur
3065 1592 3265 1642 tantum
3310 1601 3364 1644 et
3407 1591 3889 1664 obstupescit;do-

2304 1672 2535 1730 itumque
2587 1669 2726 1734 quod
2780 1671 3000 1730 allatum
3053 1688 3273 1734 venerat
3327 1686 3592 1752 ostendit,
3654 1691 3889 1760 itemque

2224 1827 2226 1829 ὶ
2306 1755 2628 1818 purgationis
2658 1759 2896 1814 modum.
2922 1772 3103 1834 Agnus
3132 1771 3326 1840 quippe
3357 1772 3472 1829 haec
3511 1778 3679 1832 ambo
3718 1755 3889 1835 decla-

2303 1848 2401 1893 rat.
2425 1841 2606 1912 Neque
2627 1847 2777 1913 dixit,
2801 1850 2897 1918 Qui
2921 1855 3226 1914 sublaturus
3257 1871 3361 1928 est,
3395 1864 3494 1929 vel,
3523 1866 3626 1934 Qui
3653 1872 3886 1935 sustulit,

2303 1932 2394 1984 sed
2419 1973 2431 1995 ,
2469 1933 2567 2000 Qui
2602 1938 2731 1992 tollit
2781 1955 2982 2010 peccata
3020 1950 3227 2015 mundi;
3254 1963 3435 2023 utpote
3471 1932 3561 2027 qui
3590 1960 3644 2014 id
3675 1932 3888 2032 semper

2303 2019 2478 2076 faciat.
2509 2025 2690 2095 Neque
2715 2033 2854 2086 enim
2887 2045 3010 2091 tunc
3056 2039 3227 2095 solum
3274 2047 3487 2101 sustulit
3525 2064 3649 2104 cum
3703 2067 3885 2122 passus

2301 2120 2402 2176 est,
2435 2115 2527 2168 sed
2558 2132 2624 2172 ex
2668 2119 2758 2172 illo
2787 2124 2853 2178 ad
2895 2125 3000 2182 hoc
3041 2145 3208 2201 usque
3239 2144 3446 2205 tempus
3477 2140 3611 2194 tollit
3645 2154 3881 2212 peccata.

2301 2215 2403 2255 non
2435 2218 2647 2275 semper
2679 2213 2964 2271 crucifixus
2991 2219 3012 2290 (
3033 2235 3195 2277 unum
3223 2227 3364 2280 enim
3394 2243 3490 2298 pro
3519 2236 3760 2301 peccatis
3789 2238 3880 2290 ob-

2301 2295 2418 2348 tnlit
2469 2300 2866 2375 sacrificium),
2898 2310 2991 2365 sed
3040 2328 3256 2384 semper
3307 2319 3407 2375 hoc
3455 2337 3564 2379 uno
3615 2327 3881 2384 sacriﬁcio

2299 2384 2557 2450 pnrifieat.
2583 2389 3032 2456 Quemadmodum
3060 2402 3218 2472 igitur
3241 2406 3473 2465 Verbum
3503 2417 3877 2472 excellentiam

2297 2477 2565 2543 ostendit,
2596 2490 2648 2534 ct
2675 2482 2841 2540 Filius
2869 2495 3226 2558 praestantiam
3263 2515 3364 2568 qua
3401 2503 3519 2557 aliis
3561 2511 3872 2564 antecellit:

2299 2565 2378 2620 sic
2403 2582 2591 2638 agnus,
2618 2584 2670 2627 et
2696 2577 2936 2636 Christus
2955 2624 2970 2647 .
3000 2595 3053 2641 et
3087 2565 3365 2658 propheta,
3393 2594 3480 2649 lux
3506 2612 3628 2653 vera
3655 2643 3669 2665 ,
3700 2613 3879 2671 pastor

2295 2655 2464 2711 bonus
2486 2702 2499 2723 ,
2530 2672 2584 2716 ct
2612 2681 2961 2740 qumcumque
2998 2676 3064 2732 de
3088 2655 3200 2735 villo
3244 2683 3490 2741 dicuntur
3519 2704 3639 2745 cum
3669 2696 3875 2750 articuli

2292 2748 2679 2822 additamenta,
2710 2763 2928 2818 multam
2973 2768 3082 2838 pra?
3115 2785 3182 2842 se
3228 2773 3404 2832 ferunt
3451 2779 3872 2842 distinctionem.

2291 2837 2421 2894 Nam
2449 2847 2597 2900 multi
2626 2861 2776 2906 erant
2800 2857 2939 2924 agni,
2973 2837 3264 2930 pmpbetae,
3295 2866 3503 2935 cbristi,
3538 2873 3663 2940 filii;

2281 2929 2395 2989 illis
2417 2937 2662 2992 omnibus
2690 2941 2844 3012 longe
2870 2946 3030 3002 distat
3056 2929 3188 3021 ipse.
3213 2954 3395 3026 Neque
3414 2961 3642 3018 articulo
3671 2976 3872 3023 tantum

2293 3017 2343 3071 id
2371 3024 2718 3095 confirmavit,
2743 3033 2834 3087 sed
2860 3037 3016 3092 etiam
3041 3017 3398 3101 additamenta
3425 3048 3714 3122 Uttigcniti.
3738 3058 3872 3116 Nihil

2296 3111 2437 3166 enim
2469 3115 2568 3184 ipsi
2617 3134 2899 3180 commune
2935 3143 3054 3183 cum
3101 3145 3342 3192 creatura
3387 3152 3485 3197 est.
3536 3146 3688 3212 Quod
3717 3151 3760 3204 si
3791 3153 3871 3208 cui

2289 3210 2437 3255 extra
2472 3215 2677 3275 tempus
2726 3211 2922 3270 dictum
2972 3219 3232 3289 videatur,
3281 3227 3407 3282 hora
3437 3248 3631 3304 nempe
3662 3238 3868 3296 decima

2290 3288 2445 3360 (nam
2478 3293 2577 3350 hoc
2609 3307 2846 3370 tempore
2866 3346 2881 3368 ,
2909 3305 3052 3362 Hora
3075 3323 3180 3366 erat
3209 3288 3352 3383 quasi
3380 3288 3612 3389 decima:
3639 3327 3812 3399 inquit
3830 3333 3868 3401 ),

2291 3379 2370 3401 ,λλ
2421 3398 2434 3401 _
2508 3394 2518 3401 ,
2658 3390 2689 3401 ..
2716 3393 2726 3401 .
2773 3393 2784 3401 .

3220 3379 3230 3383 -
3601 3379 3612 3389 ν
3642 3379 3810 3399 νί--ι-η
3830 3379 3867 3401 I'

2290 3379 2373 3436 hic
2412 3394 2557 3440 certe
2601 3390 2728 3444 mihi
2772 3393 2925 3464 longe
2970 3401 3220 3459 aberrare
3267 3408 3497 3466 videtur.
3549 3415 3681 3472 Nam
3731 3423 3867 3490 apud

2287 3474 2480 3529 multos
2510 3478 2721 3546 quidem
2752 3498 2935 3541 eorum
2967 3492 3054 3559 qui
3082 3497 3229 3549 carni
3256 3502 3494 3556 serviunt
3520 3545 3534 3569 ,
3573 3518 3694 3575 post
3723 3526 3868 3567 sum-

2290 3572 2432 3631 ptum
2465 3570 2740 3635 prandium
2769 3590 2874 3631 non
2905 3580 3110 3637 videtur
3129 3599 3480 3656 opportunum
3509 3611 3630 3653 esse
3661 3611 3868 3673 tempus

2290 3666 2311 3673 Α
2328 3653 2351 3673 .I
2399 3672 2418 3673 η
2437 3671 2444 3673 -
2618 3661 2628 3673 ⁸
2973 3670 2986 3673 ⁸

3168 3653 3215 3656 η
3692 3653 3868 3673 ----,..--

2287 3653 2353 3706 ad
2397 3671 2483 3711 res
2527 3661 2694 3717 serias
2749 3670 3090 3740 tractandas,
3122 3678 3265 3745 quod
3311 3682 3549 3740 ciborum
3596 3691 3741 3747 mole
3778 3710 3869 3750 cor

2288 3745 2543 3805 obruatur
2575 3771 2588 3808 :
2623 3755 2708 3810 ubi
2752 3768 2928 3815 autem
2959 3765 3040 3819 vir
3066 3777 3181 3822 erat
3209 3772 3296 3840 qui
3339 3789 3407 3828 ne
3450 3785 3720 3837 communi
3748 3787 3867 3856 qui-

3225 3836 3241 3840 _
3711 3836 3718 3837 ,
3755 3836 3781 3856 Ἰ
3810 3836 3837 3841 κ-

2287 3836 2404 3892 dem
2427 3842 2544 3896 cibo
2574 3854 2813 3902 uteretur
2834 3893 2848 3917 ,
2879 3855 3074 3924 quique
3099 3859 3258 3916 etiam
3309 3880 3533 3935 vespere
3562 3869 3630 3924 ita
3657 3875 3868 3932 sobrius

2285 3936 2338 3982 et
2366 3928 2494 3986 levis
2519 3945 2652 3997 erat,
2680 3947 2734 3991 ut
2763 3955 2857 3996 nos
2881 3958 3064 4000 sumus
3089 3953 3358 4009 matutinis
3387 3955 3554 4024 horis,
3580 3962 3688 4018 imo
3713 3966 3869 4038 longe

2284 4022 2450 4090 magis
2478 4021 2646 4095 (apud
2675 4043 2772 4085 nos
2801 4035 2940 4087 enim
2992 4051 3133 4108 szepe
3168 4047 3459 4113 vespertini
3489 4050 3590 4105 cibi
3623 4056 3867 4126 reliquiae

2285 4109 2336 4162 in
2370 4111 2596 4182 imagine
2644 4132 2954 4190 versantur;
3009 4127 3098 4183 ille
3145 4144 3270 4186 vero
3296 4137 3440 4191 nulla
3473 4154 3533 4196 re
3560 4141 3866 4213 hujusmodi

2284 4201 2577 4258 naviculam
2628 4213 2963 4284 gravabat):
2990 4219 3113 4287 jure
3155 4227 3366 4294 veSpcri
3411 4228 3479 4284 de
3518 4233 3677 4290 rebus
3719 4235 3867 4296 hisce

2283 4287 2610 4358 loquebatur.
2640 4299 2719 4352 Ad
2749 4300 2859 4357 hcce
2890 4321 3016 4360 vero
3045 4310 3095 4362 in
3121 4310 3334 4368 deserto
3364 4318 3518 4374 sedes
3551 4321 3781 4381 habebat
3808 4340 3865 4385 et

2283 4394 2445 4449 prepe
2473 4384 2788 4458 Jordanem,
2838 4411 2944 4464 quo
2989 4413 3177 4457 omnes
3227 4419 3348 4460 cum
3391 4417 3619 4469 tremore
3669 4432 3866 4488 magno

2279 4469 2344 4524 ad
2374 4472 2691 4542 baptismum
2746 4487 3138 4558 properabant,
3170 4509 3354 4563 parum
3403 4503 3680 4561 saecularia
3735 4519 3863 4568 tunc

2277 4572 3013 4644 curanteszquandoqnidem
3056 4595 3177 4637 cum
3217 4584 3431 4645 Christo
3477 4608 3573 4662 per
3622 4597 3859 4657 triduum

2272 4649 2441 4719 jejuni
2474 4671 2895 4722 perseverarunt.
2938 4667 3048 4723 lloc
3086 4674 3226 4727 enim
3251 4682 3510 4746 prmconis
3535 4690 3771 4750 strenui.
3805 4703 3860 4747 et

2276 4750 2501 4799 accurati
2526 4752 2770 4818 agricola:
2800 4771 2932 4826 opus
2961 4770 3057 4828 est,
3085 4781 3187 4820 non
3216 4778 3340 4824 ante
3371 4772 3666 4841 discedere,
3696 4797 3856 4850 quant

2275 4833 2448 4889 videat
2489 4840 2700 4897 insitum
2745 4848 2964 4903 verbum
3016 4857 3221 4912 radices
3267 4876 3483 4928 ponere.
3528 4859 3634 4922 Cttr
3673 4885 3854 4928 autem

2274 4937 2378 4979 non
2411 4935 2570 4984 totam
2616 4941 2914 5006 peragravit
2940 4941 3207 5011 Judceam,
3233 4959 3292 5004 ut
3323 4953 3472 5008 illum
3506 4960 3851 5030 prtedicaret,

2272 5015 2362 5069 sed
2391 5032 2545 5074 secus
2572 5020 2764 5080 ﬂumen
2785 5032 2948 5098 stetit,
2977 5049 3292 5104 exspectans
3313 5058 3458 5109 eum,
3487 5058 3544 5102 ut
3564 5049 3852 5110 advenien-

2270 5115 2374 5163 tem
2402 5113 2751 5171 ostenderet?
2796 5120 2926 5188 Quia
2973 5126 3097 5181 illud
3128 5145 3222 5197 per
3248 5147 3408 5202 opera
3438 5137 3564 5193 fieri
3593 5143 3803 5201 volebat
3832 5170 3846 5205 :

2268 5197 2318 5251 id
2350 5216 2478 5256 vero
2509 5203 2718 5263 interim
2749 5215 2998 5282 curabat,
3031 5227 3086 5272 ut
3113 5221 3263 5277 illum
3297 5235 3480 5282 notum
3514 5229 3714 5289 faceret
3736 5278 3753 5301 ,
3786 5253 3848 5295 ac

2266 5290 2578 5356 quibusdam
2630 5301 2911 5368 suaderet,
2944 5316 3001 5361 ut
3049 5321 3302 5369 :rternam
3354 5319 3514 5375 vitam
3567 5327 3838 5386 audirent.

2266 5377 2430 5449 Maius
2473 5396 2650 5442 autem
2681 5390 2778 5459 ipsi
2807 5394 3056 5466 relinquit
3112 5404 3471 5462 testimonium
3494 5453 3506 5472 ,
3542 5428 3636 5480 per
3678 5434 3840 5488 opera

2263 5472 2716 5544 confirmandum;
2775 5487 3219 5552 quemadmodum
3254 5496 3366 5564 ipse
3405 5499 3568 5557 dicit:
3603 5505 3714 5576 Ego
3742 5527 3840 5566 non

2262 5562 2322 5614 ab
2353 5564 2550 5619 homine
2596 5571 2788 5639 accipio
2818 5577 3154 5634 testimonium
3181 5598 3198 5635 :
3226 5600 3380 5654 opera
3404 5591 3535 5644 enim
3559 5610 3673 5660 quia
3706 5599 3840 5655 dedit

2261 5654 2386 5706 nti/ti
2419 5654 2590 5723 Pater,
2623 5659 2728 5714 hac
2749 5676 2860 5718 sunt
2886 5685 2997 5736 qtae
3025 5674 3356 5741 testiﬁcantur
3379 5681 3441 5734 de
3465 5700 3543 5738 me
3571 5689 3588 5756 (
3603 5687 3760 5744 Joan.
3788 5695 3836 5746 ὅ.

2264 5743 2330 5798 δι
2362 5755 2404 5799 et
2436 5747 2557 5816 δε).
2617 5751 2744 5807 Vide
2799 5770 2951 5825 quam
3006 5761 3273 5820 efﬁcacius
3321 5768 3447 5827 illud
3492 5743 3654 5833 esset.
3707 5781 3837 5851 ρυεδ
