4048 6442
209 451 314 508 ΙΠ

205 565 353 622 enim
373 571 597 634 parvam
626 554 885 627 iniecerat
908 547 1222 612 scintillam,
1252 551 1493 634 repente,
1513 539 1730 634 flamma
1755 535 1812 591 in

203 632 391 710 altum'
427 650 626 722 erupit.
655 646 806 703 Nam
834 643 924 716 qui
957 642 1104 714 prius
1137 637 1362 695 Joannis
1386 632 1568 690 verbis
1594 644 1702 722 non
1727 636 1814 722 at-

204 719 757 810 tenderantJdemum
787 736 974 793 dicunt
1007 752 1022 790 :
1052 731 1238 787 Omnia
1263 742 1378 802 qua:
1405 724 1633 781 Joannes
1659 719 1810 787 dixit,

204 852 328 891 nera
355 843 473 890 sunt
503 830 701 906 (loatt.
738 830 827 886 lo.
857 826 990 899 Β).
1319 911 1334 919 _
1421 911 1435 919 .
1580 908 1614 919 υ
1660 906 1671 919 .

282 930 338 986 3.
379 926 636 998 Alioquin
688 933 866 979 autem
901 920 945 975 si
988 911 1374 973 circumeundo
1421 911 1522 966 ista
1562 908 1812 1007 dixisset,

208 1022 330 1076 inec
357 995 600 1074 humano
628 1015 810 1072 studio
840 1018 1058 1083 peracta
1090 1009 1200 1062 visa
1254 1004 1507 1066 fuissent,
1534 1014 1598 1054 ac
1620 995 1816 1067 praedi-

205 1115 355 1170 catio
399 1110 657 1180 deinceps
682 1107 735 1160 in
763 1104 1126 1176 suspicionem
1149 1101 1406 1156 venisset.
1441 1093 1511 1151 Et
1539 1092 1817 1147 audierunt

207 1225 329 1264 eunt
353 1206 456 1261 duo
485 1201 727 1274 discipuli
752 1201 884 1272 ejus,
928 1209 974 1254 et
1003 1197 1201 1270 sequuti
1222 1204 1340 1252 sunt
1367 1210 1504 1250 eum.
1533 1189 1697 1261 Atqui
1727 1188 1818 1244 alii

207 1314 430 1371 quoque
470 1306 624 1353 erant
651 1293 877 1349 Joannis
899 1290 1173 1362 discipuli,
1199 1303 1386 1345 verum
1418 1286 1494 1342 illi
1520 1300 1626 1341 non
1653 1281 1821 1339 modo

211 1407 323 1446 non
351 1388 564 1459 sequuti
600 1396 762 1450 sunt,
795 1382 892 1440 sed
923 1383 1084 1440 etiam
1119 1382 1217 1452 ipsi
1251 1378 1566 1436 invidebant
1613 1393 1626 1430 :
1674 1375 1822 1431 dice-

211 1484 346 1539 bant
370 1481 516 1537 enim
542 1522 558 1547 ,
606 1477 792 1544 Rubbi,
821 1476 912 1548 qui
962 1484 1068 1530 erat
1113 1484 1279 1529 tecum
1319 1482 1462 1526 trans
1511 1468 1818 1534 Iordanem,

213 1572 299 1626 cui
330 1582 384 1624 tu
402 1570 742 1625 testimonium
769 1565 1086 1636 perhibuisti,
1113 1579 1229 1618 ecce
1256 1563 1338 1616 hic
1359 1560 1604 1632 baptism,
1636 1565 1683 1611 et
1707 1572 1822 1610 ont-

212 1681 306 1718 nes
357 1664 562 1718 veniunt
609 1661 679 1714 ad
721 1676 838 1714 eum
869 1657 1032 1729 (Joan
1058 1658 1113 1712 5.
1145 1655 1259 1727 εδ).
1294 1655 1371 1710 Ac
1411 1667 1626 1710 rursum
1660 1649 1820 1705 iidem

213 1756 316 1826 ipsi
342 1757 648 1811 incusantes
674 1753 860 1808 dicunt
883 1769 897 1804 :
931 1752 1102 1818 Quare
1128 1766 1221 1804 nos
1236 1749 1556 1820 jejunamus,
1590 1755 1637 1799 et
1665 1744 1823 1798 disci-

212 1849 327 1919 puli
373 1848 448 1903 tui
473 1864 574 1902 non
598 1847 834 1919 iejunant
867 1842 1080 1916 (Matth.
1113 1843 1167 1900 9.
1199 1842 1332 1913 ﬂ)?
1360 1840 1557 1898 Verum
1586 1839 1675 1910 qui
1703 1837 1825 1894 aliis

213 1948 375 1996 erant
399 1939 673 2004 meliores,
701 1952 809 1992 non
836 1935 908 1991 ita
935 1934 1109 1990 affecti
1142 1943 1318 1999 erant,
1338 1934 1433 1989 sed
1452 1933 1634 1988 statim
1662 1940 1826 2002 atque

213 2029 529 2096 audierunt,
557 2029 770 2099 sequuti
789 2035 933 2084 sunt.
952 2026 1176 2098 Sequuti
1192 2033 1321 2087 sunt
1334 2033 1538 2090 autem,
1559 2038 1665 2078 non
1680 2021 1824 2094 quod

216 2123 506 2194 pristinum
528 2120 808 2177 doctorem
830 2126 1171 2189 spernerent,
1191 2116 1284 2174 sed
1299 2115 1441 2188 quod
1460 2116 1562 2187 ipsi
1591 2113 1826 2169 maxime

215 2219 678 2283 obtemperarent;
698 2220 753 2267 et
769 2219 1145 2282 argumentum
1163 2216 1282 2264 erat
1302 2207 1595 2263 maximum
1617 2205 1742 2262 illos
1758 2220 1825 2260 ex

217 2316 384 2364 rectae
406 2305 604 2360 mentis
623 2303 906 2359 ratiocinio
929 2304 980 2359 id
997 2303 1193 2374 egisse.
1219 2302 1339 2358 Non
1357 2302 1499 2358 enim
1518 2300 1734 2356 hortatu
1756 2298 1826 2354 ad

217 2397 270 2452 id
289 2395 504 2452 adducti
526 2404 674 2463 sunt,
692 2395 834 2467 quod
849 2395 1206 2466 suspiciosum
1229 2395 1439 2460 fuisset;
1462 2393 1556 2450 sed
1574 2393 1696 2464 quia
1711 2401 1827 2448 tau-

220 2499 334 2543 tum
365 2487 692 2559 praedixerat
720 2488 895 2559 ipsum
936 2501 1060 2542 esse
1101 2485 1500 2557 baptizatnrum
1535 2485 1589 2540 in
1621 2483 1825 2555 Spiritu

217 2589 434 2647 sancto,
462 2578 676 2649 sequuti
706 2587 835 2634 sunt
858 2592 1006 2634 eum.
1037 2576 1154 2633 Non
1176 2592 1308 2648 ergo
1345 2577 1664 2648 magistrum
1695 2575 1826 2632 reli-

219 2677 492 2740 quorum,
529 2669 626 2725 sed
672 2668 920 2725 ediscere
970 2669 1252 2725 voluerunt
1295 2669 1428 2739 quid
1457 2667 1692 2740 amplius
1739 2668 1831 2724 ille

221 2761 425 2826 ferret,
472 2752 633 2830 quam
677 2759 934 2816 Joannes.
967 2759 1033 2815 Et
1069 2759 1440 2816 animadverte
1466 2759 1828 2816 verecundam

211 2833 578 2923 diligentiam.
601 2851 720 2907 Non
743 2854 888 2909 enim
914 2853 1093 2909 statim
1112 2854 1432 2909 accedentes
1453 2853 1638 2910 Jesum
1665 2854 1830 2910 inter-

221 2951 485 3012 rogarunt
512 2943 580 2998 de
610 2945 932 3000 necessariis
958 2945 1273 3016 magnisque
1298 2945 1459 3000 rebus
1491 2966 1504 3000 :
1535 2960 1710 3016 neque
1739 2960 1830 3015 pa-

221 3035 330 3088 lam
352 3035 607 3091 omnibus
635 3036 1013 3106 pmsentibus,
1043 3046 1098 3092 et
1123 3036 1527 3106 perfunctorie:
1559 3037 1654 3094 sed
1679 3053 1833 3095 seor-

220 3127 325 3180 sim
347 3128 521 3197 ipsum
540 3128 738 3198 alloqui
767 3128 1118 3184 studuerunt.
1136 3129 1392 3185 Sciebant
1416 3131 1560 3185 enim
1594 3130 1833 3185 doctoris

222 3217 310 3272 sui
341 3217 504 3272 verba
545 3233 652 3273 non
695 3234 761 3275 ex
792 3218 1056 3274 modestia
1078 3261 1093 3284 ,
1124 3219 1219 3276 sed
1242 3236 1305 3276 ex
1338 3221 1564 3276 veritate
1588 3219 1833 3291 profisci-

224 3308 326 3363 sci.
360 3307 451 3364 40.
503 3307 633 3362 Erat
679 3321 851 3363 autem
889 3309 1125 3364 Andreas
1172 3315 1334 3382 frater
1376 3311 1606 3366 Simonis
1648 3311 1829 3379 Petri,

225 3416 360 3455 uitus
399 3415 464 3453 ea:
507 3399 707 3455 duobus
734 3400 823 3470 qui
869 3401 1138 3456 audierant
1185 3419 1220 3456 a
1261 3402 1483 3469 Joanne,
1541 3413 1587 3458 et
1636 3405 1834 3475 sequuti

223 3501 345 3546 sunt
371 3507 505 3545 eum.
536 3490 643 3546 Cur
672 3495 803 3563 ergo
823 3492 1050 3548 alterius
1073 3509 1271 3550 nomen
1295 3509 1400 3551 non
1433 3494 1678 3568 profert?
1705 3495 1835 3565 Qui-

223 3585 351 3640 dam
382 3583 570 3640 dicunt
591 3599 716 3640 eum
746 3585 836 3655 qui
869 3583 973 3641 boc
998 3587 1240 3655 scripsit.
1264 3587 1438 3658 ipsum
1465 3603 1587 3644 esse
1617 3590 1707 3659 qui
1748 3605 1835 3645 se-

222 3689 428 3748 quutus
452 3687 566 3742 est;
596 3678 688 3733 alii
721 3688 910 3734 contra
932 3719 948 3746 ,
990 3680 1114 3750 quia
1153 3679 1245 3736 ille
1289 3697 1397 3736 non
1418 3697 1485 3737 ex
1526 3683 1834 3752 conspicuis

223 3774 364 3834 erat,
397 3766 528 3822 nihil
554 3777 752 3838 praeter
795 3772 1101 3826 necessaria
1128 3771 1230 3826 sibi
1267 3770 1556 3828 dicendum
1585 3786 1707 3830 esse
1735 3790 1836 3852 pu-

226 3867 392 3913 tasse.
443 3857 582 3927 Quid
651 3860 799 3916 enim
851 3862 1102 3916 utilitatis
1164 3878 1231 3917 es
1291 3863 1531 3919 indicato
1574 3865 1825 3932 nomine,

224 3947 444 4019 quando
473 3965 649 4020 neque
673 3952 1015 4022 septuaginta
1055 3951 1166 4008 duo
1195 3953 1583 4024 discipulorum
1615 3958 1830 4012 nomina

223 4040 616 4113 proferuntur?
644 4042 700 4097 ld
742 4044 886 4114 quod
933 4044 1096 4100 etiam
1137 4044 1281 4114 apud
1316 4045 1540 4102 Paulum
1577 4048 1834 4107 observes

223 4134 497 4191 dicentem
529 4153 542 4190 :
577 4135 815 4193 Misimus
848 4153 966 4192 cum
1015 4137 1105 4192 illo
1133 4143 1346 4210 fratrem
1386 4139 1440 4194 in
1489 4140 1662 4197 multis
1697 4156 1835 4213 me

225 4225 530 4295 studiosum,
563 4227 714 4299 cujus
745 4229 858 4284 laus
879 4240 949 4283 est
976 4229 1029 4283 in
1067 4232 1329 4301 evangelio
1359 4231 1439 4302 (2
1466 4231 1586 4288 Cor.
1619 4235 1674 4290 8.
1715 4235 1828 4307 iS).

223 4318 458 4374 Andrea:
482 4328 662 4375 autem
698 4323 946 4377 meminit
973 4322 1043 4378 ob
1080 4322 1240 4380 aliam
1280 4340 1521 4391 causam.
1572 4327 1831 4394 Quaenam

226 4411 320 4465 illa
335 4407 365 4462 ’ἲ
393 4409 465 4466 Ut
492 4426 616 4465 cum
648 4411 908 4479 audieris,
947 4411 1226 4470 Simonem
1267 4416 1356 4472 ubi
1381 4433 1503 4473 cum
1536 4419 1627 4478 illo
1653 4422 1836 4478 audis-

223 4511 332 4567 set,
370 4498 543 4556 Venite
570 4511 682 4574 post
710 4519 808 4572 me,
851 4515 898 4559 et
919 4505 1108 4576 faciant
1147 4522 1234 4562 vos
1262 4508 1537 4578 piscatores
1568 4510 1834 4568 hominum

226 4591 457 4665 (Matth.
488 4596 546 4650 4.
581 4593 706 4665 19),
759 4611 865 4652 non
891 4597 1166 4654 dubitasse
1214 4599 1283 4656 de
1329 4611 1435 4656 tam
1463 4603 1832 4678 inexspectata

225 4687 608 4759 promissione,
643 4689 823 4745 discas
852 4689 1071 4747 fratrem
1102 4693 1221 4763 ejus
1249 4694 1362 4766 jam
1404 4709 1531 4754 ante
1559 4698 1679 4754 fidei
1708 4699 1833 4756 lun—

234 4777 491 4834 damenta
513 4779 730 4850 jecisse.
757 4781 860 4837 38:
880 4781 1164 4839 Conversus
1188 4796 1359 4841 autem
1379 4787 1553 4857 Jesus,
1581 4799 1628 4844 e‘t
1658 4792 1834 4849 videns

221 4886 309 4925 eos
333 4881 614 4941 sequentes,
650 4872 774 4927 dicit
801 4873 873 4930 eis
896 4890 915 4928 :
947 4875 1085 4942 Quid
1114 4880 1385 4949 quiet-itis?
1410 4880 1548 4937 Hinc
1575 4883 1855 4942 docemur“

225 4961 398 5018 Deum
444 4960 600 5018 donis
628 4977 736 5018 non
772 4966 1075 5038 prmvenire
1107 4971 1414 5027 voluntates
1463 4983 1705 5042 nostras;
1735 4977 1833 5033 sed

227 5055 316 5111 ubi
363 5069 465 5109 nos
496 5055 836 5125 incepimus,
887 5072 1011 5114 cum
1061 5062 1393 5121 voluntatem
1436 5069 1828 5138 praemisimus,

223 5155 357 5199 tunc
398 5145 656 5216 plurimas
688 5147 780 5203 ille
833 5149 990 5204 nobis
1036 5149 1127 5206 dat
1166 5153 1358 5210 salutis
1385 5160 1700 5215 occasiones
1727 5161 1830 5232 (a).

228 5229 368 5303 Quid
408 5238 676 5308 quaeritis?
703 5239 843 5306 Quid
871 5239 976 5296 boc
1002 5244 1120 5298 est?
1160 5246 1250 5316 qui
1291 5247 1440 5304 novit
1466 5249 1628 5305 corda
1658 5229 1834 5309 homi-

233 5346 387 5395 num,
416 5331 504 5385 cui
535 5333 892 5402 cogitationes
919 5343 1122 5390 nostra:
1152 5348 1358 5407 patent,
1386 5338 1474 5396 hic
1499 5340 1834 5416 interrogat?

223 5422 333 5478 Sed
362 5440 469 5478 non
516 5433 574 5479 ut
611 5425 805 5498 discat,
835 5427 1146 5500 (quomodo
1183 5433 1328 5488 enim
1374 5435 1426 5490 id
1454 5435 1559 5492 dici
1592 5439 1832 5508 possit?)

224 5513 324 5570 sed
348 5524 408 5570 ut
434 5531 529 5586 per
552 5517 1034 5590 interrogationem
1070 5523 1195 5580 illos
1224 5527 1327 5584 sibi
1356 5531 1528 5602 magis
1557 5532 1829 5603 conciliet,

225 5607 601 5682 maioremque
622 5611 774 5668 indat
798 5612 1071 5687 fiduciam,
1098 5617 1328 5693 illosque
1351 5623 1624 5697 colloquio
1639 5627 1834 5699 dignos

288 5851 363 5916 (α)
396 5851 519 5910 Haec
541 5866 653 5908 cum
686 5859 893 5925 quadam
930 5866 1232 5930 exceptione
1264 5869 1596 5936 intelligenda
1628 5882 1759 5931 sunt.

1252 427 1317 486 ω
1353 418 1675 486 JOANNEM
1711 412 1948 476 HOIIL
1988 413 2176 474 XVlll.
2217 418 2289 476 al.
2319 418 2484 481 XVII.

1925 542 2196 598 ostendat.
2231 542 2535 604 Verisimile
2573 547 2718 606 enim
2762 560 2848 609 est
2879 551 3022 621 illos,
3073 533 3260 627 utpote
3299 557 3532 634 ignotos,

1923 631 2207 690 erubuisse
2235 645 2289 692 et
2314 635 2659 709 formidasse,
2687 642 2782 714 qui
2811 644 2936 702 talia
2963 645 3033 703 de
3062 650 3324 722 magistro
3348 631 3536 710 audis;

1923 737 2067 781 sent.
2091 726 2219 784 Haec
2243 729 2423 802 itaque
2449 734 2630 790 omnia
2657 735 2899 806 abigens,
2931 744 3312 800 verecundiam
3340 761 3538 821 nempe

1923 826 1981 873 et
2005 830 2245 889 metum,
2287 824 2583 897 interrogat
2625 828 2783 895 illos;
2829 846 2932 888 nec
2982 833 3114 890 sinit
3154 849 3280 897 cum
3319 837 3536 895 silentio

1925 912 2145 967 domum
2174 917 2478 985 pervenire.
2511 918 2736 977 Etiamsi
2782 937 2912 979 vero
2953 939 3060 981 non
3111 926 3538 1001 lnterrogasset,

1925 1004 2290 1080 perstitissent
2335 1009 2512 1079 ipsum
2547 1014 2849 1084 sequendo,
2898 1025 2954 1073 et
3006 1017 3059 1073 in
3111 1019 3332 1076 domum
3368 1037 3540 1096 usque

1925 1107 2049 1149 cum
2098 1096 2192 1152 illo
2244 1101 2641 1168 pervenissent.
2684 1104 2794 1161 Cur
2830 1123 2962 1180 ergo
3015 1110 3352 1184 interrogat?
3384 1114 3453 1173 Ut
3483 1113 3540 1173 id

1926 1187 2069 1258 quod
2114 1188 2536 1260 dixielllceret,
2584 1205 2641 1251 ut
2691 1198 3077 1260 erubescentes
3131 1204 3254 1260 illos
3281 1206 3541 1264 haesitan-

1932 1295 2122 1358 tesque
2156 1288 2415 1358 ﬁrmaret,
2446 1307 2510 1347 ac
2554 1291 2805 1349 ﬁduciam
2829 1296 3062 1354 inderet.
3103 1298 3290 1372 Neque
3332 1311 3539 1360 tantum

1929 1383 2229 1453 sequendo,
2263 1384 2359 1440 sed
2381 1386 2543 1441 etiam
2575 1401 2673 1458 per
2707 1387 3188 1463 interrogationem
3218 1392 3366 1450 illam
3391 1395 3543 1453 desi-

1931 1474 2145 1532 derium
2189 1493 2349 1534 suum
2391 1478 2776 1539 exitibuernnt.
2823 1483 2960 1541 Cum
2999 1485 3144 1542 enim
3174 1486 3308 1543 nihil
3339 1489 3409 1544 ab
3450 1490 3544 1546 illo

1931 1567 2282 1626 edidicissent
2311 1571 2394 1626 vel
2421 1571 2730 1644 audissent,
2760 1561 3080 1651 magistrum
3113 1588 3298 1637 tamen
3326 1592 3540 1651 vocant,

1930 1673 2053 1714 sese
2080 1660 2358 1731 discipulis
2378 1676 2822 1736 annumerantes,
2850 1677 2906 1724 et
2920 1685 3019 1726 cur
3039 1682 3339 1744 sequantur
3361 1684 3546 1732 osten-

1930 1751 2142 1820 dentes,
2162 1761 2222 1810 ut
2237 1748 2438 1827 nempe
2456 1759 2600 1814 utilia
2622 1761 2892 1819 audirent.
2911 1765 3320 1835 Animadverte,
3335 1785 3544 1841 quaso,

1932 1847 2150 1904 illorum
2203 1851 2565 1920 prudentiam.
2597 1853 2716 1910 Non
2745 1854 3033 1924 dixerunt,
3071 1847 3328 1916 Doc'trina
3369 1869 3464 1917 aut
3487 1876 3550 1919 re

1932 1945 2184 2014 quapiam
2207 1947 2514 2003 necessaria
2545 1961 2646 2004 nos
2671 1948 2890 2006 imbue:
2921 1949 3018 2007 sed
3040 1951 3171 2022 quid
3195 1951 3420 2010 dicunt?
3448 1953 3551 2012 Ubi

1933 2036 2154 2092 manes?
2182 2036 2316 2094 Nam
2344 2039 2549 2110 quiete,
2579 2049 2638 2095 ut
2674 2039 2784 2112 iam
2815 2041 2949 2109 dixi,
2980 2043 3156 2114 ipsum
3187 2045 3420 2118 alloqui,
3451 2062 3550 2103 au-

1933 2127 2052 2184 dire
2088 2137 2146 2185 et
2169 2129 2379 2187 discere
2407 2131 2717 2202 cupiebant.
2751 2132 2878 2191 ldeo
2906 2151 3007 2192 nec
3030 2135 3310 2204 diﬂ‘ernnt,
3342 2153 3442 2195 nec
3466 2139 3550 2197 die

1933 2229 2082 2301 cunt,
2117 2218 2212 2276 Die
2237 2222 2477 2278 crastino
2504 2223 2806 2292 veniemus,
2830 2235 2887 2282 et
2917 2235 2970 2283 te
2997 2226 3213 2298 publice
3237 2228 3550 2301 loquentem

1934 2298 2218 2370 audiemus
2256 2332 2271 2370 :
2303 2314 2398 2371 sed
2429 2330 2682 2387 magnum
2727 2317 2981 2375 audiendi
3030 2321 3274 2377 studium
3310 2298 3438 2394 τρι-ω
3489 2338 3552 2382 se

1935 2403 2150 2473 ferunt,
2182 2403 2326 2476 quod
2377 2422 2447 2462 ne
2485 2406 2705 2477 quidem
2737 2409 2974 2465 instante
3024 2410 3157 2467 hora
3201 2411 3459 2470 recedant
3489 2416 3548 2483 ';

1937 2513 2065 2554 nam
2085 2499 2170 2555 sol
2191 2499 2258 2554 ad
2287 2513 2543 2556 occasum
2572 2502 2833 2573 vergebat
2860 2519 2874 2556 :
2912 2503 3046 2559 Erat
3071 2504 3273 2577 quippe
3293 2507 3424 2562 hora
3443 2509 3550 2562 cir-

1935 2592 2062 2647 citer
2086 2592 2304 2660 decima,
2331 2594 2523 2663 inquit.
2555 2594 2686 2652 ideo
2709 2594 2959 2652 Christus
2980 2597 3203 2653 domum
3234 2614 3340 2655 non
3369 2599 3549 2667 docet,

1939 2702 2047 2743 non
2072 2687 2272 2754 locum,
2303 2686 2400 2743 sed
2432 2697 2489 2743 ut
2517 2699 2814 2760 sequantur
2837 2692 3011 2762 magis
3036 2692 3225 2760 allicit,
3258 2693 3553 2750 ostendens

1937 2796 2000 2854 se
2047 2780 2167 2836 illos
2209 2781 2264 2836 in
2302 2796 2432 2837 suos
2459 2783 2756 2853 accepisse:
2783 2781 3019 2856 Ideoque
3058 2800 3166 2840 non
3204 2785 3334 2858 quid
3375 2785 3555 2844 simile

1939 2872 2106 2928 dicit:
2133 2865 2576 2944 intempestivum
2604 2883 2752 2930 esset
2778 2890 2876 2930 vos
2895 2892 3042 2933 nunc
3065 2877 3287 2933 domum
3318 2878 3548 2951 ingredi,

1939 2966 2172 3025 audietis
2198 2982 2320 3024 cras
2349 2968 2494 3039 quod
2521 2969 2714 3026 voletis
2734 3010 2751 3038 ,
2799 2985 2944 3028 nunc
2969 2970 3190 3026 domum
3226 2971 3404 3039 abite;
3454 2972 3555 3030 sed

1939 3058 2091 3128 quasi
2117 3057 2322 3115 amicos
2351 3074 2419 3115 ex
2446 3059 2701 3116 diuturna
2731 3061 3127 3119 consuetudine
3153 3063 3300 3135 ipsos
3327 3064 3557 3138 alloqui-

1943 3160 2049 3206 tur.
2078 3151 2189 3207 Cur
2213 3166 2342 3224 ergo
2368 3151 2496 3208 alibi
2526 3152 2658 3209 dicit
2683 3173 2698 3211 :
2725 3153 2895 3212 Filius
2924 3155 3148 3211 hominis
3172 3173 3274 3211 non
3299 3155 3448 3213 habet
3469 3156 3557 3213 ubi

1941 3253 2093 3316 caput
2113 3245 2317 3298 reclinet
2345 3243 2480 3316 (Luc
2507 3245 2562 3300 9.
2586 3245 2712 3316 58);
2740 3246 2826 3302 hic
2857 3261 3008 3314 vero,
3040 3239 3130 3306 39.
3180 3248 3371 3316 Venite,
3401 3259 3448 3306 et
3476 3252 3557 3307 vi-

1941 3336 2054 3391 dete
2091 3335 2177 3394 ubi
2210 3338 2482 3392 maneam?
2501 3336 2768 3404 Quoniam
2783 3338 2934 3406 illud,
2963 3338 3086 3394 Non
3113 3341 3262 3398 habet
3289 3341 3376 3396 ubi
3399 3351 3559 3413 caput

1941 3430 2173 3498 reclinet,
2223 3429 2489 3500 significat
2521 3431 2670 3487 illum
2705 3432 2987 3504 proprium
3039 3432 3144 3490 sibi
3194 3421 3584 3500 diversorium"

1943 3539 2052 3583 non
2082 3524 2358 3591 habuisse,
2402 3539 2511 3579 non
2540 3525 2685 3596 quod
2717 3527 2769 3580 in
2813 3525 2978 3582 domo
3011 3529 3264 3598 quapiam
3307 3545 3417 3586 non
3445 3545 3560 3587 ma-

1942 3625 2098 3672 neret
2131 3633 2145 3669 :
2176 3616 2228 3672 id
2249 3617 2395 3673 enim
2426 3617 2681 3686 parabole
2707 3617 2998 3687 significat.
3029 3618 3370 3692 Evangelista
3395 3637 3560 3694 porro

1941 3707 2092 3772 dicit,
2124 3707 2271 3777 ipsos
2297 3706 2386 3762 die
2414 3707 2504 3762 illa
2533 3722 2655 3762 cum
2687 3723 2756 3765 eo
2781 3710 3051 3767 mansisse
3086 3729 3102 3766 :
3133 3726 3234 3767 cur
3271 3721 3452 3770 autem
3483 3713 3557 3771 ita

1943 3799 2140 3855 iactum
2172 3800 2274 3864 sit,
2320 3815 2428 3855 non
2475 3799 2703 3866 addidit,
2748 3801 2892 3872 quod
2937 3802 3222 3860 manifesta
3263 3819 3354 3862 res
3386 3815 3555 3863 esset.

1941 3892 2128 3963 Neque
2183 3892 2330 3948 enim
2380 3891 2486 3947 alia
2528 3893 2609 3949 dc-
2634 3907 2800 3949 causa
2851 3896 3064 3965 sequuti
3113 3905 3238 3951 sunt
3278 3912 3428 3963 eum,
3470 3897 3556 3954 vel

1941 3985 2196 4041 Christus
2221 3985 2420 4040 accivit
2450 4000 2567 4054 eos,
2590 4000 2750 4057 quam
2781 3997 2842 4042 ut
2867 3985 3172 4043 doctrinam
3201 3989 3515 4061 acciperent
3539 4007 3554 4046 :

1940 4091 2102 4147 quam
2123 4085 2232 4132 tam
2261 4075 2482 4145 copiose
2509 4086 2566 4131 et
2592 4090 2715 4130 eum
2741 4085 2892 4132 tanto
2909 4077 3090 4134 studio
3116 4095 3221 4134 una
3243 4090 3403 4136 nocte
3433 4096 3553 4151 per-

1941 4177 2239 4241 ceperunt,
2274 4177 2335 4227 ut
2379 4183 2502 4227 mox
2535 4177 2765 4245 uterque
2791 4169 2862 4229 ad
2887 4169 3026 4233 alios
3055 4172 3400 4234 advocandos
3425 4191 3556 4254 pro-

1941 4274 2156 4334 peraret
2179 4267 2223 4319 '.

2013 4359 2068 4414 4.
2098 4357 2361 4413 Doctrina:
2387 4357 2582 4417 Christi
2606 4361 2780 4415 omnia
2809 4363 3191 4433 postponenda-
3222 4363 3337 4420 Cibi
3361 4365 3558 4422 anima

1940 4453 2029 4523 qui
2057 4453 2178 4507 sint.
2223 4452 2416 4507 Contra
2463 4453 2688 4509 theatra.
2715 4486 2789 4497 -—
2814 4455 2954 4513 Hinc
2997 4473 3097 4513 nos
3127 4474 3343 4530 quoque
3371 4458 3555 4516 disca-

1943 4560 2063 4600 mus
2090 4545 2273 4600 omnia
2308 4543 2510 4600 divinze
2536 4545 2799 4603 doctrina:
2844 4557 3208 4620 postponere,
3240 4551 3557 4620 nullumque

1942 4645 2154 4705 tempus
2184 4653 2292 4690 non
2321 4649 2683 4707 opportunum
2728 4641 3038 4708 aestimare;
3073 4641 3168 4698 sed
3197 4643 3298 4698 etsi
3331 4643 3382 4697 in
3414 4643 3553 4699 alie-

1941 4744 2066 4783 nam
2107 4728 2330 4784 domum
2361 4729 2569 4801 ingredi
2599 4741 2885 4802 oporteat,
2917 4733 3133 4790 etiamsi
3181 4735 3426 4806 ignotum
3458 4735 3558 4792 bo-

1942 4821 2116 4878 mines
2147 4836 2400 4893 proceres
2447 4825 2662 4895 ignotos
2690 4825 2846 4882 adire
2869 4869 2886 4895 ,
2927 4827 3144 4885 etiamsi
3176 4829 3558 4900 intempestive

1942 4925 1995 4971 et
2019 4915 2211 4987 quovis
2242 4927 2487 4989 tempore
2507 4960 2522 4987 ,
2554 4935 2849 4991 numquam
2878 4921 2982 4978 hoc
3012 4925 3400 4982 commercium
3431 4941 3558 4983 esse

1942 5007 2348 5079 negligendum.
2373 5008 2539 5066 Cibus
2560 5025 2727 5083 ergo,
2757 5012 2946 5069 balnea
2969 5057 2985 5081 ,
3015 5030 3188 5072 etenus
3204 5059 3221 5084 ,
3249 5017 3462 5089 aliaque
3486 5019 3556 5075 ad

1940 5099 2107 5155 vitam
2147 5100 2472 5170 pertinentia
2499 5143 2514 5168 ,
2548 5116 2705 5157 suum
2737 5111 2953 5175 tempus
2995 5105 3273 5162 habeant:
3303 5109 3553 5166 doctrina

1940 5205 2074 5246 vero
2112 5207 2363 5262 superna:
2394 5191 2753 5264 pbiloSOpltiz-e
2783 5196 2988 5252 nullam
3030 5197 3229 5254 habeat
3273 5198 3553 5256 definitam

1943 5284 2130 5341 horam
2154 5327 2170 5351 ,
2199 5284 2294 5341 sed
2311 5301 2472 5343 omne
2498 5298 2710 5359 tempus
2736 5288 2838 5359 ipsi
2871 5291 3148 5362 proprium
3173 5302 3312 5350 esto.
3340 5293 3544 5365 Oppor-

2006 5451 2024 5482 ι
2058 5446 2154 5498 Hic
2172 5447 2324 5499 multa
2349 5449 2482 5500 addit
2498 5449 2583 5524 Fr.
2603 5450 2858 5525 Aretinus,
2884 5436 2998 5567 (in:
3021 5456 3072 5505 in
3106 5454 3243 5528 nullo
3277 5457 3556 5531 exemplari

2006 5523 2116 5561 meo
2139 5511 2413 5564 habentur:
2442 5521 2592 5563 verut
2614 5526 2746 5563 enim
2770 5528 2782 5563 :
2812 5524 2880 5566 .‘Ve
2987 5530 3069 5567 am
3090 5517 3290 5567 audent
3310 5520 3556 5567 dnnstten-

1943 5508 2116 5580 (ἔντερα
2139 5511 2413 5580 habentur:
2442 5515 2746 5580 vertitAenim
2770 5528 2794 5580 :_
2812 5508 2880 5566 .‘V'e
2896 5508 3069 5567 horam
3090 5517 3290 5580 quidem
3310 5508 3556 5571 ditm‘iten;

1939 5572 2068 5635 tes.[
2092 5579 2147 5624 Et
2169 5571 2504 5625 mtimadverte
2526 5575 2679 5626 animi
2697 5576 2951 5629 ardorem.
2978 5587 3019 5628 0
3049 5571 3415 5632 amabilem
3441 5581 3554 5632 illo-

1939 5647 2052 5678 mm
2067 5633 2369 5678 sanientiam-
2395 5636 2742 5678 ndilinsmb'am
2763 5674 2776 5678 -
2798 5651 2831 5678 η
2850 5639 2901 5678 in
2916 5640 3204 5678 επηηὸιιηη-
3229 5640 3378 5678 Κήρι-
3403 5641 3448 5678 t‘t
3480 5649 3552 5678 cr.

1937 5767 2070 5830 stant
2085 5760 2333 5812 iqucis
2354 5762 2506 5830 editis,
2528 5767 2585 5830 et
2602 5766 2961 5830 manusu-iptis.

1937 5824 2198 5946 per-aith
2221 5817 2672 5889 uorelchcndum
2699 5817 2865 5894 esset;
2884 5829 2952 5882 ad
3432 5843 3550 5898 pra~
