4048 6490
571 430 678 488 ΗΟ-
1342 423 1398 481 S.
1439 419 1711 479 JOANNIS
1745 411 2214 475 CHRYSOSTOMI
2255 410 2568 466 ARCIIIEP.
2609 404 3134 464 CONSTANTINOP.
3771 401 3870 455 κθ

566 557 706 609 tunc,
747 543 915 611 inquit
937 582 948 602 ,
977 540 1263 605 importune
1304 551 1460 606 argue
1484 577 1496 600 ,
1523 534 1762 599 obsecra,
1809 531 2013 598 increpa
2038 526 2056 595 (
2077 526 2132 582 2.

568 633 700 689 Tim.
728 640 780 689 4.
807 632 842 687 2
861 636 898 700 ).
925 631 1186 700 Propheta
1207 638 1418 700 Quoque
1437 629 1509 681 ait
1536 644 1548 677 :
1583 623 1648 678 In
1675 623 1779 693 lege
1799 625 1910 692 ejus
1934 621 2139 674 medita-

573 725 699 778 bitur
719 723 802 777 die
822 739 881 776 ac
902 733 1042 776 nocte
1059 723 1076 792 (
1096 721 1239 776 Ρεαι.
1268 723 1316 775 l.
1339 720 1432 791 2):
1467 719 1679 790 Moyses
1707 731 1916 788 quoque
1938 713 2138 769 Judzeis

567 813 667 867 hoc
690 827 902 882 semper
925 813 1098 866 facere
1122 810 1480 879 pmcipiehat.
1506 808 1636 862 Nam
1657 823 1719 862 ea
1746 822 1863 875 qua:
1886 804 1950 858 ad
1977 805 2135 856 vitam

566 912 836 972 spectant,
866 903 1049 958 balnea
1079 901 1196 954 dico
1221 910 1274 954 et
1299 915 1467 954 cuius:
1490 942 1504 964 ,
1532 899 1633 953 etsi
1661 896 1958 952 necessaria
1990 895 2097 947 siut
2121 933 2136 955 ,

568 994 611 1047 si
643 993 969 1062 frequentius
1010 991 1364 1046 adhibeantur
1387 1030 1402 1055 ,
1441 1005 1636 1059 corpus
1667 994 1993 1042 extenuant:
2026 984 2140 1036 ani-

569 1098 667 1136 mai
698 1091 870 1136 autem
914 1081 1154 1136 doctrina
1195 1090 1395 1151 quanto
1437 1080 1604 1149 magis
1634 1079 1960 1141 inculcatur,
1994 1085 2140 1128 tanto

569 1172 838 1227 fortiorem
861 1172 1035 1227 reddit
1056 1175 1307 1227 animam.
1333 1172 1484 1226 Nune
1502 1180 1680 1226 autem
1702 1171 1854 1238 nugis
1883 1168 2140 1223 inutiliter

569 1278 725 1318 omne
755 1272 963 1334 tempus
993 1263 1358 1318 consumimus
1381 1303 1398 1329 ,
1443 1276 1688 1315 auroram
1716 1300 1733 1326 ,
1780 1259 2094 1312 matutinum
2119 1296 2138 1326 ,

568 1353 842 1407 meridiem
861 1394 874 1415 ,
903 1369 1177 1424 vesperam
1211 1355 1263 1407 in
1293 1355 1583 1422 constituto
1608 1353 1726 1406 loco
1766 1367 1898 1405 vane
1927 1351 2136 1418 impen-

566 1442 774 1505 dimus;
807 1441 981 1497 divina
1025 1453 1201 1498 autem
1246 1441 1489 1513 dogmata
1519 1442 1562 1494 si
1593 1440 1759 1496 semel
1807 1449 1895 1494 aut
1934 1439 2014 1494 bis
2048 1453 2144 1508 per

571 1532 955 1586 hebdomadam
1003 1534 1311 1597 audiamus,
1366 1531 1748 1601 torpescimus,
1796 1544 2135 1584 nauseamus.

568 1623 778 1690 Quare?
807 1622 938 1688 Quia
986 1625 1165 1676 animo
1198 1639 1361 1691 prave
1391 1623 1566 1677 affecti
1595 1637 1799 1677 sumus.
1833 1621 2140 1690 Appetitum

569 1711 907 1779 studiumque
930 1712 1043 1781 ejus
1064 1714 1203 1766 circa
1232 1713 1378 1766 isttec
1401 1727 1559 1766 omne
1588 1712 1962 1776 diSSulvimus;
1997 1711 2143 1765 ideo-

571 1815 672 1870 que
703 1802 1026 1869 spiritualem
1057 1817 1234 1856 escam
1276 1817 1380 1855 non
1413 1802 1732 1871 appetimus.
1765 1801 2009 1871 Magnum
2042 1801 2142 1855 hoc

572 1901 765 1960 praeter
793 1891 890 1944 alia
920 1901 1000 1947 est
1031 1893 1362 1962 :rgritudiuis
1406 1893 1658 1948 indicium
1683 1935 1698 1958 ,
1729 1907 1848 1946 cum
1883 1909 1986 1946 non
2013 1909 2140 1946 csu-

572 1984 735 2036 rimus
755 2023 769 2047 ,
801 1999 898 2038 nec
923 1986 1166 2051 sitimus,
1197 1986 1292 2040 sed
1321 1998 1603 2056 utrumque
1633 1986 1788 2041 nobis
1812 1987 2140 2041 fastidiosum

571 2083 670 2126 est.
698 2073 750 2126 Si
780 2083 955 2128 autem
1004 2076 1138 2141 hoc,
1190 2091 1311 2130 cum
1357 2078 1410 2130 in
1440 2092 1666 2146 corpore
1711 2079 1932 2144 accidit,
1963 2081 2143 2148 gravis

572 2162 740 2216 morbi
774 2163 1024 2218 indicium
1054 2174 1108 2220 et
1132 2181 1290 2220 causa
1318 2175 1429 2231 est;
1461 2167 1630 2221 multo
1662 2168 1828 2238 magis
1857 2170 1908 2222 in
1941 2171 2136 2222 anima.

571 2250 846 2316 Quomodo
887 2256 1046 2324 igitur
1088 2256 1227 2310 illam
1261 2258 1461 2326 lapsam
1492 2267 1546 2313 et
1587 2259 1904 2314 dissolutam
1935 2262 2142 2332 erigere

573 2343 908 2411 poterimus?
937 2347 1128 2415 quibus
1154 2349 1440 2416 operibus?
1470 2351 1663 2419 quibus
1689 2351 1902 2406 verbis?
1926 2351 1980 2407 Si
2009 2353 2145 2406 divi—

574 2447 671 2487 nos
697 2448 990 2499 sermones,
1025 2437 1389 2506 propheticos,
1423 2441 1769 2510 apostolicos,
1804 2443 2146 2511 evangelicos

569 2523 810 2593 aliosque
835 2541 1022 2581 omnes
1052 2538 1359 2584 tractemnus.
1388 2529 1537 2585 Tunc
1563 2533 1705 2584 enim
1734 2533 1963 2587 sciemus
1989 2533 2146 2602 longe

571 2613 759 2667 melius
778 2630 896 2670 esse
918 2615 999 2671 bis
1022 2619 1095 2672 uti
1118 2619 1271 2684 cibis,
1296 2635 1454 2688 quam
1480 2621 1702 2690 impuris
1723 2622 1879 2687 aliis;
1903 2624 1980 2677 sic
2002 2623 2144 2678 enim

572 2705 695 2760 licet
724 2706 1123 2776 intempestivas
1150 2724 1315 2780 nugas
1344 2719 1398 2765 et
1438 2710 1899 2767 confabulationes
1932 2728 2141 2768 vocare.

571 2795 705 2865 Quid
729 2801 893 2866 enim,
914 2815 1117 2870 qumso,
1146 2803 1358 2864 melius,
1383 2803 1450 2857 de
1476 2803 1774 2857 forensibus
1792 2845 1807 2869 ,
1831 2805 1896 2858 de
1920 2804 2147 2873 judicia-

569 2889 709 2943 libus
730 2932 745 2956 ,
777 2889 843 2944 de
874 2891 1192 2950 militaribus
1221 2895 1381 2949 rebus
1400 2936 1414 2962 ,
1448 2911 1515 2950 an
1544 2895 1609 2949 de
1637 2897 1937 2952 etelestibus
1963 2897 2142 2968 loqui,

569 2977 741 3048 deque
763 2980 823 3034 iis
845 2997 961 3050 qua:
985 2993 1101 3051 post
1131 2983 1265 3037 hanc
1293 2985 1454 3038 vitam
1481 2985 1770 3047 eveniunt?
1789 2987 1916 3055 quid
1940 2988 2142 3052 utilius,

571 3071 640 3124 dc
667 3072 842 3126 vicino
870 3084 921 3127 et
949 3073 1063 3141 ejus
1095 3076 1324 3144 negotiis
1351 3076 1520 3146 loqui,
1551 3092 1614 3130 ac
1635 3077 1699 3132 de
1719 3077 1910 3131 alienis
1933 3079 2175 3133 curiose-

572 3164 879 3234 perquirere
898 3204 915 3231 ,
944 3180 1010 3219 an
1040 3166 1105 3220 de
1135 3168 1337 3236 angelis
1359 3210 1372 3233 ,
1417 3177 1472 3222 et
1515 3167 1582 3222 de
1614 3169 1774 3223 rebus
1803 3183 1920 3239 qua:
1948 3170 2014 3223 ad
2047 3186 2116 3223 no
2130 3178 2153 3209 -'

576 3262 739 3309 stram
765 3267 1042 3312 vertuntur
1072 3260 1348 3314 utilitatem
1375 3301 1388 3323 ,
1419 3261 1576 3314 verba
1607 3260 1820 3315 facere?
1849 3261 1977 3329 Qum
2003 3264 2145 3317 enim

573 3346 727 3400 vicini
753 3347 824 3400 tui
851 3357 994 3413 sunt,
1026 3365 1129 3402 non
1163 3359 1284 3415 tua;
1316 3366 1433 3421 qua:
1455 3350 1520 3405 ad
1543 3351 1706 3405 crelos
1737 3353 2025 3420 pertinent,
2057 3362 2144 3408 tua

571 3447 712 3491 sunt.
736 3439 840 3492 Sed
870 3439 1023 3504 licet,
1055 3441 1288 3510 inquies,
1321 3443 1366 3496 ci
1396 3442 1482 3512 qui
1507 3444 1672 3496 semel
1699 3443 1810 3497 btec
1833 3435 1999 3507 dixit,
2031 3461 2147 3500 om-

573 3528 658 3581 nia
688 3528 929 3596 implere.
958 3530 1090 3597 Quid
1122 3547 1246 3585 vero
1273 3531 1342 3586 de
1368 3531 1431 3586 iis
1452 3573 1465 3594 ,
1494 3548 1612 3602 qme
1637 3532 1830 3587 frustra
1860 3543 1914 3587 et
1945 3543 2146 3590 temere

575 3617 888 3686 disputatis,
930 3637 1035 3673 non
1067 3622 1293 3688 idipsum
1325 3621 1569 3692 cogitatis
1590 3665 1604 3686 ,
1636 3623 1728 3676 sed
1764 3632 1927 3678 totam
1959 3625 2010 3677 in
2044 3625 2147 3679 illis

572 3709 733 3762 vitam
779 3709 1147 3779 impendentes
1169 3753 1184 3774 ,
1230 3712 1429 3766 nullum
1461 3712 1838 3782 disputationis
1871 3713 2028 3766 finem
2063 3714 2147 3768 in-

573 3797 806 3852 venitis?
840 3799 1074 3854 Necdum
1121 3801 1238 3854 dico
1268 3801 1352 3855 his
1383 3803 1539 3871 longe
1577 3803 1840 3872 graviora.
1893 3801 2022 3856 Nam
2063 3805 2150 3872 qui

2248 524 2602 579 modestiores
2651 531 2806 585 sunt,
2842 522 2924 576 his
2969 522 3034 575 de
3064 521 3224 576 rebus
3272 527 3457 573 mutuo
3491 519 3828 573 fabulantur
3852 554 3868 580 ,

2246 615 2524 683 segniores
2552 625 2730 667 autem
2763 613 3171 682 ignavioresquc
3194 651 3209 676 ,
3245 613 3436 665 mimos
3458 651 3474 676 ,
3507 613 3866 670 saltatores,

2245 708 2454 777 aurigas
2480 706 2530 759 in
2566 720 2815 760 sermone
2841 720 3055 773 semper
3096 713 3344 770 versant,
3371 703 3630 756 auditum
3661 700 3865 753 detur-

2247 807 2469 864 pantes,
2516 797 2749 849 animam
2791 795 3209 860 labefactantes;
3255 805 3625 864 naturamque
3665 791 3870 860 hujus-

2247 887 2389 941 niodi
2418 885 2813 940 narrationibus
2841 887 3166 956 praecipitem
3193 894 3374 955 agunt,
3398 895 3450 938 et
3479 885 3531 937 in
3552 895 3745 938 omne
3773 880 3869 933 fla-

2245 978 2356 1048 gitii
2385 991 2552 1048 genus
2575 978 2811 1031 animum
2842 977 3121 1030 inducunt.
3151 976 3282 1030 Nam
3312 976 3656 1044 simulatque
3688 973 3868 1026 salta-

2249 1069 2379 1122 toris
2418 1083 2611 1123 nomen
2643 1068 2905 1138 prolatum
2933 1068 3073 1134 fuit,
3106 1067 3286 1121 statim
3332 1055 3596 1120 inanima
3650 1065 3865 1131 depin-

2245 1160 2388 1230 gitur
2413 1161 2530 1228 ejus
2562 1161 2723 1216 facies
2749 1203 2763 1226 ,
2796 1177 2970 1227 coma,
3005 1161 3183 1216 mollis
3212 1161 3394 1226 vestis,
3449 1161 3662 1230 illeque
3711 1167 3868 1213 totus

2249 1252 2332 1307 bis
2360 1253 2516 1324 longe
2553 1254 2782 1308 mollior.
2813 1255 2963 1309 Alius
3004 1269 3214 1308 rursum
3254 1253 3521 1307 flammam
3551 1251 3780 1306 excitat
3811 1257 3869 1303 et

2247 1342 2427 1411 fovet,
2459 1345 2584 1399 dum
2618 1347 2953 1400 meretricem
2983 1346 3034 1399 in
3064 1343 3555 1398 confabulationem
3587 1341 3865 1407 inducit,

2247 1433 2469 1504 ejusque
2527 1435 2708 1497 verba,
2760 1435 3030 1498 habitum,
3076 1435 3259 1488 oculos
3311 1434 3574 1496 lascivos,
3623 1431 3864 1487 mollem

2249 1535 2552 1594 aspectum,
2602 1527 2893 1582 concinnus
2928 1526 3262 1595 capillorum,
3309 1523 3513 1579 fucatas
3561 1523 3867 1593 pictasque

2250 1631 2433 1686 genas.
2470 1620 2657 1671 Annon
2704 1617 2829 1687 quid
2876 1617 3165 1671 humanum
3214 1616 3354 1685 passi
3401 1617 3534 1669 estis
3562 1615 3700 1668 dum
3739 1611 3866 1665 ιιωο

2249 1708 2558 1763 narrarem?
2599 1709 2704 1765 Sed
2747 1725 2812 1764 ne
2859 1708 3054 1778 pudeat
3113 1707 3301 1772 vobis,
3349 1721 3417 1761 ne
3456 1704 3814 1760 erubescatis
3849 1720 3862 1754 :

2249 1811 2449 1854 natum
2478 1815 2705 1869 namque
2737 1799 3028 1853 necessitas
3051 1798 3099 1852 id
3130 1798 3294 1867 exigit
3314 1837 3329 1858 ,
3361 1807 3414 1851 et
3441 1797 3519 1850 sic
3545 1795 3738 1849 anima
3775 1793 3864 1846 af-

2252 1893 2426 1946 ficitur
2448 1907 2543 1961 pro
2568 1892 2776 1946 ratione
2799 1905 2982 1944 eorum
3014 1904 3130 1958 qua:
3159 1897 3463 1942 narrantur.
3495 1885 3655 1954 Quod
3687 1886 3739 1938 si
3769 1899 3862 1938 me

2250 1985 2521 2053 loquente,
2541 1985 2583 2038 si
2609 1984 2657 2038 in
2676 1984 2898 2038 ecclesia
2921 1991 3145 2046 stantes,
3163 1982 3207 2036 si
3229 1981 3297 2034 ab
3317 1981 3421 2034 illis
3436 1979 3632 2059 semoti
3657 1978 3861 2041 rebus,

2252 2075 2450 2143 aliquid
2480 2076 2768 2128 humanum
2797 2074 3075 2127 audientes
3104 2072 3342 2144 patimini
3369 2112 3384 2138 ,
3415 2071 3590 2140 cogita
3619 2085 3736 2140 quo
3770 2069 3860 2123 af-

2250 2162 2391 2220 fectu
2423 2166 2528 2219 sint
2556 2165 2588 2218 ii
2622 2164 2710 2234 qui
2741 2165 2792 2217 in
2827 2164 3034 2240 theatro
3083 2163 3306 2226 sedent,
3341 2162 3557 2217 licentia
3606 2161 3863 2214 fruentes

2250 2257 2436 2322 multa,
2468 2265 2617 2311 extra
2646 2256 2785 2310 hunc
2810 2256 3090 2310 honestum
3119 2253 3589 2322 venerandumque
3618 2266 3860 2307 conses-

2251 2362 2390 2412 sum,
2418 2362 2538 2400 cmn
2573 2346 2897 2415 impudentia
2929 2360 3118 2416 magna
3146 2344 3232 2397 illa
3264 2343 3506 2398 videntes
3528 2352 3586 2398 et
3607 2342 3851 2397 audieno

2255 2448 2355 2492 tes.
2391 2438 2454 2491 Et
2496 2451 2591 2492 cur
2613 2479 2628 2503 ,
2676 2436 2818 2491 dicet
2859 2435 3085 2491 fortasse
3128 2436 3390 2505 quispiam
3421 2450 3486 2490 ex
3519 2435 3583 2489 iis
3610 2435 3704 2504 qui
3735 2449 3851 2488 non

2254 2530 2511 2589 adhibent
2536 2530 2769 2583 animum
2792 2570 2806 2593 ,
2836 2530 2879 2582 si
2927 2537 3128 2582 natura:
3174 2527 3469 2582 necessitas
3493 2527 3572 2581 sic
3603 2526 3855 2580 animam

2254 2619 2440 2686 allicit,
2469 2620 2552 2673 illa
2583 2621 2766 2674 relicta
2787 2658 2802 2684 ,
2833 2633 2932 2672 nos
2968 2617 3231 2673 accusas?
3260 2617 3391 2685 Quia
3424 2617 3540 2672 haac
3567 2615 3854 2671 audiendo

2254 2710 2510 2774 emolliri,
2540 2709 2668 2763 illud
2697 2725 2830 2778 opus
2857 2719 2939 2762 est
2967 2718 3169 2763 naturae
3194 2725 3208 2762 :
3245 2707 3368 2762 talia
3397 2716 3578 2762 autem
3608 2707 3806 2763 audire
3833 2747 3850 2772 ,

2254 2815 2360 2855 non
2384 2811 2586 2855 naturae
2607 2808 2710 2866 est,
2733 2799 2827 2854 sed
2849 2800 3051 2853 arbitrii
3075 2808 3374 2868 peccatum.
3395 2797 3854 2870 Quandoquidem

2253 2907 2372 2947 cum
2397 2892 2564 2962 quise
2590 2891 2694 2962 igni
2721 2891 3027 2957 admoveat,
3058 2891 3138 2945 uri
3169 2905 3393 2945 necesse
3418 2899 3534 2954 est;
3562 2889 3614 2944 id
3648 2903 3849 2957 nempe

2258 2982 2372 3035 vult
2398 2992 2598 3036 natura:
2619 2982 2901 3037 infirmitas
2927 3001 2940 3036 :
2969 2996 3152 3036 verum
3174 2996 3279 3035 non
3311 2990 3499 3034 natura
3527 2996 3629 3034 nos
3659 2972 3765 3051 igni
3797 2987 3854 3033 et

2258 3074 2452 3129 ustioni
2485 3074 2734 3130 admovet
2762 3093 2775 3130 :
2809 3073 2861 3129 id
2889 3075 3030 3129 enim
3061 3087 3126 3128 ex
3161 3089 3411 3144 perversa
3439 3073 3617 3128 solum
3653 3074 3854 3127 volun-

2257 3176 2363 3222 tate
2395 3168 2612 3236 pendet.
2649 3167 2759 3221 lloc
2792 3167 2950 3237 igitur
2980 3166 3252 3221 admoveri
3285 3165 3406 3221 volo
3437 3175 3491 3220 et
3521 3165 3760 3236 corrigi,
3794 3176 3854 3220 ut

2255 3274 2324 3314 nc
2348 3269 2538 3327 sponte
2567 3273 2661 3312 vos
2690 3259 2989 3328 prrccipites
3017 3259 3156 3314 detis
3179 3299 3194 3325 ,
3225 3273 3402 3327 neque
3425 3257 3492 3312 ad
3520 3258 3852 3327 profundum

2256 3350 2506 3420 nequitia:
2528 3365 2622 3405 vos
2643 3351 2948 3418 impcllatis,
2968 3349 3050 3404 vel
3075 3359 3265 3419 sponte
3279 3350 3506 3404 curratis
3525 3349 3591 3403 ad
3619 3364 3812 3420 rogum
3832 3364 3848 3415 ;

2257 3458 2326 3495 ne
2354 3443 2581 3495 flammae
2621 3441 2833 3496 diabolo
2865 3451 3063 3510 parata:
3095 3456 3190 3495 nos
3232 3441 3497 3496 obnoxios
3528 3443 3849 3496 reddamus.

2261 3530 2472 3587 Utinam
2498 3546 2625 3585 vero
2652 3547 2748 3585 nos
2779 3547 2967 3586 omnes
2994 3533 3061 3586 ab
3090 3533 3188 3586 bac
3211 3541 3263 3586 et
3295 3533 3384 3586 illa
3411 3531 3625 3586 ﬂamma
3650 3535 3851 3601 erepti,

2257 3625 2310 3677 in
2355 3625 2528 3678 sinum
2563 3624 2794 3678 Abrahae
2826 3625 3182 3693 recipiamur,
3214 3626 3382 3694 gratia
3414 3635 3470 3680 et
3519 3626 3855 3696 benignitate

2260 3715 2468 3769 Domini
2497 3714 2662 3768 nostri
2701 3714 2828 3770 Jesu
2857 3715 3079 3781 ChriSIi,
3108 3717 3323 3783 quicum
3355 3716 3495 3771 Patri
3525 3719 3698 3787 gloria
3718 3761 3734 3784 ,
3773 3720 3856 3773 si-

2263 3806 2480 3875 mulque
2503 3813 2687 3859 sancto
2708 3805 2948 3872 Spiritui,
2976 3806 3027 3858 in
3059 3811 3252 3859 saecula
3278 3806 3620 3860 seculorum.
3647 3810 3850 3862 Amen.

1930 4009 2277 4072 HOMILIA
2320 4012 2502 4073 XIX.

530 4155 658 4209 .dl.
709 4151 903 4208 Invenit
949 4154 1028 4206 In'c
1065 4154 1258 4223 primus
1306 4155 1511 4225 fratrem
1556 4172 1702 4207 suum
1750 4156 2042 4220 Simonem,
2095 4170 2142 4211 et

643 4245 761 4296 dicit
788 4246 832 4297 ei
860 4261 878 4299 :
904 4244 1193 4298 Invenimus
1224 4243 1482 4303 Messium,
1511 4247 1642 4312 quod
1660 4254 1730 4298 est
1757 4231 2141 4315 interpretatum

642 4335 870 4389 Christus
893 4350 912 4388 :
942 4334 1027 4389 42.
1057 4345 1102 4388 et
1129 4333 1341 4387 adduxit
1366 4333 1514 4386 illum
1540 4334 1607 4386 ad
1630 4334 1830 4389 Iesum.

643 4497 694 4565 id.
731 4509 944 4565 Unionis
970 4509 1117 4562 bona.
1140 4537 1214 4550 —
1237 4509 1373 4564 Deus
1402 4510 1550 4564 initio
1568 4525 1686 4564 cum
1704 4509 1827 4566 fecit
1851 4511 2143 4580 hominem,

574 4619 676 4657 non
720 4603 934 4673 reliquit
979 4603 1127 4657 illum
1169 4603 1340 4657 solum
1368 4643 1385 4670 ,
1414 4604 1508 4659 sed
1547 4604 1695 4659 dedit
1735 4604 1786 4660 ei
1826 4605 2141 4674 adjutriccm

575 4692 849 4746 mulierem
875 4732 890 4755 ,
923 4702 978 4746 ut
1006 4692 1267 4748 habitaret
1303 4709 1424 4747 cum
1454 4710 1519 4749 co
1543 4712 1557 4748 :
1581 4711 1699 4749 cum
1727 4712 1790 4750 ex
1821 4696 1922 4751 huc
1950 4708 2145 4755 contu-

573 4783 759 4836 bernio
789 4783 1011 4836 multum
1057 4783 1189 4837 lucri
1231 4798 1568 4838 accessurum
1607 4795 1808 4842 nosset.
1838 4787 1973 4852 Quid
2002 4790 2146 4844 enim

574 4876 616 4928 si
649 4889 773 4942 non,
809 4875 880 4929 uti
912 4890 1004 4944 par
1023 4883 1156 4939 erat,
1187 4876 1286 4930 hoc
1312 4875 1570 4933 beneficio
1593 4893 1686 4932 usa
1709 4880 1777 4933 sit
1798 4882 2024 4936 mulier?
2052 4886 2147 4938 At-

576 4973 750 5020 tamen
805 4966 850 5020 si
890 4965 967 5020 rei
1013 4977 1252 5021 naturam
1303 4969 1425 5038 quis
1475 4970 1864 5036 eXpIoraverit,
1900 4988 2144 5043 magnam

575 5059 867 5126 comperiet
894 5073 959 5112 ex
1000 5057 1101 5112 hoc
1126 5059 1477 5113 contubernio
1516 5061 1796 5116 utilitatem
1840 5064 1891 5117 in
1923 5079 2019 5119 eos
2059 5065 2149 5135 qui

577 5157 754 5204 niente
777 5149 952 5203 valent
972 5148 1287 5204 derivatam.
1315 5149 1494 5221 Neque
1534 5150 1584 5205 id
1611 5152 1676 5207 de
1704 5155 1816 5208 viro
1862 5164 2060 5208 tantum
2097 5164 2152 5210 et

577 5257 742 5294 uxore
767 5241 982 5305 dicitur;
1012 5243 1104 5297 scd
1133 5244 1291 5298 etiam
1319 5243 1363 5297 si
1397 5242 1587 5298 fratres
1617 5260 1716 5298 una
1745 5245 2008 5312 vixerint,
2035 5249 2150 5315 pari

578 5331 838 5386 beneficio
875 5333 1131 5388 fruentur.
1183 5336 1537 5401 Quamobrem
1581 5337 1831 5405 prapheta
1875 5339 2086 5393 dicebat
2133 5358 2145 5392 :

581 5424 746 5490 Quam
773 5424 954 5476 bonum
994 5435 1038 5477 et
1078 5442 1226 5495 quam
1263 5426 1544 5495 iucundum
1567 5467 1582 5490 ,
1621 5428 1844 5483 Imbitare
1877 5433 2057 5499 fratres
2096 5431 2150 5484 in

574 5533 727 5570 unum
754 5516 922 5588 (Ptol.
953 5517 1074 5573 152.
1107 5517 1198 5589 1)?
1227 5520 1527 5590 Paulusque
1576 5517 1761 5593 (Hebr.
1788 5522 1874 5577 10.
1905 5520 2000 5596 25)
2032 5537 2148 5578 mo-

578 5617 670 5662 net
695 5624 760 5662 ne
785 5620 1022 5663 nostrum
1052 5622 1247 5665 cretum
1279 5612 1608 5667 deseramus.
1640 5612 1750 5669 Hoc
1777 5614 1972 5683 quippe
1993 5615 2149 5671 estin

577 5712 682 5767 quo
702 5713 730 5752 a
761 5698 890 5754 feris
916 5699 1225 5756 differimus.
1255 5702 1379 5758 ldco
1403 5703 1564 5758 urbes
1592 5707 1952 5760 construimus
1972 5749 1986 5772 ,
2015 5707 2146 5776 fora,

579 5789 786 5860 domos,
810 5801 869 5848 ut
897 5810 1000 5850 una
1024 5794 1227 5852 collecti
1249 5797 1436 5863 simus,
1467 5811 1572 5851 non
1596 5796 1895 5853 habitaculo
1918 5809 2139 5868 tantum,

2260 4160 2352 4213 sed
2387 4169 2440 4212 et
2464 4160 2705 4213 caritatis
2744 4162 2978 4214 vinculo.
3012 4161 3145 4214 Cum
3192 4165 3333 4216 enim
3366 4171 3555 4217 natura
3595 4174 3778 4218 nostra
3825 4182 3858 4220 τι

2257 4248 2548 4305 Conditore
2574 4251 2643 4303 ita
2672 4251 2918 4314 facta'sit,
2948 4261 3004 4305 ut
3024 4252 3142 4307 aliis
3172 4261 3346 4322 egeat,
3380 4269 3481 4309 nec
3509 4256 3607 4309 sibi
3639 4257 3738 4326 ipsi
3763 4275 3855 4312 sa-

2259 4342 2325 4394 tis
2351 4341 2457 4394 sit:
2489 4357 2598 4395 rem
2628 4342 2704 4396 sic
2743 4351 2864 4412 apte
2889 4343 3224 4411 dispensavit
3264 4345 3400 4400 Deus
3421 4386 3434 4408 ,
3467 4355 3524 4400 ut
3555 4347 3851 4418 indigentia

2257 4429 2558 4500 lmjusmodi
2589 4448 2618 4485 a
2648 4443 2833 4487 mutuo
2862 4435 3130 4488 consortio
3161 4443 3217 4490 et
3243 4451 3271 4489 a
3309 4441 3664 4494 conventibus
3689 4440 3847 4510 juve-

2256 4535 2359 4580 tur.
2388 4525 2616 4596 ldeoque
2644 4527 2839 4595 nuptiae
2865 4527 3166 4582 constituta
3193 4538 3318 4582 sunt
3351 4529 3392 4593 ι,
3437 4538 3493 4584 ut
3521 4531 3662 4601 quod
3691 4533 3852 4588 alteri

2255 4618 2428 4684 deest,
2449 4620 2517 4673 ab
2541 4620 2709 4673 altero
2731 4620 3061 4688 suppleatur,
3087 4620 3269 4690 sicque
3291 4630 3500 4688 natura,
3530 4640 3650 4693 qua:
3677 4640 3853 4695 egena

2254 4719 2405 4776 erat,
2433 4710 2534 4764 sibi
2575 4710 2789 4764 tandem
2829 4710 3054 4774 sufficit;
3085 4711 3153 4765 ita
3192 4722 3248 4764 ut
3275 4712 3398 4766 licet
3435 4717 3682 4770 mortalis
3709 4717 3852 4773 facta

2255 4802 2350 4867 sit,
2379 4803 2717 4856 successione
2743 4818 2839 4857 ceu
2868 4803 3170 4857 diuturnam
3215 4804 3670 4861 immortalitatem
3728 4824 3850 4864 ser-

2257 4903 2361 4948 vet.
2384 4893 2627 4950 Poteram
2653 4895 2766 4950 haec
2783 4896 2948 4949 fusius
2973 4897 3244 4966 prosequi,
3263 4897 3660 4968 ostendereque
3681 4914 3848 4969 quan-

2257 4993 2365 5038 tum
2395 4999 2459 5038 ex
2488 4984 2674 5039 intima
2703 4995 2756 5039 et
2793 4986 3000 5040 sincera
3026 4986 3405 5057 conjunctione
3435 4989 3570 5044 lucri
3598 4993 3843 5048 accedat.

2257 5075 2362 5131 Sed
2390 5075 2526 5130 aliud
2558 5077 2718 5131 instat
2745 5078 3099 5144 tractandum,
3123 5079 3275 5148 cujus
3305 5081 3469 5150 gratia
3494 5082 3610 5137 haec
3633 5099 3660 5135 a
3687 5085 3845 5141 nobis

2256 5169 2392 5223 dicta
2419 5181 2560 5234 sunt.
2588 5171 2831 5225 Andreas
2857 5187 2978 5226 cum
3002 5173 3141 5240 apud
3168 5173 3350 5227 Jcsum
3371 5176 3682 5241 mansisset,
3713 5179 3847 5231 mul-

2256 5269 2414 5331 taque
2447 5261 2738 5328 didicisset,
2777 5279 2882 5317 non
2912 5264 3224 5320 thesaurum
3252 5267 3302 5320 in
3333 5281 3392 5322 se
3415 5267 3726 5333 abscondit,
3752 5271 3844 5325 scd

2257 5353 2469 5407 festinat
2505 5366 2559 5408 et
2584 5355 2750 5408 currit
2786 5355 2852 5409 ad
2887 5354 3102 5409 fratrem
3125 5399 3140 5423 ,
3169 5359 3286 5425 ejus
3323 5358 3495 5425 ipsum
3537 5369 3843 5416 consortem
3902 5351 3907 5356 ’

2254 5444 2580 5498 redditurus.
2621 5443 2728 5499 Cur
2763 5461 2888 5500 vero
2921 5462 3026 5500 non
3059 5448 3292 5502 narravit
3333 5447 3571 5505 Joannes
3602 5450 3732 5520 quid
3758 5451 3841 5505 di-

2254 5535 2392 5589 xerit
2432 5535 2510 5590 cis
2548 5533 2828 5590 Christus?
2874 5546 2928 5592 et
2964 5537 3230 5592 undcuam
3284 5541 3659 5608 cognoscimus
3700 5541 3843 5610 ipsos

2319 5689 2333 5719 ¹
2368 5687 2501 5740 ΗΜ.
2531 5686 2730 5754 ideoque
2754 5687 2934 5751 ηιιριὶω
2959 5688 3225 5754 constituta:
3252 5695 3387 5754 sunt,
3422 5689 3603 5754 desunt
3627 5691 3839 5754 inSavil.

2255 5755 2392 5813 testu
2417 5756 2466 5796 et
2485 5749 2770 5813 quibusdam
2794 5749 3157 5813 manuscriptis;
3176 5750 3262 5800 sed
3282 5751 3524 5801 habentur
3543 5752 3591 5800 iu
3616 5751 3740 5812 aliis,
3755 5765 3841 5803 ucc

2252 5809 2878 5873 videntm'SUpervacanea.
