4048 6488
250 495 377 552 Ideo
393 491 537 565 apud
553 489 702 547 illum
724 484 990 545 mansisse
1005 485 1050 539 ιτ
1071 483 1129 540 id
1153 496 1325 553 nuper
1351 497 1380 536 a
1396 479 1553 536 nobis
1573 485 1853 534 ostensum

247 597 337 644 est
363 604 380 643 :
410 587 641 655 licetque
669 580 834 638 etiam
869 593 939 634 ex
979 577 1043 632 iis
1079 589 1200 646 quae
1243 572 1404 629 hodie
1445 572 1586 628 lecta
1633 577 1760 625 sunt
1800 568 1855 624 id

249 677 520 735 ediscere.
546 671 929 730 Animadverte
961 667 1106 724 enim
1135 665 1262 737 quid
1309 664 1395 719 hic
1419 661 1570 719 fratri
1595 674 1697 717 suo
1712 659 1858 716 dixe-

248 773 324 826 rit
349 788 362 825 :
398 766 688 824 Inratimus
712 763 975 826 Messium,
1002 758 1140 832 quod
1168 759 1554 830 interpretatum
1608 763 1681 809 est
1706 752 1857 810 Chri-

247 870 380 919 stus.
413 858 602 914 Viden’
626 871 734 929 quo
756 863 913 928 pacto
933 868 1054 925 quze
1087 851 1238 908 brevi
1281 859 1527 919 tempore
1551 845 1852 912 didicerat,

248 951 379 1007 hinc
394 950 680 1007 ostendat?
706 947 839 1004 Nam
861 955 916 1001 et
935 943 1174 1016 Magistri
1201 942 1453 997 virtutem
1471 937 1732 1003 declarat,
1761 936 1854 1008 qui

249 1043 356 1099 hoc
373 1043 502 1113 ipsis
525 1041 777 1106 suaserit,
802 1047 856 1094 et
877 1038 1114 1108 ipsorum
1132 1034 1369 1092 studium
1386 1032 1851 1103 diligentiamque,

245 1137 342 1209 qui
365 1135 480 1190 hmo
493 1134 604 1206 jam
626 1150 655 1188 a
684 1131 949 1202 principio
969 1135 1243 1183 curarent.
1271 1125 1384 1181 Hoc
1404 1124 1605 1196 quippe
1627 1121 1850 1179 verbum

243 1239 335 1287 est
361 1230 557 1284 anima:
593 1224 882 1280 adventum
917 1222 1037 1294 ejus
1078 1234 1288 1276 summe
1323 1217 1680 1274 desiderantis
1706 1225 1760 1271 et
1783 1215 1854 1271 de

243 1321 385 1377 cmlo
409 1328 695 1376 venturum
717 1315 1080 1386 exspectantis
1106 1356 1121 1382 ,
1153 1312 1456 1385 gaudioqnc
1484 1311 1807 1367 exsultantis
1833 1351 1848 1377 ,

244 1420 531 1483 postquam
577 1407 863 1479 apparuit,
908 1413 1070 1476 atque
1113 1402 1422 1460 festinantis
1475 1409 1681 1457 tantam
1731 1415 1848 1456 rem

242 1503 459 1561 caeteris
495 1501 766 1557 nuntiare.
799 1499 912 1553 lioc
961 1497 1214 1553 fraternas
1258 1505 1377 1551 erat
1418 1495 1807 1552 benevolentiae
1830 1536 1847 1563 ,

241 1597 436 1655 amica:
460 1591 795 1666 cognationis
814 1631 830 1657 ,
861 1589 1059 1646 sinceri
1089 1588 1313 1644 affectus
1333 1628 1348 1652 ,
1383 1588 1436 1642 iu
1483 1586 1850 1656 spiritualibus

241 1700 464 1746 manum
491 1695 676 1741 mutuo
703 1682 1000 1754 porrigere.
1044 1680 1183 1750 Audi
1212 1688 1392 1735 autem
1438 1678 1589 1732 illum
1613 1692 1736 1732 cum
1765 1691 1852 1730 ar-

243 1779 393 1837 ticuli
419 1777 696 1834 additione
727 1775 1060 1845 loquentem.
1089 1771 1207 1827 Non
1237 1771 1383 1827 enim
1409 1770 1728 1841 simpliciter
1759 1769 1846 1824 di-

239 1870 319 1927 xit
349 1909 365 1932 .
402 1868 650 1924 Messium
675 1908 692 1934 ,
731 1865 826 1921 sed
854 1906 867 1928 ,
905 1863 1156 1919 Messium
1205 1863 1375 1918 illum.
1421 1860 1512 1917 Sic
1560 1859 1850 1932 quemdam

238 1960 520 2019 Christum
545 1957 950 2029 exspectabant,
978 1955 1068 2026 qui
1098 1954 1231 2010 nihil
1262 1967 1553 2009 commune
1573 1967 1696 2008 cum
1727 1950 1850 2006 aliis

241 2051 490 2110 haberet.
517 2047 901 2105 Animadverte
923 2055 1101 2102 autem
1129 2087 1144 2112 ,
1173 2046 1260 2102 vel
1284 2060 1312 2100 a
1342 2044 1610 2116 principio
1628 2087 1643 2112 ,
1677 2047 1845 2101 mori-

238 2157 429 2217 gerum
457 2140 779 2212 facilemque
797 2139 947 2195 Petri
968 2137 1229 2194 animum.
1257 2136 1452 2195 Statim
1474 2136 1712 2206 nihilque
1739 2149 1850 2190 mo-

238 2248 393 2294 ratus
421 2234 676 2291 accurrit.
721 2233 952 2288 Adduxit
999 2248 1144 2300 eum,
1175 2233 1381 2303 inquit,
1408 2230 1477 2286 ad
1506 2230 1707 2286 Iesum.
1737 2231 1846 2287 Sed

239 2343 407 2386 nemo
433 2326 744 2383 facilitatem
775 2324 894 2395 ejus
918 2324 1170 2388 damnet,
1199 2323 1339 2394 quod
1370 2324 1488 2379 sine
1516 2322 1687 2378 multo
1715 2337 1845 2379 exa-

235 2421 388 2491 mine
425 2419 648 2475 verbum
677 2417 966 2488 acceperit.
996 2416 1302 2473 Verisimile
1337 2416 1479 2471 enim
1506 2423 1591 2470 est
1620 2413 1842 2470 fratrem

237 2509 360 2567 hac
399 2509 498 2582 ipsi
524 2517 776 2565 accurate
796 2515 850 2564 et
875 2507 1116 2579 pluribus
1141 2519 1426 2572 narrasse;
1454 2520 1642 2560 verum
1673 2521 1842 2561 evan-

233 2604 447 2678 gelista:
485 2602 685 2673 ubique
727 2601 897 2657 multa
936 2599 1261 2671 compendio
1297 2609 1559 2664 narrant,
1591 2595 1842 2654 brevitati

232 2695 538 2753 studentes.
571 2691 819 2762 Alioquin
849 2700 1051 2756 autem,
1082 2703 1190 2744 non
1220 2688 1493 2744 diciteum
1519 2688 1701 2744 statim
1727 2703 1845 2742 cre-

233 2787 473 2854 didisse;
502 2786 598 2844 sed
619 2828 635 2854 ,
669 2785 900 2840 Adduxit
921 2800 1035 2840 eum
1063 2783 1133 2838 ad
1160 2781 1342 2837 Iesum
1364 2823 1379 2850 ,
1413 2781 1513 2854 ipsi
1545 2780 1842 2837 traditurus

232 2895 361 2936 eum
385 2919 401 2945 ,
432 2885 492 2934 ut
521 2879 702 2935 omnia
726 2876 797 2934 ab
844 2876 939 2932 illo
965 2875 1234 2932 edisceret
1265 2893 1279 2929 :
1312 2890 1435 2930 nam
1466 2873 1605 2930 alius
1625 2888 1842 2945 quoque

231 2969 532 3040 discipulus
560 2968 782 3037 aderat,
813 2977 869 3024 et
910 2968 976 3022 ad
1008 2967 1124 3023 haec
1160 2966 1539 3022 concurrebat.
1589 2964 1745 3034 Quod
1793 2966 1839 3021 si

231 3061 472 3120 Joannes
499 3060 736 3131 Baptista
764 3073 887 3117 cum
917 3060 1069 3123 dixit.
1107 3061 1292 3132 Agnus
1316 3068 1424 3127 est,
1467 3066 1523 3114 et
1550 3060 1602 3113 in
1629 3057 1836 3129 Spiritu

232 3154 509 3225 baptizat,
539 3153 828 3212 clariorem
859 3151 961 3207 hac
1001 3151 1072 3208 de
1113 3166 1173 3208 re
1213 3151 1514 3207 doctrinam
1554 3165 1584 3206 a
1619 3149 1841 3206 Christo
1897 3218 1904 3224 δ

226 3245 606 3319 excipiendam
627 3244 846 3317 reliquit
872 3261 887 3300 :
919 3244 1089 3301 multo
1107 3240 1277 3316 magis
1303 3243 1548 3298 Andreas
1563 3242 1616 3298 id
1638 3242 1837 3313 effecit,

228 3337 324 3410 qui
353 3352 460 3393 non
488 3336 556 3393 ad
585 3344 754 3392 totum
790 3335 1166 3406 explicandum
1197 3332 1448 3390 sufficere
1477 3334 1799 3390 censebatur
1819 3376 1838 3404 ,

227 3429 329 3488 sed
356 3429 424 3486 ad
452 3429 626 3500 ipsum
653 3428 791 3484 lucis
814 3426 1018 3485 fontem
1048 3427 1269 3486 deduxit
1309 3429 1553 3496 fratrem,
1582 3426 1654 3483 ita
1683 3427 1839 3484 festi-

229 3539 361 3580 uum
388 3534 444 3579 et
466 3520 816 3594 gaudentem,
834 3529 904 3579 ‘ut
933 3535 1001 3579 ne
1027 3521 1291 3577 tantillum
1313 3521 1530 3592 quidem
1554 3530 1838 3576 cunctare-

228 3623 340 3670 tur.
370 3613 462 3670 ιδ.
491 3611 718 3668 lntuitus
746 3623 915 3668 autem
943 3629 1058 3669 eum
1083 3611 1240 3672 Iesus
1265 3613 1396 3668 dixit
1423 3629 1442 3668 :
1471 3613 1548 3667 Tu
1573 3629 1627 3667 es
1655 3612 1839 3668 Simon

228 3708 372 3778 [ilius
397 3700 584 3773 Iona,
617 3714 673 3761 tu
710 3705 967 3761 vocaberis
1013 3704 1212 3777 Cephas
1237 3748 1252 3772 ,
1288 3705 1428 3776 quod
1457 3706 1839 3775 interpretatur

231 3798 440 3855 Petrus.
471 3798 570 3857 llic
586 3800 698 3872 jam
739 3799 928 3871 incipit
953 3798 1290 3855 divinitatem
1333 3814 1486 3854 suam
1508 3799 1712 3854 sensim
1742 3812 1836 3854 re-

226 3891 413 3948 velare
437 3906 504 3948 ex
533 3891 988 3962 praedictionibus.
1020 3889 1112 3946 Sic
1140 3889 1302 3946 etiam
1345 3904 1470 3946 cum
1504 3887 1837 3946 Nathanaele

227 3983 378 4053 fecit,
405 3991 462 4040 et
479 3998 602 4040 cum
629 3982 968 4040 Samaritana
1009 3983 1254 4039 muliere.

297 4074 356 4132 8.
398 4073 704 4147 Prophetite
732 4075 931 4146 quippe
972 4089 1079 4130 non
1126 4074 1305 4130 minus
1331 4087 1493 4144 quam
1524 4073 1676 4144 signa
1707 4087 1833 4129 mo-

225 4174 394 4234 vent,
425 4179 529 4223 nec
570 4163 767 4223 fastum
815 4181 929 4238 pra:
973 4180 1035 4224 se
1077 4167 1273 4223 ferunt.
1305 4165 1438 4221 Nam
1482 4165 1740 4234 miracula
1767 4167 1838 4224 ab

226 4258 612 4331 insipientibus
657 4258 849 4316 saltem
895 4259 1252 4314 traducuntur
1291 4255 1393 4331 (In
1423 4257 1721 4324 Beelzebub,
1748 4258 1835 4315 di-

223 4350 454 4419 cebant,
480 4350 643 4430 _ejicit
691 4349 949 4406 damonis
986 4348 1214 4425 [lauta
1245 4349 1334 4405 l2.
1385 4348 1562 4423 in):
1592 4349 1663 4406 de
1708 4366 1837 4421 pro-

227 4442 411 4516 phetia
433 4441 567 4498 nihil
584 4456 837 4514 umquam
865 4444 972 4499 tale
990 4443 1193 4499 dictum
1221 4451 1326 4500 est.
1356 4442 1412 4498 lu
1434 4443 1655 4500 Simone
1676 4444 1838 4515 igitur

224 4535 362 4592 etin
408 4533 741 4592 Natbanaele
785 4534 889 4591 hoc
913 4534 1178 4591 doctrinae
1205 4549 1336 4590 usus
1383 4546 1468 4592 est
1512 4536 1720 4591 modo':
1777 4537 1832 4595 is

225 4626 445 4684 Andrea
470 4637 649 4682 autem
671 4635 727 4682 et
753 4626 1002 4699 Philippo
1031 4642 1139 4682 non
1182 4627 1414 4697 idipsum
1443 4626 1589 4684 fecit.
1619 4627 1836 4697 Quare?

225 4719 379 4790 Quia.
394 4717 472 4774 illi
501 4717 873 4775 testimonium
920 4717 1147 4774 Joannis
1194 4717 1495 4775 habuerant
1519 4733 1627 4775 nou
1655 4718 1836 4776 modi-

223 4828 347 4870 cam
380 4813 867 4884 praparationem:
901 4810 1181 4883 Philippus
1223 4827 1358 4870 vero
1388 4828 1511 4869 cum
1556 4813 1836 4871 adstantes

225 4905 459 4973 videret,
484 4905 590 4961 fide
617 4904 837 4977 dignum
863 4905 1074 4976 accepit
1098 4906 1166 4960 ad
1200 4905 1360 4963 fidem
1400 4907 1833 4978 amplectendam

225 4996 508 5054 indicium.
541 4993 624 5051 Tu
649 5012 703 5052 es
735 4995 917 5053 Simon
963 4998 1103 5066 ﬁlius
1148 4997 1317 5065 Jonie,
1348 5008 1404 5053 tu
1439 4999 1694 5055 vocaberis
1736 5000 1836 5056 Ce-

225 5089 382 5158 phas,
412 5087 550 5158 quod
578 5088 944 5157 interpretatur
987 5086 1196 5145 Petrus.
1227 5092 1272 5146 A
1301 5093 1552 5160 praesenti
1595 5091 1832 5149 futurum

226 5177 494 5236 credibile
535 5177 736 5234 reddit.
775 5178 910 5235 Nam
954 5181 1044 5252 qui
1090 5191 1298 5253 patrem
1327 5182 1447 5253 ejus
1489 5186 1830 5253 memoravit,

228 5271 348 5326 sine
369 5271 535 5327 dubio
557 5272 790 5328 futurum
816 5273 1180 5343 praevidebat:
1207 5275 1483 5346 praedictio
1507 5287 1686 5334 autem
1707 5293 1832 5335 cum

230 5363 392 5423 laude
415 5365 701 5437 conjuncta
730 5376 833 5423 est.
867 5367 980 5424 Hoc
1037 5383 1198 5438 porro
1247 5384 1353 5425 non
1396 5369 1662 5427 adulantis
1689 5379 1830 5438 erat,

229 5459 328 5519 sed
379 5459 614 5516 futurum
665 5459 1041 5532 prtediceutis;
1109 5460 1272 5532 idque
1306 5461 1446 5518 inde
1494 5463 1671 5535 palam
1724 5472 1829 5519 est.

227 5552 611 5613 Animadverte
634 5564 815 5609 autem
845 5567 1006 5624 quam
1033 5552 1386 5610 vehementer
1411 5553 1830 5624 Samaritanam,

225 5645 500 5720 prmterita
549 5645 818 5714 revehes,
858 5644 1242 5716 reprehendat.
1289 5644 1524 5718 Quinque
1562 5647 1696 5704 siros
1738 5647 1833 5704 ha-

300 5779 315 5809 ‘
344 5782 400 5834 In
431 5781 595 5832 uorat.
620 5781 907 5848 legitur...”
933 5779 1052 5848 quid
1078 5781 1265 5848 dixerit
1288 5783 1358 5838 eis
1382 5783 1621 5848 Christus,
1645 5793 1697 5842 ut
1719 5801 1832 5843 eum

227 5851 420 5910 repente
445 5843 758 5909 sequerentur
780 5843 954 5909 illique
972 5843 1214 5898 mererent
1231 5845 1258 5898 ?

1264 367 1332 427 IN
1368 364 1683 452 JOANNEI
1722 362 1956 421 HOMIL.
1998 363 2141 422 XIX.
2181 366 2253 422 al.
2298 365 2485 425 XVIII.

3480 367 3584 430 tis

1969 476 2142 544 buisti,
2175 476 2368 548 inquit,
2399 487 2448 532 et
2481 477 2526 534 is
2558 493 2708 547 quem
2736 492 2872 533 nunc
2910 478 3085 546 habes,
3113 494 3218 535 non
3245 478 3322 535 vir
3359 487 3478 535 tuus
3505 489 3584 536 est

1969 567 2152 640 (Joan.
2189 569 2245 624 4.
2276 569 2391 640 18).
2419 567 2512 625 Sic
2535 579 2589 625 ct
2621 570 2782 626 Pater
2823 570 2942 642 ejus
2990 572 3156 627 multa
3183 572 3252 629 de
3294 571 3580 645 prophetia

1970 659 2129 715 verba
2158 659 2286 715 facit
2315 670 2505 716 contra
2546 659 2817 718 idolorum
2849 663 3078 718 cultum.
3109 664 3430 719 Annuntient
3464 680 3581 734 qua

1969 751 2103 807 vobis
2125 761 2336 806 ventura
2383 761 2544 818 sunt;
2586 761 2641 808 et
2681 765 2923 821 rursum,
2956 754 3272 810 Annuntiaui
3310 765 3360 811 et
3409 757 3582 812 salvas

1963 844 2082 915 feci,
2112 854 2160 898 et
2205 860 2309 899 non
2336 852 2448 899 erat
2474 845 2528 899 in
2554 845 2692 901 vobis
2718 843 2920 901 alienus
2950 845 2972 918 (
3003 844 3135 903 Isai.
3165 847 3259 904 ΓΙ.
3293 847 3380 903 l5.
3409 856 3456 901 et
3485 848 3576 905 43.

1968 936 2090 1009 12);
2117 945 2174 992 et
2199 937 2250 992 in
2285 947 2400 994 tota.
2418 938 2706 1009 prophetia
2735 939 2840 996 hoc
2860 941 3034 1010 ipsum
3063 948 3278 1004 tractat.
3297 938 3414 998 Hoc
3433 942 3576 998 enim

1964 1025 2199 1085 maxime
2215 1044 2351 1100 opus
2371 1029 2465 1086 Dei
2487 1039 2592 1097 est,
2607 1026 2752 1102 quod
2783 1043 2890 1088 non
2923 1032 3135 1102 possint
3155 1031 3432 1088 daemones
3460 1033 3583 1088 imi—

1964 1121 2086 1187 tari,
2107 1121 2320 1176 etiamsi
2347 1122 2642 1178 admodum
2671 1122 3028 1180 contendant.
3056 1122 3191 1179 Nam
3221 1123 3273 1178 in
3303 1124 3579 1180 miraculis

1960 1222 2143 1285 potest
2164 1214 2413 1285 quaedam
2456 1215 2671 1286 species
2700 1217 2996 1288 decipere:
3029 1216 3209 1272 futura
3253 1232 3382 1273 vero
3412 1233 3577 1273 accu-

1960 1314 2079 1364 rate
2105 1307 2425 1378 praedicere,
2479 1309 2639 1364 unius
2669 1307 3000 1366 immortalis
3051 1319 3260 1365 natura:
3289 1319 3393 1366 est.
3423 1311 3576 1379 Quod

1958 1399 2004 1454 si
2036 1399 2087 1455 id
2116 1399 2394 1456 dmmones
2421 1400 2714 1471 aliquando
2741 1402 2985 1470 fecerint,
3004 1402 3321 1474 insipientes
3342 1402 3578 1458 fallendo

1959 1489 2207 1546 fecerunt
2234 1511 2247 1546 :
2278 1490 2424 1548 unde
2453 1501 2510 1547 et
2556 1492 2806 1547 vaticinia
2837 1507 3029 1553 eorum
3059 1508 3277 1564 semper
3315 1492 3449 1549 falsa
3480 1492 3578 1550 de-

1959 1581 2395 1653 prehenduntur.
2426 1582 2620 1638 Petrus
2647 1598 2778 1639 vero
2818 1583 2952 1639 nihil
2993 1584 3061 1639 ad
3092 1582 3211 1639 haec
3247 1585 3575 1655 respondet-

1959 1671 2199 1727 nondum
2241 1672 2386 1728 enim
2419 1672 2694 1743 quidpiam
2738 1674 2883 1730 clare
2931 1683 3187 1737 noverat,
3218 1674 3312 1729 sed
3360 1675 3577 1732 interim

1958 1762 2278 1846 cdiscebat:
2309 1771 2488 1833 neque
2535 1763 2946 1833 prmdictionem
2982 1763 3130 1820 illam
3161 1765 3309 1846 clare
3339 1766 3574 1822 videbat.

1954 1845 2142 1924 Neque
2185 1854 2332 1910 enim
2382 1854 2542 1921 dixit,
2572 1856 2685 1926 Ego
2715 1863 2770 1912 te
2813 1845 3225 1928 cognominabo’
3256 1857 3493 1926 Petrum,
3520 1867 3579 1915 et

1956 1960 2122 2016 super
2153 1945 2293 2001 hanc
2321 1955 2528 2017 petram
2556 1947 2841 2004 :edificaho
2878 1948 3181 2006 Ecclesiam
3210 1966 3425 2008 meam:
3453 1953 3574 2020 sed,

1960 2035 2037 2090 Tu
2064 2039 2321 2094 vocaberis
2345 2036 2566 2110 Cephas.
2597 2039 2733 2096 illud
2761 2040 2908 2096 enim
2943 2044 3285 2114 auctoritatis
3312 2053 3370 2102 et
3416 2055 3567 2115 pote-

1954 2129 2114 2183 statis
2144 2130 2369 2199 majoris
2397 2139 2536 2186 erat.
2563 2129 2816 2188 Christus
2845 2147 2980 2189 vero
3027 2148 3136 2189 non
3180 2135 3364 2191 statim
3404 2145 3462 2193 et
3505 2137 3576 2194 ab

1954 2223 2110 2279 initio
2142 2232 2309 2279 totam
2361 2232 2685 2295 potestatem
2734 2225 2957 2282 exhibet
2997 2241 3179 2296 suam,
3211 2227 3308 2284 sed
3354 2229 3572 2287 interim

1955 2313 2213 2372 humilius
2235 2317 2494 2388 loquitur.
2520 2318 2814 2390 Postquam
2845 2331 3026 2375 autem
3055 2321 3388 2378 divinitatem
3416 2338 3571 2379 suam

1952 2407 2370 2477 demonstravit,
2401 2425 2529 2468 cum
2575 2411 2785 2483 majore
2824 2414 2935 2485 agit
2979 2416 3305 2473 auctoritate
3347 2416 3570 2473 dicens:

1950 2497 2142 2556 Beatus
2170 2517 2224 2557 es
2266 2500 2472 2569 Simon,
2503 2504 2626 2574 quia
2672 2504 2836 2561 Pater
2888 2522 3030 2562 meus
3060 2507 3298 2564 reuelauit
3343 2508 3470 2575 tibi;
3516 2520 3574 2567 et

1951 2609 2165 2649 rursum
2189 2613 2203 2652 :
2241 2594 2308 2650 Et
2337 2611 2430 2667 ego
2458 2596 2578 2651 dico
2605 2597 2714 2666 tibi,
2747 2592 2831 2653 Tu
2859 2615 2912 2654 es
2943 2597 3150 2666 Petrus,
3181 2608 3231 2655 et
3257 2617 3414 2671 super
3437 2601 3571 2657 hanc

1951 2695 2149 2757 petram
2169 2688 2438 2758 aedificabo
2460 2688 2751 2746 Ecclesium
2773 2708 2938 2746 meam
2954 2694 2971 2725 ί
2999 2691 3215 2770 (gauli.
3234 2694 3322 2750 16.
3341 2693 3565 2768 “.18).

1950 2777 2106 2835 liunc
2145 2795 2276 2852 ergo
2304 2781 2385 2835 sic
2411 2783 2648 2849 vocavit,
2679 2782 2943 2840 Iacobum
2987 2765 3171 2841 autem
3217 2793 3274 2841 et
3322 2765 3567 2854 fratrem,

1948 2869 2090 2926 filios
2119 2873 2361 2929 tonitrui.
2395 2873 2620 2944 Quare?
2667 2882 2729 2931 ut
2756 2875 3006 2932 ostendat
3026 2893 3088 2935 se
3109 2874 3360 2935 eumdem
3391 2878 3568 2948 ipsum

1948 2974 2071 3016 esse
2114 2961 2206 3032 qui
2251 2971 2305 3018 et
2332 2962 2503 3020 Vetus
2561 2963 2972 3022 Testamentum
3027 2966 3200 3035 dedit,
3235 2977 3291 3024 et
3346 2970 3567 3025 nomina

1948 3055 2198 3120 mutavit,
2227 3055 2319 3126 qui
2371 3055 2574 3112 Abram
2623 3055 2901 3114 Abraham
2951 3061 3185 3126 vocavit,
3215 3058 3405 3116 Seram
3435 3061 3568 3118 Sar-

1948 3159 2085 3212 ram,
2119 3145 2288 3203 Jacob
2313 3145 2592 3205 lsraelem.
2642 3149 2826 3206 Multis
2849 3151 3011 3208 etiam
3063 3151 3134 3208 ab
3179 3160 3302 3208 ortu
3343 3153 3565 3209 nomina

1950 3239 2228 3310 imposuit,
2251 3249 2314 3296 ut
2334 3239 2539 3308 lsaaeo,
2562 3240 2839 3310 Samsoni,
2862 3252 2917 3300 et
2943 3244 3064 3300 aliis
3091 3243 3163 3302 ab
3182 3244 3318 3301 Isaia
3346 3253 3404 3302 et
3423 3246 3565 3303 Osee

1947 3333 2298 3399 memoratis;
2323 3332 2648 3404 quibusdam
2669 3335 2836 3390 etiam
2863 3350 2984 3391 eam
3012 3350 3176 3408 quam
3196 3351 3226 3390 a
3251 3337 3566 3407 parentibus

1947 3413 2274 3494 acceperant
2299 3424 2719 3495 appellationem
2752 3428 3003 3494 mutavit,
3037 3435 3097 3482 ut
3125 3442 3290 3500 supra
3319 3428 3480 3485 dictis
3507 3439 3565 3486 et

1946 3511 2076 3569 Jesu
2111 3513 2220 3571 filio
2245 3513 2417 3572 Nave.
2460 3515 2594 3573 Nam
2627 3516 2681 3574 id
2722 3517 2778 3573 in
2829 3533 2981 3575 more
3007 3528 3128 3575 erat
3155 3519 3297 3592 apud
3320 3529 3562 3590 veteres,

1945 3616 2007 3663 ut
2030 3623 2098 3664 ex
2128 3609 2295 3666 rebus
2324 3611 2543 3666 nomina
2575 3611 2944 3684 imponerent,
2971 3612 3117 3686 quod
3145 3620 3203 3669 et
3232 3613 3380 3671 Elias
3407 3614 3559 3672 fecit.

1924 3695 2003 3754 id
2034 3715 2165 3756 vero
2189 3715 2298 3756 non
2325 3702 2444 3758 sine
2470 3716 2655 3771 causa,
2678 3702 2775 3760 sed
2799 3712 2858 3759 ut
2885 3704 3060 3774 ipsum
3088 3718 3285 3761 nomen
3312 3705 3563 3764 beneficii

1944 3791 2114 3849 divini
2145 3790 2542 3850 monimentum
2575 3805 2743 3864 esset,
2779 3807 2836 3852 et
2876 3783 3138 3854 memoria
3176 3807 3435 3870 perpetua
3468 3815 3566 3871 per

1943 3898 2258 3954 expressam
2289 3885 2602 3942 nominibus
2634 3888 2975 3957 prephetiam
3005 3888 3318 3946 auditorum
3363 3892 3564 3949 animis

1939 3975 2207 4051 insideret
2233 3995 2248 4034 :
2275 3978 2355 4034 sic
2379 3978 2644 4036 Joannem
2673 3996 2703 4035 a
2733 3981 3002 4053 principio
3041 3986 3274 4041 vocavit.
3301 3984 3436 4043 Nam
3467 3990 3559 4060 qui

1941 4083 1974 4124 a
2002 4083 2174 4140 puero
2203 4070 2400 4128 virtute
2434 4071 2566 4128 clari
2595 4073 2757 4128 futuri
2788 4084 2964 4139 erant.
2994 4075 3120 4133 inde
3142 4079 3359 4135 nomina
3381 4095 3563 4138 sumc~

1943 4160 2116 4219 bant:
2147 4163 2215 4219 iis
2237 4178 2366 4220 vero
2405 4165 2498 4236 qui
2538 4175 2726 4237 postea
2756 4167 2890 4224 clari
2943 4169 3105 4226 futuri
3150 4179 3327 4241 erant,
3373 4183 3560 4245 postea

1943 4268 2142 4309 nomen
2171 4254 2553 4328 imponebatur
2781 4273 2786 4278 '

2014 4349 2072 4407 ὅ.
2112 4348 2390 4405 Christiani
2411 4367 2596 4408 nomen
2615 4367 2768 4426 quam
2806 4354 3170 4412 venerandum.
3199 4357 3399 4430 Agendi
3424 4362 3558 4416 ratio

1941 4449 2085 4496 tanto
2109 4441 2316 4499 nomine
2352 4443 2510 4516 digna
2535 4447 2944 4502 commendatur.
2981 4446 3240 4506 Pecunias
3281 4461 3434 4525 auget
3471 4454 3561 4523 qui

1943 4532 2255 4604 pauperibus
2284 4533 2566 4590 distribuit.
2596 4565 2673 4578 -
2703 4535 2810 4593 Sed
2836 4546 2961 4594 tunc
2992 4538 3207 4596 diversa
3236 4541 3433 4613 singuli
3461 4560 3560 4599 no-

1944 4620 2089 4674 mina
2115 4620 2494 4690 accipiebant;
2539 4637 2682 4679 nunc
2721 4634 2905 4680 autem
2948 4640 3114 4683 unum
3158 4643 3350 4685 omnes
3391 4630 3557 4706 habe-

1944 4727 2086 4779 mus,
2115 4713 2222 4769 illis
2248 4714 2501 4771 omnibus
2528 4717 2725 4787 majus,
2755 4719 2972 4789 quando
2992 4720 3284 4779 Christiani
3315 4727 3560 4798 appella-

1944 4822 2066 4862 mur
2093 4817 2148 4862 et
2178 4804 2274 4862 lilii
2300 4806 2419 4874 Dei,
2448 4817 2505 4864 et
2528 4810 2690 4866 amici
2716 4819 2772 4866 ct
2797 4825 2996 4884 corpus
3023 4829 3209 4869 unum.
3235 4815 3331 4872 llla
3359 4818 3559 4891 quippe

1942 4897 2235 4967 appellatio
2257 4898 2376 4970 plus
2405 4914 2566 4970 quam
2594 4900 2715 4957 alia:
2739 4916 2932 4959 omnes
2957 4918 3058 4961 nos
3084 4906 3308 4976 excitat,
3331 4909 3561 4984 diligen-

1948 4991 2220 5063 tioresque
2248 4991 2317 5047 ad
2351 4993 2608 5063 virtutem
2661 4995 3029 5053 exercendam
3085 4999 3272 5058 efficit.
3317 5001 3398 5060 Ne
3427 5021 3560 5078 ergo

1942 5084 2161 5156 indigna
2213 5084 2475 5142 faciamus
2521 5087 2656 5143 tanti
2706 5089 2939 5147 nominis
2984 5088 3214 5160 honore,
3258 5097 3558 5167 cogitantes

1941 5177 2220 5249 dignitatis
2242 5178 2642 5246 excellentiam,
2662 5196 2766 5252 qua
2789 5181 2992 5239 Christi
3023 5185 3244 5242 nemine
3275 5203 3552 5248 vocamur.

1941 5267 2030 5324 Sic
2060 5269 2205 5326 enim
2249 5283 2350 5325 nos
2375 5269 2578 5327 Paulus
2608 5271 2922 5342 appellavit.
2951 5273 3264 5347 Cogitemus
3305 5295 3562 5338 reverea-

1941 5379 2172 5436 murque
2199 5365 2437 5420 nominis
2463 5366 2913 5438 magnitudinem.
2971 5368 3028 5426 Si
3067 5371 3237 5438 enim,
3267 5374 3360 5446 qui
3404 5375 3560 5433 ducis

1940 5461 2244 5532 eujuspiam
2280 5460 2507 5533 insignis
2531 5503 2546 5529 ,
2578 5463 2665 5517 vel
2703 5463 2986 5535 conspicui
3032 5465 3134 5523 viri
3174 5481 3298 5524 esse
3337 5468 3554 5537 dicitur,

1941 5553 2110 5608 altum
2139 5553 2280 5624 sapit
2309 5569 2433 5609 cum
2463 5568 2522 5609 se
2551 5554 2699 5611 illius
2741 5555 2827 5611 vel
2872 5556 3017 5614 illius
3044 5572 3167 5616 esse
3207 5558 3427 5630 dicitur,
3455 5579 3554 5616 no-

1942 5661 2176 5718 menque
2201 5646 2332 5703 illud
2363 5662 2561 5719 magno
2584 5647 2688 5704 sibi
2717 5647 2868 5706 ducit
2895 5663 3019 5708 esse
3061 5651 3278 5721 honori,
3323 5654 3557 5726 totisque

2006 5786 2023 5819 ι
2059 5784 2156 5856 Alii
2188 5784 2472 5856 _habent..._.
2505 5802 2528 5831 ι
2551 5793 2617 5835 Tu
2647 5796 2701 5856 es
2737 5786 2916 5851 Simon,
2958 5794 3010 5840 tu
3043 5785 3288 5840 vocaberis
3332 5788 3554 5853 Ccphas,

1941 5850 2068 5914 quod
2089 5854 2158 5900 est
2180 5850 2550 5913 interpretatum
2575 5854 2746 5900 Petrus
2761 5864 2808 5899 ι.
