4048 6446
555 351 656 411 123

552 465 753 522 viribus
796 465 1006 530 nititur,
1038 476 1104 517 ne
1135 474 1229 530 per
1276 459 1538 529 ignaviam
1568 473 1718 512 suam
1748 466 1897 511 tanto
1927 456 2128 511 nomini

552 567 734 611 notam
767 555 999 609 infamiae
1027 561 1202 607 murat
1226 566 1242 616 ;
1294 566 1391 605 nos
1411 550 1501 621 qui
1529 564 1635 603 non
1662 564 1691 602 a
1715 549 1848 603 duce
1877 548 1960 601 vel
1989 546 2134 616 prin-

553 652 671 718 cipe
703 659 936 710 terreno,
974 660 1077 698 non
1103 644 1170 697 ab
1198 642 1410 713 angelo,
1438 641 1522 697 vel
1553 640 1894 709 archangelo,
1931 639 2014 692 vel

552 737 795 807 rapltino,
824 735 918 790 sed
949 735 1016 788 ab
1045 749 1234 788 eorum
1281 732 1424 802 Rege
1471 746 1665 786 nomen
1714 729 1884 784 sortiti
1927 741 2128 792 sumus,

551 843 728 882 annon
760 827 997 880 animam
1040 839 1251 894 quoque
1294 832 1530 877 nostram
1581 821 1754 890 potius
1780 831 2129 887 exponemus,

551 929 608 973 ut
639 935 705 974 ne
733 919 779 972 is
803 917 893 987 qui
926 932 1024 970 nos
1051 916 1150 970 hoc
1181 915 1384 968 honore
1424 911 1621 977 affecit,
1652 909 1973 965 contumelia
2020 906 2130 960 alli-

551 1010 761 1066 ciatur?
789 1011 985 1063 Annon
1015 1007 1390 1074 imperatorios
1433 1004 1652 1057 ordines
1681 1001 1870 1063 nostis,
1898 1005 2135 1053 scutato-

551 1118 693 1168 rum,
726 1101 1086 1164 hastatorum,
1115 1098 1204 1168 qui
1252 1096 1635 1165 lmperatorem
1683 1093 1903 1161 stipant,
1936 1100 2134 1159 quanto

550 1209 740 1262 nempe
780 1192 1024 1246 fruantur
1049 1188 1298 1245 honore?
1329 1188 1399 1242 lta
1440 1195 1494 1242 et
1525 1201 1641 1248 nos,
1682 1185 1771 1253 qui
1817 1185 1970 1253 longe
2011 1197 2134 1251 pro-

551 1284 857 1352 pinquiores
885 1282 1013 1350 Regi
1058 1290 1241 1335 nostro
1277 1293 1487 1342 sumus,
1519 1285 1574 1332 et
1615 1285 1762 1329 tanto
1789 1273 2134 1343 pr0pinquio-

549 1388 658 1438 res,
685 1382 885 1443 quanto
925 1372 1269 1441 propinquius
1296 1379 1377 1424 est
1425 1382 1622 1435 corpus
1663 1366 1841 1434 capiti,
1869 1364 1997 1416 nihil
2027 1379 2131 1417 non

551 1466 718 1518 acturi
766 1480 971 1522 sumus.
1001 1473 1057 1516 ut
1085 1462 1354 1517 Christum
1404 1461 1690 1513 imitemur.
1724 1456 1860 1524 Quid
1904 1471 2032 1524 ergo
2060 1455 2133 1508 ait

550 1553 837 1609 Christus?
893 1551 1081 1618 Vulpes
1125 1555 1295 1620 foveas
1324 1550 1529 1614 habent,
1562 1557 1608 1601 et
1647 1548 1870 1599 volucres
1909 1545 2018 1597 creti
2048 1543 2131 1596 ni-

553 1644 664 1706 dos,
696 1641 862 1696 Filius
897 1652 1064 1693 autent
1101 1641 1317 1692 hommis
1368 1655 1470 1690 non
1499 1638 1646 1690 habet
1677 1637 1760 1688 ubi
1806 1643 1956 1702 caput
1985 1649 2133 1686 suum

551 1735 755 1787 reclinet
791 1731 940 1800 (Luc.
974 1733 1026 1788 9.
1061 1733 1170 1799 58).
1200 1730 1309 1785 Hoc
1339 1732 1381 1782 si
1414 1745 1443 1782 a
1487 1729 1637 1782 vobis
1666 1729 1959 1796 exigamus,
1996 1725 2132 1779 forte

547 1841 706 1894 grave
732 1834 786 1880 et
811 1840 1097 1878 onerosum
1127 1823 1304 1876 multis
1331 1821 1597 1875 videbitur
1623 1839 1634 1873 :
1669 1827 1995 1889 quapropter
2024 1827 2129 1870 tam

547 1927 846 1971 accuratam
890 1917 1239 1970 imitationem
1273 1929 1375 1967 nou
1408 1927 1715 1981 exposcam,
1751 1919 1808 1964 ut
1837 1908 2131 1963 infirmitati

549 2017 742 2061 vestra:
786 2022 1021 2076 parcam.
1067 2006 1214 2075 R030
1259 2015 1435 2058 autem
1469 2019 1534 2058 ne
1565 2003 1801 2072 pecuniis
1833 2002 1993 2055 nimis
2022 2002 2133 2056 lite—

546 2098 744 2162 reatis;
775 2096 868 2150 sed
913 2109 967 2150 ut
995 2111 1094 2166 ego
1120 2096 1187 2149 ob
1213 2095 1571 2149 inlirmitatem
1612 2103 1841 2147 vestram
1884 2103 2079 2146 tantam
2103 2107 2131 2146 a

549 2189 699 2244 vobis
726 2191 973 2243 virtutem
1009 2204 1111 2240 non
1139 2187 1335 2256 exigo:
1369 2187 1447 2239 sic
1485 2194 1540 2240 et
1567 2200 1662 2238 vos
1697 2185 1865 2238 multo
1892 2185 2060 2254 magis
2100 2198 2130 2236 a

547 2278 777 2346 nequitia
806 2277 1084 2331 recedatis.
1109 2276 1225 2330 Non
1254 2291 1446 2331 accuso
1465 2290 1557 2331 eos
1581 2276 1669 2343 qui
1695 2274 1882 2329 domos
1907 2273 2127 2339 habent,

545 2383 729 2438 agros,
761 2369 1030 2437 pecunias,
1065 2383 1286 2433 servos;
1337 2367 1432 2421 sed
1477 2367 1598 2421 volo
1633 2375 1690 2420 ut
1734 2367 1876 2420 lieite
1904 2377 1957 2420 et
2006 2381 2128 2419 cum

546 2459 742 2514 decore
784 2460 869 2513 illa
902 2459 1276 2530 possideatis‘.
1317 2457 1453 2526 Quid
1502 2467 1604 2522 est,
1630 2472 1753 2512 cum
1800 2455 2034 2510 decore?
2063 2455 2131 2511 Ut

543 2549 766 2614 domini,
797 2565 901 2604 non
954 2551 1092 2604 servi
1142 2551 1354 2603 illorum
1405 2549 1541 2612 sitis,
1575 2561 1630 2603 ut
1681 2564 1744 2604 ea
1793 2549 2128 2618 possideatis,

546 2656 653 2696 non
685 2641 772 2695 illa
801 2657 897 2699 vos
928 2628 1272 2711 possideant;
1303 2643 1366 2695 iis
1391 2641 1634 2707 utamini,
1667 2657 1771 2695 non
1805 2642 2123 2696 abutamini.

545 2729 686 2799 Opes
712 2731 831 2785 ideo
855 2732 933 2786 sic
963 2723 1240 2795 vo'eantzir,
1267 2741 1326 2786 ut
1380 2733 1444 2785 iis
1503 2732 1556 2786 in
1605 2746 1770 2799 opera
1825 2733 2127 2786 necessaria

546 2828 756 2875 utamur
810 2837 914 2875 non
959 2830 1013 2876 ut
1045 2822 1163 2875 illas
1193 2821 1576 2876 custodiamus.
1607 2821 1720 2876 Hoc
1761 2823 1959 2892 quippe
1988 2823 2127 2876 servi

544 2923 646 2976 est,
695 2914 819 2967 illud
845 2913 978 2968 heri.
1010 2914 1308 2978 Custodire,
1331 2914 1470 2968 servi
1499 2925 1614 2976 est;
1648 2914 1980 2982 impendere,
2011 2912 2126 2968 heri

541 3010 593 3055 et
618 3009 934 3073 potestatem
969 3003 1233 3058 habentis.
1269 3006 1380 3058 Non
1409 3003 1528 3058 ideo
1555 3004 1828 3072 accepisti,
1859 3013 1914 3058 ut
1941 3006 1994 3058 in
2023 3012 2131 3059 ter-

607 3136 622 3166 ί
660 3135 753 3185 Alii
777 3135 965 3200 legunt,
991 3135 1089 3186 illis
1111 3134 1329 3196 memini,
1358 3148 1463 3200 pro,
1488 3133 1575 3185 illa
1597 3134 1900 3199 possideam.

1291 345 1350 400 S.
1387 343 1664 402 JOANNIS
1701 341 2170 398 CllRYSOSTOMI
2210 342 2527 401 ARClllEP.
2569 349 3100 412 CONSTANTINOP.

3743 358 3853 416 εει

2241 473 2354 514 ram
2403 460 2675 527 defodias.
2708 471 2805 525 sed
2850 478 2909 524 ut
2949 470 3258 528 distribuas.
3290 473 3346 530 Si
3398 473 3562 529 vellet
3609 475 3766 530 Deus
3794 485 3854 534 ut

2241 550 2348 606 illa:
2404 565 2769 623 servarentur,
2801 576 2907 614 non
2953 561 3260 619 hominibus
3305 564 3576 634 dedisset,
3633 567 3742 623 sed
3799 570 3854 624 in

2245 651 2384 698 terra
2415 647 2620 701 occulta
2651 648 2967 708 dimisisset.
3000 653 3133 721 Quia
3183 665 3362 713 autem
3413 660 3525 713 vult
3567 661 3698 715 illas
3746 663 3852 716 im-

2243 734 2425 802 pendi,
2459 735 2578 791 ideo
2606 740 2849 808 permisit
2880 752 2935 797 ut
2966 745 3086 799 illas
3113 745 3456 813 haberemus,
3481 760 3537 803 ut
3565 751 3697 805 illas
3727 768 3854 806 mu-

2241 832 2331 876 tuo
2355 828 2890 885 communicaremus.
2917 832 3009 888 Sin
3049 835 3188 902 apud
3220 853 3320 891 nos
3347 839 3708 905 retineamus,
3742 856 3851 895 non

2240 914 2378 970 ultra
2421 916 2621 972 domini
2672 919 2883 976 illarum
2932 939 3140 979 sumus.
3171 925 3226 982 Si
3256 938 3434 982 autem
3469 930 3586 985 illas
3636 947 3854 1002 augere

2238 1008 2405 1070 velis.
2463 1010 2690 1080 ideoque
2750 1028 2989 1069 servas:
3036 1017 3124 1071 illa
3184 1018 3424 1088 profecto
3468 1023 3680 1090 optima
3745 1024 3854 1078 erit

2239 1100 2430 1169 agendi
2462 1103 2619 1166 ratio,
2641 1105 2684 1158 si
2714 1105 2992 1177 dispergas
3019 1118 3075 1164 et
3099 1111 3334 1180 undique
3355 1113 3680 1171 distribuas.
3709 1116 3850 1172 Nul-

2241 1191 2323 1244 lus
2347 1193 2490 1245 enim
2538 1204 2828 1262 proventus
2857 1203 2974 1254 sine
2999 1214 3213 1271 sumptu
3233 1244 3248 1268 ,
3281 1204 3440 1258 nulla:
3473 1205 3684 1260 divitia:
3731 1207 3854 1271 sine

2237 1296 2472 1350 expensa
2506 1302 2520 1337 :
2554 1284 2604 1338 id
2637 1287 2776 1354 quod
2827 1289 2880 1343 in
2932 1292 3094 1346 rebus
3137 1295 3485 1349 smcularibus
3519 1295 3712 1351 ridere
3742 1308 3848 1351 est.

2239 1371 2327 1426 Sic
2356 1385 2641 1439 mercator,
2667 1378 2745 1433 sic
2771 1381 3001 1449 agricola
3034 1382 3193 1447 facit;
3229 1385 3316 1438 hic
3339 1387 3565 1449 semina.
3600 1387 3701 1442 ille
3749 1403 3850 1457 pe-

2238 1467 2425 1521 cunias
2472 1472 2714 1539 spargit:
2747 1471 2834 1526 ille
2885 1475 3099 1544 navigat
3143 1483 3197 1530 et
3247 1477 3502 1546 pecunias
3546 1479 3848 1547 impendit,

2239 1555 2325 1610 hie
2356 1573 2451 1626 per
2480 1569 2645 1613 totum
2679 1561 2887 1617 laborat
2913 1579 3132 1632 annum,
3164 1569 3316 1630 serit,
3345 1568 3564 1622 excolit.
3610 1571 3720 1625 llic
3751 1587 3850 1625 au-

2239 1655 2344 1699 tem
2376 1648 2520 1702 nullo
2547 1664 2731 1704 eorum
2764 1662 2848 1707 est
2877 1669 3044 1722 opus;
3080 1671 3181 1710 non
3209 1659 3514 1728 apparanda
3543 1663 3703 1715 navis
3736 1670 3847 1727 est,

2239 1752 2342 1789 nou
2367 1737 2624 1808 jungendi
2656 1742 2820 1798 boves
2841 1755 2986 1809 sunt,
3017 1761 3121 1799 non
3143 1749 3339 1801 aranda
3370 1760 3531 1816 terra,
3560 1767 3670 1806 non
3695 1754 3852 1807 aeris

2240 1830 2584 1894 intemperies
2617 1831 2975 1901 observanda,
3010 1851 3114 1891 nou
3161 1839 3366 1908 grando
3414 1840 3672 1896 timenda.
3722 1843 3846 1897 Non

2239 1917 2326 1974 hic
2373 1919 2565 1976 ﬂuetus
2606 1933 2751 1988 sunt,
2789 1941 2893 1979 non
2925 1929 3149 1996 scopuli.
3207 1930 3331 1985 llaec
3377 1934 3667 2002 navigatio,
3725 1935 3850 1992 lia-c

2239 2014 2516 2074 sementis,
2548 2014 2653 2069 hoe
2683 2032 2790 2070 uno
2819 2032 2954 2088 opus
2984 2020 3163 2085 habet,
3197 2032 3253 2076 ut
3300 2023 3578 2081 facultates
3627 2029 3850 2096 disper-

2238 2111 2467 2169 gantur;
2501 2116 2698 2160 cartera
2745 2124 2872 2162 vero
2897 2112 3075 2164 omnia
3115 2115 3346 2182 agricola
3383 2115 3471 2170 ille
3496 2118 3708 2172 curabit
3731 2161 3744 2183 ,
3775 2120 3847 2175 de

2237 2208 2342 2261 quo
2369 2195 2444 2245 ait
2472 2195 2714 2250 Christus
2743 2216 2756 2252 :
2803 2198 2962 2253 Pater
2991 2219 3129 2257 meus
3153 2204 3384 2274 agricola
3425 2217 3516 2259 est.
3550 2207 3848 2274 Quomodo

2235 2284 2523 2341 absurdutn
2560 2303 2664 2343 n0u
2698 2289 2877 2357 fuerit,
2915 2291 3000 2346 ubi
3043 2294 3159 2349 sine
3204 2295 3390 2350 labore
3410 2298 3590 2352 omnia
3620 2315 3846 2358 sumere

2236 2389 2542 2444 possumus,
2588 2381 2808 2447 supinos
2829 2391 2882 2435 et
2919 2383 3210 2438 oscitantes
3256 2402 3516 2452 manere;
3567 2391 3658 2443 ubi
3708 2406 3846 2447 vero

2238 2468 2389 2520 multi
2412 2469 2658 2534 sudores,
2692 2472 2924 2533 labores.
2957 2475 3369 2539 sollicitudines,
3395 2489 3448 2533 et
3495 2493 3680 2549 postea
3712 2497 3844 2552 spes

2238 2558 2460 2621 incerta.
2498 2561 2566 2615 ibi
2594 2577 2807 2617 omnem
2831 2564 3159 2635 diligentiam
3191 2568 3485 2626 adhibere?
3513 2572 3593 2628 Ne
3623 2591 3840 2644 qua-so,

2236 2663 2303 2704 ne
2347 2664 2466 2703 cum
2511 2651 2578 2704 de
2608 2651 2782 2708 salute
2809 2663 2993 2708 nostra
3027 2657 3222 2725 agitur,
3272 2668 3556 2731 tantopere
3598 2666 3843 2733 desipia-

2237 2755 2396 2804 tnus;
2444 2739 2538 2794 sed
2568 2743 2882 2799 onerosiora
2933 2746 3020 2800 illa
3070 2750 3368 2816 mittentes,
3393 2753 3462 2806 ad
3511 2754 3757 2810 faciliora
3784 2765 3845 2811 et

2234 2831 2447 2885 utiliora
2477 2847 2777 2898 curramus,
2813 2844 2868 2889 ut
2908 2847 2963 2892 et
3003 2835 3181 2893 futura
3239 2855 3638 2910 consequamur
3669 2847 3838 2912 bona,

2233 2926 2402 2993 gratia
2427 2934 2480 2978 et
2507 2926 2869 2982 misericordia
2925 2929 3134 2984 Domini
3160 2934 3323 2986 nastri
3345 2932 3471 2988 Jesu
3493 2935 3723 3003 Christi,
3745 2938 3839 3007 qui

2237 3031 2359 3069 cum
2399 3016 2542 3070 Patri
2583 3017 2778 3087 gloria,
2811 3034 2914 3072 una
2945 3035 3068 3074 cum
3117 3020 3317 3089 Spiritu
3348 3034 3556 3092 sancto,
3591 3042 3738 3082 nunc
3783 3037 3842 3083 et

2243 3121 2478 3178 semper,
2509 3115 2565 3160 et
2591 3107 2646 3161 in
2678 3109 2872 3162 szeeula
2900 3110 3244 3166 saeculorum.
3274 3115 3471 3169 Amen.

1921 3341 2267 3404 HOMILIA
2310 3344 2457 3406 XX.

544 3480 628 3534 ιδ.
673 3479 736 3533 In
777 3481 1048 3537 Crastinum
1084 3481 1239 3534 voluit
1267 3481 1403 3537 exire
1444 3482 1497 3536 in
1535 3479 1822 3547 Galihvam,
1852 3493 1897 3538 et
1923 3484 2111 3538 invenit

615 3569 930 3641 Philippum,
959 3583 1006 3625 et
1036 3575 1154 3625 dicit
1180 3573 1260 3626 ei:
1283 3575 1502 3642 Sequere
1540 3591 1638 3630 me.
1666 3575 1754 3629 44.
1802 3573 1930 3629 Erat
1957 3586 2125 3630 autem

612 3661 885 3732 Philippus
911 3681 942 3716 a
963 3662 1234 3718 Bethsaida
1260 3666 1456 3720 civitate
1478 3665 1696 3721 Andrew
1710 3677 1756 3722 et
1785 3665 1946 3721 Petri.

620 3796 670 3849 l.
706 3794 946 3849 Sollicite
964 3796 1434 3865 quzerentialiquid
1453 3811 1694 3867 superest
1713 3799 1812 3872 (a),
1844 3809 1900 3854 ut
1927 3802 1976 3855 in
2008 3816 2129 3870 pro-

543 3885 726 3939 verbio
771 3885 938 3939 fertur
968 3884 1145 3955 (Prov.
1195 3886 1281 3938 14.
1325 3885 1438 3956 25).
1471 3887 1717 3942 Christus
1753 3905 1880 3944 vero
1923 3890 2124 3958 aliquid

542 3978 708 4046 magis
749 3977 1098 4030 suliindicavit
1126 3976 1328 4041 dicens,
1364 3978 1465 4044 Qui
1492 3981 1671 4048 quierit
1698 3981 1880 4034 invenit
1910 3980 2122 4052 (Matth.

543 4068 595 4122 7.
626 4069 702 4140 8).
733 4067 881 4123 Unde
909 4069 1089 4122 mirari
1120 4069 1261 4122 subit
1300 4085 1394 4123 cur
1424 4070 1698 4139 Philippus
1741 4071 2006 4125 Christum
2032 4087 2123 4126 se-

541 4170 732 4230 quutus
749 4161 834 4214 sit.
860 4161 1099 4215 Andreas
1116 4163 1308 4230 quippe
1330 4163 1494 4227 venit,
1521 4177 1640 4216 cum
1659 4163 1896 4218 audisset
1915 4180 1943 4219 a
1966 4164 2127 4220 Joan-

543 4264 630 4312 ne,
666 4248 852 4304 Petrus
879 4265 1026 4312 vero,
1053 4265 1171 4303 cum
1202 4251 1437 4304 audisset
1468 4251 1535 4303 ab
1566 4252 1811 4306 Andrea:
1844 4253 1928 4306 hic
1950 4263 2127 4308 autem

541 4359 662 4396 cum
693 4343 823 4396 nihil
850 4344 916 4395 ab
945 4343 1050 4394 alio
1091 4342 1384 4407 didicisset,
1419 4352 1620 4396 tantum
1648 4344 1860 4399 dicente
1889 4345 2123 4411 Christo,

548 4431 768 4498 Sequere
791 4447 885 4495 me,
918 4431 1303 4506 obtemperavit
1325 4433 1520 4493 statim,
1554 4449 1652 4487 nec
1679 4435 1924 4497 recessit,
1955 4435 2048 4490 sed
2075 4446 2128 4490 et

546 4521 861 4590 przedicator
877 4521 994 4574 aliis
1018 4522 1132 4574 fuit.
1155 4524 1452 4576 Accurrens
1469 4525 1608 4578 enim
1633 4526 1696 4579 ad
1721 4525 2121 4592 Nuthauaelem,

543 4614 651 4666 ait:
684 4612 840 4678 Quem
867 4613 1064 4680 scripsit
1110 4613 1306 4683 Moyses
1331 4616 1383 4667 in
1414 4616 1520 4684 lege
1557 4626 1603 4669 et
1631 4618 1906 4687 prop/teut,
1930 4620 2124 4673 inveni-

543 4721 654 4758 mus
680 4705 857 4772 (Joan.
878 4707 928 4758 Ι.
958 4705 1070 4773 45).
1095 4704 1278 4760 Viden‘
1296 4723 1452 4775 quam
1478 4708 1737 4776 vigilaret,
1765 4720 1818 4764 et
1836 4727 1992 4780 quam
2018 4711 2124 4766 fre-

549 4805 772 4864 quenter
797 4794 989 4865 Moysis
1015 4797 1207 4863 scripta
1230 4797 1590 4859 meditaretur,
1615 4808 1772 4868 atque
1797 4811 2127 4870 exspectaret

545 4884 742 4938 Christi
766 4884 1085 4938 adventum?
1111 4883 1241 4938 Nam
1266 4885 1413 4951 illud,
1449 4883 1761 4954 Invenimus,
1789 4889 1906 4958 ejus
1929 4901 2009 4944 est
2035 4893 2124 4958 qui

543 4990 756 5045 semper
783 4976 990 5046 qusrit.
1020 4974 1085 5030 In
1106 4986 1377 5031 crastinum
1404 4979 1553 5032 exivit
1576 4979 1727 5034 Jesus
1756 4981 1807 5034 in
1837 4980 2121 5039 Caliheam.

606 5131 678 5192 (ο)
710 5133 1022 5199 Proveer
1046 5130 1164 5199 illud
1193 5133 1264 5199 sic
1284 5132 1453 5182 Graec
1481 5132 1680 5199 legitur,
1712 5149 1819 5186 ..ντὶ
1848 5153 1899 5199 τῷ
1922 5155 2127 5199 “tam

607 5162 678 5192 μυ
712 5162 725 5178 ι
743 5162 1022 5185 ιυνυιυιςιηι
1047 5162 1164 5182 ιιιυυ
1193 5162 1263 5181 διν
1285 5162 1453 5182 υιωνῦ
1481 5162 1680 5197 Iussu",
1712 5162 1819 5186 κντῑ
1848 5162 1899 5199 τῷ
1922 5163 1966 5196 μ
1987 5162 2125 5197 ΨΜ

546 5202 727 5259 ινκτίβι
755 5204 929 5259 «gms...
964 5192 1099 5259 Haec,
1122 5194 1163 5242 si
1207 5195 1265 5241 ad
1305 5199 1508 5243 verbum
1553 5197 1787 5259 explices,
1837 5162 2125 5259 significant,

545 5253 681 5301 Omni
715 5253 917 5321 curanti,
951 5253 1049 5312 vel,
1073 5261 1298 5321 accurate
1339 5258 1578 5318 (ξηαπ-ειτιί
1616 5253 1796 5320 aliquid
1827 5253 2127 5321 superﬂuum

546 5321 639 5363 est.
666 5313 756 5363 Sed
781 5315 871 5363 hoc
892 5329 1038 5364 sensu
1066 5329 1158 5364 non
1181 5318 1246 5369 ita
1269 5313 1498 5369 consonat
1520 5332 1627 5368 eum
1652 5313 1990 5371 sequentibus.
2017 5329 2127 5371 Nam

544 5373 1086 5443 iuquit__Cltrysos_tomus
1105 5392 1131 5443 ,ε
1163 5377 1385 5443 Christus
1406 5378 1586 5442 aliquid
1620 5373 1827 5443 amplius
1857 5382 2129 5433 subiudicat

545 5436 653 5505 cum
677 5436 926 5505 ὀξείῃςρηί
961 5437 1131 5505 quierit
1153 5436 1344 5488 invenit.
1371 5436 1670 5505 Quapropter
1696 5436 1870 5492 melius
1894 5443 2128 5505 intelligi-

545 5504 622 5544 tur
647 5499 973 5560 proverbium,
1000 5499 1087 5568 hoc
1112 5507 1270 5568 pacto,
1289 5499 1654 5568 t)mni_sOl|ici_te
1686 5506 1930 5568 quaerenti
1950 5499 2127 5568 aliquid

546 5568 771 5620 superest
782 5560 1115 5624 quaerendum,
1126 5560 1200 5608 vel
1213 5561 1390 5624 aliquid
1407 5564 1561 5611 deest.
1578 5560 1816 5613 the'rum
1830 5568 1874 5613 in
1889 5560 2127 5615 Hebraioo

721 5647 830 5692 mm
857 5621 1112 5713 ΞᾙΫδᾷἶι
1154 5644 1201 5694 in
1230 5647 1361 5713 omni
1389 5646 1558 5698 labore
1584 5651 1670 5699 erit
1701 5649 2126 5713 emolumentum;

559 5712 634 5756 vel
686 5721 735 5758 ut
759 5713 804 5759 iu
828 5713 853 5759 Χ
872 5712 1031 5774 ulgata
1058 5711 1253 5773 legitur,
1280 5712 1326 5760 in
1350 5716 1474 5765 (muti
1498 5729 1637 5770 σιεγε
1661 5717 1750 5766 erit
1773 5720 2082 5768 afmndantin.

2234 3513 2531 3584 Antequam
2567 3516 2711 3570 enim
2743 3517 2840 3586 ipsi
2876 3516 3014 3572 ullus
3051 3517 3305 3585 haereret,
3335 3519 3611 3574 neminem
3653 3529 3837 3577 vocat.

2233 3604 2287 3659 Id
2318 3621 2444 3661 vero
2473 3623 2576 3661 non
2610 3607 2727 3662 sine
2769 3623 2927 3663 causa
2982 3608 3125 3673 fecit,
3174 3608 3272 3664 sed
3315 3624 3522 3663 summa
3571 3612 3838 3678 sapientia

2232 3704 2393 3764 atque
2441 3696 2738 3764 prudentia.
2786 3697 2919 3751 Nam
2960 3698 3005 3750 si
3057 3701 3270 3754 nemine
3315 3709 3507 3768 sponte
3536 3700 3840 3758 accedente

2235 3789 2380 3858 ipsos
2409 3789 2494 3843 ille
2522 3792 2849 3856 attraxisset,
2884 3790 3110 3846 fortasse
3141 3801 3322 3861 postea
3351 3791 3708 3847 resiliissent:
3741 3795 3835 3848 uhi

2234 3889 2410 3932 autem
2444 3879 2571 3934 illud
2605 3881 2742 3934 ultro
2789 3881 3120 3950 delegerunt,
3155 3883 3294 3936 lirmi
3324 3893 3504 3951 postea
3551 3899 3834 3940 mansere.

2235 3969 2533 4039 Philippum
2566 3982 2745 4027 autem
2774 3983 2929 4027 vocat
2958 3975 3058 4028 sibi
3084 3981 3252 4045 magis
3280 3984 3488 4041 notum,
3519 3985 3704 4045 utpote
3736 3981 3832 4045 qui

2233 4061 2286 4114 in
2335 4061 2553 4116 Galilzea
2601 4075 2755 4118 natus
2795 4073 2848 4119 et
2887 4064 3143 4119 educatus
3170 4076 3330 4120 esset.
3362 4068 3667 4136 Assumptis
3699 4084 3839 4138 ergo

2232 4152 2528 4221 discipulis,
2575 4152 2643 4206 ad
2673 4155 2999 4223 reliquorum
3045 4166 3296 4210 venatum
3349 4156 3727 4224 proficiscitur,
3761 4174 3836 4214 ac

2235 4242 2536 4310 Philippum
2566 4253 2620 4296 et
2648 4242 3027 4298 Nathanaelem
3073 4245 3313 4299 attrahit.
3364 4247 3438 4300 De
3487 4248 3591 4301 hoc
3638 4258 3830 4302 autem

2237 4347 2343 4385 non
2373 4344 2475 4385 tam
2501 4333 2745 4387 mirabile
2771 4333 2888 4398 fuit,
2913 4337 3034 4405 quia
3059 4336 3184 4390 Jesu
3216 4337 3353 4391 fama
3383 4353 3478 4407 per
3507 4347 3668 4393 totam
3720 4340 3836 4412 Sy-

2235 4425 2366 4477 riam
2399 4425 2784 4493 pervolaverat;
2807 4427 2899 4480 sed
2923 4428 3117 4481 mirum
3135 4439 3250 4482 erat
3272 4429 3412 4497 quod
3440 4430 3630 4484 Petrus
3651 4439 3706 4485 et
3732 4431 3835 4486 Ja-

2232 4514 2398 4566 cobus
2427 4524 2480 4567 et
2510 4513 2786 4584 Philippus
2816 4519 3026 4585 sequuti
3058 4520 3186 4584 sint,
3217 4536 3322 4572 non
3353 4521 3514 4573 modo
3543 4521 3683 4590 quod
3701 4531 3834 4578 ante

2234 4605 2380 4674 signa
2411 4606 2755 4672 crediderint,
2779 4608 2872 4661 sed
2914 4609 3072 4661 etiam
3111 4610 3253 4678 quod
3285 4627 3346 4664 cx
3375 4611 3591 4666 Galikea
3619 4627 3831 4680 essent,

2233 4695 2374 4749 unde
2399 4711 2499 4749 nec
2527 4696 2782 4765 prOpbeta
2811 4697 3078 4767 prodibat,
3109 4717 3282 4771 neque
3307 4701 3506 4772 aliquid
3545 4703 3670 4759 boui
3711 4707 3833 4761 exi-

2235 4787 2356 4841 bat:
2382 4789 2577 4841 rustiea
2603 4787 2795 4859 quippe
2813 4805 2944 4858 gens
2962 4800 3096 4855 erat,
3118 4794 3362 4861 agrestis,
3385 4808 3598 4863 aspera.
3625 4795 3830 4852 Verum

2233 4878 2360 4932 inde
2381 4877 2626 4933 Christus
2649 4882 2942 4948 potentiam
2969 4883 3203 4937 ostendit
3226 4899 3401 4952 suam,
3429 4886 3558 4941 dum
3585 4903 3650 4943 ex
3680 4899 3829 4945 terra

2233 4971 2440 5025 nullum
2472 4973 2676 5027 ferente
2705 4972 2956 5040 fructum,
2987 4975 3240 5031 selectam
3280 4979 3667 5047 discipulorum
3696 4995 3825 5051 par-

2235 5074 2340 5119 tem
2371 5065 2572 5119 eduxit.
2604 5065 2906 5122 Verisimile
2931 5067 3092 5138 igitur
3115 5081 3197 5124 est
3213 5070 3538 5141 Philippum,
3563 5074 3708 5143 quod
3728 5074 3829 5130 Pi:-

2234 5167 2371 5212 trum
2404 5159 2623 5214 vidisset
2660 5167 2714 5215 et
2739 5159 3000 5215 Joannem
3042 5161 3297 5227 audisset,
3339 5177 3623 5230 sequutum
3667 5182 3825 5233 esse;

2231 5249 2489 5305 credibile
2507 5265 2721 5321 quoque
2741 5263 2822 5308 est
2842 5249 3038 5306 Christi
3061 5268 3242 5307 vocem
3269 5255 3466 5324 aliquid
3497 5257 3550 5311 in
3577 5257 3668 5311 illo
3690 5272 3829 5327 0pc-

2232 5352 2399 5396 ratam
2425 5357 2580 5396 esse:
2609 5351 2830 5397 noverat
2858 5343 3000 5397 enim
3031 5343 3276 5400 Christus
3301 5349 3517 5416 quinam
3547 5348 3721 5403 idonei
3746 5349 3828 5410 fu-

2234 5435 2334 5487 turi
2381 5441 2578 5488 essent.
2629 5432 2965 5504 Evangelista
3011 5445 3186 5491 autem
3233 5437 3347 5492 lucc
3390 5439 3565 5493 omnia
3596 5444 3822 5511 carptim

2234 5534 2466 5578 enarrat.
2496 5523 2645 5589 Quod
2672 5521 2916 5579 Christus
2952 5537 3208 5581 venturus
3237 5539 3400 5593 esset,
3433 5529 3533 5584 hoc
3563 5532 3648 5584 ille
3679 5535 3824 5586 scie-

2236 5617 2359 5670 bat:
2391 5615 2530 5672 auod
2564 5630 2690 5668 vero
2722 5615 2804 5670 hic
2831 5626 2973 5670 esset
3002 5615 3241 5673 Christus
3268 5617 3563 5688 ignorabat,
3597 5621 3646 5673 id
3679 5624 3820 5692 quud

2236 5710 2404 5778 ipsum
2431 5708 2559 5761 vela
2595 5710 2748 5761 Petro
2778 5709 2858 5760 vel
2886 5725 2911 5759 a
2942 5708 3148 5763 Joanne
3187 5713 3452 5766 audivisse
3483 5724 3626 5781 puto.
3660 5715 3826 5768 .loan-
