4048 6448
192 418 292 472 H5

190 549 287 590 nes
315 545 474 603 porro
503 532 678 586 vicum
729 527 871 582 illius
925 525 1194 589 nominat;
1234 532 1290 576 ut
1333 534 1594 591 agnoscas
1629 518 1792 571 Deum

189 629 398 682 iniit-ma
441 620 623 677 nutndi
652 621 897 690 elegisse.
924 618 1014 672 45.
1048 616 1246 670 Invenit
1285 612 1562 681 Philippus
1595 607 1798 662 Na:ha—

189 717 325 779 nael,
351 725 396 770 et
426 716 549 768 dicit
576 714 690 768 illi:
724 711 884 779 Quem
914 709 1119 778 scripsit
1145 706 1348 777 Moyses
1377 709 1427 757 in
1461 704 1568 773 lege
1598 712 1642 755 et
1676 716 1798 770 pro-

189 813 374 879 phetae,
408 809 711 866 invenimus,
733 803 911 858 Iesum
934 802 1097 871 [illuni
1119 799 1309 868 Ioseph
1337 815 1368 850 ιι
1400 796 1449 849 Ν
1454 805 1642 848 azaret.
1669 793 1798 847 llzec

188 903 320 956 dicit
347 911 402 953 ut
427 899 585 954 ﬁdem
611 894 971 968 prrcdieationi
996 891 1326 951 conciliaret,
1353 904 1415 942 ex
1435 887 1618 957 Moyse
1643 899 1797 938 nem-

191 1013 258 1066 pe
288 1003 337 1050 ct
364 993 662 1064 prophetis,
693 1001 855 1060 utque
877 987 1174 1041 auditorem
1206 983 1330 1038 inde
1358 977 1797 1036 vcnerabundum

191 1088 461 1142 redderet.
494 1085 628 1152 Quia
657 1083 800 1138 enim
831 1078 1126 1135 Nathanael
1165 1076 1368 1147 peritus
1399 1082 1534 1134 erat.
1576 1082 1629 1126 et
1661 1069 1801 1124 veri-

191 1179 316 1232 tatis
344 1176 622 1230 studiosus
653 1181 908 1236 sectator,
931 1181 997 1224 ‘ul
1023 1168 1183 1223 etiam
1211 1166 1458 1222 Christus
1484 1162 1799 1219 testiﬁcatus

191 1279 296 1334 est,
327 1271 547 1338 ipsaque
571 1281 656 1321 res
677 1264 1065 1333 comprobavit,
1091 1262 1212 1330 jure
1244 1261 1388 1314 illum
1414 1257 1479 1311 ad
1512 1257 1728 1328 Moysen
1746 1264 1802 1310 et

192 1360 486 1430 proiihetas
513 1359 678 1423 misit,
708 1367 760 1410 nt
790 1357 866 1410 sic
891 1354 1239 1424 pr:edicatum
1284 1351 1434 1405 illum
1479 1350 1797 1418 susciperet.

191 1453 248 1509 Si
297 1463 476 1506 autem
508 1451 660 1505 illum
692 1449 857 1503 lilium
886 1446 1085 1516 Joscph
1115 1443 1370 1515 appellat,
1414 1457 1482 1497 ne
1520 1439 1755 1496 lurberis
1785 1457 1796 1494 :

193 1546 371 1601 adhuc
400 1546 542 1601 enim
573 1541 792 1613 Josephi
824 1541 965 1596 illius
984 1554 1104 1594 esse
1124 1535 1555 1592 existimabatur.
1578 1534 1642 1587 Et
1661 1531 1803 1587 unde

191 1646 426 1701 constat,
450 1634 714 1704 Philippe,
737 1633 881 1686 hunc
898 1647 1019 1687 esse
1043 1644 1202 1700 quem
1227 1628 1398 1683 dicis?
1419 1627 1561 1698 quod
1590 1626 1800 1695 signum

193 1730 294 1783 das
327 1726 517 1780 nobis?
546 1724 662 1778 Non
703 1723 905 1778 sufﬁcit
953 1725 1096 1777 enim
1146 1721 1213 1774 ita
1249 1719 1616 1789 pronuntiare.
1647 1715 1804 1782 Quod

193 1822 409 1892 signum
451 1817 668 1872 vidisti?
716 1816 858 1886 quod
892 1812 1245 1868 miraculum?
1271 1811 1388 1866 Non
1418 1810 1533 1864 sine
1565 1808 1804 1879 periculo

194 1914 360 1967 tantis
389 1911 548 1968 rebus
581 1919 783 1964 temere
832 1907 965 1961 ﬁdes
1011 1905 1260 1961 habetur.
1290 1903 1444 1972 Quod
1477 1917 1606 1976 ergo
1638 1902 1804 1957 hears

192 2007 608 2080 argumentum?
665 2004 810 2059 ldem
858 2004 1056 2074 ipsum,
1107 2001 1296 2071 inquit,
1344 1997 1488 2070 quod
1535 1995 1800 2051 Andreas.

191 2100 460 2155 Nam'ille
505 2113 627 2153 cum
676 2098 986 2151 thesaurum
1018 2110 1177 2166 quem
1211 2100 1488 2163 repererat
1515 2090 1802 2145 enuntiare

196 2209 305 2248 non
338 2193 558 2254 valeret,
606 2206 782 2262 neque
825 2189 1005 2245 verbis
1035 2189 1335 2251 declarare,
1369 2184 1590 2239 fratrem
1642 2199 1804 2254 quem

193 2284 396 2354 reperit
428 2283 521 2336 illo
553 2282 788 2338 adducit.
821 2280 910 2336 Sic
939 2291 991 2335 et
1020 2280 1142 2345 iste,
1165 2275 1438 2348 quomodo
1457 2276 1544 2330 ille
1568 2274 1809 2329 sitChri-

193 2391 333 2443 stus,
368 2389 423 2434 et
451 2377 721 2448 quomodo
758 2377 904 2431 illum
945 2376 1220 2446 prophetm
1247 2372 1678 2444 praenuntiarint,
1700 2385 1806 2426 non

192 2473 355 2536 dicit;
380 2472 473 2526 sed
492 2472 640 2526 ducit
667 2471 814 2524 ἱΙΙιιιη
843 2471 908 2525 ad
938 2470 1145 2537 .lcsum,
1165 2470 1342 2525 sciens
1371 2469 1519 2523 illum
1539 2484 1643 2522 non
1669 2469 1807 2521 ultra

193 2566 563 2619 discessurum
589 2579 728 2628 esse,
757 2565 800 2617 si
832 2564 971 2617 illius
998 2564 1157 2617 verba
1182 2562 1596 2630 doctrinamque
1620 2570 1806 2630 gusta-

194 2668 302 2713 ret.
332 2657 420 2713 46.
459 2656 526 2710 Et
558 2657 686 2710 dixit
717 2658 762 2711 ei
805 2656 1106 2710 Nat/ranael
1130 2671 1148 2709 :
1177 2656 1218 2708 Α
1254 2654 1479 2708 Nazaret
1511 2662 1676 2722 potest
1704 2653 1810 2707 ali-

193 2753 322 2823 quid
350 2752 468 2805 boni
492 2752 667 2806 exire?
693 2751 828 2805 Dicit
854 2751 900 2804 ei
933 2750 1246 2821 Philippus:
1282 2748 1426 2813 Veni,
1470 2757 1516 2801 et
1554 2747 1684 2801 vide.
1715 2745 1808 2801 47.

209 2845 349 2900 Vidit
377 2843 532 2900 Iesus
559 2844 855 2900 Nathanael
876 2847 1155 2900 venientem
1181 2845 1248 2897 ad
1274 2860 1346 2908 se,
1390 2851 1437 2896 et
1472 2842 1594 2895 dicit
1619 2843 1686 2896 de
1704 2858 1763 2896 eo
1789 2858 1810 2895 :

196 2937 337 2992 Ecce
363 2955 476 2992 vere
502 2936 763 3004 Israelita,
797 2939 848 2990 in
876 2954 978 3008 quo
1028 2936 1178 2991 dolus
1205 2953 1306 2990 non
1331 2946 1426 2990 est.
1457 2934 1612 3001 Quod
1635 2934 1810 2988 dixis-

196 3043 303 3097 set,
333 3035 376 3087 Α
403 3032 632 3086 Nazaret
651 3042 813 3102 potest
839 3031 1036 3103 aliquid
1055 3032 1172 3085 boni
1192 3030 1370 3084 exire?
1390 3029 1513 3085 ideo
1536 3029 1808 3085 hominem

198 3127 384 3182 laudat
412 3135 467 3182 et
493 3126 736 3180 miratur.
769 3127 932 3196 Atqui
965 3125 1293 3180 incusandns
1337 3125 1515 3196 potius
1543 3134 1679 3181 erat.
1711 3124 1811 3179 Mi-

199 3224 368 3277 nime.
399 3220 583 3291 Neque
613 3220 758 3275 enim
785 3219 948 3275 verba
989 3235 1099 3273 non
1127 3218 1400 3274 credentis
1428 3229 1604 3284 erant,
1637 3233 1813 3290 neque

199 3315 582 3368 criminatione
607 3312 784 3382 digna,
819 3311 916 3366 sed
956 3310 1135 3367 laude.
1170 3312 1453 3380 Quomodo
1495 3321 1550 3367 et
1594 3329 1697 3383 qua
1728 3329 1814 3368 ra-

202 3408 387 3463 tione?
415 3406 546 3475 Quia
587 3406 678 3462 hic
704 3407 876 3476 magis
902 3421 1062 3476 quam
1093 3405 1373 3476 Philippus
1404 3407 1455 3460 in
1486 3406 1814 3476 prepheticis

200 3508 449 3554 versatus
473 3506 612 3554 erat.
645 3498 906 3553 Audierat
930 3498 1074 3554 enim
1119 3513 1182 3553 ex
1214 3499 1507 3568 Scripturis
1538 3499 1812 3555 Christum

201 3608 267 3646 ex
301 3589 618 3646 Bethlehem
647 3591 908 3646 oriturum
943 3607 1084 3654 esse,
1116 3601 1170 3645 et
1196 3607 1258 3646 ex
1289 3593 1406 3647 vico
1430 3593 1480 3646 in
1507 3609 1615 3663 quo
1643 3594 1815 3649 fuerat

204 3684 394 3737 David.
417 3683 491 3738 Ea
519 3685 854 3754 itaquel'ama
880 3683 1018 3752 apud
1047 3683 1261 3738 Judaeos
1289 3685 1587 3750 obtinebat,
1607 3697 1659 3740 et
1688 3703 1814 3756 pro-

205 3774 368 3843 pheta
392 3773 524 3828 olim
557 3775 948 3843 praedicaverat
976 3775 1059 3829 his
1093 3776 1304 3830 verbis:
1329 3775 1396 3829 Et
1431 3788 1485 3831 tu
1517 3775 1815 3834 Bethlehem

205 3883 528 3938 nequaquam
566 3867 778 3918 minima
806 3883 858 3919 es
883 3867 935 3919 in
965 3867 1279 3936 principibus
1306 3867 1338 3921 J
1347 3869 1484 3923 uda:
1507 3887 1570 3923 ea:
1606 3881 1655 3924 te
1682 3873 1817 3926 enim

205 3961 333 4014 cxiet
359 3961 467 4014 dua:
495 3961 581 4030 qui
606 3970 747 4030 regat
779 3961 1026 4030 populum
1056 3978 1221 4015 meum
1248 3961 1414 4017 Israel
1443 3962 1642 4032 (Mich.
1673 3966 1725 4020 5.
1759 3966 1817 4024 2.

209 4053 399 4107 Matth.
434 4053 488 4106 2.
512 4053 566 4108 6.
599 4051 760 4108 Joan.
787 4054 839 4107 7.
871 4053 989 4125 4‘2).
1013 4053 1147 4111 Cum
1178 4055 1616 4126 audissctergoa
1647 4058 1817 4115 Naza-

205 4157 290 4203 ret
320 4165 462 4216 esse,
495 4151 738 4205 turbatus
764 4160 847 4206 est
872 4161 927 4205 et
952 4150 1232 4217 dubitavit,
1263 4153 1404 4222 quod
1437 4153 1668 4225 Philippi
1698 4173 1818 4212 vcr-

207 4244 270 4295 ιιι
299 4259 419 4298 cum
455 4242 768 4313 prophetica
800 4243 1151 4312 praedictione
1193 4261 1298 4300 non
1340 4261 1643 4303 consonare
1669 4250 1818 4306 vide-

208 4345 307 4389 ret.
342 4336 725 4391 Animadverte
753 4346 933 4391 autem
965 4337 1083 4405 ejus
1109 4338 1159 4392 in
1192 4339 1303 4408 ipsa
1326 4339 1662 4396 dubitatione
1693 4358 1820 4412 pru-

204 4429 446 4484 dentiam
481 4430 928 4500 modeStiamque.
971 4430 1088 4487 Non
1134 4433 1277 4486 enim
1317 4433 1497 4487 statim
1549 4433 1707 4500 dixit,
1737 4436 1818 4492 Mc

209 4525 371 4590 fallis,
396 4539 430 4577 ο
462 4523 726 4593 Philippe,
759 4535 816 4579 et
847 4525 1125 4580 mentiris:
1152 4541 1259 4580 non
1282 4526 1467 4591 credo,
1498 4544 1604 4583 non
1624 4529 1815 4586 adibo:

206 4634 234 4672 a
271 4617 552 4688 prophetis
583 4617 742 4670 didici
775 4616 1048 4672 Christum
1093 4634 1123 4672 a
1173 4619 1484 4674 Bethlehem
1531 4629 1818 4677 venturum

206 4729 354 4774 esse,
381 4720 437 4765 ct
459 4721 512 4764 tu
543 4710 698 4771 dicis,
732 4726 761 4762 a
793 4709 1054 4765 Nazaret:
1081 4726 1211 4782 ergo
1233 4729 1339 4768 non
1371 4714 1414 4767 is
1443 4716 1558 4784 ipse
1590 4724 1691 4770 est.
1719 4715 1824 4770 Vc—

209 4822 330 4858 l'llln
363 4802 495 4857 nihil
522 4803 696 4856 simile
722 4802 886 4867 dixit;
922 4803 1016 4858 sed
1046 4804 1212 4873 quid?
1255 4805 1380 4859 Adit
1408 4806 1563 4860 illum
1587 4817 1640 4860 et
1671 4809 1818 4877 ipse;

209 4913 272 4951 ac
305 4895 435 4950 dum
471 4911 575 4950 non
605 4895 840 4949 admittit
867 4911 990 4950 eum
1022 4911 1052 4950 a
1075 4895 1304 4952 Nazaret
1333 4914 1477 4964 esse,
1509 4912 1817 4955 accuratum

209 4989 617 5057 Scripturarum
650 4987 887 5042 studium
914 4989 1172 5053 ostendit,
1204 4998 1258 5043 et
1290 5004 1468 5045 mores
1496 5006 1624 5046 suos
1666 4992 1822 5046 lalla-

208 5084 312 5138 cia:
345 5098 452 5136 non
483 5081 781 5147 obnoxios;
815 5082 955 5152 quod
985 5091 1165 5137 autem
1195 5083 1312 5139 lucc
1339 5086 1678 5140 ntmtiantem
1715 5103 1820 5142 non

211 5184 454 5244 respuat,
486 5190 735 5245 magnum
767 5174 966 5230 Christi
1013 5176 1274 5230 adventus
1305 5177 1632 5232 desiderium
1665 5179 1822 5233 exhi-

209 5269 324 5323 bet.
355 5267 642 5337 Cogitabat
684 5266 826 5320 cnim
856 5268 1097 5336 potuisse
1130 5267 1434 5338 Philippum
1463 5271 1612 5323 circa
1644 5269 1820 5325 locum

209 5375 421 5415 errare.

284 5452 344 5506 2.
387 5450 769 5507 Animadverte
816 5451 967 5516 item,
1011 5467 1172 5521 quam
1215 5451 1491 5507 moderate
1535 5452 1691 5507 ﬁdem
1723 5454 1820 5524 ipsi

214 5553 397 5617 neget,
431 5556 484 5598 et
532 5545 846 5616 interroget.
879 5544 1065 5615 Neque
1109 5547 1252 5600 enim
1300 5545 1454 5608 dixit,
1504 5545 1646 5599 Nihil
1694 5546 1821 5600 boni

218 5642 320 5692 lert
351 5637 606 5700 Galilaea;
637 5637 732 5692 sed
759 5637 1069 5706 quomodo?
1105 5638 1144 5690 Λ
1175 5637 1402 5691 Nuzaret
1429 5647 1591 5708 potest
1626 5637 1824 5708 aliquid

217 5732 334 5785 boni
362 5728 510 5784 esse?
537 5728 814 5800 Philippus
843 5745 1056 5800 quoque
1084 5729 1374 5784 admodum
1417 5729 1655 5800 prudens
1683 5740 1821 5782 erat.

219 5824 401 5894 Neque
432 5824 573 5878 cnim
603 5823 1007 5878 contradicente
1039 5824 1149 5890 illo,
1200 5825 1506 5895 indignatur
1557 5825 1641 5880 vel
1681 5838 1824 5892 :rgre

224 5921 358 5990 fert;
388 5919 482 5975 sed
514 5929 716 5988 perstat
748 5929 947 5982 tamen,
977 5930 1033 5974 ut
1055 5922 1228 5976 virum
1261 5923 1327 5978 ad
1361 5922 1630 5979 Christum
1656 5921 1823 5977 addu-

558 6017 827 6066 l‘ATitUL.
875 6010 989 6067 GR.
1045 6008 1202 6070 LIX.

1251 400 1318 459 ΙΝ
1357 397 1671 458 JOANNEM
1716 396 1946 453 HOMIL.
1991 399 2110 456 XX.
2154 400 2225 454 al.
2273 398 2414 456 XIX.

3421 391 3519 448 1‘18

1907 525 2015 582 cat,
2051 528 2103 573 et
2136 534 2163 570 ιι
2193 519 2458 587 principio
2489 517 2845 589 apostolicam
2878 516 3242 570 constantiam
3274 514 3513 569 exhibet.

1908 606 2141 678 Ideoque
2162 610 2236 663 ait
2268 609 2515 665 Christus
2538 628 2550 668 :
2581 609 2712 664 Ecce
2732 625 2844 664 vere
2871 608 3136 676 Israelita,
3159 612 3212 664 in
3238 628 3340 684 quo
3374 611 3524 665 dolus

1906 715 2007 753 non
2036 709 2129 756 est.
2160 700 2344 771 itaque
2368 712 2545 771 potest
2575 703 2813 757 Israelita
2843 702 3075 758 mendax
3105 719 3264 760 esse:
3294 705 3390 761 sed
3415 723 3522 760 non

1907 791 1996 847 hic
2024 794 2105 846 vir
2137 795 2286 858 talis;
2322 795 2440 864 eius
2464 796 2663 866 quippe
2687 795 2950 865 judicium
2978 798 3182 862 nullam
3208 797 3368 853 habet
3397 814 3520 869 per-

1906 898 2159 938 sonarmn
2179 888 2576 956 acceptionem;
2599 887 2729 942 nihil
2747 887 2812 943 ad
2831 889 3079 959 gratiam,
3102 890 3232 945 nihil
3251 893 3315 945 ad
3340 893 3521 947 odium

1909 975 2165 1045 loquitur.
2190 979 2351 1048 Atqui
2377 978 2548 1034 .ludwi
2575 995 2792 1051 qucque
2817 982 3130 1053 interrogati
3161 983 3249 1038 ubi
3275 984 3526 1040 Christus

1908 1080 2241 1134 nasceretur,
2273 1072 2547 1141 dixerunt,
2584 1073 2641 1128 ln
2675 1074 3014 1137 Bcthlehem,
3046 1076 3230 1132 ethoc
3276 1080 3524 1132 testimo-

1909 1162 2058 1215 nium
2094 1163 2463 1232 protulerunt:
2493 1165 2559 1218 Et
2591 1176 2646 1219 tu
2675 1166 2996 1232 Bcthlehem,
3028 1185 3350 1240 nequaquam
3377 1171 3529 1224 mini-

1908 1269 1993 1305 ma
2016 1269 2067 1307 es
2092 1254 2145 1308 in
2172 1255 2488 1325 principibus
2504 1256 2536 1310 J
2545 1259 2667 1310 uda.
2691 1258 2887 1312 Verum
2913 1260 2987 1314 illi
3017 1261 3330 1332 priusquam
3351 1265 3524 1332 ipsum

1909 1345 2178 1411 viderent,
2215 1348 2330 1402 haec
2360 1348 2795 1404 testiﬁcabantur
2831 1367 2844 1404 :
2895 1351 2984 1406 ubi
3036 1362 3217 1408 autem
3253 1355 3526 1415 viderunt,

1912 1452 2022 1507 pra:
2050 1438 2254 1494 invidia
2282 1441 2658 1496 testimonium
2688 1442 3032 1498 occultaruut
3067 1445 3346 1502 dicentes:
3377 1447 3530 1501 Iluuc

1909 1540 2080 1584 autem
2110 1532 2360 1587 nesa'ms
2387 1534 2523 1588 unde
2546 1536 2611 1590 sit
2640 1534 2821 1607 (Ioan.
2847 1535 2900 1590 9.
2932 1535 3046 1608 29).
3073 1537 3376 1595 Nalhanael
3401 1556 3532 1596 vero

1913 1641 2020 1679 non
2048 1627 2156 1690 sic;
2190 1627 2284 1681 sed
2314 1642 2473 1698 quam
2503 1644 2532 1683 a
2566 1629 2832 1700 principio
2868 1629 2937 1685 de
2964 1631 3056 1686 illo
3084 1634 3396 1702 opinionem
3431 1634 3529 1690 ha-

1911 1720 2049 1784 buit,
2080 1719 2222 1775 hanc
2243 1723 2499 1785 servavit,
2529 1738 2726 1792 nempe
2753 1723 2902 1777 illum
2934 1738 2962 1776 a
2987 1724 3221 1781 Nazaret
3247 1744 3353 1782 non
3375 1745 3530 1784 esse.

1910 1812 2020 1867 Cur
2045 1828 2175 1882 ergo
2209 1813 2360 1868 illum
2403 1814 2741 1871 Nazarenum
2799 1817 3080 1888 propheta:
3112 1822 3346 1875 vocant?
3376 1821 3530 1890 Quod

1912 1909 1984 1962 ibi
2029 1907 2290 1964 educatus
2333 1909 2542 1972 fuisset,
2579 1919 2635 1965 et
2679 1912 2991 1968 mansisset.
3041 1913 3156 1969 Non
3187 1915 3320 1972 dicit
3349 1926 3530 1973 autem

1911 1999 2182 2068 Christus,
2217 2001 2329 2056 Non
2359 2017 2478 2056 sum
2503 2019 2566 2058 ex
2593 2003 2841 2069 Nazaret,
2881 2014 2938 2060 ut
2969 2007 3063 2060 tibi
3089 2007 3369 2080 Philippus
3392 2027 3531 2066 nun-

1915 2092 2085 2160 tiavit,
2118 2094 2214 2149 sed
2245 2110 2310 2150 ex
2343 2096 2689 2166 Bcthlehem,
2718 2114 2786 2153 ne
2820 2100 2999 2154 statim
3029 2099 3424 2159 dubitationem
3449 2105 3537 2160 in-

1882 2188 2122 2266 rjiceret.
2159 2189 2239 2244 Ad
2272 2189 2408 2253 haec,
2463 2193 2678 2247 etiamsi
2725 2193 2776 2247 id
2811 2195 3196 2263 persuasisset,
3256 2211 3364 2253 non
3415 2199 3536 2255 ido-

1916 2295 2074 2334 neum
2114 2289 2292 2335 tamen
2326 2282 2460 2338 illud
2509 2283 2764 2339 indicium
2797 2294 2934 2349 erat,
2966 2287 3110 2357 quod
3142 2289 3257 2357 ipse
3287 2290 3535 2347 Christus

1915 2382 2080 2428 esset.
2116 2373 2254 2442 Quid
2283 2376 2423 2430 enim
2459 2378 2698 2444 vetabat,
2731 2394 2854 2434 eum
2884 2381 2975 2449 qui
3000 2381 3052 2435 in
3086 2382 3404 2439 Bethlehem
3435 2401 3535 2439 na-

1918 2475 2005 2521 tus
2025 2478 2170 2524 esset
2199 2485 2303 2523 non
2334 2485 2454 2526 esse
2483 2471 2779 2538 Christum,
2815 2482 2871 2527 ut
2903 2483 3011 2528 tam
3067 2476 3219 2531 multi
3253 2477 3360 2533 illic
3387 2480 3538 2533 nati?

1918 2559 2032 2614 Hoc
2052 2575 2182 2630 ergo
2207 2563 2390 2628 mittit,
2432 2564 2684 2634 quodque
2731 2565 2881 2619 illtun
2914 2567 3084 2637 magis
3115 2566 3180 2622 ad
3206 2569 3539 2625 credendum

1919 2651 2136 2707 trahere
2167 2663 2394 2722 poterat,
2430 2656 2480 2709 id
2512 2659 2641 2726 agit,
2673 2657 2799 2712 dum
2832 2658 3074 2714 declarat
3096 2676 3154 2715 se
3190 2662 3400 2717 illorum
3428 2665 3541 2720 col-

1920 2745 2102 2814 loquio
2132 2758 2454 2816 priesentem
2482 2750 2664 2806 fuisse.
2700 2751 2834 2806 Cum
2868 2752 3093 2809 dixisset
3137 2770 3268 2825 ergo
3297 2756 3420 2812 ille:
3447 2757 3536 2812 48.

1923 2837 2074 2892 Unde
2103 2855 2181 2892 me
2207 2842 2381 2896 nosti?
2412 2844 2714 2914 respondit:
2734 2843 3050 2917 Priusquam
3077 2858 3124 2901 te
3152 2847 3433 2920 Philippus
3454 2867 3540 2905 vo-

1916 2940 2076 2997 caret,
2107 2948 2221 2985 cum
2251 2949 2383 2987 esses
2406 2935 2497 2988 sub
2523 2936 2647 3003 ﬁcu,
2682 2936 2786 2990 vidi
2810 2947 2878 2989 te.
2928 2937 3061 2992 Vide
3089 2939 3220 2994 mihi
3262 2941 3539 2996 hominem

1918 3035 2256 3079 constantem
2291 3036 2346 3080 et
2391 3027 2623 3081 lirnnnn.
2653 3027 2790 3083 Cum
2820 3029 3051 3084 dixisset
3084 3032 3229 3085 enim
3269 3032 3539 3096 Christus,

1920 3113 2058 3169 Ecce
2093 3132 2207 3170 vere
2233 3115 2492 3182 Israelita,
2545 3134 2651 3173 non
2685 3119 2936 3176 laudibus
2984 3123 3260 3180 emollitus
3288 3133 3389 3192 est,
3433 3143 3541 3181 non

1919 3209 2182 3264 encomiis
2211 3219 2418 3280 raptus,
2448 3211 2544 3266 sed
2578 3221 2783 3280 perstat
2825 3214 3104 3283 inquirens
3145 3225 3202 3270 et
3239 3219 3543 3274 accuratius

1919 3303 2231 3371 explorans,
2266 3303 2486 3372 vultque
2529 3305 2738 3359 clarum
2792 3307 3068 3376 quidpiam
3114 3309 3378 3367 ediscere.
3426 3312 3544 3383 lpse

1922 3395 2086 3465 igitur
2118 3407 2176 3450 ut
2205 3397 2368 3450 homo
2397 3397 2575 3452 adhuc
2601 3400 2884 3468 perquirit.
2914 3400 3072 3457 Jesus
3099 3413 3281 3459 autem
3317 3416 3376 3460 ut
3405 3407 3546 3463 Deus

1923 3488 2236 3558 respondet,
2288 3489 2406 3544 Jam
2458 3500 2507 3545 te
2557 3502 2683 3546 ante
2721 3493 2859 3559 vidi;
2911 3510 3125 3551 morum
3177 3498 3379 3570 quippe
3426 3502 3548 3571 ejus

1921 3582 2250 3650 (equitatem,
2274 3598 2378 3638 non
2410 3592 2467 3637 ut
2496 3584 2656 3640 homo
2680 3586 2766 3656 qui
2793 3587 2965 3656 ipsum
2982 3600 3245 3660 sequutus
3263 3604 3425 3658 esset,
3451 3594 3548 3652 sed

1917 3674 2028 3743 jam
2061 3675 2190 3728 olim
2229 3687 2286 3729 ut
2315 3676 2454 3731 Deus
2486 3688 2746 3734 noverat:
2778 3689 2852 3744 et,
2886 3681 3040 3739 Nunc
3066 3685 3174 3739 vidi
3206 3695 3257 3741 te
3292 3688 3394 3743 sub
3419 3689 3545 3756 lien,

1923 3782 2045 3822 Cum
2100 3769 2280 3824 nullus
2313 3769 2384 3824 ibi
2408 3770 2643 3836 adesset,
2679 3773 2780 3827 nisi
2809 3773 3090 3846 Philippus
3128 3787 3184 3833 et
3226 3779 3545 3849 Nathanael,

1923 3860 2015 3930 qui
2046 3863 2270 3917 seorsim
2303 3863 2374 3918 ibi
2407 3862 2521 3919 hmc
2567 3865 2953 3935 loquebantur.
3002 3868 3127 3924 Ideo
3174 3871 3377 3926 dictum
3422 3886 3546 3929 est:

1937 3954 2123 4010 Videas
2165 3957 2310 4010 illum
2351 3974 2384 4009 α
2428 3958 2597 4028 longe,
2641 3959 2815 4013 dixit:
2843 3959 2978 4016 Ecce
3030 3979 3142 4018 rere
3174 3962 3416 4020 Israelita
3445 3984 3463 4020 :
3490 3979 3551 4022 ut

1924 4049 2248 4114 edisceret‘,
2267 4050 2429 4105 etiam
2458 4060 2747 4122 antequam
2771 4053 3050 4126 Philippus
3067 4056 3407 4126 adventaret,
3435 4053 3550 4116 haec

1926 4144 2204 4213 loquutum
2244 4143 2519 4199 Christum
2561 4160 2706 4211 esse,
2741 4164 2809 4203 ne
2840 4127 3150 4220 suspebtum
3180 4153 3547 4210 testimonium

1927 4238 2171 4295 haberet.
2208 4239 2438 4310 ideoque
2483 4248 2539 4294 et
2581 4249 2793 4310 tempus
2824 4241 2960 4297 dixit
2985 4251 3041 4299 et
3072 4245 3272 4310 locum,
3306 4256 3362 4302 et
3385 4249 3548 4303 arbo-

1927 4349 2064 4388 rem.
2108 4333 2242 4388 Nam
2273 4333 2316 4388 si
2353 4343 2559 4389 tantum
2607 4335 2856 4400 dixisset,
2910 4338 3218 4410 Antequam
3273 4340 3550 4412 Philippus

1927 4428 2159 4493 veniret,
2190 4437 2241 4481 te
2281 4427 2544 4492 videram,
2579 4443 2666 4484 res
2695 4439 2946 4499 Suspecta
2994 4431 3202 4499 fuisset,
3236 4436 3388 4504 quasi
3437 4437 3553 4507 ipse

1929 4521 2168 4575 misisset
2194 4520 2526 4591 Philippum,
2553 4521 2797 4592 nihilque
2825 4524 3004 4594 magni
3030 4524 3266 4593 diceret;
3294 4543 3437 4584 nunc
3457 4544 3550 4584 au-

1929 4622 2060 4675 tem,
2093 4620 2146 4668 et
2169 4613 2311 4682 quod
2350 4614 2525 4667 locum
2553 4613 2701 4668 dicat
2731 4615 2782 4668 in
2812 4630 2919 4686 quo
2946 4615 3404 4686 loquebaturcum
3427 4620 3552 4674 Phi-

1930 4705 2098 4776 lippo,
2127 4705 2343 4775 etquod
2368 4705 2580 4761 arboris
2602 4707 2862 4777 speciem,
2889 4718 2942 4764 et
2965 4710 3106 4779 quod
3135 4711 3390 4783 colloquii
3416 4723 3553 4769 tein-

1933 4813 2052 4866 pus,
2085 4797 2219 4851 nihil
2270 4797 2418 4851 dubii
2459 4799 2602 4852 circa
2638 4815 2751 4854 rem
2804 4802 3220 4869 prmnuntiatam
3270 4805 3550 4878 relinquit.

1929 4889 2118 4959 Neque
2141 4888 2264 4942 hinc
2288 4898 2518 4954 tantum,
2548 4890 2641 4944 sed
2666 4891 2773 4946 alio
2799 4907 3014 4962 quoque
3041 4895 3204 4949 modo
3228 4896 3402 4966 ipsum
3426 4915 3553 4955 ern-

1931 4981 2031 5043 dit,
2060 4980 2189 5035 dum
2224 4989 2490 5035 memorat
2511 4997 2573 5036 ea
2597 4997 2719 5052 qua:
2749 4981 3020 5046 dixerant,
3053 5000 3267 5056 nempe,
3300 4989 3342 5041 Α
3370 4987 3556 5044 Naza-

1933 5084 2005 5125 ret
2033 5082 2194 5142 potest
2223 5072 2421 5141 aliquid
2465 5073 2583 5127 boni
2631 5075 2778 5128 esse?
2825 5092 2934 5146 quo
2967 5076 3118 5132 illum
3173 5079 3275 5134 sibi
3319 5083 3556 5138 maxime

1931 5167 2272 5232 conciliavit;
2301 5176 2355 5222 et
2384 5167 2528 5238 quod
2558 5167 2706 5221 illum
2752 5170 2824 5223 ita
2855 5169 3166 5240 loquentem
3212 5189 3317 5229 non
3349 5193 3552 5247 unpro-

1934 5257 2166 5323 baverit,
2193 5258 2286 5314 sed
2315 5259 2636 5326 laudaverit,
2674 5263 3007 5333 miratusque
3032 5263 3214 5320 fuerit.
3253 5267 3408 5324 Unde
3432 5268 3556 5325 hinc

1935 5351 2097 5404 etiam
2122 5366 2248 5405 vere
2270 5351 2544 5407 Christum
2570 5353 2722 5408 illum
2755 5370 2878 5411 esse
2904 5359 3182 5429 cognovit,
3226 5368 3335 5414 tum
3363 5376 3394 5415 a
3426 5377 3556 5432 pro-

1932 5445 2136 5516 phetia,
2173 5456 2284 5500 tum
2314 5447 2457 5516 quod
2501 5447 2618 5518 ejus
2668 5451 2994 5505 sententiam
3023 5462 3274 5509 accurate
3301 5456 3543 5526 explora-

1930 5547 2036 5601 ret,
2065 5556 2171 5606 quo
2199 5541 2525 5596 ostendebat
2556 5556 2615 5597 se
2647 5542 2736 5596 illa
2765 5545 2929 5599 etiam
2958 5561 3078 5616 quas
3104 5547 3156 5602 in
3190 5557 3375 5603 mente
3400 5557 3548 5604 erant

1936 5634 2269 5704 intelligere:
2297 5636 2364 5689 ad
2400 5635 2515 5689 hcce
2560 5637 2720 5690 etiam
2767 5639 2910 5708 quod
2941 5655 3003 5694 ea
3033 5655 3157 5710 quin
3185 5641 3301 5710 ipse
3326 5641 3466 5710 apud
3495 5657 3556 5697 se

1933 5725 2186 5796 loquutus
2228 5737 2365 5804 erat,
2413 5744 2519 5783 non
2564 5742 2836 5802 argueret,
2883 5733 2991 5788 imo
3029 5733 3297 5789 laudaret.
3341 5733 3494 5801 Quod
3522 5750 3554 5790 a

1961 5930 1968 5937 _
2001 5867 2016 5897 ¹
2055 5866 2193 5937 savii.
2214 5866 2484 5937 legendum
2521 5877 2676 5932 putat,
2699 5877 2749 5922 ut
2774 5873 3051 5936 crlisccrcs;
3076 5874 3165 5925 sed
3191 5873 3426 5925 edisceret
3452 5887 3551 5927 tes-

1937 5925 2030 5981 lius
2054 5925 2340 5994 quadratae!
2364 5925 2563 5982 seriem.
2665 5925 2673 5932 ’
2974 5925 3007 5926 ﬂ
3034 5925 3047 5936 ’
