4048 6450
573 405 670 459 137

568 516 811 585 Philippo
839 521 1055 568 vocatus
1081 512 1288 575 fuissm,
1315 511 1362 560 id
1391 507 1551 569 dixit;
1583 518 1644 557 ea
1663 516 1793 557 vero
1819 513 1935 568 qum
1965 504 2145 550 mutuo

566 607 766 676 loquuti
813 605 1019 658 fuerant
1063 604 1222 656 missa
1267 599 1547 666 fecit,ejus
1593 591 1933 648 couscientim
1983 585 2143 642 relin-

566 712 753 765 quens,
787 694 1120 761 quodiiollet
1143 707 1264 748 eum
1297 691 1522 759 amplius
1547 698 1786 755 arguere.

679 780 932 850 Exemplo
951 776 1260 835 Nalltanael
1272 781 1564 848 cognitione
1583 774 1779 830 Chriiti
1799 772 2146 827 exsultantium

568 883 659 930 est.
695 873 998 942 Obsequium
1038 871 1115 924 illi
1148 853 1492 940 prcesttindum
1533 877 1607 919 est
1645 865 1726 918 cui
1758 864 1996 916 creditur.
2029 859 2146 914 Non

566 965 725 1019 verbis
751 965 838 1019 sed
863 963 1096 1035 operibus
1121 977 1262 1014 amor
1288 957 1566 1013 exhibetur.
1595 985 1662 996 —
1692 954 1831 1022 Quid
1857 953 2048 1023 igitur?
2075 965 2143 1005 an

565 1058 737 1112 solum
767 1072 884 1110 cum
912 1055 1186 1124 Philippus
1212 1051 1438 1114 vocavit,
1462 1063 1583 1104 eum
1603 1046 1768 1100 vidit?
1790 1060 1965 1100 annon
1989 1043 2146 1097 etiam

565 1159 719 1203 antea
766 1148 995 1202 insomni
1046 1147 1138 1200 illo
1179 1145 1335 1200 oculo
1365 1141 1607 1196 viderat?
1637 1139 1855 1194 Viderat
1881 1152 2037 1200 sane;
2070 1135 2146 1189 id-

566 1253 669 1308 que
695 1253 852 1293 nemo
881 1237 1171 1292 difllteatur
1202 1253 1213 1286 :
1245 1233 1336 1289 sed
1367 1235 1451 1288 hic
1472 1231 1597 1286 illud
1621 1241 1824 1285 tantum
1850 1228 1986 1298 quod
2015 1241 2149 1296 Opus

571 1339 686 1382 erat
709 1327 990 1382 dicendum
1021 1328 1137 1380 fuit.
1166 1325 1302 1391 Quid
1329 1339 1456 1394 ergo
1493 1323 1577 1378 ille
1598 1323 1620 1376 Ῥ
1650 1323 1781 1389 Quia
1809 1321 2015 1391 signum
2043 1335 2146 1372 non

566 1417 784 1469 dubitnn
816 1413 1159 1485 prirscientiae
1187 1414 1304 1484 ejus
1332 1420 1630 1485 acceperat,
1661 1411 1726 1466 ad
1755 1409 2145 1466 confessionem

567 1510 731 1571 venit,
784 1519 835 1562 et
882 1525 974 1576 per
1021 1507 1414 1561 cunctationem
1468 1505 1721 1575 priorem,
1754 1502 2146 1557 accurationem

567 1615 718 1652 suam
745 1599 1049 1664 ostendens,
1079 1607 1132 1652 et
1152 1606 1334 1667 postea
1361 1611 1458 1666 per
1487 1609 1806 1651 consensum
1833 1592 2146 1663 probitatem

568 1704 714 1741 suam
758 1689 1034 1742 exhibens.
1078 1685 1211 1742 Nam
1250 1686 1526 1757 respondit
1555 1727 1568 1750 ,
1604 1686 1808 1754 inquit,
1840 1693 1890 1738 et
1922 1685 2026 1746 ait,
2057 1682 2143 1737 49‘.

570 1779 748 1842 Ilabbi,
785 1790 911 1832 mes
941 1777 1106 1832 Filius
1141 1777 1268 1840 Dei,
1299 1787 1352 1830 tu
1390 1792 1441 1830 es
1473 1775 1582 1829 Rea:
1613 1774 1794 1828 Israel.
1830 1773 2014 1827 Viden'
2036 1772 2149 1826 ani-

569 1886 710 1923 mam
737 1871 930 1939 gaudio
955 1870 1328 1934 exsultantem,
1347 1877 1401 1923 et
1423 1867 1600 1922 verbis
1627 1867 1807 1928 Jcsum
1837 1865 2150 1933 amplexan-

569 1963 719 2016 tem?
767 1963 848 2017 Tu
890 1977 970 2030 es,
1018 1963 1209 2031 inquit,
1237 1962 1324 2015 ille
1354 1970 1693 2028 exspectatus
1720 1969 1772 2013 et
1795 1958 2144 2014 desideratus.

569 2050 756 2106 Viden’
790 2060 1110 2122 stupentem,
1143 2053 1444 2114 mirantem,
1474 2051 1848 2112 exsultantem,
1873 2049 2147 2103 salientem

567 2160 676 2212 pra:
705 2144 1012 2214 voluptate?
1041 2143 1114 2197 lta
1144 2158 1240 2198 nos
1272 2157 1482 2212 quoque
1505 2141 1736 2212 gaudere
1758 2148 1998 2210 oportet,
2028 2141 2146 2207 qni-

567 2236 664 2290 bus
691 2235 810 2290 Filii
843 2235 934 2291 Dei
983 2235 1214 2304 cognitio
1255 2233 1375 2288 data
1427 2242 1540 2297 est;
1585 2231 1855 2302 gaudere,
1899 2232 2141 2301 inquam,

569 2343 670 2380 non
700 2337 879 2382 mente
908 2335 1108 2381 tantum
1139 2367 1152 2388 ,
1186 2325 1280 2380 sed
1312 2324 1470 2378 rebus
1499 2323 1628 2394 ipsis
1655 2322 1906 2392 gaudium
1933 2321 2143 2377 ell‘erre.

567 2418 702 2485 Quid
754 2427 928 2472 autem
969 2417 1308 2487 gaudentium
1353 2415 1471 2470 est?
1501 2414 1888 2482 Obtemperare
1914 2413 1962 2466 ei
1993 2427 2149 2481 quem

567 2510 728 2562 nosti.
780 2508 1124 2567 Credentium
1173 2515 1348 2560 autem
1392 2515 1503 2570 est,
1556 2520 1616 2559 ea
1651 2504 1865 2567 facere,
1895 2518 2012 2572 qua:
2039 2503 2150 2572 ipse

566 2600 712 2654 velit.
748 2599 876 2652 Nam
907 2599 950 2652 si
998 2614 1058 2653 ea
1103 2597 1288 2651 facturi
1317 2610 1502 2650 sumus
1522 2638 1536 2658 ,
1569 2611 1685 2664 qua:
1715 2595 1882 2663 ipsum
1912 2593 1976 2647 ad
2018 2593 2147 2646 iram

567 2698 890 2758 provocent,
921 2689 1183 2743 undenam
1211 2686 1558 2742 ostendemus
1593 2701 1690 2740 nos
1715 2685 1985 2755 gaudere?
2015 2685 2149 2739 Cum

566 2784 684 2851 quis
713 2782 854 2836 domi
877 2781 1106 2835 amicum
1135 2779 1332 2849 excipit
1354 2821 1369 2845 ,
1402 2793 1506 2832 non
1537 2778 1727 2832 videtis
1747 2775 2011 2846 quomodo
2031 2790 2150 2830 cum

569 2870 762 2940 gaudio
805 2871 984 2923 omnia
1022 2867 1217 2934 faciat,
1258 2867 1490 2936 undique
1519 2867 1981 2931 circumcursans,
2024 2864 2148 2919 nulli

563 2966 639 3020 rei
672 2978 897 3033 parcens
923 3003 937 3026 ,
968 2962 1174 3017 etiamsi
1203 2975 1338 3030 opus
1368 2960 1437 3014 sit
1479 2959 1756 3013 facultates
1791 2973 1979 3013 omnes
2021 2971 2149 3027 pro—

567 3057 820 3118 fundere;
869 3055 1026 3124 idque
1075 3063 1131 3107 ut
1173 3054 1345 3106 amico
1392 3052 1636 3121 placeat?
1665 3052 1815 3118 Quod
1857 3050 1898 3104 si
1941 3049 2150 3104 vocanti

565 3162 670 3200 non
698 3147 1112 3213 obtemperaret,
1144 3158 1314 3213 neque
1345 3142 1412 3196 ad
1442 3141 1560 3211 ejus
1591 3141 1840 3210 placitum
1867 3140 2044 3193 omnia
2075 3140 2151 3193 la—

564 3245 728 3298 ceret,
777 3234 985 3288 etiamsi
1031 3234 1223 3287 millies
1271 3234 1474 3287 diceret
1515 3248 1574 3287 se
1616 3232 1683 3286 de
1729 3231 1893 3300 ipsius
1921 3230 2152 3285 adventu

566 3325 763 3390 Letari,
809 3340 911 3378 non
955 3324 1135 3393 utique
1176 3322 1309 3378 ﬁdes
1337 3323 1383 3378 ei
1421 3322 1488 3376 ab
1518 3321 1726 3391 hospite
1753 3321 2068 3385 haberetur;
2099 3328 2153 3375 et

568 3419 757 3470 merito
785 3431 933 3470 sane.
965 3415 1094 3470 Illud
1128 3416 1271 3470 enim
1310 3415 1562 3484 operibus
1589 3414 1944 3469 exhibendum
1987 3423 2148 3469 esset.

569 3508 748 3575 Itaque
796 3508 914 3576 quia
945 3505 1188 3562 Christus
1213 3507 1277 3560 ad
1310 3521 1407 3560 nos
1445 3507 1618 3569 venit,
1663 3507 2006 3560 ostendamus
2054 3519 2152 3560 nos

566 3598 832 3669 gaudere,
888 3599 1123 3669 nihilque
1172 3597 1312 3668 quod
1359 3597 1424 3653 ad
1477 3598 1802 3652 iracundiam
1858 3613 2151 3668 provocare

1314 400 1370 454 S.
1403 389 1676 450 JO.\NNIS
1713 381 2182 443 CHRYSUSTUMI
2214 381 2526 436 Alitlllllil’.
2571 379 3100 435 CONSTANTINOP.

3762 381 3862 434 {1'3

2256 496 2422 563 possit
2452 495 2705 550 faciamus
2732 513 2744 560 ;
2787 510 3038 549 orucmus
3067 494 3282 549 domum
3319 494 3457 549 illam
3487 497 3536 548 in
3567 511 3736 565 quam
3766 501 3862 550 ad-

2255 587 2396 641 venit
2429 604 2440 640 :
2475 588 2572 640 hoc
2601 587 2944 657 gaudentium
2974 597 3056 641 est
3088 605 3098 639 :
3133 600 3461 656 appellamus
3490 587 3539 639 in
3569 587 3860 656 prandium

2259 677 2307 728 id
2339 679 2480 747 quod
2523 679 2619 748 ipsi
2665 680 2895 732 maxime
2927 679 3094 746 placet
3133 695 3143 730 :
3181 676 3282 730 hoc
3313 677 3706 731 exsultantium
3753 689 3858 734 est.

2253 770 2532 836 Quodnam
2578 785 2707 824 vero
2749 769 3026 840 prandium
3072 768 3199 822 illud
3244 768 3360 822 est?
3407 768 3522 838 Ipse
3553 769 3672 820 ait:
3710 767 3860 823 Meus

2253 864 2390 917 cibus
2411 875 2502 930 est,
2529 875 2582 917 ut
2613 863 2798 933 faciant
2821 863 3126 915 voluntatem
3153 862 3261 930 ejus
3285 862 3370 931 qui
3401 861 3534 913 misit
3565 877 3648 913 me
3671 859 3859 928 (Joan.

2253 954 2306 1006 4.
2339 954 2452 1023 54).
2493 955 2778 1008 Pascamus
2821 954 2996 1022 ipsum
3039 952 3403 1014 esurientem,
3445 964 3628 1020 potum
3663 952 3862 1005 demus

2253 1043 2492 1107 siticnli;
2525 1044 2568 1097 si
2603 1043 2684 1098 vel
2716 1058 2904 1113 aquam
2939 1042 3181 1112 frigidam
3215 1042 3430 1096 dederis
3455 1085 3468 1108 ,
3500 1043 3730 1109 accipiet
3761 1060 3774 1094 :
3810 1053 3861 1096 te

2254 1138 2451 1202 quippe
2477 1143 2652 1199 amat;
2683 1133 2840 1187 amici
2870 1147 2996 1186 vero
3023 1132 3159 1186 dona
3184 1174 3199 1197 ,
3245 1134 3585 1201 quantumvis
3615 1134 3813 1202 exigua
3840 1175 3858 1200 ,

2253 1228 2426 1280 amico
2455 1243 2640 1296 magna
2673 1226 2918 1280 videntur
2945 1241 3080 1280 esse.
3116 1225 3193 1279 Tu
3227 1240 3356 1280 vero
3383 1226 3554 1280 ευΙιιιιι
3584 1243 3649 1278 nc
3672 1227 3860 1295 segnis

2253 1327 2404 1383 esto;
2434 1320 2640 1374 etiamsi
2670 1318 2804 1374 duos
2846 1319 3034 1374 obolos
3060 1319 3399 1387 deposueris,
3432 1335 3536 1372 non
3578 1321 3859 1373 aversabi-

2257 1418 2372 1472 tur,
2412 1409 2507 1463 sed
2551 1420 2815 1480 tamquam
2849 1424 3068 1478 magnas
3096 1425 3226 1479 opes
3255 1410 3498 1479 accipiet.
3538 1411 3674 1465 Cum
3707 1413 3855 1465 enim

2255 1498 2397 1552 nullo
2437 1499 2702 1569 indigeat,
2751 1516 2924 1570 neque
2949 1501 3063 1556 hzec
3092 1501 3188 1570 ipsi
3223 1504 3525 1557 necessaria
3550 1503 3692 1564 sint,
3730 1501 3858 1571 jure

2257 1606 2360 1644 non
2407 1605 2688 1645 munerum
2739 1593 3194 1661 magnitudinem,
3243 1592 3337 1647 sed
3377 1593 3551 1647 dantis
3600 1595 3854 1662 proposi-

2257 1695 2365 1736 tum
2402 1691 2625 1752 spectat.
2658 1683 2885 1737 Tantum
2927 1683 3147 1738 ostende
3183 1692 3233 1738 te
3263 1684 3640 1739 adventantem
3677 1687 3858 1754 ipsum

2255 1789 2452 1837 amare,
2494 1783 2546 1828 te
2577 1790 2637 1829 ea
2670 1774 2736 1829 de
2766 1789 2925 1828 causa
2961 1774 3090 1828 nihil
3125 1789 3228 1828 non
3258 1789 3443 1843 agere,
3496 1785 3550 1830 te
3594 1776 3662 1831 de
3714 1793 3859 1845 prae-

2257 1867 2426 1921 sentia
2456 1867 2571 1936 ejus
2610 1869 2864 1937 gaudere.
2897 1867 3028 1922 Vide
3059 1868 3327 1936 quomodo
3373 1868 3461 1923 ille
3503 1883 3625 1938 erga
3680 1878 3732 1922 te
3784 1871 3859 1924 sit

2255 1957 2493 2013 aﬁ‘cetus.
2536 1957 2763 2026 Propter
2791 1968 2842 2012 te
2873 1958 3127 2025 advenit,
3160 1959 3392 2013 animum
3426 1975 3521 2028 pro
3551 1970 3601 2014 te
3625 1961 3810 2028 posuit
3842 1977 3855 2012 :

2258 2057 2308 2102 ct
2340 2061 2455 2116 post
2495 2058 2635 2102 tanta
2675 2049 2932 2104 beneﬁcia
2959 2065 3028 2104 ne
3065 2065 3253 2120 rogare
3279 2050 3493 2120 quidem
3526 2061 3576 2105 te
3617 2065 3856 2106 recusat.

2262 2138 2362 2192 Pro
2385 2140 2581 2194 Christo
2603 2141 2767 2206 enim,
2802 2141 2989 2211 inquit,
3011 2142 3260 2212 legatione
3281 2145 3565 2214 fungimur,
3596 2154 3858 2217 tamquam

2258 2229 2365 2284 Deo
2403 2231 2691 2285 obsecrante
2721 2249 2811 2302 per
2839 2250 2929 2288 nos
2959 2234 3032 2306 (‘2.
3071 2234 3188 2289 Cor.
3220 2236 3273 2290 5.
3303 2234 3396 2307 20)
3451 2236 3649 2307 Ecquis
3677 2238 3748 2291 ita
3777 2239 3858 2293 fu-

2257 2321 2431 2376 riosus
2462 2332 2562 2390 cst,
2611 2332 2667 2377 ut
2695 2324 2970 2379 dominum
3001 2339 3154 2380 suum
3187 2341 3293 2380 non
3321 2327 3500 2382 amet?
3522 2328 3634 2382 lloe
3670 2338 3727 2383 et
3755 2346 3861 2400 ego

2256 2412 2377 2467 dico
2403 2453 2416 2475 ,
2448 2413 2665 2482 scioque
2695 2425 2937 2468 nostrum
2963 2415 3200 2484 singulos
3227 2433 3330 2470 non
3354 2417 3512 2471 aliter
3543 2419 3714 2472 verbo
3749 2420 3858 2473 sal-

2259 2511 2362 2556 tem
2393 2511 2444 2556 et
2471 2513 2650 2556 mente
2681 2517 2934 2558 sensuros
2955 2519 3096 2560 esse.
3125 2505 3229 2560 Sed
3265 2523 3367 2561 non
3401 2508 3580 2563 verb's
3604 2518 3810 2564 tantum
3839 2552 3854 2574 ,

2256 2593 2348 2649 sed
2381 2593 2540 2648 etiam
2573 2594 2826 2663 operibus
2863 2596 2973 2650 vult
3000 2597 3046 2649 is
3071 2597 3159 2667 qui
3191 2607 3402 2652 amatur
3423 2614 3666 2653 amorem
3695 2602 3851 2655 exhi-

2258 2687 2389 2742 beri.
2423 2687 2553 2742 Nam
2580 2689 2623 2741 si
2656 2687 2726 2741 ita
2755 2688 2968 2758 quidem
2998 2689 3298 2760 loquamur,
3334 2706 3509 2761 neque
3535 2705 3857 2762 praeszcmus

2259 2778 2308 2831 id
2335 2777 2476 2847 quod
2513 2785 2756 2832 amantes
2803 2778 3008 2843 solent,
3053 2779 3274 2833 ridicula
3305 2795 3435 2835 sane
3465 2797 3552 2836 res
3598 2791 3714 2848 est,
3749 2798 3857 2838 non

2256 2869 2394 2938 apud
2422 2869 2586 2924 Deum
2619 2878 2819 2924 tantum
2842 2911 2856 2936 ,
2886 2870 2981 2925 sed
3018 2871 3177 2926 etiam
3209 2871 3348 2940 apud
3392 2871 3659 2929 homines.
3705 2875 3857 2942 Quo-

2259 2960 2399 3013 niam
2431 2960 2589 3029 igitur
2616 2959 2793 3014 verbis
2821 2969 3024 3016 tautum
3052 2960 3318 3028 conﬁteri,
3352 2972 3404 3016 ct
3434 2964 3595 3019 rebus
3625 2977 3855 3021 contra—

2261 3051 2335 3103 ria
2373 3060 2627 3119 prtestare
2651 3092 2664 3116 ,
2695 3065 2797 3105 non
2834 3052 3020 3107 inutile
3049 3053 3208 3108 modo
3229 3093 3244 3119 ,
3272 3053 3366 3108 sed
3388 3056 3551 3109 etiam
3580 3059 3857 3125 perniciu-

2259 3156 2376 3195 sum
2409 3150 2524 3207 est;
2556 3158 2684 3213 rogo
2703 3185 2716 3208 ,
2751 3143 3145 3201 confessionem
3175 3161 3269 3216 per
3291 3160 3450 3216 opera
3478 3149 3856 3214 exhibeamus,

2260 3243 2315 3288 ut
2347 3235 2460 3303 ipse
2492 3250 2590 3290 nos
2619 3235 2935 3290 conﬁteatur
2963 3237 3058 3291 illo
3083 3236 3170 3292 die
3191 3279 3205 3303 ,
3237 3237 3449 3307 quando
3476 3239 3619 3308 apud
3646 3241 3859 3298 Patrem

2257 3327 2471 3395 quinam
2520 3328 2663 3397 digni
2707 3329 2814 3383 sint
2852 3328 3230 3385 conﬁtebitur:
3265 3331 3316 3384 in
3345 3329 3558 3387 Christo
3589 3332 3720 3388 Jesu
3754 3336 3859 3390 Do-

2259 3417 2405 3470 mino
2427 3425 2611 3472 nostro
2631 3459 2645 3483 ,
2679 3434 2773 3488 per
2801 3434 2959 3489 quem
2995 3428 3050 3474 et
3082 3435 3204 3474 cum
3235 3436 3340 3490 quo
3369 3421 3512 3477 Patri
3541 3425 3712 3494 gloria
3737 3469 3750 3486 ,
3783 3429 3860 3480 si-

2260 3507 2473 3577 mulque
2495 3519 2680 3565 sancto
2707 3509 2948 3579 Spiritui,
2978 3526 3120 3566 nunc
3140 3521 3192 3565 et
3219 3525 3433 3583 semper
3454 3555 3468 3577 ,
3501 3524 3557 3569 et
3589 3517 3638 3568 in
3663 3519 3860 3573 saecula

2257 3602 2593 3655 szeculorum.
2625 3604 2815 3656 Amen.

581 3709 3886 3745 —_—————__—————————B—_——_————————————__

1921 3798 2268 3859 HOMILIA
2312 3797 2491 3860 XXI.

569 3952 656 4006 49.
691 3950 968 4020 Respondit
997 3949 1297 4004 Nat/tunae!
1317 3990 1332 4016 ,
1365 3960 1410 4004 et
1433 3952 1553 4003 dicit
1580 3952 1623 4004 ei
1651 3967 1667 4003 :
1695 3947 1877 4016 Rabbi,
1907 3959 1958 4003 tu
1981 3967 2031 4004 es
2063 3950 2154 4004 Fi-

639 4045 734 4096 lius
771 4042 899 4108 Dei,
932 4054 985 4096 tu
1024 4059 1074 4096 es
1101 4043 1212 4097 Rex
1250 4041 1432 4097 Israel.
1465 4041 1553 4097 50.
1582 4041 1858 4111 Respondit
1893 4040 2043 4095 Iesus
2065 4081 2081 4107 ,
2109 4053 2154 4094 et

640 4137 770 4189 dixit
795 4138 838 4189 ei
861 4152 879 4189 :
910 4136 1042 4202 Quia
1065 4136 1171 4189 dixi
1193 4135 1300 4200 tibi,
1339 4133 1454 4188 Vidi
1474 4141 1522 4189 te
1548 4135 1638 4188 sub
1666 4134 1784 4202 ﬁcu,
1818 4134 2016 4188 credis?
2049 4133 2153 4187 Ma-

636 4229 753 4295 jora
780 4227 857 4280 his
884 4225 1089 4280 videbis.
1653 4247 1657 4250 ·

645 4320 694 4370 l.
730 4317 890 4370 Multa
934 4319 1086 4371 nobis
1119 4332 1246 4370 cura
1289 4331 1424 4386 opus
1468 4325 1591 4382 est,
1628 4317 1836 4382 dilecti,
1869 4319 2157 4388 multisque

571 4410 762 4478 vigiliis
784 4449 797 4470 ,
830 4418 885 4462 ut
930 4424 1201 4463 sacrarum
1229 4408 1620 4478 Scripturarum
1646 4408 1966 4478 profundum
1993 4410 2158 4479 inspi-

572 4515 694 4553 cere
725 4499 1009 4568 possimus.
1054 4497 1235 4567 Neque
1266 4499 1408 4552 enim
1456 4500 1627 4567 supini
1676 4499 1758 4553 vel
1809 4499 2158 4561 dormitantes

573 4605 858 4659 possumus
884 4590 998 4658 ejus
1028 4603 1184 4643 sensa
1212 4589 1505 4658 percipere,
1540 4589 1632 4644 sed
1655 4604 1788 4659 opus
1809 4600 1889 4645 est
1911 4599 2157 4646 accurato

575 4681 843 4745 examine,
875 4679 1213 4748 assiduisque
1243 4679 1510 4748 precibus,
1545 4689 1601 4732 ut
1631 4681 1713 4733 vel
1744 4679 2008 4734 tantillum
2036 4695 2158 4749 pos-

577 4770 744 4822 simus
774 4769 823 4822 iu
849 4785 998 4822 sacra
1033 4770 1122 4822 illa
1151 4771 1402 4840 mysteria
1438 4780 1736 4838 penetrare.
1769 4772 1906 4826 Ecce
1931 4787 2160 4840 namque

579 4859 738 4913 hodie
781 4874 884 4912 non
933 4859 1063 4913 levis
1094 4860 1250 4913 nobis
1289 4859 1512 4928 quaestio
1543 4861 1884 4929 proponitur,
1920 4860 2013 4915 sed
2044 4876 2161 4929 quae

576 4953 740 5006 multa
789 4961 940 5022 egeat
991 4951 1301 5021 diligentia,
1357 4951 1517 5004 multa
1572 4953 1974 5023 perquisitione.
2028 4951 2160 5007 Cum

577 5041 871 5096 Nathanael
905 5042 1070 5106 dicit,
1114 5041 1193 5095 Tu
1221 5059 1270 5094 es
1298 5041 1465 5095 Filius
1496 5041 1630 5106 Dei;
1674 5044 1960 5112 respondet
2002 5043 2158 5098 Citri-

578 5143 714 5199 stus,
763 5134 896 5199 Quia
939 5135 1046 5188 dixi
1072 5133 1190 5199 tibi,
1231 5134 1347 5186 Vidi
1369 5145 1414 5189 te
1437 5135 1526 5188 sub
1556 5136 1656 5203 ﬁcu
1683 5177 1696 5202 ,
1724 5137 1926 5191 credis?
1959 5135 2162 5207 Majora

581 5226 658 5278 Itis
679 5226 882 5281 videbis.
913 5226 1048 5294 Quid
1075 5227 1328 5295 quaeritur
1353 5229 1490 5281 circa
1525 5230 1793 5295 praemissa
1825 5231 2023 5284 verba?
2055 5230 2162 5285 Cur

585 5317 775 5372 Petrus
805 5328 920 5386 post
946 5328 1086 5372 tanta
1110 5319 1363 5373 miracula
1394 5320 1409 5350 ¹
1439 5361 1454 5384 ,
1487 5330 1606 5387 post
1635 5330 1831 5374 tantam
1860 5326 2159 5390 susceptam

581 5408 898 5474 doctrinam,
950 5408 1026 5462 sic
1074 5409 1372 5474 confessus,
1409 5410 1485 5463 Tu
1525 5427 1574 5464 es
1621 5409 1786 5465 Filius
1818 5411 1943 5476 Dei,
1977 5412 2164 5467 beatus

580 5501 920 5568 praedicatur,
970 5510 1152 5570 utpote
1200 5503 1284 5555 cui
1324 5502 1483 5556 Pater
1517 5502 1628 5557 lucc
1669 5505 2026 5570 revelaverit;
2057 5503 2160 5558 Na-

649 5661 662 5690 ¹
701 5659 756 5708 In
778 5660 940 5707 Morel.
971 5655 1047 5706 hic
1071 5660 1138 5707 sic
1159 5659 1359 5708 elfertur
1385 5659 1596 5709 locus...
1619 5678 1640 5704 ι
1660 5660 1898 5710 ridebis».
1927 5659 2062 5711 Multi
2078 5662 2163 5712 hoc

582 5721 756 5782 Christi
795 5733 1078 5782 responsum
1117 5721 1383 5780 audientes,
1410 5724 1637 5779 ancipites
1683 5724 1865 5772 luerent
1910 5725 2116 5775 d'centes
2146 5738 2162 5772 :

585 5781 703 5837 Quid
727 5781 885 5843 ergo?
906 5789 1091 5842 Petrus,
1116 5790 1214 5844 post
1240 5789 1369 5830 tanta
1389 5784 1635 5840 miracula,
1658 5791 1750 5833 etc.

2264 3949 2472 4006 thanael
2509 3966 2634 4006 vero
2666 3951 2754 4022 qui
2803 3962 2927 4007 ante
2969 3953 3117 4023 signa
3143 3996 3157 4018 ,
3189 3964 3314 4010 ante
3339 3956 3640 4010 doetrinam
3669 3997 3684 4023 ,
3716 3957 3860 4012 idem

2261 4043 2432 4112 ipsum
2461 4053 2543 4098 est
2569 4044 2839 4113 l0quutus,
2874 4045 3004 4098 nihil
3030 4045 3133 4100 tale
3159 4045 3384 4114 audivit,
3415 4047 3509 4101 sed
3541 4048 3694 4118 quasi
3721 4049 3859 4104 nihil

2260 4143 2460 4188 tantum
2489 4135 2730 4202 dixisset,
2755 4145 3007 4206 quantum
3036 4152 3169 4206 opus
3197 4147 3331 4204 erat,
3359 4139 3423 4192 ad
3455 4141 3659 4207 majora
3689 4142 3862 4196 mitti-

2260 4227 2384 4279 tur?
2423 4224 2560 4291 Quid
2591 4226 2749 4294 igitur
2789 4227 2842 4280 in
2881 4241 3039 4281 causa
3071 4227 3199 4282 est?
3228 4227 3360 4294 Quia
3402 4227 3590 4282 eadem
3641 4230 3863 4299 quidem

2263 4316 2424 4369 verba
2457 4316 2658 4383 loquuti
2702 4325 2826 4371 sunt
2856 4317 3044 4372 Petrus
3073 4327 3127 4372 et
3171 4317 3464 4372 Natbanael
3488 4359 3501 4381 ,
3535 4335 3634 4374 nec
3681 4331 3864 4376 tamen

2264 4405 2452 4460 eodem
2481 4416 2699 4474 uterque
2725 4422 2906 4462 sensu.
2945 4406 3051 4463 Sed
3084 4409 3271 4463 Petrus
3312 4408 3528 4479 quidem
3576 4412 3865 4467 confessus

2264 4507 2347 4553 est
2367 4514 2490 4553 eum
2514 4498 2704 4553 Filium
2738 4500 2852 4567 Dei,
2888 4511 2944 4555 ut
2972 4517 3155 4554 verum
3187 4500 3378 4566 Deum,
3412 4501 3708 4557 Nathanael
3731 4519 3866 4558 vero

2264 4592 2560 4662 simplicem
2590 4592 2884 4646 hominem.
2915 4593 2978 4646 Et
3006 4593 3274 4647 undenam
3299 4593 3350 4648 id
3377 4594 3530 4648 nobis
3549 4595 3752 4664 liquet?
3782 4596 3865 4651 Ex

2264 4683 2628 4749 sequentibus.
2658 4683 2946 4752 Postquam
2975 4683 3108 4737 dixit
3133 4685 3299 4751 enim,
3335 4684 3411 4738 Tu
3438 4702 3489 4739 es
3519 4684 3692 4740 Filius
3723 4686 3820 4741 Dei
3845 4730 3860 4751 ,

2266 4772 2498 4836 addidit,
2549 4783 2602 4826 tu
2650 4793 2699 4829 es
2749 4773 2860 4828 Rea:
2904 4772 3090 4829 Israel.
3139 4775 3306 4830 Filius
3345 4787 3522 4831 autem
3574 4777 3703 4842 Dei,
3751 4795 3863 4833 non

2268 4863 2475 4918 lsraelis
2506 4874 2706 4919 tantum
2733 4907 2746 4931 ,
2777 4865 2870 4920 sed
2897 4866 3058 4920 etiam
3091 4867 3235 4920 orbis
3264 4867 3426 4921 totius
3457 4856 3573 4920 Rex
3615 4877 3722 4922 est.
3753 4869 3867 4924 Ne-

2266 4971 2368 5026 que
2395 4955 2515 5010 inde
2543 4957 2712 5010 solum
2741 4957 2790 5011 id
2822 4957 2994 5026 palam
3026 4967 3109 5011 est
3129 4999 3142 5021 ,
3173 4958 3267 5013 sed
3293 4960 3453 5013 etiam
3481 4974 3546 5014 ex
3579 4965 3866 5030 sequenti-

2267 5051 2383 5104 bus.
2416 5049 2574 5103 Petro
2604 5065 2835 5118 namque
2880 5050 3008 5103 nihil
3053 5051 3189 5104 ultra
3222 5051 3418 5120 adjecit
3451 5051 3720 5120 Christus,
3765 5058 3868 5113 sed

2266 5140 2417 5210 quasi
2469 5140 2600 5193 ﬁdes
2651 5141 2769 5210 ejus
2820 5141 3049 5210 perlecta
3096 5153 3277 5208 esset,
3321 5143 3613 5198 Ecclesium
3643 5146 3774 5202 dicit
3807 5166 3866 5204 se

2266 5245 2428 5299 super
2455 5233 2844 5286 confessionem
2877 5232 2992 5300 ejus
3022 5231 3409 5286 azdiﬁcaturum
3434 5247 3572 5288 esse.
3610 5233 3708 5289 llic
3734 5253 3869 5293 vero

2268 5322 2398 5376 nihil
2449 5321 2774 5389 bujusmodi,
2826 5322 2932 5374 imo
2981 5324 3308 5376 contrarium
3365 5324 3641 5378 observes.
3696 5327 3866 5392 Quasi

2267 5412 2410 5467 enim
2438 5412 2706 5467 confessio
2737 5412 2822 5465 illa
2857 5414 3063 5481 potiore
3090 5414 3171 5468 sui
3211 5424 3367 5483 parte
3407 5415 3697 5482 deliceret,
3733 5423 3869 5475 reli-

2269 5519 2372 5573 qua
2421 5503 2677 5558 subdidit.
2721 5504 2858 5571 Quid
2899 5506 3040 5559 enim
3071 5507 3183 5560 ait?
3216 5507 3304 5560 51.
3337 5507 3530 5572 Amen,
3562 5525 3715 5565 amen
3750 5514 3870 5569 dico

2270 5594 2404 5648 vobis
2429 5611 2448 5648 :
2476 5597 2659 5650 antodo
2685 5597 2914 5650 videbitis
2944 5599 3124 5651 cazlum
3153 5608 3385 5667 apertum
3408 5640 3423 5666 ,
3453 5609 3499 5655 et
3531 5605 3739 5673 angelos
3770 5609 3867 5660 1)ιεὶ

2272 5689 2592 5743 ascendentes
2638 5699 2683 5743 et
2715 5690 3066 5744 descendentes
3093 5708 3243 5761 super
3281 5691 3473 5747 Filium
3499 5695 3737 5751 hominis.
3772 5699 3864 5752 \‘i-

2275 5780 2392 5834 dcn’
2429 5781 2699 5849 quomodo
2741 5781 2888 5837 illum
2925 5784 3173 5850 paulatim
3212 5785 3278 5840 de
3307 5797 3446 5841 terra
3474 5789 3672 5860 erigat,
3705 5803 3756 5842 et
3796 5808 3865 5846 eo
