4048 6448
169 378 270 435 H9

161 491 432 555 deduzat,
485 504 554 542 ne
604 487 780 557 ipsum
832 493 1102 552 tamquam
1146 477 1444 547 simplicem
1491 473 1766 526 hominem

158 578 426 651 efﬁngat?
450 578 500 634 Is
523 579 667 632 enim
695 576 779 632 cui
807 573 982 645 angeli
1012 569 1275 632 serviunt,
1301 581 1463 635 super
1488 576 1647 634 quem
1673 575 1771 613 au-

158 675 269 746 geli
334 670 639 728 ascendunt
699 680 753 724 ct
808 663 1185 726 descendunt,
1252 676 1358 731 quo
1409 666 1566 729 pacto
1614 654 1774 707 homo

161 767 367 823 fuerit?
393 766 520 822 Ideo
547 765 702 824 dixit,
729 761 935 834 Majora
957 760 1035 814 his
1056 755 1280 819 videbis;
1307 751 1449 825 quod
1472 749 1771 820 ettplicaus,

159 856 482 928 angelorum
530 851 888 909 ministerium
935 847 1141 911 attulit;
1192 861 1258 900 ac
1302 846 1348 898 si
1390 841 1631 897 diceret:
1665 835 1778 893 Ma-

160 960 331 1017 gnum
364 945 459 1001 tibi
490 945 591 997 hnc
619 940 831 997 videtur
851 981 865 1005 ,
903 954 936 994 0
963 934 1255 992 Nathanael
1278 974 1293 997 ,
1341 931 1573 1001 ideoque
1603 942 1690 982 tne
1720 934 1781 980 ut

168 1039 391 1094 lsrarlis
436 1035 637 1106 Regem
684 1030 966 1089 confessus
1005 1045 1065 1084 es
1109 1046 1124 1084 :
1169 1026 1295 1097 quid
1324 1040 1453 1094 ergo
1480 1022 1626 1077 dices
1653 1034 1775 1073 cum

164 1132 367 1187 videris
407 1129 626 1199 angelos
646 1141 808 1195 super
845 1140 932 1180 me
967 1121 1318 1179 asot'ndentes
1350 1126 1406 1174 et
1445 1112 1779 1171 descenden-

163 1227 286 1283 tes?
318 1224 401 1278 bis
430 1222 507 1277 illi
540 1221 791 1286 suadens,
814 1230 872 1272 ut
893 1232 953 1273 se
978 1215 1290 1286 angelorum
1312 1211 1474 1266 etiam
1496 1207 1779 1263 Dominum

164 1318 514 1375 conﬁteatur.
565 1314 699 1370 Nam
746 1311 898 1383 quasi
927 1308 993 1365 ad
1034 1307 1325 1379 genuinum
1373 1301 1537 1373 Regis
1575 1297 1776 1363 ﬁlium,

164 1413 247 1468 sic
286 1408 685 1467 descendebant
715 1415 769 1461 et
808 1402 1170 1460 ascendebant
1209 1395 1442 1453 ministri
1475 1391 1643 1462 regii,
1678 1389 1781 1444 hoc

167 1502 338 1558 modo
366 1512 610 1571 tempore
638 1496 845 1561 crucis,
880 1495 971 1549 illo
1001 1501 1177 1547 autem
1212 1491 1264 1544 in
1294 1484 1693 1543 resurrectione
1726 1488 1782 1571 et

166 1570 521 1657 ascensione,
557 1592 665 1645 imo
703 1598 858 1642 antea
883 1628 897 1653 ,
932 1583 1149 1656 quando
1180 1584 1565 1638 accesserunt,
1597 1581 1652 1627 et
1679 1570 1779 1625 tui—

168 1684 475 1742 nistrabant
518 1683 605 1748 ei,
650 1680 866 1785 putando
912 1678 1080 1747 ipsius
1125 1674 1333 1729 natales
1376 1666 1774 1741 praedicabant,

338 1776 353 1785 ι
449 1775 463 1785 .
595 1774 607 1785 -
706 1780 717 1785 -
788 1768 849 1785 ιε.
918 1773 928 1784 α
993 1769 1003 1780 ο
1080 1784 1083 1785 ν
1120 1765 1276 1785 ,__l__'_
1325 1761 1422 1785 Ιὶ--
1503 1768 1542 1785 ,ι
1569 1760 1619 1785 ἒ..
1651 1767 1774 1785 [κομι-ι

169 1776 392 1847 quando
416 1760 753 1837 elamaba’nt,
784 1768 962 1825 Gloria
987 1769 1039 1821 in
1065 1765 1277 1821 excelsis
1315 1761 1424 1816 Deo
1450 1804 1463 1826 ,
1497 1768 1542 1814 et
1569 1760 1621 1811 in
1649 1767 1781 1809 terra

168 1885 280 1939 pax
324 1865 495 1939 (Luc.
544 1863 601 1919 Ξ.
645 1864 712 1918 M
739 1862 757 1933 )
787 1880 800 1916 :
834 1857 1049 1932 quando
1096 1856 1161 1910 ad
1206 1855 1429 1910 Mariam
1479 1856 1778 1917 venerunt,

169 1959 394 2030 quando
423 1958 491 2013 ad
518 1955 832 2026 .loseplmm.
865 1951 1017 2021 Quod
1049 1965 1194 2019 sarpe
1236 1948 1473 2009 fecerat,
1523 1959 1663 1999 nunc
1706 1943 1782 1995 la-

168 2052 265 2106 cit.
299 2051 415 2105 Duo
463 2048 736 2119 praedicit,
766 2053 819 2101 et
854 2043 1078 2099 alterius
1104 2040 1361 2096 indicium
1393 2038 1518 2101 dat,
1550 2035 1780 2090 alterunt

167 2160 236 2200 es
269 2144 369 2198 hoc
402 2142 687 2198 conﬁrmat
733 2139 992 2195 futurum.
1027 2135 1109 2192 Ex
1140 2149 1305 2205 supra
1338 2132 1517 2187 dictis.
1544 2129 1645 2183 alia
1669 2128 1780 2198 jant

166 2235 537 2290 detnonStrata
572 2232 802 2295 fuerant,
831 2229 992 2299 quale
1021 2227 1148 2282 illud
1195 2234 1314 2282 erat
1376 2233 1502 2278 ante
1546 2220 1781 2291 Philippi

168 2334 533 2388 voc-Lenem,
575 2323 691 2377 l’idi
720 2333 768 2377 te
792 2302 885 2377 sub
914 2323 1015 2390 ﬁcu
1038 2336 1058 2386 ;
1084 2319 1190 2373 alia
1219 2328 1477 2373 eventura
1502 2323 1693 2379 erant,
1728 2320 1783 2367 et

166 2436 234 2473 ex
270 2428 422 2488 parte
448 2425 783 2480 evenerant,
815 2414 1128 2485 angelorum
1160 2424 1357 2479 nempe
1398 2408 1693 2463 dCSCCnallS
1729 2414 1784 2460 et

166 2526 431 2566 ascensus
460 2526 473 2573 ;
511 2511 559 2563 in
588 2522 770 2571 cruce,
804 2507 856 2561 in
884 2504 1302 2567 resurrectione,
1338 2502 1391 2555 in
1418 2499 1737 2555 ascensione
1766 2515 1780 2553 :

167 2603 256 2657 cui
286 2603 363 2658 rei
392 2619 455 2657 ex
489 2600 762 2671 przedictis
796 2599 953 2653 ﬁdem
982 2597 1127 2660 facit,
1168 2596 1330 2651 etiam
1356 2604 1479 2648 ante
1507 2602 1779 2648 eventum.

166 2692 307 2749 Nam
352 2694 439 2763 qui
475 2693 587 2762 jam
630 2692 681 2745 in
726 2689 1014 2760 praeteritis
1050 2687 1169 2757 ejus
1216 2686 1474 2740 virtutem
1520 2681 1780 2753 agnovit,

168 2785 349 2851 futura
395 2785 437 2838 si
489 2783 690 2843 audiat,
749 2780 957 2835 facilius
985 2778 1233 2848 accipiet.
1266 2776 1405 2843 Quid
1429 2791 1559 2844 ergo
1588 2773 1784 2827 Nutha-

168 2877 339 2932 nael?
371 2877 507 2932 Nihil
543 2875 608 2930 ad
645 2877 745 2929 hoc
771 2872 1067 2942 reSpoudit.
1096 2870 1218 2927 Ideo
1242 2870 1492 2925 Christus
1514 2870 1598 2922 hic
1621 2867 1781 2921 linem

163 2967 386 3024 dicendi
414 2967 560 3030 facit,
591 2966 776 3020 sinans
808 2965 959 3019 illunt
985 2963 1126 3018 dicta
1167 2976 1353 3019 secum
1382 2970 1655 3030 reputare,
1682 2972 1780 3013 ncc

165 3059 360 3114 volens
405 3057 586 3113 omnia
615 3058 795 3111 statim
838 3053 1117 3110 eminderc
1141 3096 1156 3121 ,
1198 3053 1293 3108 sed
1321 3052 1472 3123 jaeto
1499 3052 1553 3107 in
1587 3051 1781 3105 bonam

167 3160 373 3208 terram
398 3150 606 3206 semine
629 3189 644 3213 ,
668 3148 795 3203 sinit
821 3162 940 3202 eam
971 3146 1175 3202 fruetus
1202 3161 1299 3215 per
1328 3144 1495 3199 otium
1521 3144 1782 3214 proferre.

170 3244 231 3300 ω
260 3242 403 3314 quod
427 3242 551 3297 alibi
579 3242 658 3297 sic
686 3240 1001 3297 declarabat
1036 3256 1048 3293 :
1078 3238 1262 3293 Simile
1291 3247 1364 3292 est
1387 3254 1599 3309 regnum
1625 3236 1783 3291 caelo-

166 3354 287 3393 rum
327 3337 542 3399 homini,
591 3336 679 3402 qui
715 3333 982 3389 seminavit
1001 3331 1191 3385 bonum
1231 3348 1417 3387 semen.
1458 3329 1588 3385 Cum
1617 3340 1786 3383 autent

164 3431 438 3495 dormiret,
471 3429 602 3482 venit
629 3428 862 3481 inimicus
890 3425 1001 3496 ejus
1022 3465 1036 3488 ,
1070 3433 1115 3477 et
1146 3423 1565 3491 supersemiuavit
1586 3421 1787 3476 zizania

167 3525 224 3577 in
238 3521 404 3574 medio
420 3519 573 3573 tritici
594 3516 806 3587 (Matth.
830 3516 1023 3571 ωλι.
1048 3513 1159 3583 25).
1187 3514 1336 3586 (Cap.
1355 3513 1411 3585 ἓ)
1456 3515 1503 3567 1.
1530 3512 1622 3566 Die
1640 3513 1788 3565 tertia

168 3614 367 3685 nuptiu'
389 3618 538 3683 facta:
553 3621 669 3665 sunt
687 3611 738 3664 in
759 3608 897 3664 Cana
917 3607 1166 3663 Guliheat.
1185 3607 1240 3661 2.
1253 3605 1314 3660 Et
1333 3616 1536 3661 vocatus
1553 3605 1789 3659 estJesus

169 3710 244 3766 ad
270 3709 497 3778 nuptias.
527 3705 655 3759 Erat
685 3714 853 3757 autem
887 3714 1053 3755 uniter
1085 3700 1211 3755 Jesu
1243 3699 1333 3765 ibi,
1371 3710 1415 3752 et
1445 3700 1631 3770 fratres
1652 3699 1785 3768 ejus.

170 3805 294 3862 Jam
325 3801 434 3856 dixi
470 3816 592 3854 enat
634 3799 684 3851 in
712 3797 932 3853 Galilzea
964 3794 1229 3863 notiorem
1261 3791 1462 3857 fuisse;
1498 3807 1663 3862 quare
1696 3806 1788 3846 vo.

172 3904 301 3951 cant
322 3908 447 3949 eum
480 3891 543 3944 ad
574 3890 808 3959 nuptias,
840 3888 1062 3958 ipseque
1083 3885 1256 3940 adest.
1285 3884 1401 3939 Non
1434 3888 1576 3939 enim
1610 3883 1675 3937 ad
1707 3882 1790 3938 di-

174 3990 439 4060 gnitatem
485 3999 635 4037 suam
685 3980 1042 4051 respiciebat,
1076 3977 1170 4033 sed
1219 3986 1337 4032 erat
1365 3976 1431 4031 ad
1465 3975 1786 4032 beneﬁcium

176 4080 337 4137 nobis
379 4075 721 4133 inferendum
769 4081 1006 4144 paratus.
1038 4071 1170 4126 Nam
1198 4074 1289 4141 qui
1333 4086 1437 4125 non
1468 4069 1789 4140 dedignatus

174 4184 261 4232 est
287 4174 515 4231 formant
544 4172 684 4226 servi
712 4169 979 4238 accipere,
1013 4166 1181 4220 tnulto
1211 4165 1387 4219 minus
1413 4164 1792 4234 dedignabitur

175 4266 245 4323 ad
275 4266 490 4335 nuptias
515 4276 796 4317 servorum
850 4258 1034 4312 venire
1061 4275 1074 4321 ;
1106 4256 1195 4327 qui
1240 4271 1362 4310 cum
1405 4255 1707 4325 publicanis
1736 4264 1791 4309 et

180 4356 555 4430 peccatoribus
581 4352 919 4418 versabatur,
954 4350 1126 4404 multo
1157 4349 1337 4404 minus
1368 4348 1639 4403 recusabit
1662 4364 1785 4403 eunt

182 4451 421 4507 invitatis
449 4447 515 4501 ad
547 4446 761 4515 nuptias
789 4442 1130 4498 recumbere.
1161 4440 1263 4507 Qui
1301 4448 1644 4505 vocaverant,
1673 4456 1779 4494 non

180 4552 572 4613 ctu-grueutent
617 4539 686 4594 de
735 4538 828 4592 illo
866 4536 1176 4606 opinionem
1211 4535 1499 4599 habebant,
1531 4541 1791 4604 nequeut

181 4648 436 4704 magnum
467 4631 775 4702 quempiam
807 4628 979 4682 virum
1012 4626 1331 4690 invitabant,
1362 4625 1455 4681 sed
1487 4638 1544 4680 ut
1575 4626 1793 4695 popula-

183 4742 297 4781 rem
342 4732 398 4780 et
439 4723 538 4777 sibi
582 4730 787 4776 notum.
821 4720 888 4775 Et
931 4719 1034 4774 huc
1072 4718 1428 4772 subindicavit
1462 4718 1788 4788 evangelista

181 4822 415 4876 dicens:
449 4818 573 4870 Erat
616 4827 784 4870 autem
830 4825 990 4868 mater
1029 4812 1156 4867 Jesu
1204 4813 1290 4875 ibi,
1339 4822 1384 4865 et
1432 4811 1617 4879 fratres
1657 4812 1788 4882 ejus.

181 4908 653 4982 Quemadmodum
686 4908 828 4961 illam
860 4914 915 4961 et
958 4904 1152 4959 fratres
1187 4904 1305 4972 ejus
1330 4943 1345 4968 ,
1392 4902 1459 4957 ita
1504 4912 1557 4957 et
1605 4902 1789 4957 .lesuut

184 5008 528 5060 vocaverant.
560 5002 612 5056 '5.
651 4998 709 5052 Et
742 4998 1004 5066 deﬁciente
1040 4996 1155 5051 vino
1192 4995 1317 5049 dicit
1362 5005 1523 5049 mater
1567 4996 1676 5066 ejus
1723 4994 1792 5049 ad

182 5113 299 5151 cum
332 5113 351 5148 :
392 5091 581 5146 Vinum
627 5108 728 5145 non
773 5089 979 5143 habent.
1014 5089 1109 5143 llic
1131 5088 1255 5158 jure
1282 5098 1557 5158 quaeratur
1588 5107 1601 5140 :
1639 5086 1793 5144 Unde

185 5187 344 5243 matri
376 5185 431 5240 in
461 5194 694 5239 mentem
719 5182 880 5238 subiit
906 5182 1030 5253 quid
1063 5198 1311 5250 maguum
1338 5181 1403 5235 de
1427 5167 1786 5250 ﬁlio\0piuari:

186 5281 397 5335 nullunt
428 5278 572 5332 enim
599 5275 778 5331 adhuc
820 5275 1029 5344 signum
1075 5272 1273 5328 fecerat
1307 5290 1320 5325 :
1348 5289 1467 5326 nam
1504 5271 1616 5326 Hoc
1648 5275 1789 5345 fecit,

187 5371 379 5442 inquit,
409 5369 610 5423 initium
628 5364 1055 5437 signorumJesus
1092 5364 1295 5420 iuCunu
1325 5363 1555 5419 Gulilww
1570 5368 1642 5435 (υ.
1674 5366 1731 5420 Η
1750 5370 1787 5431 ).

255 5467 311 5520 '2.
337 5463 572 5521 Christus
599 5480 699 5517 non
728 5463 778 5515 in
808 5461 1046 5530 primwvu
1068 5471 1214 5514 (etate
1241 5461 1491 5515 miracula
1522 5461 1745 5530 patravit
1771 5476 1789 5524 ,'

185 5563 343 5614 trium
385 5570 637 5610 uariorum
690 5554 854 5624 spatio
896 5551 1159 5605 miraculis
1207 5554 1485 5607 celebratus
1524 5560 1615 5607 est.
1647 5551 1790 5620 Quo-

186 5652 339 5706 modo
372 5649 543 5706 Maria
587 5647 683 5718 filii
713 5648 864 5701 ctiam
896 5647 1039 5716 pueri
1069 5647 1387 5700 divinitatem
1417 5648 1668 5718 suspicari
1692 5665 1787 5717 ρον

187 5744 355 5797 tuerit.
390 5740 608 5808 Quando
637 5740 928 5810 parentibus
954 5739 1580 5808 obsequendum.«Quod
1610 5744 1650 5794 si
1670 5742 1790 5812 quis

190 5837 391 5895 dixerit
426 5876 441 5901 ,
476 5851 583 5890 non
616 5835 863 5891 idOltClllll
910 5831 1008 5887 hor
1041 5849 1159 5890 esse
1190 5846 1565 5906 argumentum
1599 5879 1611 5899 ,
1643 5832 1784 5903 quod

1174 367 1237 423 IN
1277 360 1591 421 ιυΑΝΝιίδι
1637 355 1873 413 llOMlL.
1919 354 2059 411 XXI.
2101 358 2173 411 al.
2219 354 2312 411 XX

3390 354 3489 406 {3'1

1887 486 2015 543 illud
2042 488 2113 543 sit
2137 487 2347 542 initium
2377 488 2655 557 signorum
2691 528 2704 551 ,
2730 504 2795 542 eo
2826 488 2967 557 quod
2999 488 3240 541 additum
3267 488 3332 542 sit
3365 529 3381 553 ,
3421 487 3485 541 lu

1882 578 2024 631 (Sana
2047 576 2319 643 Catilinae;
2344 578 2495 649 quasi
2524 577 2628 657 hoc
2660 577 2889 648 prinuun
2919 578 2987 633 ibi
3013 576 3212 633 factum
3240 578 3312 632 sit
3336 618 3350 645 ,
3385 595 3485 634 nec

1883 681 2061 727 tanien
2087 671 2333 726 absolute
2371 672 2604 742 primum
2630 688 2643 738 ;
2679 672 2972 727 verisimile
2997 673 3201 742 quippe
3228 678 3309 726 est
3338 669 3488 726 illunt

1883 766 2008 820 alibi
2032 765 2133 819 alia
2161 764 2357 821 fecisse
2387 782 2400 819 :
2436 763 2885 835 respondebimus
2907 763 2956 819 ei
2986 763 3038 818 id
3070 762 3212 834 quod
3240 764 3351 833 jam
3379 770 3493 833 prio

1883 870 1975 912 mo
2000 855 2254 911 diximus.
2281 854 2566 924 Quodnam
2587 855 2714 910 illud
2736 855 2858 911 est?
2882 854 2939 909 ld
2971 853 3115 925 quod
3129 854 3204 909 ait
3231 853 3489 909 Joannes:

1886 947 1999 1023 Ego
2051 958 2228 1003 autent
2274 948 2560 1004 nesciebam
2600 965 2714 1002 eum
2745 964 2765 1014 ,°
2792 930 2889 1002 sed.
2929 956 2981 1001 ut
3036 946 3390 1015 manifestetur
3438 947 3494 1000 in

1886 1041 2056 1098 Israel
2076 1083 2089 1107 ,
2121 1051 2393 1114 prapterea
2436 1042 2548 1097 veni
2597 1058 2689 1113 ego
2718 1042 2771 1095 in
2787 1056 2923 1112 aqua
2952 1039 3239 1111 baptizans.
3272 1037 3406 1094 Nam
3448 1040 3494 1093 si

1889 1134 1940 1189 itt
1974 1134 2229 1205 primaeva
2269 1143 2430 1189 astate
2462 1135 2717 1189 miracula
2746 1133 3009 1189 edidisset
3042 1176 3059 1203 ,
3093 1149 3199 1187 non
3231 1148 3367 1202 opus
3400 1134 3495 1187 ha-

1888 1227 2134 1284 buissent
2173 1225 2429 1283 israelita:
2454 1226 2626 1281 altero
2652 1268 2665 1291 ,
2690 1226 2778 1298 qui
2830 1226 3004 1296 ipsum
3064 1225 3345 1281 indicaret.
3390 1224 3495 1295 Qui

1885 1323 2032 1376 enim
2058 1334 2182 1375 cum
2208 1321 2292 1375 vir
2319 1320 2491 1375 factus
2520 1328 2704 1384 esset,
2739 1319 2811 1373 ita
2841 1334 2905 1374 ex
2940 1318 3219 1373 miraculis
3243 1318 3494 1374 celebta-

1891 1422 1977 1468 tus
1998 1420 2098 1478 est,
2133 1428 2240 1466 non
2269 1413 2320 1466 in
2355 1412 2539 1468 Judzea
2566 1420 2772 1467 tantum
2794 1454 2809 1480 ,
2844 1411 2938 1467 sed
2965 1412 3126 1467 etiam
3162 1413 3213 1466 in
3243 1410 3485 1482 Syria-et

1891 1503 2028 1558 ultra
2055 1521 2069 1571 ;
2100 1503 2261 1574 idque
2305 1504 2463 1559 trium
2495 1512 2699 1557 tantum
2731 1517 2997 1558 annorum
3028 1502 3204 1573 spatio
3238 1521 3251 1556 :
3288 1504 3395 1557 itno
3428 1519 3497 1557 ne

1893 1596 2062 1652 tribus
2100 1596 2319 1666 quidem
2366 1596 2524 1651 annis
2571 1594 2641 1651 ad
2689 1596 2883 1650 tamam
2928 1609 3066 1665 opus
3112 1595 3338 1658 habuit;
3392 1597 3487 1652 ςικι

1890 1704 2049 1759 quam
2096 1688 2332 1757 primum
2361 1687 2499 1742 fama
2531 1688 2649 1759 ejus
2682 1688 2882 1758 ubique
2912 1702 3203 1759 pervagata
3240 1698 3325 1743 est
3358 1707 3370 1743 :
3406 1691 3497 1759 qui

1891 1794 2021 1848 ergo
2054 1788 2161 1834 tam
2197 1778 2345 1835 brevi
2377 1780 2552 1849 spatio
2576 1780 2834 1850 temporis
2861 1779 2929 1835 ob
2948 1782 3331 1838 miraculorum
3362 1782 3501 1835 mul-

1893 1869 2176 1925 titudinem
2206 1858 2277 1924 ita
2301 1870 2493 1925 claruit
2523 1911 2537 1936 ,
2570 1878 2627 1925 ut
2657 1887 2851 1925 nomen
2883 1870 3002 1941 ejus
3027 1871 3279 1926 omnibus
3311 1883 3498 1926 notum

1892 1970 2037 2017 esset
2066 1978 2079 2028 ;
2111 1962 2283 2016 multo
2315 1962 2484 2034 magis
2511 1962 2556 2017 si
2580 1962 2757 2019 adhuc
2776 1940 3189 2033 puerimiracula
3214 1940 3498 2031 edidisset,

1894 2070 2000 2111 non
2050 2056 2316 2126 potuisset
2360 2065 2510 2111 tanto
2549 2065 2793 2126 tempore
2824 2056 2994 2113 latere
3022 2075 3033 2110 :
3061 2058 3252 2128 majori
3299 2058 3499 2130 quippe

1893 2147 2235 2202 admirationi
2266 2146 2497 2204 fuissent
2522 2148 2781 2206 miracula
2801 2164 2831 2204 a
2858 2165 3023 2218 puero
3041 2149 3202 2216 facta,
3226 2166 3348 2205 cum
3373 2167 3490 2205 nta-

1893 2241 2037 2296 xime
2069 2250 2279 2311 tempus
2300 2250 2357 2297 ct
2381 2242 2577 2312 duplex
2602 2251 2657 2299 et
2685 2242 2898 2312 triplex,
2919 2242 3028 2296 into
3056 2243 3289 2313 amplius
3322 2244 3497 2299 bterit.

1895 2332 2095 2388 Verum
2130 2334 2266 2389 nihil
2299 2336 2440 2390 aliud
2481 2352 2613 2407 puer
2645 2334 2772 2391 fecit
2801 2378 2815 2401 ,
2850 2336 2956 2390 nisi
3004 2337 3054 2390 id
3100 2346 3304 2391 tantum
3347 2340 3489 2408 qnml

1894 2423 2066 2480 Lucas
2092 2424 2245 2497 (Cap.
2271 2424 2424 2498 2.46)
2452 2435 2689 2491 enarrat,
2724 2426 3065 2482 duodennem
3091 2427 3264 2496 ipsum
3294 2429 3502 2484 sedisse

1897 2516 1949 2570 itt
2008 2516 2189 2572 medio
2236 2517 2518 2573 dot-torum
2575 2519 2917 2585 audientem,
2976 2530 3031 2574 rt
3081 2520 3503 2593 interrogatione

1893 2623 1988 2665 sua
2033 2610 2406 2667 admirandum
2448 2611 2621 2667 visum
2667 2612 2854 2668 fuisse.
2886 2614 3138 2685 Alioquin
3166 2625 3345 2671 autem
3378 2617 3501 2687 jure

1893 2709 1956 2749 ac
1984 2697 2177 2751 merito
2198 2712 2305 2751 non
2333 2698 2497 2767 etrapit
2533 2698 2585 2752 in
2618 2698 2809 2770 puerili
2837 2706 2997 2754 aztate
3020 2700 3280 2756 miracula
3310 2701 3498 2757 edere.

1894 2785 2181 2843 Putassent
2206 2788 2353 2844 enim
2382 2804 2496 2844 rem
2530 2790 2673 2845 illam
2696 2806 2824 2845 vere
2852 2790 3170 2859 phantasma
3191 2808 3331 2848 esse.
3365 2792 3499 2849 Nam

1895 2880 1938 2932 si
1962 2880 2029 2935 de
2058 2880 2151 2937 illo
2170 2882 2282 2953 jam
2316 2884 2433 2937 viro
2462 2884 2512 2938 id
2545 2885 2698 2939 multi
2724 2885 2982 2953 suspicati
3009 2895 3156 2951 sunt,
3188 2886 3358 2942 multo
3381 2904 3500 2944 ma-

1896 2972 1979 3044 gis
2003 2973 2054 3028 id
2078 2975 2457 3043 credidissent,
2473 2977 2516 3031 si
2543 2976 2832 3031 admodum
2851 2977 3068 3048 juvenis
3089 2979 3239 3050 signa
3268 2979 3504 3037 fecisset;

1895 3075 1949 3120 et
1971 3066 2170 3122 invidia
2202 3070 2436 3138 permoti
2470 3070 2647 3138 ipsum
2675 3069 2835 3125 citius
2873 3081 2928 3126 et
2978 3080 3105 3127 ante
3143 3073 3501 3128 constitutum

1899 3165 2107 3227 tempus
2126 3159 2179 3212 itt
2201 3173 2421 3215 crucem
2448 3160 2687 3230 egissent
2715 3178 2729 3216 :
2764 3169 2929 3231 atque
2966 3161 3036 3215 ita
3066 3177 3158 3219 res
3188 3162 3256 3218 ad
3276 3178 3506 3221 (nonno-

1896 3248 2058 3302 ntiant
2109 3258 2424 3320 spectantes
2476 3250 2701 3305 creditae
2753 3267 2860 3305 non
2917 3250 3168 3308 fuissent.
3220 3254 3508 3322 Quomodo

1897 3339 2059 3410 igitur
2076 3340 2236 3395 matri
2264 3341 2318 3396 in
2342 3351 2579 3397 mentem
2605 3342 2791 3407 subiit,
2827 3342 3060 3414 inquies,
3093 3360 3347 3415 maguum
3377 3347 3507 3416 quid

1895 3432 1965 3487 de
1996 3432 2089 3488 illo
2115 3433 2479 3489 existimare?
2508 3433 2839 3490 Mauit‘estari
2880 3435 2993 3506 jam
3021 3447 3265 3509 cmperat
3295 3480 3311 3506 ,
3357 3448 3413 3495 et
3438 3456 3506 3495 ex

1895 3524 2480 3594 .lnannis=te.~timonio,
2502 3535 2557 3582 et
2577 3544 2646 3583 ex
2672 3528 2735 3584 iis
2757 3544 2876 3598 qua:
2900 3528 3185 3600 discipulis
3217 3531 3332 3603 ipse
3354 3532 3507 3588 dise-

1898 3627 1980 3672 rat
2012 3634 2026 3673 :
2054 3628 2179 3673 ante
2212 3618 2326 3674 lucc
2353 3629 2532 3675 autem
2560 3620 2738 3675 omnia
2766 3660 2782 3687 ,
2818 3622 2929 3691 ipsa
2958 3624 3244 3693 conceptio
3271 3666 3285 3691 ,
3310 3636 3364 3679 et
3388 3643 3510 3696 quat

1898 3709 1952 3763 itt
1978 3710 2138 3764 natali
2164 3710 2280 3780 ejus
2310 3722 2459 3782 gesta
2491 3724 2614 3767 sunt
2636 3713 2677 3779 ¹,
2698 3728 2948 3783 magnam
2977 3715 3137 3770 matri
3164 3716 3307 3772 circa
3338 3718 3507 3773 ﬁlium

1897 3804 2357 3860 existimationem
2382 3805 2666 3861 indebant.
2696 3808 2920 3863 Andivit
2950 3808 3134 3876 enim,
3161 3810 3356 3880 inquit,
3388 3829 3505 3868 om-

1899 3897 1984 3951 nia
2003 3895 2071 3952 de
2098 3912 2287 3967 puero,
2304 3896 2370 3951 Et
2382 3900 2712 3954 conservabat
2729 3900 2780 3954 in
2805 3899 2959 3956 corde
2978 3917 3073 3955 suo
3090 3902 3110 3932 ⁸
3136 3901 3291 3972 (Luc.
3314 3902 3371 3956 2.
3391 3904 3506 3973 51).

1898 3987 2006 4044 Sed
2036 4004 2153 4056 cur,
2181 3988 2394 4059 inquies
2428 4032 2443 4056 ,
2472 4004 2578 4045 non
2613 3990 2667 4046 id
2698 3999 2856 4045 antea
2888 3991 3073 4046 dixit?
3102 3992 3262 4061 Quia,
3298 4001 3354 4047 ιιι
3376 3994 3508 4057 dixi,

1900 4092 2027 4140 tunc
2056 4083 2221 4154 coepit
2250 4084 2303 4138 in
2339 4083 2614 4153 publicum
2646 4085 2884 4155 prodire.
2919 4084 3166 4141 Antehac
3192 4086 3338 4141 cnim
3375 4097 3513 4143 tam-

1898 4191 2057 4246 quam
2082 4191 2219 4230 unus
2246 4193 2279 4230 e.
2302 4176 2456 4243 vulgo
2479 4176 2829 4231 versabatur:
2852 4186 3181 4248 quapmptcr
3201 4193 3307 4233 non
3337 4180 3507 4235 aude-

1902 4268 2175 4324 batmater
2192 4269 2296 4324 tale
2314 4270 2587 4340 quidpiam
2607 4269 2706 4340 ipsi
2726 4269 2929 4326 dicere.
2962 4270 3063 4327 Ubi
3101 4280 3281 4327 autem
3307 4272 3512 4329 audivit

1899 4360 2161 4416 Joannem
2186 4370 2405 4433 propter
2432 4362 2609 4430 ipsum
2638 4363 2850 4417 venisse
2874 4404 2890 4429 ,
2920 4378 2982 4417 ac
3008 4362 3075 4418 de
3105 4362 3196 4418 illo
3225 4364 3330 4420 tale
3357 4367 3511 4421 testi-

1901 4453 2139 4507 tuonium
2172 4452 2507 4521 pcrhibuisse
2530 4493 2546 4517 ,
2587 4452 2880 4525 dl>Clpll!OS
2908 4455 3082 4525 ipsum
3116 4455 3318 4512 habere
3342 4498 3357 4523 ,
3384 4466 3511 4513 ttutc

1899 4544 2118 4599 demum
2148 4559 2270 4598 cum
2306 4545 2498 4600 ﬁducia
2553 4556 2705 4616 t'Ogat
2751 4546 2899 4601 illum
2942 4558 2997 4603 et
3050 4547 3338 4604 deﬁciente
3387 4551 3513 4605 vina

1899 4639 2050 4703 dicit,
2094 4638 2280 4693 Vinum
2310 4656 2410 4694 non
2465 4640 2666 4695 habent.
2706 4639 2929 4696 Volebat.
2978 4643 3122 4697 enim
3153 4653 3208 4698 et
3236 4643 3356 4698 illos
3405 4644 3510 4701 be—

1902 4732 2094 4789 neﬁcio
2143 4730 2417 4787 devincire
2449 4774 2465 4798 ,
2508 4747 2674 4801 seque
2727 4731 3151 4802 Splendidiorem
3195 4750 3288 4805 per
3344 4736 3511 4792 ﬁlium

1901 4824 2148 4880 reddere.
2179 4824 2248 4893 Et
2280 4823 2415 4879 forte
2442 4825 2732 4880 humanum
2757 4826 3030 4895 quidpiam
3056 4842 3214 4896 passa
3245 4838 3345 4895 est,
3376 4841 3433 4885 ttt
3462 4842 3518 4885 et

1904 4920 2095 4972 fratres
2144 4920 2264 4986 ejus
2310 4917 2400 4989 qui
2442 4919 2693 4973 dicebant
2726 4937 2738 4973 :
2773 4918 2995 4975 Ostende
3044 4922 3264 4991 tcipsum
3321 4926 3516 4979 mutulo

1906 5010 2084 5080 (Joun.
2109 5012 2161 5066 7.
2194 5012 2254 5082 4)
2285 5054 2301 5079 ,
2334 5013 2476 5082 quod
2532 5012 2826 5095 vellentrex
2855 5015 3131 5069 miraculis
3159 5017 3259 5070 sibi
3284 5018 3513 5087 gloriam

1901 5118 2236 5175 comparare.
2262 5105 2389 5162 ideo
2415 5106 2493 5162 sic
2522 5107 2596 5162 illi
2625 5108 2871 5176 aSperius
2918 5113 3195 5179 respondit
3228 5128 3240 5165 :
3284 5118 3327 5167 t.
3377 5112 3516 5179 Quid

1902 5197 2027 5251 mihi
2059 5206 2104 5253 et
2128 5198 2217 5253 tibi
2246 5208 2340 5265 est,
2372 5198 2553 5253 mulier
2579 5201 2603 5254 ?
2632 5198 2879 5255 Nondum
2912 5202 3043 5256 venit
3066 5202 3194 5256 hora
3222 5219 3351 5256 mea.
3381 5203 3513 5259 Nam

1899 5289 2044 5361 quod
2091 5290 2378 5346 admodum
2427 5302 2657 5347 matrem
2712 5304 3064 5349 veneraretur
3093 5335 3109 5361 ,
3142 5294 3266 5349 audi
3312 5296 3512 5351 Lucam

1900 5392 2210 5438 narrantem
2239 5400 2399 5452 quant
2446 5384 2695 5439 Subditus
2732 5392 2876 5440 esset
2916 5385 3230 5455 parentibus
3258 5429 3273 5454 ,
3306 5402 3513 5442 necnon

1899 5474 2281 5545 evangelistam
2304 5475 2570 5532 dicentem
2603 5485 2858 5547 quantam
2888 5476 3032 5533 illius
3061 5492 3249 5533 curam
3277 5478 3326 5533 in
3351 5493 3514 5535 cruce

1965 5594 1979 5625 ³
2008 5590 2148 5658 savii.
2171 5599 2224 5641 et
2238 5598 2346 5641 Mss.
2368 5591 2563 5654 plurimi
2590 5592 2875 5652 babent,....
2897 5592 3163 5658 conceptio,
3183 5599 3229 5644 et
3246 5605 3357 5656 qua:
3379 5592 3515 5646 circa

1901 5654 2256 5717 conceptionem
2277 5661 2411 5717 gesta
2434 5660 2560 5703 sunt.

1966 5719 1983 5749 ⁸
2021 5716 2158 5779 llunc
2182 5714 2338 5765 locum
2364 5717 2432 5767 sic
2454 5718 2602 5765 etl'ert
2624 5718 2791 5766 Morel.
2822 5730 2833 5765 :
2883 5725 2980 5779 Hoc
3015 5716 3121 5779 ipse
3143 5730 3226 5767 nos
3260 5724 3397 5767 (ton-1
3424 5722 3517 5768 Luv

1899 5792 1999 5852 ras.
2024 5777 2191 5891 uigens
2223 5790 2239 5827 .'
2271 5796 2293 5824 ι
2313 5788 2389 5828 .ttu
2408 5781 2465 5828 ~iu
2491 5784 2650 5829 utilem
2684 5778 2997 5831 conservabat
3033 5777 3195 5831 oinniu
3241 5780 3383 5830 verba
3408 5782 3511 5830 haec

1901 5855 1951 5891 tu
1977 5855 2075 5891 corr
2097 5855 2123 5891 ε
2147 5854 2249 5891 suo.
2272 5857 2291 5885 ι

1901 5855 1951 5894 tu
1977 5854 2123 5893 (303'th
2147 5854 2249 5891 διξο.
2272 5857 2291 5885 υ
