4048 6442
637 341 726 393 151
1330 338 1382 394 S.
1423 337 1696 395 JOANNIS
1732 338 2202 396 CIIRYSOSTOMI
2243 340 2550 398 ARCHIEP.
2582 343 3103 409 CUNSTANTINOP.

633 453 891 508 habuerit.
923 451 1025 508 Ubi
1056 452 1196 507 enim
1227 460 1466 520 parentes
1498 467 1609 506 rem
1637 452 1868 506 divinam
1899 468 2002 507 non
2032 453 2196 522 impe-

627 545 784 597 diunt
808 557 978 612 neque
1009 539 1309 610 prohibent,
1342 541 1636 595 cedendum
1663 543 1790 612 ipsis
1814 551 1929 606 cst;
1964 552 2016 596 et
2041 542 2086 596 si
2107 557 2195 596 se-

627 648 723 686 cus
756 633 862 696 fiat,
889 631 1178 700 periculum
1210 646 1455 700 magnum
1486 642 1567 686 est
1599 649 1610 685 :
1638 647 1757 686 cum
1787 639 1965 686 autem
1989 647 2017 684 a
2041 633 2194 687 nobis

629 722 999 789 intempestive
1028 720 1296 790 quidpiam
1328 722 1595 789 postulant
1623 764 1636 786 ,
1674 722 1930 790 nobisque
1952 721 2196 776 ofticiunt

629 814 678 864 in
708 811 1068 882 spiritualibus
1098 852 1114 878 ,
1158 827 1259 865 non
1293 821 1460 866 tntum
1485 823 1566 867 est
1593 812 1718 880 ip~is
1756 813 1996 882 obsequi.
2042 813 2192 868 Ideo-

630 918 732 969 que
765 905 847 956 hie
873 903 942 956 ita
977 903 1293 972 respondet,
1323 911 1375 957 et
1402 903 1522 957 alibi
1555 917 1764 957 rursum
1793 921 1805 955 :
1843 903 1968 970 Quo:
1993 913 2062 957 est
2088 919 2194 956 ma-

632 1004 706 1046 ter
738 1009 866 1059 mea,
891 1005 937 1046 et
965 994 1048 1060 qui
1070 1003 1183 1046 sunt
1205 996 1384 1062 fratres
1411 994 1504 1046 mei
1525 992 1713 1062 (Marc.
1734 995 1785 1048 5.
1810 993 1926 1063 53)?
1952 994 2190 1049 Nondum

624 1085 764 1137 enim
797 1099 916 1138 eam
945 1099 1098 1152 quam
1123 1084 1426 1151 pareratde
1453 1083 1566 1149 ipso
1587 1084 1888 1153 opinionem
1909 1083 2188 1150 habebant;

624 1176 718 1230 sed
750 1176 866 1244 quia
897 1175 1066 1244 ipsum
1097 1183 1411 1244 pepererat,
1458 1165 1682 1229 matrum
1714 1191 1861 1230 more
1890 1177 2100 1241 putabat
2130 1191 2190 1230 se

625 1265 695 1319 illi
747 1279 901 1335 posse
943 1267 1118 1320 omnia
1153 1268 1441 1336 prmcipere
1469 1309 1482 1332 ,
1513 1284 1629 1335 qua:
1657 1268 1802 1321 illum
1830 1278 1886 1322 ut
1913 1269 2188 1322 Dominum

625 1358 803 1412 Colere
827 1367 880 1411 ct
903 1357 1125 1414 adorare
1151 1359 1419 1413 debuisset
1455 1377 1467 1412 :
1501 1360 1619 1414 ideo
1648 1369 1770 1416 tunc
1795 1361 1864 1415 ita
1897 1362 2185 1430 respondit.

623 1447 835 1518 Cogites
867 1450 1047 1516 velim,
1076 1451 1200 1522 quid
1228 1451 1352 1505 illud
1376 1462 1491 1506 erat
1511 1494 1525 1517 ,
1555 1453 1928 1508 circumstante
1957 1453 2150 1523 populo
2170 1496 2186 1521 ,

628 1547 844 1608 totaque
884 1540 1033 1594 turba
1082 1540 1248 1609 ipsum
1281 1541 1494 1597 intentis
1523 1544 1711 1597 animis
1753 1543 1996 1599 audiente
2028 1585 2043 1610 ,
2092 1544 2190 1599 do-

615 1629 950 1698 ctrinamque
973 1631 1313 1700 percipiente,
1339 1631 1481 1686 illam
1511 1633 1560 1686 iu
1591 1635 1822 1688 medium
1847 1636 2186 1690 accedentem

623 1737 650 1773 a
673 1724 926 1778 concione
955 1724 1121 1794 ipsum
1143 1726 1426 1793 abducere,
1463 1737 1517 1782 ut
1541 1730 1762 1783 seorsim
1793 1730 2183 1799 alloqneretur:

623 1830 724 1865 non
755 1814 968 1868 domum
999 1817 1224 1886 ingredi.
1257 1817 1349 1872 sed
1381 1817 1520 1872 foras
1547 1819 1714 1887 ipsum
1739 1820 1907 1873 solum
1937 1821 2184 1875 educere.

623 1903 819 1958 Idcirco
846 1904 1055 1959 dicebat
1100 1905 1187 1960 ille
1210 1946 1224 1972 ,
1270 1908 1396 1972 Quae
1437 1919 1506 1961 est
1534 1920 1691 1962 mater
1717 1927 1824 1962 mea
1851 1951 1865 1976 ,
1897 1920 1942 1963 et
1963 1913 2047 1979 qui
2073 1922 2188 1965 sunt

623 1999 805 2060 fratres
828 1998 968 2050 mei?
998 2013 1100 2052 non
1128 2009 1348 2054 matrem
1378 2003 1694 2055 contumelia
1725 2003 1982 2070 afficiens,
2013 2004 2183 2071 absit;

623 2089 715 2143 sed
745 2089 843 2158 ipsi
870 2091 1066 2158 optime
1094 2094 1377 2146 consulens
1401 2134 1413 2157 ,
1445 2108 1542 2147 nec
1563 2095 1742 2148 sinens
1759 2110 1876 2148 eam
1904 2096 2003 2148 vile
2033 2098 2184 2164 quid-

619 2179 756 2248 piam
803 2190 854 2233 et
884 2181 1148 2249 abjcclum
1178 2182 1240 2235 de
1287 2197 1344 2237 se
1373 2184 1696 2238 existimare.
1729 2184 1859 2237 Nam
1885 2187 1928 2240 si
1960 2179 2183 2240 aliorum

619 2288 800 2326 curam
829 2274 1043 2343 gerebat
1067 2317 1080 2341 ,
1116 2276 1349 2346 nihilque
1377 2293 1477 2331 non
1509 2281 1695 2348 agebat
1721 2289 1777 2333 ut
1801 2291 2183 2349 congruentem

617 2363 682 2416 de
709 2379 765 2418 sc
796 2365 1097 2432 opinionem
1142 2366 1241 2420 illis
1286 2368 1592 2435 ingereret,
1642 2370 1805 2423 multo
1851 2371 2017 2440 magis
2064 2387 2185 2441 erga

618 2462 838 2506 matrem
873 2455 920 2507 id
941 2455 1146 2524 agebat.
1171 2456 1300 2522 Quia
1319 2459 1459 2512 enim
1483 2461 1768 2516 verisimile
1794 2470 1893 2528 est,
1917 2479 2036 2516 cum
2061 2463 2181 2516 talia

614 2544 846 2598 audisset
875 2559 904 2598 a
935 2546 1042 2598 lilio
1077 2587 1090 2610 ,
1138 2549 1370 2602 noluisse
1416 2557 1588 2602 tamen
1630 2550 2001 2620 obtemperare
2025 2593 2039 2616 ,
2088 2555 2182 2607 sed

617 2639 813 2704 primas
831 2639 929 2693 sibi
955 2653 1168 2708 semper
1189 2641 1482 2698 vindicasse
1507 2653 1701 2710 partes,
1728 2653 1912 2712 utpote
1935 2653 2178 2709 matrem,

621 2728 740 2782 ideo
779 2729 857 2782 sic
901 2729 986 2783 ille
1033 2731 1326 2800 respondit.
1353 2730 1533 2801 Neque
1561 2734 1699 2787 enim
1731 2735 1871 2788 illam
1901 2735 1969 2788 ab
1997 2736 2184 2791 humili

615 2818 860 2886 Opinione
881 2818 944 2872 ad
966 2820 1325 2876 sublimiorem
1351 2826 1662 2876 sententiam
1681 2825 1958 2888 erexisset,
1978 2827 2023 2879 si
2040 2839 2182 2880 semâ€”

613 2921 706 2975 per
732 2916 1089 2975 exspectasset
1111 2910 1217 2976 illa,
1245 2925 1304 2964 se
1337 2911 1403 2964 ab
1445 2912 1557 2980 ipso
1591 2923 1855 2982 tamquam
1887 2929 1914 2966 a
1943 2914 2049 2969 tilio
2080 2915 2180 2970 lio-

615 2997 926 3063 norandam,
951 3015 1121 3069 neque
1150 3001 1318 3069 ipsum
1335 3010 1387 3054 ut
1413 3002 1688 3055 Dominum
1711 3003 2007 3058 habituram
2037 3021 2177 3060 esse.

620 3090 726 3144 lfac
756 3107 883 3161 ergo
913 3091 980 3146 de
1015 3107 1168 3146 causa
1197 3093 1275 3146 sic
1305 3102 1426 3148 tunc
1447 3094 1758 3162 loquebatur
1783 3112 1796 3148 :
1824 3095 1959 3160 Quid
1986 3098 2108 3152 mihi
2135 3109 2182 3152 et

617 3183 704 3235 tibi
725 3193 814 3246 est,
848 3183 1072 3237 mulier?
1096 3185 1206 3238 Alia
1235 3201 1444 3255 quoque
1468 3180 1622 3240 causa
1655 3203 1756 3241 non
1795 3189 1968 3242 minus
1991 3205 2178 3245 neces-

613 3276 751 3328 saria
775 3275 949 3328 afferri
982 3285 1171 3344 potest.
1201 3277 1452 3342 Quianam
1487 3277 1572 3330 illa
1596 3278 1619 3329 7
1641 3277 1714 3333 Ne
1743 3288 1890 3349 gesta
1923 3281 2175 3336 miracula

615 3369 663 3420 in
693 3368 1046 3436 suspicionem
1077 3371 1347 3424 venirent:
1378 3371 1444 3424 ab
1475 3371 1829 3440 indigentibus
1852 3373 1994 3427 enim
2027 3415 2041 3438 ,
2071 3389 2177 3429 non

610 3474 638 3510 a
682 3469 849 3514 matre
891 3461 1160 3527 rogandus
1199 3467 1331 3516 erat.
1379 3463 1595 3530 Quare?
1623 3465 1750 3530 Quia
1803 3465 1886 3519 iLla
1935 3483 2051 3537 quer.
2081 3483 2176 3523 co-

611 3561 890 3621 gnatorum
944 3556 1188 3624 precibus
1233 3557 1602 3626 impetrantur,
1653 3559 1776 3614 licet
1827 3576 2034 3630 magna,
2070 3578 2174 3616 non

612 3655 680 3697 ita
711 3656 855 3716 grata
876 3655 999 3700 sunt
1028 3649 1374 3717 praesentibus
1405 3661 1459 3704 ut
1489 3653 1768 3720 plurimum
1796 3672 1809 3708 :
1836 3669 1955 3708 cum
1997 3667 2174 3709 autem

609 3735 905 3805 indigentes
933 3739 1027 3806 ipsi
1059 3739 1377 3809 supplicant,
1400 3753 1522 3796 tunc
1543 3743 1850 3797 miraculum
1874 3745 2177 3814 suspicione

612 3836 791 3891 vacat,
822 3842 965 3896 pura:
994 3830 1172 3884 laudes
1199 3839 1323 3885 sunt
1348 3872 1359 3893 ,
1390 3848 1575 3902 magna
1599 3834 1817 3888 utilitas.

677 3919 728 3972 5.
761 3917 864 3973 Cur
889 3928 934 3973 et
962 3937 1059 3988 qun
1085 3931 1248 3975 mente
1269 3921 1495 3977 Christus
1541 3935 1746 3978 umtrem
1768 3943 1912 3979 suout
1941 3929 2174 3998 increpa-

608 4009 729 4060 verit
749 4025 768 4072 ,'
793 4025 1047 4078 nunquam
1069 4011 1208 4063 illaut
1232 4012 1475 4080 repellere
1497 4015 1726 4067 intendit.
1758 4013 1999 4085 lmprobo
2040 4019 2171 4073 nihil

608 4108 815 4166 prosunt
843 4102 1044 4170 cognati
1072 4103 1231 4170 probi.
1277 4102 1486 4174 Cognati
1530 4106 1719 4159 Christi
1754 4107 2038 4178 Desposyni
2080 4128 2174 4180 ap-

605 4189 1082 4258 pellati.â€”Etenint
1109 4193 1151 4247 si
1181 4193 1297 4262 quis
1325 4195 1553 4262 optimus
1585 4197 1817 4250 medicus
1836 4199 1888 4250 in
1911 4215 2172 4266 :cgrormn

602 4283 954 4352 complurium
981 4284 1169 4338 domos
1190 4287 1465 4353 ingressus
1489 4327 1503 4351 ,
1529 4287 1596 4340 ab
1619 4289 1830 4356 aegrotis
1853 4290 1934 4344 vel
1964 4291 2177 4345 adstan-

607 4373 746 4427 tibus
781 4374 914 4428 nihil
941 4373 1115 4429 audiat
1139 4415 1153 4440 ,
1182 4377 1274 4431 sed
1295 4393 1322 4429 a
1352 4388 1518 4432 matre
1541 4390 1740 4433 tantum
1779 4392 1992 4451 rogetur
2013 4425 2027 4449 ,
2056 4384 2176 4441 hinc

605 4475 884 4534 suspectus
910 4476 963 4520 et
991 4467 1244 4521 molestus
1271 4469 1424 4538 aegris
1451 4471 1550 4523 erit
1578 4511 1592 4534 ,
1625 4486 1685 4525 ac
1716 4487 1884 4542 neque
1904 4477 2050 4543 aegri,
2081 4491 2174 4530 ne-

604 4573 705 4625 que
725 4557 994 4613 adstantes
1016 4573 1259 4628 magnum
1276 4559 1539 4629 quidpiam
1563 4562 1628 4616 ab
1651 4561 1742 4616 illo
1765 4566 2168 4634 exspectabant.

607 4650 728 4703 Ideo
755 4658 880 4704 tunc
908 4650 1197 4718 increpavit
1224 4649 1425 4717 dicens,
1455 4652 1590 4716 Quid
1614 4655 1735 4707 mihi
1757 4665 1801 4707 et
1826 4656 1912 4710 tibi
1939 4666 2032 4724 est,
2065 4675 2174 4712 mu-

611 4741 700 4792 lier
726 4742 751 4793 ?
775 4755 995 4795 monens
1022 4742 1164 4794 illam
1197 4758 1262 4795 ne
1297 4744 1469 4796 simile
1514 4745 1781 4814 quidpiam
1814 4747 1866 4801 in
1897 4758 2170 4817 posterum

607 4843 804 4900 ageret.
833 4831 987 4886 Curre
1017 4848 1242 4902 namque
1270 4833 1341 4887 illi
1372 4842 1486 4887 erat
1514 4844 1783 4890 maternus
1815 4838 2004 4903 honor,
2037 4843 2172 4896 mul-

607 4936 764 4994 toque
794 4924 959 4993 magis
989 4925 1128 4979 illius
1154 4925 1325 4988 salus,
1355 4935 1410 4979 et
1436 4928 1614 4982 multis
1639 4931 1936 4997 praestanda
1966 4933 2170 4986 benefi-

605 5019 705 5082 cia,
737 5031 830 5084 pro
859 5017 1049 5085 quibus
1077 5032 1288 5072 carnem
1330 5017 1593 5072 induerat.
1645 5021 1766 5076 llaec
1811 5023 1986 5093 itaque
2017 5026 2172 5080 verba

606 5122 709 5160 non
733 5115 883 5161 erant
908 5116 1216 5175 arroganter
1238 5117 1460 5162 matrem
1488 5109 1824 5180 alloquentis,
1848 5115 1939 5166 sed
1960 5115 2176 5183 dispen-

605 5199 861 5263 sationis,
895 5214 996 5266 qna
1029 5208 1084 5254 et
1133 5200 1274 5254 illam
1307 5201 1645 5267 institueret,
1671 5213 1723 5256 et
1752 5204 2003 5260 miracula
2053 5222 2171 5261 cum

604 5290 860 5360 dignitate
889 5290 999 5342 fieri
1041 5291 1359 5358 provideret.
1393 5293 1523 5347 Nam
1551 5295 1690 5362 quod
1721 5311 1910 5365 magno
1944 5297 2084 5350 illam
2120 5299 2171 5352 in

605 5383 807 5434 honore
837 5380 1055 5436 haberet
1081 5421 1095 5442 ,
1119 5382 1202 5434 vel
1243 5382 1341 5436 hoc
1369 5384 1540 5451 ipsum
1568 5424 1582 5447 ,
1613 5394 1669 5438 ut
1695 5395 1890 5440 cetera
1920 5397 2122 5441 taceam
2153 5430 2167 5454 ,

605 5474 742 5538 quod
775 5471 915 5523 illam
946 5472 1219 5540 increpare
1247 5471 1504 5538 videatur,
1541 5476 1764 5542 probare
1797 5486 1986 5544 potest,
2022 5479 2168 5531 indi-

603 5562 887 5628 gnatioque
934 5561 1045 5629 ipsa
1095 5576 1336 5630 magnam
1382 5578 1489 5631 prae
1538 5578 1595 5618 se
1650 5564 1749 5618 fert
1795 5568 2168 5622 reverentiam.

608 5658 845 5719 Quonam
874 5663 1048 5707 autem
1072 5664 1224 5721 pacto
1243 5697 1258 5719 ,
1287 5656 1335 5709 in
1368 5659 1606 5725 sequenti
1630 5660 1885 5714 concione
1913 5661 2167 5719 dicemus.

610 5742 731 5796 ilec
761 5744 938 5810 itaque
965 5746 1199 5814 cogitans
1224 5787 1239 5811 ,
1265 5763 1382 5800 cum
1415 5747 1644 5802 audieris
1671 5749 1948 5805 mulierem
1979 5769 2164 5819 quain-

3798 373 3899 428 H9.

2306 451 2428 508 dam
2457 455 2743 524 dicentem,
2777 461 2964 518 Beatus
2986 477 3152 520 venter
3177 469 3262 538 qui
3291 479 3338 525 te
3365 479 3590 541 portavit
3613 522 3627 544 ,
3657 491 3705 533 et
3739 488 3898 538 ubera

2300 559 2412 640 (pars
2432 551 2611 640 sumis-ti
2637 551 2782 620 (Luc.
2814 557 2896 609 Î—.
2923 557 3018 625 27)
3049 601 3062 624 ,
3115 560 3368 634 illumque
3412 572 3842 638 respondentem
3875 619 3889 640 ,

2303 634 2590 698 Quinimmo
2612 641 2741 695 beati
2775 646 2860 713 qui
2877 648 3069 718 faciunt
3092 653 3394 708 voluntatem
3414 634 3587 715 Patris
3602 664 3702 715 mei
3723 634 3893 733 (Ibid

2300 737 2347 774 Ï….
2373 724 2497 793 28);
2527 729 2713 784 eadem
2756 737 3017 789 sententia
3054 738 3167 792 luce
3206 741 3345 796 dicta
3389 759 3511 802 esse
3541 724 3889 808 existimato.

2308 812 2424 868 Non
2447 818 2586 871 enim
2612 830 2833 876 matrem
2866 829 3170 894 repellentis
3198 837 3477 902 responsio
3498 849 3579 893 est
3609 882 3624 906 ,
3655 843 3756 897 sed
3789 845 3892 899 de-

2297 904 2580 975 clarantis,
2610 913 2740 967 nihil
2792 915 2887 983 ipsi
2938 919 3267 986 profuturum
3298 923 3463 980 fuisse
3491 904 3705 998 partum
3734 977 3748 998 ,
3782 937 3891 991 nisi

2297 994 2580 1089 admodum
2631 1003 2792 1070 proba
2843 1007 3119 1078 fidelisque
3166 1012 3372 1070 fuisset.
3415 1018 3469 1073 Si
3491 994 3672 1089 â€˜porro
3702 994 3890 1080 hiarin:

2298 1085 2428 1139 nihil
2461 1091 2713 1157 proderat
2741 1097 2881 1164 quod
2909 1099 3178 1157 Christum
3209 1085 3520 1176 genuisset,-
3543 1113 3645 1167 nisi
3684 1126 3887 1173 Virtute

2297 1177 2547 1236 interiore
2575 1186 2787 1252 praedita
2818 1188 3023 1257 fuisset,
3058 1196 3223 1249 multo
3246 1200 3422 1255 minus
3450 1203 3606 1260 nobis
3639 1209 3888 1275 proderit

2298 1270 2578 1360 probitatis
2608 1279 2931 1344 expertibus,
2966 1283 3009 1336 si
3049 1290 3339 1352 patrem,si
3368 1291 3609 1360 fratrem,
3636 1270 3680 1352 si
3711 1297 3882 1353 lilium

2296 1359 2516 1425 probum
2543 1372 2595 1417 et
2625 1366 2818 1423 virtute
2867 1373 3144 1439 prteditum
3188 1376 3476 1437 habeamus
3501 1425 3515 1446 ,
3557 1359 3603 1440 si
3633 1403 3737 1443 nos
3763 1391 3884 1458 ejus

2295 1449 2488 1505 virtute
2538 1458 2722 1523 procul
2767 1460 3020 1518 fuerimus
3053 1485 3065 1519 :
3097 1467 3171 1521 ait
3201 1472 3398 1541 quippe
3429 1475 3592 1531 David
3630 1497 3645 1531 :
3691 1449 3885 1535 Frater

2294 1557 2394 1595 non
2421 1545 2621 1598 redimit
2647 1586 2664 1614 ,
2692 1552 2899 1606 redimet
2925 1557 3074 1610 homo
3116 1559 3134 1626 (
3171 1559 3311 1616 Psal.
3338 1565 3425 1619 48.
3457 1566 3488 1621 8
3517 1569 3536 1637 )
3567 1571 3591 1622 ?
3639 1570 3692 1624 In
3730 1576 3882 1629 nullo

2293 1633 2485 1703 quippe
2505 1636 2618 1730 alio
2653 1678 2668 1702 ,
2699 1641 2797 1693 nisi
2837 1642 2992 1700 bonis
3019 1649 3269 1716 operibus
3303 1693 3316 1715 ,
3370 1666 3486 1723 post
3517 1633 3614 1712 â€™Î¸Ï…Î¹
3648 1665 3878 1730 gratiam

2292 1741 2412 1794 spes
2438 1729 2624 1783 salutis
2644 1731 2904 1788 habenda.
2932 1737 3060 1792 Nam
3092 1741 3135 1794 si
3166 1752 3348 1811 partus
3375 1747 3439 1800 ad
3474 1748 3524 1801 id
3557 1729 3880 1819 profuturus

2295 1820 2490 1892 Virgini
2522 1835 2636 1881 erat
2659 1869 2671 1889 ,
2704 1830 3037 1898 profuturum
3070 1854 3280 1907 quoque
3301 1840 3499 1896 Judmis
3531 1857 3654 1900 erat
3684 1890 3698 1914 ,
3732 1851 3878 1918 quod

2290 1911 2484 1968 Christi
2512 1920 2802 1975 secundum
2828 1937 3041 1979 carnem
3073 1932 3278 1996 cognati
3303 1944 3499 1996 essent,
3532 1939 3876 2005 profuturum

2291 2003 2413 2056 item
2463 2007 2661 2062 civitati
2714 2011 2763 2063 in
2812 2029 2911 2080 qua
2956 2026 3112 2071 natus
3153 2030 3265 2074 erat
3293 2065 3307 2087 ,
3339 2003 3674 2092 profuturum
3706 2033 3874 2088 etiam

2292 2093 2562 2149 fratribus.
2596 2100 2755 2167 Atqui
2783 2101 2906 2156 dum
2933 2099 3122 2162 fratres
3156 2111 3293 2166 illius
3321 2117 3398 2168 sui
3426 2133 3613 2173 curam
3637 2140 3742 2175 non
3775 2140 3876 2193 ÎµÎµ-

2288 2194 2468 2238 rerent
2492 2228 2504 2250 ,
2535 2188 2669 2243 nihil
2697 2206 2724 2242 a
2757 2196 3086 2262 cognationis
3113 2200 3367 2271 dignitate
3389 2207 3746 2277 jnvabantur,
3777 2188 3875 2270 sed

2288 2290 2406 2328 cum
2444 2279 2647 2347 reliquo
2676 2285 2871 2336 mundo
2898 2285 3132 2345 damnati
3157 2305 3305 2348 erant
3337 2314 3349 2346 Îµ
3383 2307 3506 2353 tunc
3546 2317 3672 2356 vero
3697 2307 3876 2360 adrui.

2290 2369 2480 2422 rationi
2508 2370 2668 2426 habiti
2697 2385 2838 2442 sunt,
2868 2393 2988 2432 cum
3019 2395 3114 2448 per
3145 2387 3407 2452 propriam
3433 2389 3682 2447 virtutem
3713 2396 3876 2450 eï¬‚â€˜ul-

2293 2470 2493 2512 scrunt.
2539 2461 2672 2516 Urbs
2699 2474 2875 2520 autem
2913 2479 2966 2522 et
3006 2473 3180 2526 excisa
3210 2487 3259 2526 ct
3287 2480 3559 2534 combusta
3587 2494 3666 2536 est
3695 2527 3708 2548 ,
3739 2486 3875 2540 nihil

2291 2548 2412 2605 hinc
2467 2563 2703 2609 mutuata
2747 2559 2964 2613 subsidii
3001 2579 3012 2613 :
3065 2567 3270 2632 cognati
3303 2583 3426 2620 vero
3471 2571 3545 2624 illi
3573 2577 3872 2632 secundum

2288 2655 2504 2696 carnem
2536 2687 2549 2709 ,
2583 2648 2705 2700 c:esi
2738 2649 2932 2704 misere
2965 2654 3233 2718 perierunt
3255 2697 3268 2721 ,
3295 2657 3428 2712 nihil
3457 2677 3520 2714 ex
3548 2668 3874 2733 Cognationc

2287 2731 2349 2783 ad
2371 2734 2592 2788 salutent
2625 2736 2811 2791 luerali
2847 2781 2862 2806 ,
2890 2742 3010 2810 quia
3040 2744 3254 2799 virtutis
3296 2753 3592 2814 patrocinio
3621 2731 3869 2814 destituti

2285 2831 2458 2874 erant.
2490 2823 2740 2880 Omnium
2767 2838 2941 2884 autem
2965 2836 3386 2900 praestantissimi
3407 2843 3713 2899 claruerunt
3739 2864 3870 2919 apo-

2285 2912 2405 2964 stoli
2439 2954 2451 2976 ,
2484 2915 2607 2983 quia
2659 2932 2837 2971 verum
2889 2930 2940 2974 et
2987 2927 3337 2992 expetendum
3383 2934 3715 3001 (agnationis
3753 2912 3871 3009 ejus

2287 3004 2499 3058 modum
2523 3007 2800 3063 subierunt
2829 3027 2922 3080 per
2948 3014 3324 3072 obedientiam.
3364 3023 3495 3079 llinc
3527 3004 3820 3085 ediscimus
3853 3077 3864 3096 ,

2287 3093 2387 3148 lide
2412 3097 2562 3149 nobis
2591 3113 2722 3166 opus
2747 3115 2884 3164 esse,
2907 3113 2959 3156 et
2979 3106 3077 3158 vita
3095 3109 3255 3175 proba
3282 3112 3580 3185 virtuteque
3603 3118 3866 3188 fulgente.

2287 3185 2340 3238 Id
2373 3187 2512 3241 cutim
2560 3197 2761 3242 tantum
2794 3195 2946 3247 nobis
2977 3197 3199 3252 salutem
3249 3217 3434 3269 parare
3461 3185 3871 3274 poteritaCcrtc

2283 3283 2489 3348 ct-gnati
2514 3281 2632 3349 ejus
2663 3284 2827 3338 multo
2851 3293 3090 3356 tempore
3120 3291 3460 3350 admirationi
3499 3296 3714 3354 fuerunt
3748 3304 3867 3358 ubi-

2282 3386 2383 3440 que
2417 3413 2430 3436 ,
2466 3381 2518 3427 et
2545 3374 2838 3445 DCSposyni
2866 3380 3112 3446 appellati
3141 3380 3216 3454 (Î¹Î¹)
3243 3401 3255 3446 Ï‚
3289 3394 3520 3442 attamen
3553 3406 3621 3445 ne
3652 3397 3867 3451 nomina

2281 3461 2493 3529 quidem
2538 3462 2750 3517 illorum
2783 3469 3019 3532 scimus;
3061 3473 3425 3539 apostolorum
3457 3489 3636 3535 autem
3673 3493 3729 3538 et
3761 3501 3863 3540 no-

2283 3551 2420 3603 mina
2448 3562 2500 3606 et
2528 3555 2631 3607 vita
2656 3556 2850 3626 ubique
2877 3559 3234 3616 celebrantur.
3254 3564 3330 3620 Ne
3362 3567 3537 3638 itaque
3564 3571 3629 3627 de
3651 3579 3870 3644 generis

2283 3642 2556 3697 nobilitate
2590 3644 2605 3674 Â¹
2628 3645 2795 3699 altum
2825 3649 3129 3717 sapiamus;
3155 3652 3248 3708 scd
3273 3656 3481 3712 etiamsi
3509 3676 3640 3716 avos
3660 3642 3712 3720 et
3744 3669 3868 3724 aha.

2282 3749 2376 3787 vos
2399 3735 2706 3790 innumeros
2732 3739 2906 3794 claros
2934 3752 2988 3796 et
3016 3743 3252 3800 illustres
3288 3751 3524 3813 proferre
3551 3759 3824 3822 possimus
3851 3805 3866 3829 ,

2283 3825 2491 3896 illorum
2518 3843 2612 3882 nos
2642 3830 2888 3885 virtutem
2913 3848 3168 3904 superare
3196 3853 3450 3896 conemur
3473 3887 3486 3911 ,
3528 3851 3680 3914 gnari
3711 3825 3867 3911 nobis

2281 3917 2331 3969 in
2363 3916 2538 3971 futuro
2571 3919 2774 3990 judicio
2800 3938 2864 3976 cx
2895 3926 3117 3980 aliorum
3152 3929 3344 3986 virtute
3376 3935 3504 3988 nihil
3539 3939 3672 3995 lucri
3703 3943 3817 4000 fore
3847 3990 3864 4015 ,

2280 4009 2386 4063 imo
2417 4011 2466 4065 id
2499 4013 2650 4065 nobis
2677 4014 2888 4084 gravius
2930 4016 3183 4086 judicium
3235 4023 3525 4089 pariturqu
3555 4046 3697 4086 .esse.
3735 4009 3866 4092 Nam

2280 4103 2463 4169 probis
2486 4105 2586 4155 orti
2619 4106 2852 4172 patrihus
2880 4148 2893 4171 ,
2937 4109 3186 4178 dmnique
3217 4118 3519 4182 exemplum
3556 4121 3818 4180 habentes
3847 4172 3860 4194 ,

2279 4204 2347 4242 ne
2389 4191 2465 4243 sic
2499 4193 2710 4259 quidem
2740 4194 2986 4250 doctores
3037 4199 3324 4256 imitamur.
3361 4205 3485 4261 ll:ee
3528 4226 3671 4268 nunc
3701 4191 3861 4282 dico,

2280 4279 2402 4345 quia
2437 4281 2662 4348 gentiles
2705 4284 2900 4338 multos
2939 4286 3096 4342 video
3127 4331 3141 4355 ,
3196 4306 3316 4347 cum
3360 4295 3477 4350 illos
3512 4301 3578 4354 ad
3625 4305 3784 4360 fidem
3815 4279 3862 4362 Î¹Î¶

2280 4369 2739 4429 Christianismum
2774 4380 3201 4445 amplectendum
3251 4387 3615 4457 cohortamur,
3651 4399 3717 4451 ad
3773 4417 3864 4456 co-

2278 4473 2469 4532 gnatos
2498 4474 2549 4518 ct
2575 4481 2702 4519 avos
2730 4484 2855 4523 suos
2883 4472 3170 4540 confugere
3195 4491 3257 4529 ac
3289 4477 3466 4535 dicere
3488 4525 3500 4544 ,
3534 4483 3734 4545 Omnes
3765 4509 3860 4547 co-

2277 4557 2449 4625 gnati,
2492 4556 2776 4614 familiarcs
2807 4571 2859 4615 et
2884 4567 3290 4624 contubernales
3317 4574 3453 4638 mei,
3499 4577 3684 4634 fideles
3710 4583 3866 4641 Chri-

2279 4649 2434 4701 stiani
2458 4659 2602 4703 sunt.
2635 4651 2769 4716 Quid
2804 4653 2901 4707 hoc
2928 4656 2990 4708 ad
3022 4666 3092 4722 te,
3123 4658 3284 4714 miser
3314 4673 3366 4715 et
3400 4665 3582 4722 infelix
3612 4672 3634 4723 ?
3667 4675 3780 4731 lloc
3812 4681 3861 4733 in

2284 4741 2570 4807 perniciem
2605 4753 2743 4797 tuam
2770 4748 3013 4807 vertitur.
3047 4752 3189 4818 quod
3217 4769 3310 4806 nec
3337 4761 3752 4828 Contubernalcs
3785 4788 3868 4825 re-

2283 4833 2513 4886 verearis
2547 4875 2560 4896 ,
2605 4836 2742 4889 utad
2777 4838 3024 4892 virtutem
3056 4857 3257 4897 curras.
3289 4845 3494 4905 Rursus
3524 4854 3616 4907 alii
3646 4861 3865 4926 quidam

2282 4923 2463 4976 fideles
2495 4925 2695 4992 utique,
2730 4927 2820 4980 sed
2848 4929 3018 4996 ignavi
3055 4973 3068 4995 ,
3102 4933 3165 4984 ad
3197 4937 3446 4992 virtutem
3495 4923 3706 5001 incitaii
3730 4992 3744 5012 ,
3784 4955 3867 5006 id-

2281 5009 2452 5080 ipsum
2479 5015 2772 5068 obtendunt
2800 5033 2812 5068 :
2841 5017 3000 5072 Pater
3026 5036 3193 5085 meus,
3226 5039 3377 5092 avus,
3406 5045 3638 5095 proavus
3661 5079 3673 5099 ,
3711 5009 3780 5108 pii
3809 5061 3866 5097 Î¹Î¹Ï

2281 5105 2475 5160 virtvte
2517 5107 2716 5174 prurditi
2764 5111 2997 5165 fuerunt.
3043 5114 3145 5168 Sed
3180 5119 3278 5169 hoe
3324 5120 3497 5188 ipsum
3545 5134 3597 5179 te
3633 5105 3865 5191 niaxime

2283 5196 2548 5249 danmabit
2578 5239 2590 5261 ,
2628 5200 2765 5267 quod
2796 5216 2823 5252 a
2856 5203 3052 5255 talibus
3079 5216 3224 5260 ortus
3254 5249 3267 5270 ,
3297 5225 3492 5278 genere
3525 5221 3616 5269 tuo
3652 5221 3867 5291 indigni

2283 5299 2575 5355 perpelres.
2602 5293 2734 5345 Audi
2762 5295 2883 5362 quid
2919 5298 3175 5366 propheta
3209 5300 3406 5356 Judaris
3431 5304 3578 5361 dicat
3605 5325 3619 5360 :
3652 5312 3868 5368 Srrriutt

2274 5376 2444 5451 lar/rel
2467 5381 2516 5432 in
2539 5381 2744 5435 muliere
2765 5428 2778 5447 ,
2813 5387 2926 5438 etin
2959 5389 3165 5442 muliere
3190 5404 3413 5444 servatus
3448 5408 3520 5448 est
3545 5398 3566 5470 (
3590 5399 3740 5458 Osce,
3780 5408 3864 5462 Î¹Î¹),

2284 5471 2395 5538 12);
2424 5484 2476 5525 ct
2505 5475 2765 5538 Christus,
2798 5478 3052 5532 Abraham
3083 5493 3223 5549 pater
3247 5495 3404 5537 vester
3427 5493 3695 5548 exsultavit
3720 5512 3771 5550 ut
3797 5504 3863 5554 ri-

2325 5581 2398 5649 tu).
2443 5584 2683 5648 flagitatus
2704 5587 2909 5664 á¼°Î¹á¿–Î¹Î¹Î“á½¶Î´á¿‘á½¶Î½
2937 5592 3306 5664 ,Î ÏÎ´ÏÎ¿Î»á¿ƒÎ·Î¿Î¹Ï‚Î¼Î¹
3327 5601 3664 5661 Î”ÎµÏƒÏ€Î¿Î½á¿–á½»Î½Î¿Ï…Ï‚
3682 5609 3717 5664 ),
3747 5608 3858 5661 sive

2261 5641 2544 5690 lâ€˜winiuiros
2570 5650 2847 5706 appellatos
2879 5641 3217 5702 l'nissc'retil'rt
3253 5641 3496 5710 Eusebius
3520 5641 3858 5722 cxijtâ€˜l'iitidlja

2263 5706 2388 5753 llist.
2418 5705 2547 5751 lit-vl.
2593 5721 2637 5753 Î¹Î´.
2665 5710 2724 5753 2t;
2761 5711 2999 5753 ÏÎ¹Î¹Î¹Î¹á½·Î·Î¹Î¹Î¹Ï‚
3027 5715 3210 5753 Î½Î¹Î¹Î™Î¹Î¹ÎºÎ¹Î¹
3745 5716 3748 5719 Î‡

2312 5709 2388 5751 Î¹Ï‚Î¹.
2418 5709 2547 5751 1Â¹Î¶Î¹ÏŠ1á½³

2592 5721 2637 5767 Î¹Î´.
2665 5710 2724 5754 â¸2Î¹á½·
2761 5711 2999 5759 editionis
3027 5715 3230 5765 Volusii.

2325 5773 2331 5791 '
2367 5766 2535 5816 .â€˜durcl.
2566 5769 2730 5831 habet,
2757 5773 2815 5820 (Î¹Î¹-
2839 5784 3132 5835 i'ogttuttom'.
3159 5793 3260 5838 pro,
3280 5781 3339 5830 Î±á¼µÎ¸
3363 5787 3553 5844 {teucris
3574 5791 3844 5847 )tul'lltlttfs.
