4048 6502
557 377 654 434 I35

557 502 799 555 da'ormn,
823 489 1068 557 capientes
1093 485 1305 552 singulm
1332 492 1560 535 metretas
1591 481 1732 532 binas
1757 480 1832 532 vel
1857 485 2040 529 ternas.
2070 472 2122 525 7.

562 584 701 635 Dixit
725 582 795 635 eis
820 580 970 633 Iesus
995 594 1012 632 :
1039 576 1251 642 Implete
1290 575 1494 643 hydrina
1524 587 1670 639 aqua.
1710 568 1774 621 Et
1803 566 2127 636 impleverunt

561 691 644 726 eus
671 686 821 738 usque
857 669 924 722 ad
952 683 1221 721 summum.
1259 665 1373 719 Non
1413 665 1525 716 sine
1560 674 1717 714 causa
1750 659 1902 722 dixit,
1933 655 2123 710 Secun-

563 763 682 814 dum
723 759 1122 829 puriﬁcationem
1151 754 1482 814 Judarorum;
1511 751 1606 804 sed
1639 765 1703 802 ne
1733 749 1850 817 quis
1895 743 2128 797 fortassis

563 851 852 906 infidelium
901 847 1154 916 suspicari
1205 854 1378 913 posset
1431 841 1558 895 faece
1606 842 1748 893 intus
1800 842 2125 897 remanente,

562 944 732 997 infusa
771 941 961 997 deinde
999 950 1053 994 et
1083 937 1310 991 admixta
1361 949 1492 1003 aqua
1542 932 1720 985 vinum
1766 927 2126 985 tenuissimum

563 1037 828 1096 evasisse;
869 1032 987 1086 ideo
1026 1031 1119 1093 ait,
1169 1027 1453 1083 Secundum
1501 1018 2131 1095 puriﬁcationemludwo—

562 1142 709 1188 runt,
752 1123 1037 1178 ostendens
1086 1121 1140 1174 in
1184 1119 1321 1172 vasis
1379 1117 1481 1170 illis
1527 1128 1809 1182 numquam
1863 1117 2128 1164 servatum

566 1217 724 1270 fuisse
757 1215 955 1267 vinum.
984 1210 1114 1265 Nam
1159 1225 1277 1263 cum
1317 1206 1595 1261 Palaestina
1627 1218 1777 1272 aqua:
1803 1198 2016 1270 penuria
2057 1197 2132 1251 la-

568 1305 735 1367 boret,
763 1305 971 1370 rarique
1000 1301 1105 1353 sint
1127 1298 1198 1352 ibi
1221 1286 1396 1352 I'ontes
1417 1304 1467 1350 et
1490 1309 1740 1364 aquarum
1766 1290 2128 1357 scaturigines,

563 1409 774 1464 semper
806 1392 1019 1463 hydrias
1059 1379 1193 1458 aqua
1239 1387 1544 1456 implebant,
1586 1401 1653 1438 ne
1694 1385 1737 1438 si
1776 1379 1986 1452 quando
2030 1379 2131 1432 im-

566 1485 746 1542 mundi
777 1486 981 1548 Iiercnt,
1006 1482 1068 1536 ad
1098 1472 1311 1534 ﬂumina
1342 1492 1558 1533 currere
1582 1484 1918 1545 cogerentur,
1948 1471 2041 1525 sed
2067 1467 2132 1522 ad

568 1593 782 1633 manum
811 1589 927 1629 sese
964 1571 1215 1642 purgandi
1259 1571 1473 1624 modum
1514 1568 1788 1623 haberent.
1825 1564 1930 1619 Cur
1957 1572 2132 1616 autem

567 1671 773 1738 signum
805 1681 907 1720 non
934 1663 1098 1718 edidit
1135 1670 1416 1729 antequam
1460 1659 1559 1712 ill-.e
1601 1657 1962 1726 implerentur,
1993 1650 2133 1720 quod

568 1760 722 1828 longe
751 1753 1042 1812 mirabilius
1089 1751 1310 1806 fuisset?
1339 1749 1491 1804 Aliud
1541 1751 1682 1802 enim
1724 1754 1808 1801 est
1844 1743 2134 1812 subjectam

566 1847 840 1901 materiam
883 1846 935 1897 in
983 1843 1139 1897 aliam
1181 1841 1488 1912 qualitatem
1530 1845 1761 1913 mutare,
1787 1833 1925 1889 aliud
1969 1833 2135 1902 ipsam

566 1937 910 1990 substantiam
934 1945 1086 1987 antea
1116 1947 1219 1986 non
1252 1932 1592 1986 exsistentem
1617 1941 1798 1982 creare
1823 1942 1837 1988 ;
1869 1925 1968 1979 hoc
1997 1923 2135 1978 enim

572 2029 725 2095 longe.
749 2025 1039 2079 mirabilius
1066 2031 1167 2077 est.
1196 2021 1298 2076 Sed
1323 2035 1408 2074 res
1438 2034 1540 2072 non
1565 2018 1635 2071 ita
1663 2015 1933 2071 credibilis
1955 2012 2138 2067 multis

566 2119 675 2169 visa
695 2115 899 2169 fuisset.
923 2113 1152 2183 Ideoque
1173 2110 1544 2165 miraculorum
1565 2105 1977 2176 magnitudinem
1997 2118 2138 2171 sa'pe

569 2211 791 2264 libenter
816 2207 1022 2269 minuit,
1054 2215 1109 2258 ut
1137 2203 1340 2257 facilius
1370 2202 1456 2255 illa
1486 2198 1789 2254 credantur.
1821 2195 1887 2249 Et
1912 2209 2025 2260 cur,
2052 2193 2138 2247 in-

569 2302 737 2368 quies,
779 2312 880 2351 non
935 2296 1046 2364 ipse
1085 2309 1273 2364 aquam
1323 2289 1588 2360 produxit,
1623 2295 1679 2341 ut
1717 2296 1840 2340 tunc
1867 2285 1917 2338 iu
1959 2286 2137 2337 vinum

569 2397 923 2449 converteret.
968 2385 1060 2440 sed
1097 2385 1146 2438 id
1199 2383 1470 2435 ministros
1519 2379 1690 2432 facere
1721 2377 1915 2444 jussit?
1944 2375 2138 2428 Eadem

569 2496 775 2534 rursum
800 2480 866 2534 de
891 2493 1069 2542 causa,
1102 2485 1155 2530 et
1186 2484 1240 2528 ut
1277 2475 1441 2543 ipsos,
1482 2472 1568 2540 qui
1615 2468 1919 2528 hauserant,
1953 2467 2025 2520 rei
2063 2474 2140 2518 te-

567 2583 676 2626 stes
701 2570 939 2633 haberet,
974 2581 1071 2621 nec
1109 2566 1160 2618 id
1199 2562 1490 2633 prmstigias
1518 2575 1636 2614 esse
1678 2565 1971 2627 putaretur.
2013 2557 2140 2610 Nam

566 2665 610 2716 si
642 2663 729 2730 qui
756 2660 867 2714 ausi
896 2666 1074 2713 essent
1095 2655 1145 2709 id
1174 2654 1504 2724 impudenter
1535 2664 1746 2719 negare.
1772 2657 2015 2717 poterant
2044 2648 2142 2700 mi-

571 2752 718 2806 nistri
738 2751 936 2815 dicere,
966 2747 1072 2801 Nos
1092 2760 1280 2814 aquam
1322 2741 1614 2796 hausimus.
1649 2739 1726 2793 Ad
1755 2739 1868 2791 hanc
1897 2751 2023 2789 vero
2043 2736 2142 2788 do-

567 2854 740 2910 ginata
779 2851 961 2898 contra
1011 2839 1299 2894 Ecclesium
1331 2836 1544 2891 subortu
1579 2833 1784 2888 evertit.
1828 2832 1958 2899 Quia
2000 2832 2140 2884 enim

568 2936 778 3003 quidam
817 2936 977 2989 alium
1023 2948 1141 2989 esse
1177 2930 1358 2987 mundi
1388 2939 1680 2985 creatmem
1720 2927 1922 2990 dicunt,
1953 2939 2143 2993 opera-

567 3043 673 3096 que
702 3026 923 3080 visibilia
959 3040 1062 3078 non
1093 3024 1209 3092 ejus
1227 3036 1366 3087 esse,
1398 3020 1489 3074 sed
1522 3019 1736 3073 alterius
1767 3015 1851 3070 dei
1883 3015 1981 3084 ipsi
2015 3028 2144 3066 eon-

574 3118 832 3179 trarii;ut
864 3131 1047 3170 eorum
1075 3114 1329 3167 insaniam
1368 3112 1638 3180 reprimat,
1674 3109 1740 3161 ita
1784 3106 1944 3159 multa
1983 3105 2146 3158 mira-

571 3210 687 3262 cula
730 3208 839 3262 edit
885 3222 950 3260 ex
996 3204 1246 3274 subjectis
1286 3202 1614 3257 substantiis.
1675 3198 1802 3252 Nam
1854 3198 1895 3250 si
1939 3204 2147 3251 creator

575 3299 669 3366 ipsi
697 3296 992 3351 contrarius
1021 3303 1182 3361 esset,
1211 3309 1317 3347 non
1356 3292 1540 3345 alienis
1581 3297 1815 3344 uteretur
1849 3287 1912 3341 ad
1955 3295 2143 3355 poten-

576 3389 699 3440 tiam
735 3401 882 3440 suam
919 3383 1405 3440 demonstrandam.
1451 3380 1599 3435 Nune
1643 3380 1798 3448 igitur
1837 3377 2143 3438 ostendens,

573 3495 634 3534 se
655 3477 897 3534 eumdem
927 3478 1096 3546 ipsum
1119 3489 1259 3540 esse,
1285 3475 1370 3545 qui
1399 3488 1588 3543 aquam
1612 3473 1663 3525 in
1686 3471 1854 3524 vincis
1883 3478 2068 3531 mutat,
2095 3477 2147 3520 et

575 3570 802 3638 pluviam
829 3583 922 3637 per
949 3567 1177 3621 radicem
1208 3565 1258 3619 in
1297 3565 1474 3618 vinum
1508 3562 1790 3626 convertit,
1826 3560 1878 3614 id
1915 3559 2054 3628 quod
2095 3561 2144 3612 in

578 3659 690 3726 ipsa
721 3657 895 3726 planta
937 3657 1158 3724 longiori
1187 3664 1425 3725 tempore
1452 3653 1594 3717 facit,
1627 3651 1678 3706 id
1707 3659 1924 3719 repente
1966 3651 2015 3702 in
2046 3666 2146 3702 nu-

579 3748 700 3816 ptiis
729 3755 976 3816 operatus
1017 3755 1116 3799 est.
1153 3747 1433 3815 Postquam
1479 3752 1653 3797 autem
1707 3742 2014 3810 implessent
2053 3738 2148 3807 hy-

579 3839 740 3904 drias,
770 3839 842 3890 ait
873 3853 886 3886 :
919 3837 970 3891 8.
1013 3836 1226 3888 Hunrite
1264 3845 1416 3898 nunc,
1449 3844 1493 3886 et
1535 3833 1659 3900 ferte
1683 3831 2043 3884 nrchitriciino.
2084 3827 2148 3881 Et

581 3928 817 3980 tulerunt.
862 3926 913 3981 9.
974 3925 1040 3980 Ut
1078 3935 1245 3979 autem
1295 3925 1512 3995 gustavit
1548 3919 1923 3975 arcltitriclinus
1967 3935 2148 3988 aquam

581 4019 746 4069 vinum
776 4021 978 4085 factum,
1008 4025 1053 4068 et
1091 4015 1331 4078 nesciebat
1371 4014 1502 4066 unde
1535 4021 1694 4077 esset;
1732 4011 1944 4064 ministri
1983 4020 2150 4062 autem

581 4106 817 4168 sciebant,
851 4105 939 4173 qui
977 4104 1242 4155 hauserant
1277 4119 1458 4172 aquam
1489 4113 1666 4156 :vocot
1707 4119 1943 4171 sponsum
1979 4102 2148 4154 are/ti-

585 4198 828 4261 tricliniis,
862 4197 945 4250 10.
971 4205 1015 4249 et
1043 4195 1160 4248 dicit
1187 4195 1231 4248 ei
1261 4210 1279 4247 :
1309 4195 1483 4247 Omnis
1532 4195 1677 4246 homo
1717 4193 1934 4261 primunt
1968 4193 2151 4243 bonum

583 4286 751 4336 riuum
780 4284 936 4350 ponit,
971 4293 1015 4335 et
1051 4299 1162 4333 cum
1197 4281 1425 4333 iucbriuti
1454 4282 1658 4350 fuerint,
1693 4290 1808 4332 tunc
1830 4280 1884 4330 id
1904 4279 2036 4349 quod
2064 4279 2151 4331 dc-

587 4375 738 4426 terius
771 4383 860 4425 est.
899 4369 976 4424 Tu
1009 4372 1213 4424 servasti
1241 4371 1424 4424 bonum
1463 4371 1628 4423 vinum
1657 4387 1810 4438 usque
1838 4370 2023 4422 adhuc.
2059 4369 2155 4424 IIic

587 4480 792 4518 rursum
821 4464 1032 4533 quidam
1059 4463 1368 4516 cavillantur
1395 4461 1652 4525 dicentes,
1682 4463 2011 4515 ebriOSorum
2046 4475 2152 4516 co:-

588 4567 696 4610 tum
721 4556 898 4621 fuisse,
932 4555 1170 4608 hebetem
1193 4554 1514 4622 gustantium
1542 4569 1778 4619 sensum,
1799 4556 1883 4624 qui
1911 4571 2016 4608 rem
2048 4569 2151 4609 non

588 4657 802 4715 possent
838 4661 1044 4716 capere,
1089 4663 1184 4700 nec
1233 4646 1484 4714 judicium
1516 4646 1674 4710 h-rre,
1712 4646 1780 4698 ita
1809 4655 1862 4698 ιιι
1889 4648 2156 4700 nescirent

587 4755 654 4791 an
683 4740 857 4790 vinum
898 4753 962 4789 an
994 4752 1126 4804 aqua
1169 4737 1216 4788 id
1249 4745 1391 4791 esset
1419 4754 1430 4789 :
1464 4752 1582 4789 nam
1623 4737 1762 4806 quod
1794 4738 1924 4790 ebrii
1955 4748 2153 4802 essent,

590 4831 701 4897 ipse
743 4827 1129 4882 architriclinus
1167 4826 1472 4881 declaravit.
1512 4826 1806 4880 Ridiculum
1837 4827 1991 4904 plane
2030 4826 2156 4880 illud

587 4930 667 4970 est
703 4937 715 4972 :
752 4933 932 4971 verum
978 4916 1110 4970 hanc
1150 4917 1357 4970 iilorum
1406 4917 1755 4986 suspicionem
1800 4917 1905 4982 jam
1947 4917 2160 4971 sustulit

589 5007 928 5077 evangelista.
964 5005 1078 5059 Non
1109 5007 1246 5059 enim
1273 5007 1522 5061 convivas
1551 5007 1623 5060 ait
1647 5007 1714 5060 de
1740 5023 1796 5061 re
1828 5008 1912 5061 illa
1945 5018 2159 5062 senten-

594 5100 714 5148 tiam
762 5098 964 5160 tulisse,
1009 5095 1102 5149 sed
1143 5096 1577 5160 architriclinmn,
1619 5098 1704 5165 qui
1745 5097 1949 5151 Sobrius
1988 5098 2160 5152 adhuc

594 5192 717 5245 nihil
748 5202 1062 5260 gustaverat.
1104 5189 1258 5245 Scitis
1287 5191 1481 5260 quippe
1507 5207 1708 5254 mnnes,
1749 5193 1940 5260 quibus
1978 5193 2158 5244 convi-

591 5285 794 5334 viorum
839 5297 963 5334 cura
999 5284 1340 5336 committitur
1369 5299 1485 5337 esse
1530 5286 1760 5336 omnium
1802 5285 2029 5338 maxime
2067 5300 2158 5338 so-

593 5373 755 5434 brios,
787 5386 941 5424 unam
976 5371 1108 5424 hanc
1135 5386 1310 5424 coram
1343 5371 1616 5434 habentes,
1656 5384 1711 5426 ut
1744 5389 1861 5426 cum
1899 5384 2045 5427 recto
2076 5390 2161 5426 or-

589 5461 714 5513 dine
736 5462 908 5514 omnia
929 5460 1288 5527 disponantur.
1309 5459 1535 5530 Ideoque
1555 5477 1767 5516 sensum
1787 5464 1928 5516 illum
1949 5465 2157 5531 vigilem

591 5562 646 5604 et
676 5550 910 5604 sobrium
957 5549 1021 5602 ad
1051 5549 1126 5602 rei
1157 5559 1315 5617 gesta:
1343 5553 1699 5606 testimonium
1744 5555 2003 5608 evocavit.
2047 5554 2156 5607 Non

594 5642 732 5693 rnint
769 5643 921 5701 dixit,
961 5640 1217 5694 InIundite
1245 5642 1485 5694 Convivis
1512 5645 1708 5709 vinum,
1739 5646 1851 5707 sed,
1886 5645 2036 5698 Ferte
2073 5660 2158 5698 (rr-

596 5754 605 5777 π
626 5731 890 5786 uitriciino.
919 5731 984 5789 Ut
1001 5742 1163 5785 autem
1180 5733 1388 5806 gustarit
1409 5736 1774 5790 architriclinus
1793 5755 1968 5806 (ll/ltum
1995 5740 2157 5792 riuum

1318 367 1373 422 S.
1414 360 1689 420 JUANNIS
1713 353 2178 415 CIIBYSOSTOMI
2220 356 2535 412 AIiCIIIlil‘.
2575 358 3105 414 CONSTANTINOP.

2236 476 2442 540 factum,
2473 485 2518 529 et
2536 475 2778 528 nesciebat
2805 476 2936 529 unde
2957 484 3120 541 esset;
3139 476 3351 530 ministri
3370 487 3540 532 autem
3561 479 3656 532 sci.
3669 479 3800 533 baut
3813 495 3842 536 :

2235 577 2376 620 vocnt
2405 584 2643 632 sponsum
2669 569 3056 622 architricliuus.
3089 569 3197 624 Cur
3235 583 3340 624 non
3378 568 3660 626 ministros
3691 569 3835 625 allo-

2234 660 2454 727 quitur?
2484 659 2560 713 sic
2597 659 2738 713 enim
2781 657 3093 713 miraculum
3145 659 3436 716 revelatum
3472 669 3645 716 esset.
3689 661 3834 726 ριιιε

2237 765 2302 804 ne
2333 751 2448 818 ipse
2481 748 2690 818 quidem
2719 749 2873 804 Iesus
2918 750 3055 818 quod
3099 751 3289 804 factum
3333 749 3502 805 fuerat
3541 751 3834 814 revelavit,

2233 841 2325 894 sed
2356 841 2552 895 sensim
2595 841 2954 909 paulatimque
2980 841 3186 896 volebat
3219 842 3322 894 vim
3359 841 3740 897 miraculorum
3775 841 3833 896 iu

2237 931 2477 984 notitiam
2501 931 2700 986 venire.
2728 931 2782 986 Si
2811 947 2937 984 vero
2964 943 3085 985 tunc
3105 932 3430 986 declaratum
3460 932 3670 998 fuisset,
3717 951 3833 988 non

2237 1021 2371 1076 fides
2401 1020 2642 1075 habenda
2687 1032 2802 1074 erat
2832 1022 3087 1076 ministris
3131 1022 3499 1087 narrantibus;
3546 1024 3644 1078 sed
3685 1023 3836 1077 insa-

2237 1114 2350 1168 nire
2374 1114 2538 1182 putati
2563 1114 2802 1178 fuissent,
2830 1128 2949 1168 cum
2978 1113 3199 1179 homini,
3233 1115 3322 1185 qui
3351 1117 3601 1185 opinione
3626 1117 3832 1170 multo-

2237 1218 2352 1257 rum
2395 1219 2426 1258 e
2476 1204 2637 1272 vulgo
2679 1212 2813 1268 erat,
2861 1203 2984 1258 talia
3031 1203 3418 1258 adscriberent.
3455 1205 3558 1274 Ipsi
3604 1206 3832 1275 quidem

2237 1295 2564 1363 experientia
2593 1311 2701 1348 rem
2727 1297 2872 1349 clare
2902 1305 3197 1358 noverant;
3228 1311 3396 1364 neque
3426 1305 3678 1366 poterant
3717 1299 3838 1351 suis

2237 1385 2480 1438 manibus
2511 1383 2670 1438 ﬁdem
2715 1400 2949 1455 negare;
2982 1401 3088 1439 non
3139 1393 3312 1439 tamen
3362 1383 3535 1440 idonei
3571 1397 3729 1441 erant
3773 1398 3836 1441 ut

2237 1475 2355 1529 aliis
2377 1474 2535 1530 fidem
2569 1475 2822 1531 facerent.
2854 1475 2976 1530 Ideo
3005 1490 3109 1529 non
3141 1475 3387 1530 omnibus
3409 1475 3700 1538 revelavit;
3733 1478 3833 1531 sed

2237 1570 2284 1623 ei
2311 1569 2398 1640 qui
2437 1569 2667 1624 maxime
2715 1578 2894 1638 posset
2939 1568 2988 1622 id
3040 1569 3363 1638 perslnieere,
3413 1569 3702 1625 clariorem
3752 1572 3833 1624 ret

2241 1657 2478 1711 notitiam
2507 1658 2561 1711 in
2593 1665 2859 1726 posterum
2893 1672 3193 1713 reservans.
3223 1657 3352 1711 Nam
3402 1669 3518 1726 post
3548 1659 3653 1712 alia
3697 1675 3832 1712 eon-

2238 1750 2418 1819 spicua
2467 1749 2647 1817 signa,
2717 1749 2818 1803 hoc
2872 1751 3032 1804 etiam
3078 1749 3334 1804 credibile
3391 1747 3630 1803 I‘uttn'um
3693 1760 3832 1803 erat.

2239 1838 2460 1906 Quando
2483 1840 2624 1893 enim
2655 1839 2816 1894 tilium
2851 1840 3012 1907 reguli
3043 1849 3224 1908 postea
3255 1840 3479 1901 curavit,
3507 1854 3606 1909 per
3625 1856 3690 1894 ea
3714 1858 3836 1909 qure

2243 1941 2366 1985 tunc
2393 1931 2520 1986 dicit
2549 1933 2870 2002 evangelista
2921 1932 3118 1987 indicat
3149 1933 3247 1987 hoc
3289 1936 3444 1988 etiam
3488 1935 3834 1991 manifestius

2244 2020 2422 2076 fuisse.
2475 2022 2599 2076 Ideo
2645 2023 2785 2076 enim
2832 2024 3061 2078 maxime
3107 2025 3322 2093 regulus
3375 2024 3548 2091 ipsum
3595 2041 3833 2090 vocavit,

2241 2113 2360 2180 quia
2392 2112 2525 2182 signi
2558 2112 2708 2167 Istius
2728 2128 2925 2182 gnarus
2952 2123 3086 2178 erat,
3119 2123 3176 2167 ut
3203 2114 3335 2166 dixi.
3370 2114 3521 2180 Quod
3549 2114 3837 2170 declarans

2241 2201 2473 2258 Joannes
2503 2203 2756 2257 dicebat:
2797 2202 2942 2258 Venit
2982 2202 3133 2258 .Iesus
3175 2206 3226 2258 in
3269 2205 3408 2259 Caua
3457 2205 3709 2273 Gatiltete,
3753 2207 3838 2262 ubi

2245 2295 2359 2363 fecit
2390 2311 2570 2364 aquam
2609 2296 2778 2348 vinum
2802 2311 2819 2348 :
2847 2311 3020 2365 neque
3063 2295 3220 2351 modo
3268 2296 3471 2362 vinum,
3509 2297 3606 2352 sed
3654 2299 3836 2352 vinum

2245 2384 2522 2451 optimum.

2315 2473 2365 2528 5.
2392 2473 2539 2527 Talia
2568 2484 2691 2527 sunt
2731 2473 2929 2529 Christi
2975 2474 3248 2540 miracula,
3282 2490 3400 2544 qua:
3427 2490 3514 2530 res
3559 2479 3836 2531 naturales

2247 2563 2550 2631 prmstantia
2601 2564 2751 2632 longe
2796 2572 3067 2631 superent.
3102 2565 3190 2619 Sic
3235 2575 3287 2620 et
3330 2565 3380 2617 in
3427 2566 3549 2620 aliis
3595 2581 3836 2634 quoque,

2246 2653 2455 2720 quando
2487 2654 2779 2707 membrum
2812 2653 3091 2708 distortum
3124 2654 3372 2718 restituit,
3404 2656 3708 2709 sanioribus
3744 2671 3840 2710 va-

2246 2742 2408 2795 lidius
2436 2744 2628 2797 eIl‘ecit.
2679 2743 2830 2808 Quod
2877 2759 3004 2814 ergo
3047 2744 3250 2810 vinum,
3279 2753 3331 2798 et
3360 2745 3538 2799 vinum
3571 2747 3840 2814 optimum

2245 2832 2372 2887 illud
2402 2843 2561 2896 esset,
2598 2848 2702 2887 non
2731 2834 2890 2887 modo
2916 2834 3164 2898 ministri,
3197 2833 3290 2888 sed
3335 2842 3389 2889 et
3433 2834 3839 2890 architriclinus

2248 2935 2301 2978 et
2326 2938 2554 2992 sponsus
2587 2925 2914 2980 testiticaturi
2945 2934 3131 2989 erant;
3163 2926 3302 2993 quod
3347 2934 3525 2980 autem
3556 2941 3585 2979 a
3616 2916 3842 2980 Christo

2251 3013 2445 3067 factum
2477 3022 2642 3077 esset,
2672 3016 2761 3086 qui
2792 3030 2984 3084 aquam
3031 3015 3339 3071 hauserant.
3374 3015 3448 3070 Ita
3477 3027 3536 3070 ut
3580 3017 3681 3072 etsi
3715 3029 3841 3075 tunc

2250 3106 2560 3160 miraculum
2582 3122 2685 3160 non
2710 3107 3001 3160 revelatum
3029 3105 3234 3173 fuisset,
3262 3123 3368 3162 non
3391 3106 3459 3161 ad
3484 3109 3646 3163 Ilnem
3671 3125 3843 3178 usque

2248 3197 2390 3250 sileri
2425 3207 2604 3265 posset
2633 3214 2645 3250 :
2680 3198 2756 3251 sic
2788 3198 2949 3251 multa
2979 3201 3387 3267 necessarioque
3409 3202 3840 3268 praeminebat:-

2249 3295 2336 3340 tur
2361 3286 2410 3339 in
2436 3287 2668 3341 futurum
2699 3296 2907 3358 tempus
2938 3289 3261 3343 testimonia.
3291 3289 3441 3356 Quod
3469 3293 3610 3344 enim
3643 3307 3841 3361 aquam

2248 3379 2426 3433 vinum
2453 3379 2685 3446 fecisset,
2714 3381 2985 3434 ministros
3013 3389 3176 3436 testes
3199 3381 3380 3436 habuit
3412 3401 3424 3436 :
3457 3383 3598 3453 quod
3641 3385 3841 3438 bonum

2249 3473 2426 3524 vinum
2468 3482 2630 3536 esset,
2673 3473 3089 3526 arebitrielinum
3131 3482 3184 3527 et
3214 3489 3488 3543 sponsum.
3539 3475 3844 3532 Verisimile

2249 3573 2424 3618 autem
2452 3573 2533 3617 est
2561 3579 2815 3632 sponsum
2855 3565 3048 3634 aliquid
3081 3566 3147 3619 ad
3180 3565 3293 3621 ha-c
3332 3567 3675 3636 respondisse
3705 3586 3718 3621 :
3753 3585 3842 3621 \e-

2251 3669 2365 3706 rum
2394 3653 2714 3720 evangelista
2747 3653 2810 3706 ad
2856 3654 3019 3721 magis
3052 3656 3350 3709 necessaria
3388 3670 3706 3725 properans,
3744 3660 3845 3711 hoc

2254 3749 2452 3795 tantum
2475 3742 2737 3796 recensito
2761 3743 2932 3810 signo,
2961 3751 3150 3796 extera
3183 3745 3540 3812 praztermisit.
3584 3746 3848 3801 Necessa-

2255 3831 2386 3884 rium
2417 3831 2609 3898 quippe
2639 3840 2754 3885 erat
2788 3840 2844 3884 ut
2870 3832 3097 3886 sciretur
3126 3833 3296 3901 ipsum
3325 3850 3517 3905 aquam
3553 3837 3608 3890 in
3660 3837 3844 3891 vinum

2256 3921 2576 3983 mutavisse;
2618 3922 2740 3991 quid
2789 3937 2913 3977 vero
2943 3923 3305 3978 architricliuo
3335 3941 3566 3993 sponsus
3616 3945 3845 3999 respon-

2253 4011 2408 4075 derit,
2443 4011 2644 4066 referre
2677 4013 3035 4066 necessarium
3064 4029 3169 4067 non
3203 4017 3430 4083 putavit.
3459 4016 3622 4071 Multa
3649 4020 3849 4089 quippe

2256 4103 2399 4172 signa
2431 4105 2654 4171 primum
2680 4105 3010 4169 obscuriora,
3035 4120 3318 4175 progressu
3343 4114 3599 4176 temporis
3618 4112 3846 4167 etapium

2258 4192 2391 4246 facta
2420 4204 2560 4254 sunt,
2594 4194 2657 4244 iis
2689 4180 2945 4247 accurate
2991 4197 3330 4252 narrantibus
3373 4195 3459 4266 qui
3503 4213 3534 4252 τι
3583 4202 3848 4268 principio

2261 4282 2517 4336 viderant.
2571 4283 2718 4338 Tunc
2769 4285 2926 4352 igitur
2970 4286 3147 4339 vinum
3196 4303 3262 4340 ex
3301 4303 3435 4357 aqua
3482 4287 3607 4343 fecit
3657 4289 3846 4358 Jesus;

2263 4381 2385 4427 tunc
2415 4382 2468 4427 et
2497 4388 2637 4426 nunc
2661 4375 2956 4427 voluntates
2977 4376 3161 4430 molles
3183 4385 3237 4430 et
3263 4376 3546 4434 dissolutas
3575 4381 3626 4432 in
3655 4383 3849 4438 melius

2260 4474 2464 4518 mutare
2491 4479 2595 4517 non
2625 4464 2834 4518 desinit.
2872 4465 3005 4519 Sunt
3033 4467 3197 4529 enim,
3227 4476 3372 4533 sunt,
3406 4469 3643 4538 inquam,
3677 4471 3849 4528 homi-

2262 4572 2379 4622 nes,
2428 4557 2516 4625 qui
2563 4555 2692 4609 nihil
2742 4557 2808 4609 ab
2847 4573 2981 4626 aqua
3032 4556 3314 4622 diII‘ernnl;
3363 4562 3430 4612 ita
3481 4572 3605 4615 sunt
3648 4563 3844 4634 frigidi,

2262 4650 2448 4702 molles
2478 4659 2531 4702 et
2572 4664 2854 4716 numquam
2886 4649 3258 4703 consistentes.
3289 4651 3410 4704 Illos
3448 4663 3625 4706 autem
3650 4656 3738 4723 qui
3775 4657 3850 4710 sic

2259 4736 2432 4792 aITecti
2463 4746 2584 4791 sunt
2627 4739 2690 4791 ad
2737 4740 3012 4792 Dominum
3046 4739 3390 4808 adducamus,
3421 4751 3476 4794 ut
3508 4742 3723 4797 illorum
3757 4762 3852 4798 Vu-

2262 4827 2514 4881 lunlatetn
2561 4827 2611 4880 in
2664 4828 2768 4880 vini
2808 4828 3168 4882 conditionem
3211 4839 3408 4893 mutet,
3455 4840 3513 4884 ut
3560 4847 3666 4885 non
3712 4835 3847 4888 ultra

2261 4919 2520 4984 difﬂuunt,
2570 4920 2663 4974 sed
2705 4920 2984 4975 solidiores
3023 4920 3147 4984 sint,
3187 4935 3250 4975 ac
3287 4936 3408 4976 cum
3455 4921 3556 4977 sibi
3590 4932 3702 4980 tum
3732 4927 3847 4982 aliis

2263 5014 2454 5067 la-titia:
2485 5030 2640 5068 causa
2665 5014 2911 5068 evadant.

2337 5104 2556 5156 Tcrrcnu
2607 5106 2776 5157 omnia
2801 5106 2946 5174 ﬂuxa
2977 5115 3092 5159 sunt
3117 5148 3131 5171 ,
3161 5117 3203 5158 et
3231 5123 3504 5178 numquam
3546 5111 3848 5167 consistunt.

2270 5193 2445 5247 .Ilensa
2495 5195 2709 5263 frugalis
2739 5195 3037 5248 valetudinis
3064 5206 3135 5249 est
3163 5206 3340 5250 mater.
3371 5198 3686 5264 —-Quiuam
3726 5218 3854 5254 vero

2264 5294 2386 5338 sunt
2431 5285 2503 5337 illi
2537 5284 2747 5352 frigidi,
2779 5286 2878 5338 nisi
2933 5286 2964 5339 ii
3017 5288 3104 5355 qui
3138 5285 3291 5342 [luxis
3337 5287 3496 5356 hujus
3526 5289 3649 5343 vin
3694 5293 3857 5343 rehus

2267 5376 2551 5437 inhmrent,
2587 5376 2673 5444 qui
2708 5376 2887 5430 mundi
2921 5377 3144 5430 delicias
3174 5393 3278 5430 non
3312 5378 3588 5444 derident,
3621 5383 3709 5448 qui
3737 5382 3852 5451 ειυς

2266 5469 2396 5520 riam
2428 5476 2481 5520 et
2509 5466 2798 5535 potentiam
2831 5467 3055 5520 amant?
3090 5467 3210 5521 Ila‘e
3241 5469 3436 5536 quippe
3462 5471 3640 5523 omnia
3670 5470 3815 5527 Iluxa
3836 5515 3854 5541 ,

2267 5574 2553 5627 numquam
2609 5560 2946 5624 consistunt,
2982 5575 3099 5628 qua:
3147 5560 3197 5612 in
3247 5576 3484 5630 princeps
3531 5576 3747 5632 semper
3805 5577 3855 5619 et

2266 5665 2385 5703 cum
2435 5651 2630 5716 impetu
2677 5651 2938 5703 I'eruutur.
2993 5650 3122 5703 Nam
3163 5651 3248 5719 qui
3299 5651 3455 5706 hodie
3497 5653 3684 5721 dives,
3735 5671 3856 5708 cras

2270 5757 2468 5810 pauper
2499 5750 2577 5794 est
2609 5757 2618 5790 :
2654 5741 2738 5804 qui
2787 5740 2942 5794 hodie
2973 5756 3092 5795 eum
3135 5759 3377 5810 praecone
3400 5785 3412 5806 ,
3444 5741 3622 5800 balteo
3647 5785 3660 5812 ,
3695 5760 3854 5800 curru
