4048 6492
223 433 333 490 15⁸⁵

217 547 523 617 uutltisque
554 540 832 599 lictoribus
855 554 913 593 sc
943 535 1097 593 effert
1119 576 1134 600 ,
1168 549 1311 603 stepe
1334 532 1580 603 sequenti
1611 531 1698 586 die
1720 545 1839 586 ear-

213 642 342 700 τετὶ
393 636 766 707 mancipatur,
801 633 1001 701 aliique
1034 629 1234 684 invitus
1265 626 1407 681 hunc
1439 626 1633 680 fastum
1666 624 1835 681 relin-

218 733 366 803 quit.
399 728 498 797 Qui
527 726 783 783 delicatis
812 724 946 779 cibis
978 720 1192 776 deditus
1222 727 1307 773 est
1331 758 1345 781 ,
1381 726 1664 787 postquam
1698 730 1840 770 ven-

220 835 371 880 trem
399 822 616 892 crapula
648 819 876 887 disrupit
900 859 914 881 ,
949 830 1017 869 ne
1061 829 1167 866 uno
1204 811 1421 882 quidem
1452 809 1538 863 die
1579 816 1757 878 potest
1785 808 1836 862 in

220 918 422 973 eadem
450 914 786 970 abundantia.
828 922 1181 979 permanere;
1214 904 1307 959 sed
1343 904 1428 957 illa
1480 903 1531 957 iu
1586 916 1840 971 vaporem

222 1023 389 1064 versa
413 1049 429 1073 ,
462 1005 800 1076 cogituralia
830 1014 1158 1069 congerere,
1189 996 1429 1065 nihilque
1459 991 1637 1048 diﬂ‘ert
1666 1008 1694 1045 a
1727 1002 1841 1046 tor-

222 1113 405 1171 rente.
427 1078 559 1156 Nam
590 1094 1040 1169 quemadmodum
1072 1091 1140 1144 ibi
1172 1089 1352 1159 priore
1399 1085 1691 1142 recedente
1738 1083 1843 1139 ﬂu-

224 1204 346 1258 ctu,
379 1194 469 1247 alii
504 1205 691 1247 rursus
722 1189 961 1251 instant,
993 1186 1070 1239 sic
1116 1195 1171 1238 et
1219 1198 1316 1237 nos
1367 1182 1473 1236 alio
1518 1192 1634 1249 post
1677 1180 1841 1234 alimu

224 1286 356 1339 cibo
389 1284 710 1351 indigemus.
760 1275 1078 1347 llujusmodi
1112 1283 1194 1329 est
1228 1288 1409 1328 rerum
1452 1270 1611 1342 hujus
1661 1270 1842 1325 s:reuli

228 1385 467 1438 natura;
502 1386 791 1441 numquam
823 1377 968 1422 stant
992 1408 1007 1433 ,
1046 1364 1139 1420 sed
1171 1380 1385 1433 semper
1415 1361 1586 1416 ﬂuunt
1630 1371 1685 1417 et
1732 1372 1843 1414 Ira-

227 1465 460 1523 huntur.
494 1463 711 1519 Delicias
758 1475 888 1515 vero
916 1458 1161 1512 ciborum
1208 1472 1314 1510 nou
1367 1454 1530 1509 modo
1576 1452 1749 1507 ﬂuunt
1793 1462 1847 1506 et

237 1563 689 1627 praztercurruut,
720 1551 813 1606 sed
842 1550 1006 1605 multa
1034 1548 1186 1602 nobis
1216 1547 1318 1600 alia
1342 1544 1552 1615 negotia
1576 1545 1843 1614 ingerunt.

229 1650 372 1704 Dum
420 1649 562 1703 enim
592 1661 713 1700 eum
744 1645 947 1713 impetu
978 1639 1231 1695 difﬂuunt
1254 1680 1269 1704 ,
1305 1647 1415 1691 tum
1448 1637 1613 1691 robur
1644 1649 1843 1703 corpo-

229 1745 333 1812 ris,
364 1753 475 1798 lum
508 1744 703 1796 anima:
730 1741 983 1795 virtutem
1016 1734 1337 1791 abstrahunt
1370 1729 1392 1788 :‘
1419 1748 1594 1803 neque
1623 1733 1694 1786 ita
1723 1732 1845 1786 vio-

231 1836 368 1892 lenti
401 1834 682 1889 ﬂuminum
722 1831 918 1887 ﬂuctus
964 1832 1107 1898 ripas
1139 1827 1402 1883 excedere
1429 1827 1608 1881 solent
1636 1867 1649 1889 ,
1681 1834 1740 1880 ut
1768 1824 1847 1879 ci-

234 1928 431 1984 borum
478 1927 689 1982 delicia:
720 1922 1044 1979 valetudinis
1092 1921 1441 1975 fonlamema
1474 1933 1660 1974 secum
1707 1916 1840 1972 sub-

234 2020 478 2075 trahunt.
528 2018 585 2075 Si
628 2017 895 2073 medicmu
925 2014 1089 2068 adeas
1118 2022 1172 2067 et
1224 2012 1554 2082 perconteris
1580 2050 1594 2075 ,
1628 2024 1847 2065 omnem

233 2110 551 2168 morborum
595 2124 811 2164 causam
856 2106 981 2161 hinc
1014 2106 1230 2177 prodire
1258 2104 1454 2158 disces.
1503 2100 1636 2156 Nam
1670 2101 1848 2155 tenuis

235 2214 294 2257 et
336 2204 456 2257 vilis
499 2216 728 2265 mensa,
766 2198 1088 2253 valetudinis
1128 2205 1301 2251 mater
1331 2204 1432 2249 est.
1484 2192 1610 2249 Ideo
1653 2191 1847 2247 medici

238 2298 322 2351 sic
368 2296 513 2350 illam
566 2302 843 2349 vocarunt.
878 2290 999 2346 Non
1030 2289 1213 2344 satiari
1257 2288 1308 2343 id
1361 2287 1720 2343 vaietudinem
1750 2299 1846 2340 vo-

232 2397 363 2441 cant
390 2406 404 2442 :
436 2384 555 2440 Cibi
585 2386 727 2439 enim
761 2383 995 2453 parcitas
1018 2422 1033 2447 ,
1065 2381 1307 2445 sanitas;
1354 2378 1576 2446 frugalis
1611 2390 1802 2430 mensa
1830 2416 1845 2441 ,

233 2488 411 2537 mater
432 2476 779 2540 valetudinis,
816 2475 1083 2545 inquiunt.
1111 2471 1267 2539 Quod
1295 2470 1340 2525 si
1370 2470 1649 2541 frugalitas
1676 2480 1850 2523 mater

231 2580 325 2625 est
369 2554 692 2625 valetudinis
716 2608 731 2635 ,
767 2568 927 2638 plane
972 2566 1190 2621 satietas
1229 2570 1404 2619 mater
1442 2571 1527 2617 est
1573 2561 1749 2616 morbi
1794 2569 1851 2617 et

234 2661 609 2718 infirmitatis:
647 2661 893 2732 paritque
936 2657 1282 2731 aegritudines
1310 2658 1481 2727 ipsam
1512 2653 1848 2710 medicorum

230 2763 409 2809 autem
459 2763 815 2824 superantes;
850 2751 1047 2823 pedum
1072 2792 1088 2817 ,
1117 2749 1307 2819 capitis
1330 2788 1346 2814 ,
1382 2747 1662 2803 oculorum
1684 2787 1699 2812 ,
1734 2762 1849 2802 ma-

233 2864 403 2903 nuum
435 2849 655 2904 morbos
678 2889 694 2914 ,
729 2856 991 2902 tremores
1016 2887 1033 2912 ,
1064 2843 1330 2915 paralysin
1351 2882 1367 2906 ,
1397 2842 1601 2896 icteron
1623 2880 1639 2907 ,
1670 2838 1847 2895 febres

232 2941 525 2997 diuturnas
572 2952 625 2997 et
674 2941 966 3002 ardentes,
1013 2938 1229 3007 aliaque
1284 2936 1443 3005 longe
1490 2934 1681 3004 plura,
1726 2948 1848 3004 qua:

233 3047 527 3091 feceriscre
568 3047 676 3089 non
722 3043 875 3087 vacat
908 3049 922 3087 :
972 3030 1087 3085 bare
1114 3045 1218 3085 nou
1250 3045 1318 3083 ex
1369 3026 1665 3097 indigentia
1689 3066 1704 3092 ,
1739 3038 1842 3081 nec

1277 417 1344 475 IN
1391 414 1710 475 JOANNEM
1753 415 1846 473 11οἶ

1958 452 1982 471 ι.
2029 414 2223 472 XXI".
2265 416 2336 472 al.
2381 413 2553 471 XXIII.
3472 416 3569 472 l38

1954 548 2020 585 ex
2055 526 2438 600 philosophico
2484 529 2629 582 victu
2658 568 2673 595 ,
2717 526 2814 582 scd
2841 542 2905 582 ex
2955 526 3205 585 satietate
3252 538 3307 584 et
3348 539 3566 599 crapula

1946 634 2298 695 generantur.
2333 621 2486 691 Quod
2520 622 2566 676 si
2600 620 2735 676 velis
2765 620 2893 676 hinc
2930 630 3081 677 ortus
3107 621 3303 677 anima:
3348 623 3570 678 morbos

1948 716 2239 787 explorare
2265 758 2279 779 ,
2313 714 2691 784 deprehendes
2722 713 2848 769 inde
2894 714 3043 768 nasci
3075 714 3358 769 avaritiam
3385 756 3402 782 ,
3436 716 3573 768 limi-

1950 806 2121 861 litiem
2149 847 2164 871 ,
2189 816 2362 860 atram
2394 804 2557 859 bilem
2587 846 2600 869 ,
2629 805 2899 876 pigritiam
2922 845 2939 871 ,
2972 804 3249 860 libidinem
3277 848 3291 869 ,
3325 820 3573 869 omnem-

1948 916 2056 970 que
2104 900 2487 970 ignorantiam.
2543 899 2638 953 llis
2677 898 2977 969 gaudentes
3004 900 3209 954 mensis
3236 900 3433 953 animm
3462 918 3512 955 ni
3538 917 3570 955 n

1951 995 2118 1048 asinis
2147 993 2401 1049 meliores
2436 992 2711 1057 evadunt,
2744 1008 2866 1061 qua!
2896 1006 2925 1044 a
2971 992 3167 1046 talibus
3200 992 3330 1046 feris
3370 993 3575 1048 discet--

1933 1088 2168 1155 'paotur.
2208 1086 2316 1141 Nec
2350 1086 2541 1140 tacebo
2567 1096 2618 1138 et
2645 1084 2859 1138 fastidia
2889 1085 3086 1154 quibus
3118 1085 3339 1140 ulmosii
3368 1098 3495 1141 sunt
3536 1086 3570 1140 ii

1952 1181 2041 1248 qui
2092 1194 2151 1233 se
2183 1179 2308 1233 huic
2352 1178 2613 1233 addixere
2646 1177 2873 1242 morbo,
2908 1193 3027 1247 qua:
3057 1178 3238 1232 omnia
3282 1194 3572 1235 recensete

1954 1289 2058 1326 non
2092 1287 2378 1341 possumus
2407 1290 2421 1326 :
2454 1286 2621 1326 unum
2648 1269 2792 1341 quod
2816 1280 2896 1326 est
2923 1282 3086 1340 caput
3110 1272 3354 1326 omnimn
3387 1272 3577 1328 decla-

1954 1367 2105 1418 rabo.
2144 1364 2312 1420 Lauta
2343 1379 2526 1418 mensa
2549 1404 2564 1429 ,
2596 1364 2664 1418 de
2694 1378 2797 1433 qua
2826 1363 3096 1432 loquimur
3120 1402 3137 1431 ,
3172 1380 3462 1435 numquam
3496 1365 3573 1422 illi

1952 1474 2072 1511 cum
2101 1459 2376 1527 voluptate
2407 1457 2681 1511 fruuntur.
2716 1455 3019 1526 Frugalilas
3051 1457 3252 1527 quippe
3277 1469 3328 1512 ιιι
3358 1459 3571 1514 valetu-

1952 1549 2097 1602 diuis
2121 1589 2136 1614 ,
2171 1550 2240 1601 ita
2271 1556 2325 1602 et
2354 1548 2643 1616 voluptatis
2696 1559 2869 1602 mater
2895 1557 3014 1614 est;
3049 1551 3270 1603 satietas
3316 1566 3446 1605 vero
3469 1593 3484 1617 ,
3516 1560 3574 1606 ut

1954 1640 2310 1706 morborum,
2346 1639 2417 1694 ita
2466 1639 2665 1694 fastidii
2701 1639 2821 1693 fons
2860 1650 2945 1695 est
2990 1649 3045 1694 ct
3091 1641 3263 1695 radix.
3310 1641 3448 1696 Nam
3477 1643 3567 1698 ubi

1952 1731 2173 1785 satietas
2202 1741 2318 1798 est,
2348 1732 2417 1786 ibi
2450 1732 2886 1802 concupiscentia
2919 1746 3042 1786 esse
3065 1734 3287 1804 nequit:
3324 1734 3414 1789 ubi
3447 1749 3576 1790 vero

1953 1826 2395 1893 concupiscentia
2427 1842 2532 1880 non
2562 1835 2645 1891 est
2672 1869 2685 1889 ,
2722 1826 2995 1895 quomodo
3022 1827 3268 1897 voluptas
3296 1843 3418 1884 esse
3449 1845 3576 1898 pos-

1954 1917 2068 1971 sit?
2123 1918 2245 1973 ldeo
2279 1934 2384 1973 non
2438 1919 2601 1972 modo
2634 1919 3013 1988 prudentiores
3044 1930 3095 1976 et
3126 1922 3455 1977 valentiores
3485 1923 3574 1978 di-

1953 2011 2152 2066 vitibus
2181 2027 2448 2081 paupercs
2485 2010 2732 2067 videmus
2755 2053 2770 2078 ,
2800 2012 2895 2067 scd
2943 2012 3134 2083 majori
3168 2014 3350 2069 Itctitia
3393 2013 3574 2069 frueno

1956 2112 2057 2159 tes.
2106 2104 2237 2170 Qua:
2287 2105 2467 2159 omnia
2516 2105 2815 2174 cogitantes
2865 2104 3185 2160 ebrietatem
3241 2105 3574 2178 deliciasque

1955 2193 2265 2265 fugiamus;
2300 2210 2407 2250 non
2451 2211 2657 2251 mensa:
2691 2207 2897 2250 tantum
2925 2196 3151 2252 delicias
3178 2241 3191 2261 ,
3221 2198 3319 2253 sed
3357 2208 3412 2253 et
3435 2200 3576 2254 alias

1942 2301 2185 2351 omnes,
2215 2303 2335 2357 qua:
2381 2287 2434 2342 in
2469 2287 2631 2341 rebus
2676 2287 3025 2343 saecularibus
3070 2288 3260 2345 haberi
3305 2302 3571 2361 possunt;

1954 2392 2251 2446 earumque
2279 2378 2402 2433 loco
2428 2379 2767 2449 spiritualem
2797 2379 3177 2437 nanciscemur
3202 2383 3571 2452 voluptatem,

1953 2478 2009 2525 et
2054 2469 2451 2527 delectabimur
2480 2472 2533 2525 in
2583 2473 2813 2527 Domino
2859 2476 3158 2529 secundum
3209 2476 3569 2547 prophetam,

1954 2565 2044 2636 qui
2075 2565 2205 2621 dicit
2237 2583 2255 2621 :
2303 2564 2570 2621 Delectare
2600 2567 2651 2621 in
2679 2566 2905 2622 Domino
2930 2610 2944 2636 ,
2976 2578 3022 2624 et
3050 2568 3133 2624 det
3175 2570 3264 2624 tibi
3305 2571 3576 2642 petitiones

1954 2657 2122 2711 cordis
2148 2659 2222 2712 tui
2248 2657 2267 2731 (
2293 2657 2437 2713 Psnl.
2472 2660 2560 2715 56.
2596 2659 2699 2733 4);
2733 2671 2787 2714 ut
2814 2670 2867 2716 et
2911 2664 3269 2731 prmscntibus
3300 2673 3355 2719 et
3382 2665 3575 2722 futuris

1954 2748 2199 2806 fruamur
2240 2751 2396 2805 bouis
2424 2794 2439 2816 ,
2469 2752 2641 2821 gratia
2671 2762 2724 2808 ct
2769 2753 3104 2824 benignitate
3153 2756 3364 2812 Domini
3399 2756 3571 2811 nostri

1952 2841 2081 2899 Jcsu
2116 2843 2315 2899 Citriin
2342 2886 2357 2910 ,
2387 2859 2483 2915 per
2509 2860 2669 2915 quem
2699 2855 2752 2901 ct
2796 2860 2919 2901 cum
2946 2862 3055 2918 quo
3086 2847 3228 2903 Patri
3258 2849 3428 2919 gloria
3451 2890 3468 2913 ,
3498 2848 3576 2903 si-

1952 2937 2172 3036 {unique
2199 2944 2388 2992 sancto
2415 2936 2659 3008 Spiritui,
2694 2937 2747 2993 in
2774 2938 2970 2994 sarcula
3000 2940 3345 2996 saeculorum.
3372 2942 3570 2997 Amen.

236 3154 3554 3180 _——_————-—————-—————-——‘_——_—_-—_——_———-—

1593 3232 1946 3296 HOMILIA
1992 3231 2238 3295 XXIII.

345 3389 431 3443 ll.
480 3386 591 3443 Hoc
620 3386 738 3459 fecit
769 3385 968 3440 initium
1024 3383 1287 3455 signorum
1311 3378 1463 3434 Iesus
1509 3379 1561 3432 in
1592 3375 1737 3432 Cana

912 3475 1159 3532 (.‘alilavr.

316 3662 367 3716 l.
384 3658 749 3715 Vehementer
764 3658 928 3712 instat
944 3653 1210 3717 diabolus,
1226 3661 1279 3707 et
1296 3650 1451 3706 saluti
1470 3657 1668 3704 nostra:
1686 3647 1845 3703 undi-

240 3768 348 3824 que
396 3749 704 3806 insidiatur.
751 3745 1087 3818 Vigilantiam
1144 3744 1340 3812 itaque,
1378 3751 1432 3797 et
1463 3739 1702 3811 undique
1745 3739 1845 3810 ipsi

238 3845 421 3901 aditus
445 3839 885 3897 intercludendos
913 3849 1013 3893 est.
1066 3834 1201 3892 Nam
1236 3834 1279 3890 si
1313 3833 1396 3889 vel
1432 3846 1651 3902 parvam
1692 3831 1847 3887 inve-

238 3938 382 3993 uerit
403 3934 766 3997 occasionem,
793 3930 959 3985 latum
994 3928 1096 3983 sibi
1120 3934 1306 3997 postea
1332 3923 1613 3996 apparabit
1642 3922 1851 3992 ingres-

239 4044 383 4093 sum,
410 4035 467 4083 et
506 4026 611 4080 vim
649 4038 801 4078 suam
828 4030 995 4076 totam
1034 4018 1292 4091 paulatim
1325 4016 1561 4071 inducet.
1588 4013 1644 4069 Si
1668 4015 1850 4084 itaque

239 4118 433 4174 salutis
463 4126 661 4172 nostra:
707 4115 939 4185 aliqu-m
994 4111 1256 4167 rationem
1306 4107 1644 4172 habeamus,
1693 4121 1761 4162 ne
1793 4107 1844 4160 in

147 4210 155 4221 “
243 4212 427 4283 parvis
450 4209 665 4282 quidem
696 4208 857 4263 rebus
896 4207 1069 4277 ipsum
1103 4203 1363 4258 accedere
1384 4202 1643 4264 sinamus,
1664 4210 1721 4254 ut
1753 4214 1849 4269 per

242 4304 359 4359 lucc
382 4302 674 4372 majoribus
695 4312 1064 4355 occurramus.
1084 4294 1217 4349 Nam
1246 4302 1502 4349 extrema:
1525 4291 1849 4362 insipientia:

242 4405 410 4460 esset,
440 4394 489 4450 si
514 4393 640 4449 dum
672 4401 876 4447 tantam
908 4390 996 4445 ille
1021 4387 1353 4459 diligentiam
1376 4384 1617 4449 adhibet,
1649 4394 1701 4437 ut
1733 4382 1852 4437 ani—

243 4502 386 4545 mam
416 4486 607 4557 perdat
640 4494 901 4549 nostram,
930 4497 1029 4537 nos
1057 4496 1156 4553 pro
1176 4480 1350 4534 salute
1394 4488 1575 4533 nostra
1609 4492 1715 4531 non
1748 4491 1847 4547 pa-

246 4596 359 4637 rem
384 4579 735 4635 adhibeamns
765 4575 1210 4631 sollicitudinem.
1256 4573 1381 4626 Haec
1405 4587 1435 4625 a
1467 4587 1554 4625 me
1596 4586 1702 4625 non
1730 4570 1849 4626 sine

242 4686 403 4728 causa
430 4672 571 4727 dicta
617 4669 875 4733 sunt,sed
899 4668 1021 4739 quia
1062 4668 1225 4722 timeo
1253 4681 1320 4721 ne
1368 4665 1422 4719 in
1467 4664 1642 4719 media
1697 4662 1849 4717 eaula

245 4781 387 4822 nunc
408 4765 498 4822 ille
530 4766 686 4835 lupus
714 4762 892 4817 adstet
916 4761 1178 4823 occultos,
1210 4773 1474 4828 avemque
1503 4757 1694 4827 rapiat,
1728 4770 1849 4825 qua:

244 4874 305 4917 se
334 4858 419 4914 vel
464 4874 533 4913 ex
569 4856 796 4928 segnitie
822 4855 909 4911 vel
940 4854 1066 4909 dolo
1108 4852 1250 4906 malo
1276 4868 1303 4905 a
1338 4865 1501 4922 grege
1540 4848 1847 4904 auditorum

244 4953 556 5008 semoverit.
584 4950 719 5006 Nam
745 4950 968 5004 vulnera
998 4947 1043 5001 si
1065 4945 1166 5001 sub
1190 4960 1410 5000 sensum
1440 4944 1718 5006 caderent,
1757 4951 1852 4997 aut

244 5048 287 5099 si
333 5058 533 5114 corpus
578 5044 765 5115 plagas
809 5040 1103 5110 acciperet,
1150 5052 1256 5093 non
1285 5051 1423 5108 opus
1453 5044 1600 5091 esset
1625 5033 1850 5090 insidias

247 5141 407 5194 hasce
438 5146 645 5192 tantqu
675 5149 1007 5207 przecavere.
1036 5133 1168 5199 Quia
1197 5146 1328 5187 vero
1357 5129 1644 5185 invisibilis
1670 5128 1849 5184 anima

243 5240 346 5295 est,
379 5231 603 5300 ipsaque
632 5227 945 5283 vulneribus
972 5222 1302 5289 confoditur,
1334 5220 1502 5277 multa
1533 5220 1692 5275 nobis
1714 5233 1852 5289 epus

243 5331 327 5382 est
368 5321 670 5393 vigilantia,
712 5328 771 5375 ut
812 5318 1182 5389 Unusquisque
1220 5330 1341 5371 sese
1370 5314 1637 5386 exploret.
1684 5311 1852 5368 Nemo

245 5419 377 5472 enim
403 5416 540 5470 novit
566 5431 627 5469 ea
651 5428 767 5484 qua
784 5420 904 5470 sunt
931 5411 1149 5464 hominis
1165 5452 1179 5475 ,
1202 5418 1260 5463 ut
1287 5409 1500 5477 spiritus
1522 5406 1741 5461 hominis
1764 5407 1854 5475 qui

246 5510 297 5565 in
326 5511 438 5581 ipso
466 5517 538 5564 est
564 5507 643 5580 (l.
670 5506 791 5562 Cor.
819 5505 875 5559 2.
911 5504 1025 5573 ll).
1048 5502 1233 5558 Oratio
1256 5501 1400 5556 enim
1423 5500 1489 5555 ad
1511 5514 1701 5555 omnes
1732 5514 1854 5568 per-

248 5600 411 5666 vadit,
443 5610 498 5655 et
524 5612 815 5653 commune
842 5596 1095 5651 omnibus
1114 5593 1269 5649 oli‘ert
1294 5591 1592 5646 remedium
1621 5608 1634 5644 :
1660 5590 1753 5646 sed
1783 5589 1853 5644 ad

249 5690 490 5763 singulos
520 5689 795 5744 auditores
829 5687 1061 5756 pertinet
1098 5685 1186 5740 illa
1212 5684 1482 5751 accipere,
1513 5696 1633 5751 qua:
1664 5682 1854 5735 morbo

249 5799 345 5839 suo
396 5781 720 5853 depelleudo
746 5788 873 5834 sunt
899 5776 1273 5848 congruentia.
1310 5773 1509 5845 Aigros
1556 5788 1660 5829 non
1701 5771 1849 5836 novi,

254 5892 351 5935 nec
377 5876 515 5934 bene
543 5880 803 5932 valentes.
836 5871 959 5930 ldco
985 5872 1051 5928 de
1079 5870 1241 5927 rebus
1270 5867 1519 5925 omnibus
1547 5867 1758 5939 loquor,
1790 5880 1850 5921 ea

1957 3390 2078 3445 qua:
2124 3377 2288 3430 animi
2344 3377 2549 3433 morbis
2592 3378 2818 3449 singulis
2878 3384 3271 3451 competant‘:
3305 3385 3467 3441 modo
3506 3385 3576 3443 de

1956 3468 2200 3533 avaritia,
2235 3485 2358 3523 mox
2392 3470 2458 3522 de
2502 3486 2704 3525 mensae
2731 3469 2965 3538 deliciis‘,
3002 3472 3129 3529 hinc
3174 3475 3451 3533 libidinem
3481 3496 3573 3551 ag.

1955 3559 2173 3631 grctlior
2208 3578 2220 3614 :
2257 3569 2443 3632 postea
2472 3578 2603 3616 vero
2630 3564 3035 3637 eleemosynam
3073 3566 3253 3631 laudo,
3301 3569 3377 3633 ad.
3401 3569 3577 3624 illain-

1956 3667 2061 3724 que
2096 3653 2425 3723 erogandam
2476 3653 2685 3719 hortor,
2748 3654 2873 3711 hinc
2900 3656 3165 3711 bonorum
3205 3673 3431 3729 Operum
3466 3661 3571 3716 alia

1957 3758 2176 3814 genera.
2199 3744 2389 3798 Timeo
2421 3745 2563 3799 enim
2598 3760 2664 3799 ne
2691 3744 2817 3799 dum
2853 3747 2943 3800 uni
2997 3748 3189 3803 morbo
3218 3751 3464 3806 curando
3497 3752 3578 3806 iu-

1957 3836 2175 3902 cumho,
2208 3836 2294 3891 alii
2321 3836 2625 3891 remedium
2657 3837 2900 3901 aﬂ‘eram,
2928 3838 3056 3894 dum
3084 3855 3183 3895 vos
3212 3843 3334 3898 aliis
3361 3846 3581 3915 a-gritu-

1957 3928 2177 3983 dinibus
2220 3928 2475 3983 laboratis
2504 3931 2546 3983 ’.
2581 3928 2635 3985 Si
2670 3945 2808 3985 unus
2855 3942 3060 3986 tantum
3094 3933 3181 3988 hic
3201 3934 3302 3989 ade
3335 3947 3439 4001 set,
3465 3953 3573 3993 non

1960 4021 2323 4075 necessarium
2353 4019 2607 4075 ducerem
2639 4021 2986 4091 multiplicem
3014 4023 3215 4080 habere
3245 4042 3575 4084 sermonem.

1958 4113 2095 4179 Quia
2126 4128 2257 4167 vero
2295 4112 2348 4167 in
2383 4122 2530 4167 tanta
2578 4113 2923 4168 multitudine
2965 4117 3162 4170 nntltos
3205 4132 3325 4172 esse
3353 4121 3577 4175 lllttl‘IlOS

1958 4201 2255 4260 verisimile
2277 4214 2380 4267 est,
2414 4221 2519 4259 non
2562 4208 2679 4261 sine
2727 4222 2889 4261 causa
2921 4207 3224 4263 doctrinam
3259 4213 3527 4268 variamus
3559 4230 3578 4271 :

1959 4311 2144 4352 sermo
2168 4296 2368 4367 quippe
2396 4296 2449 4351 in
2477 4311 2669 4352 omnes
2690 4297 2919 4365 e'ﬂ‘usus,
2955 4315 3106 4353 suam
3125 4312 3274 4366 certe
3289 4303 3576 4361 utilitatem

1960 4390 2199 4447 habebit.
2224 4389 2458 4462 Ideoque
2490 4390 2769 4462 Scriptura
2804 4393 2918 4463 ipsa
2946 4394 3092 4447 varia
3126 4404 3234 4460 est,
3268 4410 3331 4452 ac
3361 4396 3430 4453 (le
3456 4412 3581 4453 sex-

1960 4484 2134 4539 centis
2160 4485 2325 4539 rebus
2354 4483 2626 4549 edisserit,
2660 4484 2786 4556 quia
2820 4486 2883 4539 ad
2916 4500 3265 4544 communem
3296 4489 3576 4548 hominum

1962 4587 2207 4632 naturam
2235 4592 2544 4635 sermonem
2576 4577 2780 4649 dirigit.
2804 4578 2858 4633 In
2896 4589 3042 4635 tanta
3070 4597 3205 4638 vero
3233 4584 3580 4641 multitudine

1959 4684 2186 4725 necesse
2239 4682 2322 4726 est
2350 4686 2542 4727 omnes
2570 4673 2732 4726 animi
2778 4673 2996 4729 morbos
3028 4676 3280 4745 reperiri,
3312 4676 3435 4734 licet
3469 4694 3575 4735 non

1959 4776 2151 4817 omnes
2181 4763 2233 4817 in
2264 4765 2475 4818 cunctis
2506 4764 2705 4820 adsint.
2734 4764 2827 4820 llis
2852 4766 3032 4836 itaque
3062 4784 3161 4822 nos
3188 4781 3577 4841 expurgantes,

1961 4854 2139 4909 divina
2171 4855 2336 4910 verba
2367 4871 2486 4926 qua:
2518 4854 2678 4912 hodie
2715 4856 2849 4911 lecta
2879 4868 3005 4912 sunt
3031 4859 3254 4915 intentis
3283 4861 3576 4919 admodum

1959 4949 2156 5003 animis
2183 4948 2203 4979 ³
2233 4949 2538 5005 audiamus.
2564 4949 2824 5018 Quaenam
2874 4952 2964 5006 illa
2992 4954 3163 5008 sunt?
3197 4953 3310 5009 Hoc
3336 4958 3454 5029 fecit
3480 4957 3579 5012 ini-

1960 5040 2088 5094 tium
2134 5040 2402 5112 signarunt
2455 5041 2611 5098 Jesus
2656 5043 2709 5096 in
2763 5042 2906 5097 Cana
2956 5042 3207 5101 Galiltm'.
3245 5046 3363 5102 Dixi
3409 5064 3582 5120 nuper

1958 5131 2223 5204 quosdam
2248 5148 2358 5188 non
2391 5132 2494 5188 hoc
2522 5133 2734 5189 initium
2770 5149 2892 5191 esse
2914 5144 3126 5206 putare.
3154 5137 3292 5205 Quid
3316 5139 3484 5197 enim.
3503 5142 3582 5194 io.

1998 5311 2041 5383 .l
2081 5310 2152 5361 Ita
2171 5318 2281 5383 atas.
2305 5309 2451 5383 Savil;
2479 5313 2734 5383 habet"...
2752 5312 2940 5383 loquor,
2966 5323 3013 5366 et
3035 5315 3258 5383 euntibus
3280 5317 3443 5383 animi
3455 5333 3583 5383 mor-

1962 5372 2033 5423 bis
2056 5376 2354 5424 curationem
2372 5374 2541 5441 amaro.
2588 5372 2839 5426 Itorel....'.
2864 5372 3051 5441 (amtor,
3072 5378 3290 5431 omnibus
3312 5380 3583 5435 hominibus

1960 5448 2234 5487 sermonem
2256 5435 2649 5487 accommodans.

2026 5499 2046 5569 ξ
2082 5497 2433 5569 interpretatio
2458 5501 2619 5569 [atina
2634 5500 2874 5569 Francisei
2898 5499 3090 5569 Aretini
3114 5504 3186 5555 sic
3210 5502 3394 5569 habet:
3428 5504 3587 5556 timeo

1960 5559 2090 5631 enim
2112 5559 2372 5631 nequando
2394 5559 2481 5611 imi
2502 5560 2636 5611 nobis
2660 5561 2825 5631 morbo
2848 5563 3148 5625 vacantibus,
3174 5566 3280 5631 alii.
3306 5580 3400 5630 quo
3423 5569 3582 5630 magis

1962 5621 2621 5691 laboret,_ntet_tir_i_tmnt_non
2662 5622 2944 5676 adhibeam.
2971 5621 3161 5691 textus
3196 5621 3398 5678 Grteeus
3430 5621 3583 5691 quum

1963 5682 2048 5753 ille
2074 5682 2216 5746 legit,
2242 5686 2306 5734 ab
2331 5684 2604 5753 ψωμίσω
2628 5699 2780 5751 quem
2809 5700 2899 5738 nos
2921 5689 3249 5753 adhibuimus.
3280 5700 3333 5739 ut
3352 5682 3517 5753 patet.

2026 5746 2047 5778 ³
2069 5753 2225 5818 auxia
2244 5746 2386 5818 savii.
2415 5746 2682 5818 legendum
2707 5757 2882 5818 _e_ssot,_
2901 5747 3106 5818 munita
3144 5760 3317 5810 amite,
3348 5746 3470 5818 loco,
3504 5752 3581 5803 ita-

1961 5815 2040 5920 ἕὶἲι
2062 5806 2390 5934 ἓῗιέιιέιεέίυη
2412 5806 2607 5862 minus.
2627 5812 2719 5863 sed
2737 5811 2845 5863 hazc
2858 5806 3019 5864 lectio
3039 5822 3209 5865 contra
3232 5806 3576 5869 enutiuto'ttaa.

2030 5886 2057 5920 υ
2321 5902 2335 5917 ο

2030 5886 2106 5920 om
2135 5886 2146 5920 l
2165 5886 2335 5920 unum.
