4048 6468
483 435 594 496 I39

486 554 719 616 quiuut,
751 547 792 600 si
820 544 1025 597 dicatur
1056 535 1105 591 id
1133 535 1198 589 'de
1224 533 1367 587 Cana
1397 529 1628 586 Galilmtn
1657 523 1898 580 tantum?
1953 533 2073 575 nam

493 612 538 698 fl
560 658 614 697 ac
635 612 850 699 initium,
883 629 1072 701 inquit,
1093 627 1209 697 fecit
1237 626 1287 678 in
1316 625 1476 678 Cana.
1509 621 1620 690 Ego
1645 632 1775 672 vero
1803 616 1900 669 hac
1930 612 1995 666 de
2023 626 2080 664 re

498 751 606 791 non
639 728 902 785 curiosius
957 723 1282 783 edisseram;
1325 715 1416 770 sed
1463 714 1582 768 dico
1634 712 1804 780 ipsum
1846 715 1961 777 post
1989 704 2080 756 ba-

501 827 689 894 ptisma
719 821 865 888 signa
894 815 1059 871 edere
1080 811 1337 880 coepisse;
1367 815 1490 860 ante
1519 802 1782 872 baptisma
1812 813 1937 852 vero
1959 798 2078 849 nul-

500 886 606 970 lnm
632 886 842 974 fecisse,
873 910 982 978 jam
1018 901 1428 960 declaravimus.
1460 894 1588 950 Sive
1613 901 1790 946 autem
1817 889 1939 952 hoc,
1969 886 2081 940 sive

501 1007 646 1062 aliud
676 1015 794 1076 post
822 1002 1080 1072 baptisma
1104 995 1331 1065 primum
1351 993 1558 1062 signum
1585 989 1760 1051 fuerit,
1789 984 2082 1052 disquirere

502 1116 611 1155 non
664 1073 837 1166 operm
886 1093 1116 1164 pretium
1167 1101 1286 1142 esse
1328 1083 1598 1139 existimo.
1641 1079 1705 1132 Et
1749 1073 2083 1144 manifestarit

503 1164 714 1262 gloriam
735 1202 899 1241 suam.
928 1185 1042 1248 Quo
1066 1180 1222 1234 modo
1245 1187 1299 1232 et
1325 1191 1426 1244 qua
1451 1174 1657 1228 ratione
1678 1171 1699 1223 ?
1731 1168 1910 1236 Neque
1941 1164 2082 1220 enim

508 1283 652 1337 multi
699 1280 772 1333 rei
825 1287 988 1347 gesue
1040 1271 1413 1331 attentlcbant,
1460 1266 1554 1322 sed
1587 1262 1814 1318 ministri
1857 1268 2083 1321 tantum,

501 1371 897 1427 arcltitt'icliuus
939 1375 992 1421 et
1021 1378 1267 1433 sponsus.
1297 1359 1575 1427 Quomodo
1606 1370 1734 1425 ergo
1782 1350 2086 1407 manifesta-

503 1464 815 1533 vitgloriain
845 1459 1031 1514 suam?
1053 1457 1320 1524 Quantum
1352 1453 1402 1506 iu
1433 1453 1548 1520 ipso
1570 1457 1703 1503 erat.
1737 1443 1886 1511 Quod
1915 1442 1955 1495 si
1981 1456 2085 1495 non

503 1567 652 1618 tunc,
682 1563 827 1607 certe
867 1559 1050 1620 postea
1078 1560 1266 1602 omnes
1291 1541 1608 1598 miraculum
1636 1534 1862 1591 audituri
1891 1542 2044 1587 erant
2072 1549 2084 1584 :

507 1661 628 1701 nam
655 1643 718 1697 ad
750 1619 1046 1708 hocusque
1077 1647 1286 1704 tempus
1310 1631 1630 1691 celebratur,
1653 1642 1752 1681 nec
1769 1626 1914 1678 latet.
1938 1619 2088 1690 Quod

507 1744 684 1788 autem
719 1733 807 1785 illo
837 1731 924 1784 die
954 1743 1056 1782 non
1086 1738 1275 1780 omnes
1308 1723 1357 1776 id
1377 1721 1642 1782 noverint,
1665 1732 1727 1772 ex
1750 1712 2092 1785 sequentibus

505 1827 680 1898 palam
704 1833 802 1878 est.
837 1822 1123 1889 Postquam
1166 1817 1308 1871 enim
1332 1815 1559 1877 dixerat,
1609 1807 1955 1878 Manifestavit
1983 1807 2092 1875 glo-

507 1896 637 1971 i-ium
660 1931 824 1976 suam,
848 1912 1085 1968 subdidit
1115 1927 1129 1962 :
1166 1907 1232 1962 Et
1261 1904 1582 1960 crediderunt
1613 1903 1663 1955 in
1696 1916 1811 1955 eum
1856 1896 2092 1966 discipuli

507 2020 635 2084 ejus,
665 2011 750 2081 qui
784 2010 929 2078 prius
957 2004 1307 2060 mirabantur.
1336 1998 1522 2055 Viden‘
1571 2005 1696 2050 tunc
1726 1993 1956 2049 maxime
2001 2005 2096 2044 ne.

506 2079 797 2158 cessarium
831 2098 996 2152 fuisse
1045 2103 1102 2148 ut
1133 2089 1392 2147 miracula
1441 2088 1748 2149 ederentur,
1791 2098 1910 2137 cum
1944 2079 2094 2149 probi

509 2193 777 2256 homines,
811 2187 901 2257 qui
932 2185 1095 2239 dictis
1137 2179 1502 2244 attendebant,
1531 2174 1796 2231 aderant?
1843 2171 1906 2226 lli
1953 2169 2095 2225 enim

511 2294 568 2338 et
598 2282 804 2336 facilius
826 2274 1078 2332 credituri
1109 2281 1282 2337 erant,
1306 2279 1519 2340 etgesta
1548 2274 1798 2322 accurate
1842 2264 2095 2318 observa-

513 2377 638 2432 ιιιι·ἰ.
673 2376 734 2430 Et
757 2370 1026 2444 quomodo
1056 2379 1213 2423 notus
1242 2365 1428 2419 luisset
1462 2363 1578 2417 sine
1607 2357 1917 2414 miraculis?
1944 2355 2099 2410 Certe

513 2468 642 2522 satis
664 2474 815 2520 erant
841 2461 1103 2524 doctrina,
1134 2468 1187 2513 et
1217 2455 1494 2526 prophetia
1525 2467 1642 2506 eum
1671 2447 1931 2504 miraculo
1967 2461 2099 2500 cou-

511 2559 714 2630 jnncta,
751 2564 808 2609 ut
854 2570 915 2607 ea
958 2553 1009 2605 in
1055 2550 1355 2604 auditorum
1398 2545 1606 2599 animos
1643 2542 1994 2600 insinuarent,
2045 2544 2105 2591 ut

515 2629 620 2717 iam
653 2646 874 2708 assueti,
922 2643 1088 2714 gestis
1136 2639 1298 2694 rebus
1334 2651 1454 2692 cum
1501 2635 1692 2688 all'ectu
1743 2629 2101 2685 attenderem.

520 2739 642 2795 Ideo
665 2739 786 2792 alibi
805 2750 948 2805 saepe
970 2736 1154 2788 dicunt
1174 2730 1537 2800 evangelistm,
1558 2728 1728 2796 ipsum
1752 2740 1856 2777 non
1874 2721 2104 2777 edidisse

519 2832 690 2898 signa,
725 2834 940 2897 propter
973 2823 1248 2878 hominum
1301 2820 1511 2874 illorum
1545 2816 1974 2886 perversitatem.
2015 2811 2100 2865 12.

520 2921 586 2975 Et
614 2931 724 2990 post
749 2919 852 2971 Itazc
871 2915 1126 2969 descendit
1153 2913 1203 2966 in
1224 2912 1545 2980 Capernattm
1573 2909 1679 2976 ipse
1705 2916 1751 2960 et
1775 2912 1934 2957 mater
1973 2903 2100 2971 ejus,

521 3022 568 3066 et
597 3017 800 3081 fratres,
835 3018 880 3061 et
907 3006 1141 3076 discipuli
1182 3006 1289 3074 ejus
1323 3018 1340 3055 :
1367 3011 1411 3055 et
1437 3002 1500 3054 ibi
1533 3007 1820 3052 manserunt
1855 3012 1953 3048 non
1979 2995 2109 3047 ntul-

524 3106 586 3156 tis
614 3103 804 3154 dii-bus.
836 3098 944 3153 Cur
973 3113 1090 3150 cum
1121 3107 1295 3148 matre
1325 3093 1659 3162 Capernaum
1712 3088 1898 3142 venit?
1927 3086 2110 3155 Neque

522 3195 665 3248 enim
697 3193 766 3246 ibi
820 3189 986 3243 ullum
1018 3187 1142 3240 fecit
1175 3183 1496 3238 miraculum
1523 3199 1536 3247 ;
1574 3181 1748 3250 u'eque
1787 3178 1933 3232 urbis
1961 3177 2110 3230 istius

524 3285 712 3339 incolze
737 3281 900 3351 probe
929 3295 1052 3348 erga
1083 3277 1228 3331 illum
1253 3274 1426 3328 affecti
1456 3281 1609 3326 erant
1638 3291 1650 3324 :
1686 3270 1776 3323 sed
1823 3265 2110 3323 admodum

527 3375 784 3443 corrupti.
830 3371 1070 3438 “iUtltllle
1101 3368 1345 3422 Christus
1373 3364 1691 3434 signilicavit
1714 3361 1900 3414 dicens
1930 3377 1940 3411 :
1969 3358 2033 3410 Et
2061 3368 2112 3410 tu

531 3470 844 3536 Capernmun
876 3478 1026 3533 nsque
1051 3461 1117 3513 ad
1147 3461 1324 3513 cadum
1367 3459 1498 3512 elata
1519 3499 1532 3521 ,
1566 3471 1720 3525 usque
1748 3455 1815 3506 ad
1861 3452 2115 3521 infernum

528 3561 826 3628 deprimet-is
853 3557 1005 3628 (Luc.
1037 3555 1123 3619 10,
1161 3553 1269 3622 l5).
1298 3552 1405 3605 Cur
1428 3549 1663 3619 ergoillo
1687 3563 1744 3601 se
1771 3543 2016 3601 confert?
2050 3543 2118 3598 Ut

535 3652 658 3709 mihi
693 3651 906 3720 quidem
932 3647 1164 3708 videtur,
1193 3644 1315 3713 quia
1339 3641 1498 3711 paulo
1535 3649 1655 3709 post
1683 3640 1851 3691 iturus
1882 3645 1998 3690 erat
2026 3634 2116 3689 Je-

534 3746 879 3815 r0solymam,
931 3741 1052 3794 ideo
1089 3749 1212 3792 tunc
1250 3736 1399 3797 abiit,
1447 3749 1513 3788 ne
1567 3741 1796 3785 matrem
1826 3738 1881 3782 et
1930 3728 2120 3780 l'ratres

535 3841 730 3906 ubique
754 3850 932 3889 secum
960 3833 1214 3887 traheret.
1246 3829 1446 3883 Abiens
1477 3827 1636 3895 igitur
1671 3825 1885 3892 illicque
1913 3823 1964 3874 in
2010 3834 2119 3872 ma-

541 3934 632 3988 tris
663 3929 917 3982 honorem
952 3923 1167 3994 paulum
1221 3929 1601 3980 commoratus,
1649 3917 1839 3968 iterum
1870 3909 2120 3964 miracula

534 4020 858 4089 aggreditur,
881 4030 1003 4069 cum
1036 4014 1178 4067 illam
1203 4010 1272 4065 ibi
1297 4008 1616 4077 reliquisset.
1649 4006 1770 4059 ldeo
1800 4003 1930 4057 dicit
1951 3999 2122 4070 ipsum

541 4128 645 4165 non
671 4109 848 4176 paucis
865 4106 1056 4173 elapsis
1073 4100 1446 4169 dicbus(Joan.
1466 4099 1520 4150 ‘2.
1549 4098 1657 4165 15),
1683 4096 1893 4149 venisse
1911 4093 2126 4148 Jeroso-

543 4202 758 4270 lymam.
781 4195 968 4250 Paucis
986 4208 1110 4263 ergo
1133 4202 1255 4245 ante
1278 4189 1476 4244 Pascha
1499 4188 1684 4241 diebus
1707 4186 2000 4255 baptizatus
2019 4192 2121 4238 est.

546 4294 610 4346 lCt
637 4291 985 4360 .lerosolyma:
1015 4284 1137 4356 quid
1172 4283 1309 4353 agit?
1351 4283 1484 4335 Rem
1525 4295 1728 4349 magna:
1773 4277 2123 4332 auctoritatis.

543 4383 673 4436 Nam
694 4381 1050 4450 negotiatores
1067 4375 1206 4438 illos,
1224 4371 1623 4433 nun‘imularios,
1643 4383 1735 4424 eos
1753 4370 1838 4438 qui
1858 4367 2129 4422 columbas

549 4473 854 4529 vendebant
883 4479 933 4524 et
957 4469 1120 4524 boves
1143 4476 1195 4522 et
1213 4480 1357 4531 oves,
1381 4463 1605 4533 ideoque
1633 4463 1737 4518 illic
1762 4461 2124 4522 versabantur,

542 4567 722 4636 ejecit.

619 4654 670 4709 2.
698 4658 841 4710 Alius
858 4662 1034 4708 autem
1053 4649 1372 4721 evangelista
1395 4646 1602 4719 (Matth.
1620 4646 1706 4699 2t.
1731 4645 1815 4699 15.
1834 4652 1879 4696 et
1897 4642 1990 4713 al.)
2011 4659 2133 4696 nar-

548 4761 629 4802 rat
670 4749 969 4816 ejieieutem
1019 4744 1165 4797 illum
1220 4741 1438 4804 dixisse,
1484 4738 1657 4792 Nolite
1693 4736 1866 4790 facere
1917 4735 2130 4788 domnrn

556 4840 727 4892 Patris
769 4837 870 4890 mei
913 4835 1218 4903 Speluncam
1265 4832 1560 4891 latronum;
1594 4829 1678 4880 hic
1709 4842 1835 4880 vero
1865 4827 2010 4892 dicit,
2050 4827 2131 4880 16.

556 4931 772 4985 Domum
795 4926 1140 4997 negotiationis
1162 4940 1177 4976 :
1198 4939 1301 4977 non
1323 4921 1584 4975 contraria
1609 4919 1906 4989 loquentes,
1931 4917 2024 4973 sed
2045 4917 2139 4972 de-

556 5031 914 5076 monstrantes
941 5019 1108 5088 ipsum
1139 5016 1189 5071 id
1221 5017 1301 5070 bis
1331 5015 1548 5078 fecisse,
1581 5025 1634 5067 et
1663 5015 1773 5066 hare
1806 5029 1910 5066 non
1942 5013 2132 5068 eodem

551 5125 696 5182 gesta
719 5122 953 5180 tempore
975 5109 1156 5173 fuisse,
1183 5108 1273 5162 sed
1299 5117 1351 5161 et
1377 5122 1515 5160 nunc
1546 5107 1692 5160 initio
1724 5106 2133 5176 prmdicationis,

553 5219 711 5275 atque
749 5206 903 5258 etiam
940 5218 1057 5256 cum
1091 5201 1155 5254 ad
1191 5202 1487 5268 passionem
1516 5199 1864 5268 pervenisset.
1899 5198 2139 5266 Quapro-

556 5312 673 5370 pter
695 5296 1179 5351 vehementioribus
1198 5310 1323 5348 usus
1348 5293 1541 5358 verbis,
1563 5293 1870 5360 Speluncam
1893 5292 2094 5345 vocavit
2122 5310 2135 5344 :

561 5407 666 5445 non
706 5391 829 5444 item
865 5403 1005 5442 nunc
1031 5389 1198 5451 initio,
1252 5385 1345 5441 sed
1376 5386 1733 5438 moderatiore
1777 5385 2137 5453 increpatione

558 5487 762 5536 utitur:
813 5481 950 5534 unde
978 5480 1258 5533 verisimile
1309 5479 1378 5531 sit
1426 5477 1650 5546 idipsum
1702 5478 1782 5530 bis
1831 5478 2038 5530 fecisse.
2078 5479 2139 5531 Et

557 5592 671 5638 cur,
705 5574 932 5643 inquies,
968 5573 1016 5626 id
1042 5573 1280 5626 Christus
1306 5582 1357 5625 et
1387 5588 1504 5625 cum
1531 5582 1669 5625 tanta
1698 5572 2031 5626 vehementia
2061 5572 2136 5627 fe-

562 5667 650 5732 cit,
677 5676 864 5732 quanta
897 5680 1154 5734 nusquam
1173 5679 1327 5733 agere
1344 5663 1780 5732 deprehenditur,
1799 5675 1850 5718 et
1882 5663 1993 5716 haec
2020 5681 2137 5719 cum

563 5758 893 5811 contumeliis
949 5767 1000 5810 et
1054 5756 1307 5809 conviciis
1356 5755 1614 5820 allectus,
1675 5757 2040 5811 Samaritanus
2089 5769 2141 5811 et

567 5849 919 5902 dartnoniaens
965 5847 1028 5901 ab
1067 5848 1162 5902 illis
1208 5849 1526 5903 vocaretur?
1573 5849 1752 5917 Neque
1781 5849 1920 5904 enim
1966 5850 2136 5905 verbis

1227 423 1280 477 S.
1313 414 1588 475 JO.\NNIS
1624 403 2094 469 CHRYSOSTOMI
2126 402 2441 460 ARClllEP.
2473 402 3006 461 CONSTANTINOP.
3070 465 3075 469 ,

3693 409 3802 464 H0

2191 526 2491 584 contentus,
2513 533 2632 573 cum
2654 520 2859 589 ﬂagello
2880 519 3040 573 etiam
3064 517 3184 572 illos
3203 517 3425 587 expulit.
3451 516 3648 585 Judrei,
3665 535 3798 574 cum

2189 611 2306 666 aliis
2359 609 2676 665 beneficium
2722 610 3015 672 eoofertur.
3063 619 3314 665 accusant
3357 620 3412 664 et
3453 609 3796 676 efferuntur;

2190 701 2404 771 quando
2454 712 2630 755 autem
2663 718 2759 771 par
2803 716 2924 756 esse
2982 701 3260 756 videbatur
3306 701 3424 756 illos
3477 704 3798 771 exasperari

2194 793 2504 864 castigatos,
2540 809 2644 847 non
2679 794 2748 846 ita
2780 809 2968 862 aspere
2999 804 3183 862 agunt.
3215 792 3397 864 Neque
3427 795 3571 848 enim
3605 796 3794 848 incre-

2194 894 2403 954 parunt,
2429 895 2521 940 aut
2546 885 2864 940 contumelia
2887 885 3203 949 all'ecerunt,
3229 885 3321 940 sed
3346 887 3470 955 quid
3501 887 3800 941 dixerunt?

2194 979 2279 1033 18.
2313 979 2461 1043 Quod
2488 978 2688 1047 signum
2712 978 2930 1032 ostendis
2955 979 3113 1042 nobis,
3164 980 3284 1048 quia
3315 980 3436 1033 talia
3484 981 3613 1050 facis
3636 980 3663 1032 ?
3707 979 3801 1034 Vi-

2195 1073 2313 1128 den’
2340 1072 2556 1126 livorem
2591 1071 2880 1142 ingentem,
2908 1082 2964 1127 et
2984 1074 3255 1142 quomodo
3285 1073 3402 1127 aliis
3443 1073 3587 1128 illata
3620 1074 3799 1130 bene-

2196 1165 2312 1220 licia
2345 1165 2609 1235 indignius
2635 1166 2872 1220 ferrent?
2903 1166 3200 1236 Aliquando
3233 1167 3392 1236 igitur
3414 1165 3677 1236 templum
3728 1166 3801 1220 ab

2202 1257 2307 1311 illis
2334 1257 2642 1325 speluncam
2676 1257 2937 1310 latronum
2969 1257 3164 1311 factum
3195 1272 3315 1312 esse
3335 1257 3565 1326 dicebat,
3609 1269 3802 1311 osteuo

2195 1350 2329 1405 dens
2356 1351 2441 1404 illa
2472 1366 2591 1420 qua:
2613 1351 3001 1417 vendebantur,
3028 1350 3169 1404 furto
3214 1361 3363 1420 parta
3413 1352 3597 1417 fuisse,
3630 1362 3800 1422 atque

2200 1459 2268 1497 ex
2301 1444 2485 1512 rapina
2524 1451 2578 1498 et
2624 1442 2843 1497 avaritia
2889 1443 3123 1512 prodire,
3171 1443 3422 1513 ipsosque
3465 1459 3530 1499 ex
3563 1444 3801 1499 aliorum

2199 1535 2504 1594 calamitate
2525 1535 2816 1597 ditescere;
2860 1534 3144 1604 aliquando
3170 1544 3345 1589 autem
3377 1534 3595 1590 domum
3628 1551 3804 1606 nego-

2199 1625 2430 1680 tiationis
2451 1625 2598 1688 dicit,
2634 1624 2996 1693 impudentem
3022 1628 3434 1695 negotiationem
3465 1627 3800 1698 significans.

2198 1719 2301 1774 Sed
2329 1733 2428 1773 cur
2453 1720 2553 1772 hoc
2579 1717 2739 1771 fevit‘!
2770 1717 2904 1784 Quia
2934 1719 3168 1774 futurum
3214 1729 3331 1774 erat
3383 1731 3439 1775 ut
3470 1721 3522 1775 iu
3572 1721 3804 1774 sabbato

2199 1823 2432 1877 curaret,
2465 1813 2704 1866 etmulta
2751 1812 3052 1881 hujusmodi
3093 1812 3313 1878 faceret,
3360 1830 3478 1884 qua:
3509 1815 3609 1884 ipsi
3645 1825 3800 1884 puta-

2201 1903 2330 1958 bant
2383 1891 2864 1972 transgressionem
2894 1919 3014 1959 esse
3061 1905 3222 1972 legis;
3268 1920 3334 1959 ne
3381 1905 3659 1960 videretur
3687 1905 3803 1960 Deo

2201 1994 2538 2049 adversarius
2559 2010 2698 2060 esse,
2727 1995 2812 2064 qui
2844 2007 3030 2050 contra
3062 1997 3271 2051 Patrem
3317 1997 3367 2051 id
3419 1997 3666 2053 faciendo
3722 1999 3806 2053 in-

2204 2097 2465 2157 surgeret,
2493 2088 2602 2154 jam
2649 2087 2774 2142 hinc
2822 2088 3032 2141 illorum
3087 2087 3390 2157 hujusmodi
3430 2089 3801 2157 suspicionem

2202 2181 2436 2249 corrigit.
2473 2179 2604 2234 Nam
2636 2180 2722 2249 qui
2749 2194 2845 2248 pro
2874 2179 3054 2248 templi
3088 2181 3290 2235 honore
3321 2189 3519 2234 tantam
3549 2180 3806 2236 ostende-

2204 2282 2286 2326 rat
2312 2270 2750 2340 indignationem,
2777 2270 2959 2338 templi
2982 2271 3226 2336 Omnino,
3258 2272 3344 2340 qui
3368 2271 3419 2325 in
3449 2271 3566 2342 ipso
3583 2271 3804 2326 coleba-

2207 2374 2314 2428 tur,
2331 2377 2435 2417 non
2458 2362 2832 2416 adversaturus
2853 2371 2986 2417 erat.
3007 2361 3148 2416 Satis
3169 2373 3323 2417 erant
3342 2362 3654 2432 superiores
3676 2363 3804 2417 anni

2206 2455 2401 2525 quibus
2449 2453 2741 2510 secundum
2774 2453 2947 2523 legem
2979 2454 3202 2520 vixerat,
3235 2462 3295 2508 ut
3317 2453 3635 2524 probaretur
3687 2454 3806 2523 ejus

2209 2562 2334 2618 erga
2369 2547 2732 2616 legislatorem
2762 2546 3087 2610 reverentia,
3119 2547 3402 2616 ipsumque
3433 2561 3538 2601 non
3579 2547 3682 2615 legi
3705 2545 3807 2599 ad-

2211 2649 2544 2694 versaturum
2575 2652 2713 2693 esse.
2738 2637 2869 2705 Quia
2911 2644 3088 2691 autem
3117 2637 3194 2691 illi
3239 2639 3364 2692 anni
3397 2637 3448 2691 in
3476 2636 3806 2692 oblivionem

2211 2732 2420 2786 venturi
2447 2739 2619 2794 erant,
2645 2731 2768 2800 quia
2792 2729 3039 2784 omnibus
3064 2729 3175 2782 noti
3206 2725 3325 2782 non’
3339 2735 3514 2793 erant,
3552 2743 3618 2782 eo
3662 2725 3807 2797 quod

2212 2824 2264 2878 in
2295 2837 2524 2892 paupere
2553 2821 2713 2875 domo
2739 2822 3005 2876 enutritus
3032 2821 3240 2885 fuisset,
3276 2820 3522 2874 omnibus
3569 2835 3811 2889 prinsen-

2215 2919 2373 2982 tibus,
2407 2925 2590 2987 utpote
2617 2916 2704 2971 die
2756 2916 2890 2971 festo
2931 2915 3412 2985 appmpinquante,
3452 2913 3501 2968 id
3535 2912 3680 2980 facit,
3710 2929 3813 2969 nec

2214 3010 2329 3064 sine
2360 3008 2620 3079 periculo.
2646 3007 2830 3078 Neque
2851 3009 3024 3062 solum
3052 3007 3194 3061 enim
3223 3006 3398 3074 ejecit,
3433 3005 3525 3060 sed
3556 3012 3610 3059 et
3659 3021 3815 3059 men-

2215 3114 2302 3154 sas
2327 3099 2537 3164 evertit,
2557 3109 2834 3166 argentum
2854 3096 3061 3165 effudit,
3085 3107 3142 3150 ut
3164 3096 3236 3150 illi
3267 3111 3446 3150 secum
3475 3105 3814 3164 reputarent,

2216 3209 2338 3248 eum
2367 3193 2454 3262 qui
2481 3193 2549 3246 ob
2581 3193 2834 3246 decorem
2867 3190 3057 3245 domus
3087 3203 3208 3244 sese
3236 3189 3289 3242 in
3319 3187 3550 3257 pericula
3577 3186 3818 3256 cenjice-

2218 3293 2316 3350 ret,
2352 3284 2632 3337 Dominum
2661 3282 2851 3336 domus
2894 3296 2999 3336 non
3042 3279 3340 3349 despicere.
3388 3277 3444 3333 Si
3475 3279 3619 3332 enim
3650 3277 3704 3332 id
3739 3278 3817 3331 si-

2220 3376 2418 3430 mulate
2462 3384 2662 3427 tantum
2713 3373 2944 3434 fecisset,
3002 3370 3203 3424 hortari
3237 3369 3410 3423 solum
3440 3368 3814 3438 oportuisset:

2221 3483 2342 3521 nam
2365 3482 2420 3521 se
2449 3467 2499 3519 in
2525 3464 2757 3535 pericula
2790 3463 3076 3532 conjicere,
3109 3461 3281 3515 audax
3315 3459 3520 3514 facinus
3541 3470 3677 3515 erat.
3709 3459 3818 3516 Ne-

2223 3573 2324 3628 que
2351 3557 2494 3613 enim
2545 3559 2660 3611 leve
2709 3555 2836 3610 illud
2882 3563 2998 3608 erat
3045 3568 3165 3608 sese
3196 3551 3488 3607 forensium
3521 3550 3688 3605 furori
3720 3551 3821 3605 ob-

2219 3651 2406 3720 jicere,
2436 3657 2488 3704 et
2515 3650 2789 3703 brutorum
2819 3646 3114 3710 hominum,
3150 3653 3508 3699 mercatorum
3548 3643 3819 3706 videlicet,

2229 3740 2438 3794 turbam
2465 3737 2806 3792 contumeliis
2839 3749 3064 3790 onerare
3094 3743 3148 3790 et
3175 3734 3457 3788 adversum
3484 3749 3543 3789 se
3590 3749 3820 3804 exaspe-

2229 3846 2380 3895 rare;
2425 3829 2476 3882 id
2508 3845 2611 3882 non
2657 3828 2955 3882 simulantis
2980 3835 3117 3892 erat,
3147 3826 3239 3881 sed
3270 3842 3366 3895 pro
3409 3825 3600 3880 domus
3625 3826 3826 3883 decoro

2229 3921 2462 3995 pericula
2496 3922 2672 3975 omnia
2700 3920 2972 3974 adeuntis.
3003 3917 3360 3986 Quamobrem
3387 3932 3490 3972 non
3521 3919 3687 3988 gestis
3731 3933 3825 3973 so-

2230 4015 2361 4080 lum,
2391 4013 2482 4068 sed
2524 4014 2683 4067 etiam
2716 4011 2872 4065 dictis
2898 4010 3133 4064 ostendit
3153 4024 3305 4064 suam
3336 4025 3458 4064 eum
3507 4009 3663 4064 Patre
3693 4024 3825 4064 con-

2235 4104 2470 4160 cordiam
2508 4124 2518 4159 :
2550 4117 2656 4157 non
2683 4103 2816 4157 dixit
2847 4102 3012 4165 enim,
3045 4101 3272 4154 Domum
3305 4108 3565 4164 sanctam,
3591 4101 3683 4155 sed
3715 4099 3828 4155 Do-

2234 4214 2368 4250 ntunt
2389 4196 2557 4249 Patris
2587 4195 2698 4247 mei.
2729 4193 2866 4247 Ecce
2888 4192 3099 4246 Patrem
3125 4199 3298 4255 vocat,
3320 4206 3420 4245 nec
3449 4191 3823 4260 indignantur;

2237 4289 2489 4358 putabant
2542 4287 2682 4340 enim
2736 4286 2907 4353 ipsum
2961 4283 3274 4352 simpliciter
3325 4282 3491 4352 loqui.
3550 4283 3654 4337 Sed
3703 4285 3826 4353 quia

2237 4378 2428 4434 deinde
2457 4379 2648 4431 clarius
2679 4377 2925 4446 loquutus
2951 4384 3050 4441 est,
3077 4385 3132 4430 ut
3159 4391 3308 4429 suam
3329 4390 3447 4429 cum
3469 4376 3626 4430 Patre
3651 4393 3830 4446 aequa-

2241 4470 2439 4524 litatem
2477 4468 2790 4534 declararet,
2822 4476 2945 4521 tunc
2985 4469 3034 4520 in
3083 4467 3317 4521 furorem
3365 4468 3466 4521 acti
3512 4477 3657 4523 sunt.
3691 4469 3830 4536 Quid

2239 4561 2396 4630 igitur
2425 4561 2498 4614 illi
2522 4560 2544 4612 ?
2580 4561 2731 4626 Quod
2750 4564 2954 4631 signum
2978 4560 3120 4614 nobis
3141 4560 3384 4625 ostendis,
3422 4561 3689 4629 inquiunt,
3713 4563 3832 4630 quin

2241 4653 2345 4707 liarc
2378 4653 2551 4724 facis?
2581 4652 2623 4707 Ο
2674 4667 2937 4706 summam
2970 4653 3295 4706 amentiam!
3330 4651 3448 4717 Quo
3497 4653 3650 4720 signo
3698 4668 3830 4720 optts

2241 4758 2390 4811 erat,
2428 4757 2484 4799 ut
2524 4762 2552 4799 a
2605 4747 2742 4800 male
2792 4745 3036 4799 faciendo
3067 4744 3417 4809 desinerent,
3466 4754 3521 4798 et
3549 4743 3769 4798 domum
3805 4760 3834 4797 a

2245 4852 2384 4894 tanta
2419 4839 2740 4907 turpitudine
2770 4839 3098 4893 liberarent?
3127 4839 3215 4893 ille
3245 4849 3422 4892 tantus
3445 4853 3540 4906 pro
3559 4838 3721 4892 domo
3742 4839 3833 4892 Dei

2244 4933 2407 4995 zelus,
2439 4946 2615 4984 nonne
2662 4931 2950 4984 maximum
2982 4930 3193 4982 virtutis
3237 4930 3444 4998 signum
3472 4930 3631 4983 erat?
3677 4929 3836 4982 Probi

2244 5034 2418 5077 autem
2448 5023 2544 5075 viri
2570 5023 2692 5074 hinc
2722 5021 2884 5090 agniti
2914 5031 3040 5074 sunt
3070 5038 3082 5074 :
3131 5036 3252 5074 nam
3283 5022 3368 5074 17.
3401 5021 3675 5073 Recortlati
3719 5033 3838 5074 sunt

2245 5115 2480 5183 discipuli
2510 5116 2617 5178 eius
2647 5123 2784 5175 tunc,
2815 5113 2931 5181 quia
2959 5113 3205 5181 scriptum
3237 5123 3326 5174 est,
3352 5111 3505 5166 Zelus
3533 5112 3714 5164 domus
3741 5122 3844 5165 tiu:

2248 5207 2460 5259 comedit
2509 5221 2604 5257 me.
2639 5208 2706 5258 At
2747 5220 2850 5257 non
2882 5203 2954 5256 illi
2987 5203 3277 5272 prophetize
3313 5205 3689 5263 meminerunt,
3743 5204 3839 5257 sed

2245 5300 2514 5363 dicebant,
2550 5298 2696 5364 Quod
2727 5298 2924 5366 signum
2953 5297 3174 5350 ostendis
3201 5295 3382 5348 nobis?
3401 5294 3468 5349 de
3489 5296 3844 5364 turpiamisso

2246 5393 2399 5446 lucro
2444 5390 2707 5454 dolentes,
2767 5399 3151 5457 sperantesque
3183 5403 3241 5442 se
3271 5388 3348 5441 sic
3385 5402 3542 5456 posse
3571 5387 3721 5440 illum
3748 5388 3846 5439 al»

2247 5484 2466 5546 ducere,
2495 5481 2558 5534 ad
2589 5481 2902 5534 miraculum
2934 5481 3253 5550 patrandum
3288 5489 3533 5544 evocant,
3564 5490 3620 5532 ut
3645 5481 3844 5536 factum

2249 5575 2364 5641 ejus
2389 5582 2696 5642 coarguant.
2733 5571 2855 5626 Ideo
2903 5573 3112 5640 signum
3146 5587 3246 5624 non
3280 5572 3370 5624 dat
3405 5571 3524 5623 illis.
3564 5570 3675 5625 lino
3720 5587 3840 5626 cuiu

2253 5667 2396 5733 prius
2421 5665 2776 5718 accessissent
2824 5664 3035 5731 signum
3086 5671 3345 5731 petentes,
3389 5664 3487 5716 hoc
3513 5663 3790 5730 respondit
3830 5683 3841 5716 :

2253 5756 2518 5810 Generatio
2552 5773 2706 5822 prava
2736 5766 2781 5807 et
2826 5756 3056 5808 adultera
3095 5757 3294 5826 signum
3337 5758 3536 5824 (μείω-η,
3573 5767 3615 5808 ct
3644 5759 3847 5826 signum

2257 5867 2354 5904 non
2379 5849 2576 5902 dabitur
2604 5850 2667 5917 ei,
2702 5848 2798 5902 nisi
2828 5850 3025 5920 signum
3071 5847 3220 5905 Iona:
3252 5846 3462 5919 (Matth.
3499 5847 3561 5902 l6
3613 5847 3688 5918 4).
3739 5845 3846 5901 Sed
