4048 6454
183 394 276 452 ιιι

179 518 305 558 tunc
346 502 583 564 clarius;
639 512 780 554 nunc
810 507 987 553 autem
1035 499 1204 566 magis
1255 495 1613 565 :enigmatice.
1643 491 1781 547 Illud

173 605 356 648 autem
411 594 516 664 agit
555 591 625 645 ob
665 599 958 644 extremam
1011 589 1226 643 illorum
1261 586 1545 642 insaniam.
1596 584 1781 654 Neque

173 686 318 740 enim
346 683 434 738 ille
455 682 544 752 qui
576 697 681 736 non
706 689 954 752 petentes
983 678 1348 749 praeveniebat
1376 687 1432 734 et
1486 679 1637 748 signa
1677 677 1778 732 da-

181 778 294 840 bat,
345 783 597 847 palentes
645 773 954 844 repulisset,
1009 771 1110 826 nisi
1143 771 1264 825 illos
1313 784 1474 841 prava
1503 779 1558 824 et
1591 769 1778 824 dolosa

171 876 357 921 mente
401 865 567 922 fuisse
609 865 874 920 scivisset.
927 861 1060 916 Nam
1109 862 1194 918 vel
1255 863 1367 931 ipsa
1427 860 1779 931 interrogatio

169 967 370 1028 quanta
422 958 656 1028 nequitia
687 957 842 1026 plena
867 964 1044 1019 esset,
1068 953 1384 1009 consideres
1412 953 1595 1035 velim.
1643 953 1775 1007 Cum

170 1051 315 1106 enim
363 1050 693 1121 oportuisset
723 1046 840 1118 ejus
870 1045 1106 1102 studium
1154 1060 1216 1100 ac
1247 1045 1422 1100 zelum
1452 1044 1771 1114 approbare,

168 1150 332 1213 atque
360 1143 765 1210 obstupescere,
797 1137 941 1209 quod
973 1139 1132 1193 talem
1180 1137 1374 1192 domus
1403 1151 1589 1190 curam
1619 1150 1776 1206 gere-

168 1243 287 1297 ret;
322 1232 404 1287 illi
432 1241 707 1296 accusant,
732 1245 796 1286 ac
822 1229 1060 1286 vendere
1098 1230 1198 1285 sibi
1233 1230 1394 1284 licere
1418 1227 1773 1293 contendunt,

167 1338 343 1392 neque
375 1323 540 1377 licere
577 1323 679 1378 sibi
708 1337 738 1376 a
769 1320 1051 1376 vendendo
1079 1321 1366 1381 desistere.
1409 1321 1508 1374 nisi
1557 1321 1656 1390 ipsi
1695 1321 1774 1376 si-

164 1430 330 1483 gnum
361 1414 630 1470 ostendat.
653 1414 790 1480 Quid
818 1429 948 1484 ergo
973 1413 1221 1470 Christus
1241 1415 1266 1464 Ἰ
1315 1412 1401 1468 l9.
1434 1412 1629 1468 Solvite
1649 1424 1776 1468 tem-

167 1509 306 1576 plum
331 1511 448 1575 hoc,
472 1517 518 1562 et
563 1509 614 1562 in
646 1508 804 1562 tribus
834 1509 1009 1563 diebus
1036 1507 1264 1563 excitabo
1296 1508 1451 1562 illud.
1483 1507 1645 1564 Multa
1676 1508 1776 1563 Ιιιιο

162 1602 397 1670 jusmodi
423 1602 676 1671 loquitur,
707 1615 826 1671 quas
854 1600 1196 1656 audientibus
1248 1601 1356 1656 sint
1383 1601 1634 1668 obscura,
1668 1600 1768 1656 sed

166 1701 286 1762 post
335 1691 531 1746 futuris
580 1692 746 1746 clara.
793 1690 902 1746 Cur
951 1691 1347 1748 hociUtcum
1393 1692 1471 1747 rei
1502 1692 1773 1762 praedicta:

165 1784 284 1837 ﬁnis
329 1782 626 1848 adveniret,
657 1783 978 1853 probaretur
1008 1783 1180 1852 ipsum
1214 1783 1326 1854 jam
1377 1784 1506 1837 olim
1555 1783 1606 1838 id
1637 1798 1779 1872 pne;

165 1877 324 1930 Scivis
356 1890 422 1940 e;
470 1873 616 1944 quod
668 1875 722 1928 in
755 1877 856 1929 hac
903 1875 1183 1945 prophetia
1210 1875 1424 1930 accidit.
1468 1873 1602 1929 Nam
1651 1875 1769 1931 ait:

162 1965 250 2020 22.
269 1965 400 2022 Cum
421 1967 775 2022 resurrexisset
795 1984 826 2019 a
849 1967 1081 2032 mortuis,
1105 1967 1357 2021 recordati
1383 1975 1502 2020 sunt
1531 1966 1774 2036 discipuli

161 2063 270 2128 ejus
297 2059 420 2130 quia
450 2060 544 2112 hoc
569 2059 767 2112 dicebat
799 2075 816 2112 :
842 2067 889 2112 et
925 2058 1251 2112 crediderunt
1283 2057 1571 2128 Scriptura:
1592 2068 1638 2111 et
1664 2073 1773 2112 ser-

161 2153 300 2206 moni
331 2169 478 2222 quem
504 2151 632 2206 dixit
659 2151 829 2205 Jesus.
862 2150 998 2206 Cum
1033 2151 1147 2205 haec
1171 2150 1502 2213 dicerentur,
1549 2149 1638 2204 alii
1677 2149 1771 2204 du-

164 2243 404 2298 bitabant
431 2241 770 2312 quandonam
801 2242 849 2296 id
877 2251 1196 2297 eventurum
1230 2249 1396 2308 esset,
1429 2241 1521 2294 alii
1545 2250 1773 2295 canten-

161 2333 360 2387 debant
391 2331 634 2388 dicentes
673 2350 685 2387 :
715 2333 804 2388 20.
845 2331 1202 2403 Quadraginta
1225 2348 1318 2386 sea:
1342 2332 1494 2385 annis
1537 2332 1771 2400 wdiﬁca-

160 2435 265 2476 tum
295 2433 372 2478 est
412 2423 654 2493 templum
683 2423 799 2489 hoc,
846 2433 893 2477 et
934 2431 989 2476 tu
1023 2424 1074 2476 in
1123 2422 1280 2476 tribus
1323 2421 1499 2477 diebus
1529 2422 1771 2476 excitabis

159 2517 337 2572 illud?
378 2517 738 2587 Quadraginta
774 2531 869 2572 sex
911 2515 1069 2570 annis
1116 2514 1385 2580 dicentes,
1439 2523 1766 2585 postremam

161 2609 348 2678 templi
369 2608 826 2663 constructionem
855 2607 1196 2680 signiﬁcant;
1228 2609 1376 2679 prior
1399 2608 1546 2662 enim
1583 2607 1767 2678 viginti

161 2701 314 2756 antiis
343 2699 585 2755 absoluta
615 2699 731 2756 fuit.

231 2791 284 2845 5.
318 2790 426 2845 Cur
447 2806 575 2862 ergo
595 2792 821 2862 aenigma
857 2790 988 2846 illud
1023 2805 1129 2847 non
1157 2791 1348 2858 solvit,
1383 2805 1559 2862 neque
1584 2790 1718 2846 dixit
1753 2809 1765 2845 :

160 2882 271 2938 Non
303 2883 376 2939 de
401 2884 502 2939 hoc
533 2886 734 2954 templo
760 2885 970 2954 loquor,
991 2885 1084 2940 sed
1117 2884 1184 2940 de
1208 2899 1369 2940 carne
1399 2900 1548 2952 mea;
1578 2902 1765 2941 verum

157 2976 510 3046 evangelista,
539 2974 629 3030 diu
667 2986 850 3046 postea
891 2977 1132 3031 scribens
1159 2977 1496 3046 evangelium
1517 3017 1532 3042 ,
1564 2976 1766 3032 dictum

160 3065 288 3122 illud
321 3066 640 3135 explicavit,
668 3068 755 3122 ille
780 3082 909 3121 vero
938 3067 1137 3122 tacuit?
1177 3067 1388 3135 Quare?
1423 3068 1559 3137 Quia
1587 3069 1767 3124 verbis

157 3158 276 3226 eius
312 3157 472 3212 fidem
501 3172 606 3212 non
636 3156 970 3214 habuissent.
1001 3158 1058 3214 Si
1086 3160 1229 3215 enim
1261 3175 1328 3214 ne
1353 3160 1568 3231 quidem
1600 3161 1764 3216 disci-

159 3248 266 3316 puli
313 3257 562 3318 poterant
612 3258 738 3303 tunc
783 3249 1083 3319 intelligere
1108 3291 1123 3316 ,
1157 3250 1327 3304 inulto
1356 3251 1534 3305 minus
1571 3251 1762 3307 turbae.

159 3343 286 3396 Cum
313 3343 634 3406 surrexisset,
661 3342 850 3412 inquit,
874 3341 1026 3396 Jesus
1048 3360 1080 3395 a
1110 3343 1340 3406 mortuis,
1368 3352 1487 3397 tunc
1511 3345 1768 3398 recordati

158 3442 312 3497 sunt,
347 3441 392 3485 et
431 3433 753 3486 crediderunt
777 3432 997 3486 sermoni
1028 3441 1074 3486 et
1106 3431 1413 3501 Scriptum.
1467 3433 1582 3487 Duo
1620 3436 1765 3489 enim

159 3525 288 3595 ipsis
309 3533 438 3580 tunc
468 3526 923 3596 proponebantur,
955 3526 1282 3581 resurrectio
1308 3567 1322 3592 ,
1355 3535 1438 3590 et,
1466 3527 1609 3595 quod
1645 3542 1758 3581 ma-

156 3617 242 3684 jus
268 3623 406 3682 erat,
443 3631 567 3670 num
598 3616 737 3672 Deus
765 3626 910 3672 esset
937 3617 981 3671 is
1011 3619 1099 3686 qui
1136 3617 1278 3671 intus
1305 3616 1614 3683 habitabat;
1645 3634 1764 3689 quin

158 3707 318 3763 ambo
348 3707 705 3764 subindicavit
728 3709 912 3764 dicens
942 3730 954 3764 :
981 3707 1178 3763 Solvite
1203 3709 1448 3778 templum
1470 3709 1565 3763 Itoc
1588 3751 1601 3774 ,
1638 3720 1684 3764 et
1712 3711 1764 3763 in

161 3801 318 3854 tribus
362 3799 536 3854 diebus
579 3800 805 3855 excitabo
845 3799 980 3854 illud
1009 3816 1028 3854 :
1058 3799 1199 3869 quod
1249 3800 1445 3855 Paulus
1488 3801 1614 3856 dicit
1659 3815 1764 3855 non

159 3906 383 3960 parvum
413 3906 534 3946 esse
562 3891 854 3945 divinitatis
881 3893 1114 3960 signum,
1147 3891 1229 3944 his
1259 3892 1439 3946 verbis
1464 3910 1476 3944 :
1505 3892 1606 3959 Qui
1628 3907 1763 3961 pra:-

159 3981 438 4034 dcstinatus
478 3990 551 4034 est
591 3979 758 4034 Filius
791 3979 885 4034 Dei
910 3982 960 4033 in
989 3981 1171 4034 virtute
1199 3980 1477 4034 secundum
1508 3981 1765 4048 Spiritum

159 4075 574 4141 sanctiﬁcationis
595 4114 608 4134 ,
643 4089 706 4127 ea:
734 4075 1096 4142 resurrectione
1124 4083 1439 4127 mortuorum
1462 4072 1588 4128 Jesu
1609 4073 1762 4128 Chri-

161 4167 223 4219 sti
247 4168 263 4234 (
290 4166 444 4222 Rom.
481 4167 531 4220 I.
575 4166 665 4235 ι).
699 4165 807 4220 Cur
837 4173 892 4220 et
918 4166 1024 4221 illic
1050 4174 1106 4221 et
1133 4165 1218 4221 hic
1250 4175 1306 4222 et
1337 4167 1530 4236 ubique
1558 4167 1660 4222 hoc
1689 4167 1764 4222 sic

159 4275 318 4332 gnum
348 4260 458 4327 dat,
483 4261 645 4315 modo
669 4259 876 4324 dicens,
900 4257 1026 4315 Cum
1053 4260 1303 4315 exaltatus
1325 4263 1467 4331 fuero
1491 4276 1510 4324 ,°
1537 4269 1610 4326 et,
1637 4260 1764 4314 Cum

161 4354 502 4409 mltaeeritis
533 4352 728 4406 Filium
755 4352 975 4408 hominis
993 4392 1010 4419 ,
1043 4361 1162 4406 tunc
1189 4353 1500 4422 cognoscetis
1525 4354 1643 4423 quia
1673 4369 1764 4421 ego

161 4461 269 4498 sum
297 4444 474 4513 (Joan.
503 4445 584 4500 I2.
609 4443 697 4500 52.
730 4453 776 4498 et
800 4444 854 4500 8.
875 4444 945 4500 28
965 4445 982 4515 )
1006 4461 1021 4509 ;
1053 4444 1212 4500 modo
1238 4453 1442 4506 autem,
1465 4443 1534 4497 Et
1562 4446 1765 4516 signum

164 4552 260 4590 non
291 4536 497 4589 dabitur
524 4535 662 4588 vobis
681 4577 695 4600 ,
739 4536 838 4588 nisi
864 4535 1065 4606 signum
1089 4534 1240 4588 lance
1266 4533 1479 4605 (Matth.
1508 4534 1594 4589 I2.
1619 4535 1687 4591 39
1710 4535 1763 4606 );

163 4637 322 4697 atque
369 4626 456 4681 hic
499 4641 712 4681 rursum
738 4667 753 4693 ,
791 4624 857 4680 In
891 4627 1051 4680 tribus
1100 4626 1272 4680 diebus
1323 4627 1552 4681 excitabo
1593 4627 1767 4682 illud?

164 4719 294 4788 Quia
317 4720 420 4774 hoc
444 4720 675 4776 maxime
701 4730 1018 4790 argumento
1039 4720 1432 4775 ostendebatur
1455 4720 1628 4790 ipsum
1653 4736 1762 4776 non

165 4828 281 4868 esse
312 4827 504 4883 purum
534 4813 805 4868 hominem
830 4853 844 4877 ,
874 4811 1014 4882 quod
1039 4821 1219 4881 posset
1244 4812 1504 4868 adversus
1530 4821 1763 4867 mortem

166 4913 423 4974 tropazum
469 4906 712 4976 erigere,
761 4919 824 4959 ac
869 4904 1178 4958 diuturnam
1231 4905 1372 4958 illius
1420 4904 1762 4976 tyrannidem

166 4994 487 5068 dillicileqne
529 4998 725 5052 bellum
763 4996 895 5052 illud
938 5006 1042 5051 tam
1085 4998 1192 5052 cito
1233 4997 1462 5051 solvere.
1516 4996 1640 5051 Ideo
1668 4997 1762 5060 ait,

170 5086 308 5142 Tunc
327 5089 512 5142 scietis.
533 5087 696 5150 Tunc,
719 5087 1096 5158 quandonam?
1122 5088 1254 5143 Cum
1279 5097 1559 5157 postquam
1582 5102 1765 5142 resur-

169 5194 379 5244 rexcro,
411 5181 674 5236 attraham
723 5189 892 5234 tutum
939 5182 1146 5245 orbem,
1191 5189 1318 5235 tunc
1357 5180 1539 5234 scietis
1584 5197 1668 5235 me
1711 5188 1768 5234 nt

172 5269 331 5323 Deum
359 5281 410 5325 et
439 5286 624 5327 verum
662 5271 754 5326 Dei
785 5271 974 5326 Filium
998 5271 1047 5326 id
1073 5272 1283 5336 fecisse,
1305 5271 1372 5326 atl
1402 5271 1763 5326 ulciscendam

173 5362 308 5417 Patri
339 5363 537 5417 illatam
568 5365 972 5420 contumeliam.
1002 5363 1110 5420 Cur
1135 5375 1311 5420 autem
1338 5380 1443 5419 non
1475 5365 1623 5430 dicit,
1649 5367 1766 5435 qni-

171 5454 266 5508 bns
285 5471 418 5524 Opus
442 5466 589 5512 esset
617 5459 807 5528 signis,
839 5457 905 5510 ad
938 5457 1077 5513 male
1107 5457 1301 5513 factum
1331 5441 1655 5518 tollendum:
1671 5457 1765 5512 sed

171 5560 228 5600 se
255 5548 463 5617 signum
501 5549 752 5605 daturum
779 5565 899 5606 esse
931 5551 1204 5620 pollicitus
1229 5551 1345 5606 est?
1375 5551 1509 5619 Quia
1537 5551 1615 5607 sic
1648 5551 1766 5606 illos

175 5642 336 5711 magis
375 5642 672 5707 irritasset;
719 5643 822 5698 hoc
862 5653 1042 5698 autem
1083 5644 1242 5699 modo
1271 5646 1440 5715 magis
1479 5646 1761 5701 exterruit.

177 5733 417 5790 Attamen
461 5737 590 5792 nihil
620 5737 685 5790 ad
717 5737 818 5792 hoc
849 5738 1242 5808 responderunt
1273 5758 1287 5796 :
1317 5740 1592 5796 videbatur
1621 5746 1765 5796 enim

178 5823 276 5880 illis
317 5827 628 5882 incredibile
666 5829 939 5898 quidpiam
980 5830 1196 5899 dicere,
1233 5849 1330 5889 nec
1361 5833 1500 5889 ultra
1531 5832 1766 5888 interro-

491 5923 761 5984 ΡΑτιιοι..
810 5927 925 5984 Cn.
982 5930 1135 5990 LIX.

1213 385 1279 441 IN
1317 381 1634 441 JUANNEM
1676 381 1907 438 IIOMIL.
1951 379 2137 436 XXIII.
2181 379 2252 435 al.
2296 379 2462 435 XXII.

3405 383 3507 438 Ii!

1890 507 2017 562 gare
2045 491 2363 557 valuerunt;
2397 499 2450 546 et
2478 493 2630 561 quasi
2663 505 2749 546 res
2780 489 2895 546 fleri
2921 503 3026 546 non
3057 498 3258 561 posset,
3283 492 3501 550 missam

1891 582 2036 636 illam
2075 581 2337 637 fecerunt.
2369 581 2522 649 Quod
2551 582 2596 636 si
2627 591 2807 637 mente
2835 581 3166 648 valuissent,
3192 581 3403 639 etiamsi
3443 586 3502 638 il-

1891 673 1980 727 lud
2008 672 2328 728 incredibile
2360 673 2636 728 videretur
2661 687 2803 737 esse,
2837 681 3121 743 pOstquam
3156 676 3321 729 multa
3353 675 3503 745 signa

1888 763 2112 829 fecerat,
2143 774 2270 820 tunc
2302 765 2727 835 interrogassent
2761 764 2910 818 illum
2935 804 2949 829 ,
2986 773 3112 819 tunc
3138 767 3338 834 precati
3374 765 3504 821 fuis-

1887 866 2010 913 sent
2030 867 2088 912 ut
2113 857 2329 913 illorum
2351 857 2742 914 dubitationem
2765 857 3037 921 solveret;
3069 859 3162 913 sed
3189 859 3361 914 insani
3381 875 3506 916 cun

1886 959 2090 1016 essent,
2123 950 2242 1005 aliis
2263 949 2423 1006 dictis
2449 965 2519 1006 ne
2546 950 2828 1004 minimum
2859 948 3080 1020 quidem
3113 950 3455 1006 attenderant
3493 968 3504 1000 :

1885 1041 1989 1095 alia
2017 1055 2148 1096 vero
2176 1055 2300 1096 cum
2339 1041 2478 1096 mala
2507 1051 2690 1096 mente
2715 1040 3028 1096 audiebant.
3077 1040 3311 1113 Ideoque
3337 1041 3502 1100 Chri-

1885 1145 1999 1190 slus
2029 1136 2369 1208 :enigmatice
2389 1137 2520 1210 ipsis
2549 1137 2890 1208 loquebatur.

1957 1227 2060 1282 Cur
2073 1228 2303 1284 Christus
2315 1245 2417 1284 non
2431 1230 2528 1284 nisi
2540 1230 2860 1300 amigmatice
2871 1229 3136 1301 discipulis
3149 1229 3212 1285 de
3223 1247 3318 1285 sua
3329 1233 3504 1300 futura

1884 1321 2250 1376 resurrectione
2271 1321 2472 1376 locutus
2493 1323 2665 1392 fuerit.
2697 1322 3060 1393 Apostolorum
3099 1325 3259 1380 virtus
3283 1335 3500 1397 quanta.

1885 1411 2224 1486 Eleemosyna
2248 1415 2656 1469 commendatur.
2670 1431 2746 1456 '—-
2767 1415 2876 1472 Sed
2905 1417 3047 1488 quod
3076 1417 3187 1487 jam
3212 1420 3513 1499 quaeritur;

1884 1502 1988 1559 hoc
2015 1515 2098 1560 est
2123 1546 2138 1572 ,
2172 1521 2270 1560 cur
2299 1505 2550 1576 discipuli
2581 1522 2688 1562 non
2722 1508 2972 1563 noverint
3001 1509 3179 1577 ipsum
3208 1525 3238 1564 a
3270 1511 3504 1567 mortuis

1883 1604 2313 1652 resurrecturum
2342 1598 2498 1653 esse?
2523 1597 2658 1666 Quia
2689 1597 2926 1652 nondum
2959 1598 3194 1669 Spiritus
3221 1599 3395 1670 gratia
3419 1600 3501 1656 di-

1882 1687 2027 1757 gnati
2068 1685 2303 1744 fuerant.
2346 1688 2693 1762 Quapropter
2720 1690 2788 1746 de
2818 1691 3219 1748 resurrectione
3249 1691 3496 1765 frequen-

1884 1787 1967 1834 ter
1988 1778 2305 1846 audientes,
2341 1780 2474 1837 nihil
2503 1781 2880 1854 intelligebant
2908 1800 2922 1837 :
2957 1783 3052 1838 sed
3082 1783 3388 1852 cogitabant
3413 1785 3496 1840 it:-

1883 1879 1961 1927 tra
1993 1887 2055 1928 se
2083 1874 2210 1943 quid
2237 1873 2340 1928 hoc
2363 1884 2528 1930 esset.
2560 1874 2694 1930 Nam
2724 1874 3050 1945 stupendum
3074 1885 3130 1932 et
3161 1880 3502 1946 inexspecta-

1883 1973 1994 2018 tum
2025 1974 2164 2030 erat,
2191 1965 2334 2036 quod
2360 1965 2661 2034 dicebatur,
2696 1967 2838 2038 quod
2869 1982 3066 2038 nempe
3087 1967 3357 2038 quiSpiam
3377 1984 3499 2024 sese

1880 2063 2062 2125 posset
2094 2055 2450 2123 resuscitare,
2482 2066 2644 2128 atque
2674 2058 2765 2113 illo
2792 2058 2956 2114 modo
2982 2060 3330 2116 resuscitare.
3363 2059 3491 2116 Ideo

1883 2145 2073 2202 Petrus
2103 2146 2413 2218 increpatus
2439 2147 2557 2212 fuit,
2584 2150 2726 2219 quod
2770 2164 2892 2204 cum
2931 2150 3066 2204 nihil
3094 2159 3278 2206 nosset
3310 2149 3377 2206 de
3413 2167 3497 2205 re-

1869 2238 2216 2294 surrectione
2237 2280 2251 2303 ,
2295 2240 2500 2295 diceret
2531 2259 2545 2296 :
2581 2239 2844 2311 PrOpitius
2873 2250 2978 2295 esto
3011 2241 3100 2296 tibi
3136 2241 3366 2312 (Matth.
3409 2244 3494 2298 I6.

1878 2330 1992 2401 22).
2023 2329 2210 2401 Neque
2237 2331 2483 2388 Christus
2513 2342 2638 2389 ante
2670 2349 2786 2388 rem
2815 2334 2986 2404 ipsam
3014 2333 3117 2387 hoc
3145 2334 3254 2391 illis
3284 2335 3496 2391 revela-

1878 2423 1973 2484 vit,
2006 2439 2074 2479 ne
2102 2423 2209 2478 illis
2228 2423 2556 2480 offendicula
2585 2433 2730 2480 esset
2749 2465 2763 2491 ,
2796 2425 2888 2495 qui
2917 2425 3069 2480 initio
3093 2426 3179 2480 vix
3204 2424 3365 2481 Iidem
3398 2425 3494 2480 ba-

1879 2514 2078 2570 behant
2103 2517 2166 2570 iis
2182 2531 2301 2587 quae
2323 2517 2661 2584 dicebantur,
2677 2517 2820 2589 quod
2845 2533 2907 2572 ea
2929 2517 3221 2574 admodum
3246 2521 3496 2590 inexspe-

1876 2617 2018 2662 ctata
2049 2618 2251 2669 essent.
2283 2623 2460 2679 neque
2486 2609 2635 2666 clare
2661 2609 2868 2665 scirent
2892 2611 3013 2678 quis
3043 2619 3187 2665 esset
3213 2611 3393 2666 .lesus.
3427 2611 3496 2666 lis

1875 2697 2019 2752 enim
2061 2713 2181 2769 quae
2220 2699 2478 2768 operibus
2512 2699 2643 2770 ipsis
2672 2700 2817 2755 clare
2857 2701 3298 2772 comprobantur,
3334 2717 3496 2756 nemo

1878 2788 2037 2844 Iidem
2079 2791 2387 2860 negaverit;
2434 2789 2541 2844 illis
2569 2804 2699 2845 vero
2731 2806 2849 2859 quae
2879 2791 3062 2846 verbis
3097 2792 3273 2846 solum
3312 2791 3495 2861 profe-

1877 2879 2155 2943 rebantur,
2186 2879 2480 2934 verisimile
2501 2888 2616 2934 erat
2648 2879 2912 2949 quosdam
2942 2879 3100 2936 fidem
3127 2895 3248 2936 esse
3270 2891 3494 2952 negatu-

1876 2984 1987 3023 ros.
2019 2970 2225 3025 Idcirco
2245 2971 2458 3025 sinebat
2485 2971 2636 3026 initio
2659 2986 2772 3026 rem
2796 2971 3060 3026 occultam
3085 2987 3324 3028 manere.
3357 2973 3490 3029 Cum

1875 3069 2054 3114 autem
2082 3062 2457 3130 experimento
2485 3061 2626 3117 dicta
2655 3075 2752 3116 sua
2776 3076 2902 3116 vera
2929 3061 3340 3132 eouiprobabat,
3367 3073 3493 3119 tunc

1875 3151 2163 3207 verborum
2206 3153 2368 3208 dabat
2410 3153 2858 3223 intelligentiam,
2902 3162 3215 3222 tantamque
3257 3153 3491 3224 Spiritus

1873 3245 2124 3314 gratiam,
2151 3253 2210 3298 ιιι
2235 3244 2521 3300 confestim
2547 3245 2727 3299 omnia
2752 3246 3081 3314 acciperent.
3115 3244 3215 3300 Ille
3233 3247 3389 3310 enim,
3411 3247 3492 3301 in-

1874 3337 2022 3406 quit,
2055 3337 2193 3390 uobis
2219 3338 2631 3392 commemorabit
2656 3338 2850 3392 omnia.
2893 3337 3027 3392 Nam
3056 3339 3144 3408 qui
3173 3349 3490 3410 conceptam

1874 3426 1942 3482 de
1968 3427 2058 3482 illo
2091 3428 2480 3495 reverentiam,
2507 3444 2613 3484 una
2642 3443 2868 3498 vespera
2895 3428 3288 3498 deposuerunt,
3317 3446 3382 3487 ac
3409 3429 3485 3486 fu-

1871 3527 2088 3589 gerunt,
2122 3519 2213 3589 qui
2241 3533 2301 3574 se
2329 3517 2585 3574 dicebant
2606 3534 2712 3573 non
2737 3533 2904 3574 nosse
2931 3520 3105 3584 illum,
3131 3521 3218 3575 vix
3248 3524 3490 3578 omnium

1873 3625 1993 3678 qua:
2018 3610 2188 3663 multo
2221 3621 2466 3679 tempore
2494 3608 2634 3664 facta
2661 3609 2913 3678 dictaque
2941 3610 3186 3676 fuerant,
3221 3612 3490 3668 recordati

1874 3695 2133 3764 fuissent,
2177 3699 2278 3752 nisi
2320 3713 2570 3768 magnam
2618 3700 2940 3769 consequuti
2989 3700 3218 3756 fuissent
3257 3701 3493 3772 Spiritus

1871 3791 2121 3862 gratiam.
2171 3791 2227 3847 Si
2274 3807 2402 3847 vero
2427 3830 2442 3854 ,
2477 3791 2721 3861 inquies,
2751 3806 2782 3846 a
2809 3793 3012 3862 Spiritu
3040 3793 3271 3848 audituri
3300 3805 3489 3861 erant,

1873 3883 2000 3951 quid
2028 3897 2166 3953 opus
2194 3892 2311 3937 erat
2342 3882 2466 3937 illos
2491 3897 2614 3936 cum
2646 3883 2864 3938 Christo
2894 3885 3119 3949 versari,
3147 3900 3254 3940 non
3283 3886 3492 3944 intelle-

1871 3984 2055 4030 cturos
2077 3990 2140 4030 ea
2171 3991 2290 4045 qua:
2317 3974 2674 4030 dicebantur?
2693 3974 2958 4043 Quozziam
2991 3975 3224 4045 Spiritus
3252 3993 3360 4033 non
3388 3978 3490 4033 do-

1873 4068 2002 4134 cuit,
2052 4067 2147 4123 sed
2199 4067 2252 4120 in
2299 4068 2616 4122 memoriam
2665 4069 2937 4122 remeavit
2978 4082 3039 4123 ea
3081 4085 3200 4139 qua:
3246 4070 3492 4126 Christus

1871 4159 2102 4215 dixerat.
2149 4159 2263 4214 Non
2293 4175 2482 4227 parum
2513 4170 2694 4215 autem
2722 4159 2788 4216 ad
2816 4160 3042 4230 gloriam
3071 4161 3270 4216 Christi
3302 4163 3492 4219 confes

1874 4254 2048 4319 rebat,
2074 4253 2216 4324 quod
2248 4252 2482 4324 Spiritus
2511 4252 2814 4308 mitteretur
2835 4252 2903 4308 ad
2927 4253 3294 4309 renovandam
3314 4255 3487 4309 dicto-

1873 4365 1993 4404 rum
2021 4364 2241 4404 suorum
2269 4349 2608 4432 memoriam.
2656 4346 2814 4404 Initio
2843 4350 3064 4421 quidem
3093 4366 3159 4405 cx
3194 4350 3285 4405 Dei
3320 4350 3487 4406 bene-

1875 4444 1996 4500 licio
2029 4443 2158 4510 fuit,
2187 4443 2332 4514 quod
2366 4441 2602 4514 Spiritus
2632 4443 2805 4514 gratia
2839 4443 3141 4508 involaret,
3171 4444 3240 4498 ita
3271 4442 3490 4513 copiosa

1873 4544 1930 4591 et
1972 4537 2181 4604 ampla;
2232 4534 2429 4591 deinde
2468 4549 2658 4589 eorum
2691 4535 2905 4590 virtutis
2942 4533 3062 4601 fuit,
3101 4534 3244 4606 quod
3287 4535 3489 4590 donum

1875 4637 2080 4681 tantum
2129 4629 2445 4682 retinerent.
2480 4625 2654 4681 Vitam
2698 4626 2898 4696 quippe
2942 4628 3228 4682 sanctitate
3269 4627 3486 4696 conspi-

1873 4734 2028 4773 cuam
2069 4717 2358 4782 ducebant,
2393 4717 2727 4788 multamque
2769 4719 3089 4788 sapientiam
3126 4720 3489 4783 exhibebant,

1874 4814 2196 4884 laboresque
2219 4826 2443 4883 magnos
2466 4829 2481 4866 :
2507 4812 2675 4866 vitam
2701 4821 3021 4881 praesentem
3044 4813 3489 4879 contemnebant,

1877 4907 2107 4961 humana
2156 4905 2307 4960 nihili
2351 4903 2681 4976 pendebant,
2736 4903 2832 4958 sed
2879 4908 3189 4973 superiores
3237 4906 3491 4959 omnibus

1874 4998 2058 5065 fuere;
2088 5012 2151 5052 ac
2172 4998 2309 5052 sicut
2337 4997 2533 5067 aquila:
2563 4996 2710 5052 leves
2740 4997 2792 5050 in
2824 4996 2989 5050 altum
3015 4996 3280 5060 Volantes,
3311 4999 3490 5066 oneri-

1875 5094 1974 5147 bus
2004 5091 2070 5146 atl
2100 5091 2274 5160 ipsum
2305 5091 2496 5145 czelum
2530 5089 2944 5160 pertingebant,
2980 5105 3182 5159 perque
3209 5105 3370 5158 opera
3405 5089 3490 5142 in-

1873 5195 2090 5256 gentem
2118 5182 2352 5254 Spiritus
2375 5183 2604 5254 gratiam
2638 5181 2972 5236 ubtinebant.
3027 5181 3138 5237 Hos
3180 5182 3361 5251 itaque
3395 5196 3490 5235 nos

1874 5293 2084 5348 quoque
2110 5278 2415 5331 imitemur:
2437 5291 2503 5330 ne
2520 5277 2927 5345 exstinguamtts
2950 5274 3226 5344 lampades
3255 5283 3480 5344 nostras,

1875 5371 1966 5424 sed
1990 5369 2194 5424 lucidas
2217 5385 2314 5438 per
2335 5369 2737 5439 eleemosynam
2763 5367 3070 5422 reddamus.
3099 5367 3330 5436 llnjusce
3354 5367 3488 5436 ignis

1877 5466 2054 5519 lumen
2085 5465 2154 5517 ita
2184 5472 2452 5517 servatur.
2481 5463 2814 5532 Colligamus
2843 5462 3004 5532 igitur
3032 5461 3211 5516 oleum
3241 5464 3290 5515 in
3325 5461 3489 5518 vasis.

1875 5555 2000 5609 dum
2033 5553 2284 5608 vivimus.
2327 5553 2510 5623 Neque
2539 5553 2681 5608 enim
2717 5561 2838 5622 post
2875 5552 3174 5606 discessum
3219 5553 3360 5606 lnme
3389 5564 3487 5607 no-

1875 5654 2046 5699 strum
2088 5659 2375 5715 possumus
2407 5643 2538 5699 illud
2577 5658 2760 5699 emere
2782 5685 2796 5708 ,
2827 5659 2927 5699 nec
2967 5643 3185 5698 aliunde
3212 5645 3485 5711 accipere,

1877 5737 1978 5792 nisi
2010 5752 2103 5807 per
2126 5751 2317 5791 manus
2339 5752 2653 5807 pauperum.
2685 5735 2839 5804 Illud,
2866 5738 3104 5808 inquam,
3127 5737 3249 5804 hinc
3270 5733 3487 5791 abunde

1879 5830 2217 5902 colligamus,
2247 5831 2291 5885 si
2325 5829 2551 5888 velimus
2588 5845 2710 5886 cum
2738 5843 2938 5902 sponso
2975 5832 3180 5900 ingredi
3213 5848 3224 5883 :
3252 5831 3335 5885 sin
3379 5829 3483 5884 mi-

3115 5925 3154 5985 0
