4048 6446
577 426 679 483 1ιό

577 552 676 592 nus
700 577 714 601 ,
744 542 893 591 extra
922 528 1215 587 thalamum
1239 523 1540 581 necessario
1572 518 1926 616 manebimus.

577 628 732 682 sibile
758 626 899 679 enim
924 665 939 687 ,
980 616 1339 689 impossibile,
1373 618 1611 685 inquam,
1642 619 1742 675 est,
1773 606 1983 664 etiamsi
2016 604 2164 660 mille

581 722 713 773 bona
744 715 962 769 edamus
988 725 1176 781 opera,
1209 709 1325 763 sine
1354 706 1694 777 eleemOsyna
1718 702 1782 757 ad
1803 700 1953 772 regni
1980 698 2162 753 limina

580 804 801 876 ingredi.
836 802 960 858 Ideo
990 800 1135 855 illam
1165 797 1453 853 admodum
1486 793 1777 851 liberaliter
1796 790 2163 853 exhibeamus,

1352 415 1407 469 δ.
1450 408 1723 469 JOAf‘lNIS
1758 401 2227 463 CHRYSOSTOMI
2266 400 2582 457 ABClllEP.
2623 396 3157 457 CONSTANTINOP.

3779 399 3879 453 ιιι

2269 520 2326 566 ut
2364 509 2715 565 ineﬁ'abilibus
2745 508 2985 566 fruamur
3022 512 3178 567 bonis
3198 554 3212 579 ,
3242 527 3361 582 que
3390 514 3593 567 utinam
3626 528 3731 567 nos
3755 530 3879 568 ont-

2271 615 2367 656 nes
2393 615 2806 670 consequamur,
2834 602 3001 671 gratia
3024 614 3077 657 et
3102 603 3429 672 benignitate
3459 604 3670 658 Domini
3697 607 3879 659 nostri

2270 690 2398 747 Iesu
2423 690 2640 758 Christi,
2674 692 2757 746 cui
2787 693 2953 762 gloria
2982 702 3035 747 et
3066 695 3347 763 imperium
3376 694 3609 766 ubique,
3645 712 3795 753 nunc
3827 708 3886 754 et

2271 798 2507 853 semper,
2530 794 2585 841 et
2613 786 2666 839 in
2696 786 2893 841 sacula
2920 787 3260 842 saeculorum.
3296 791 3486 843 Amen.

578 912 3866 944 _—___—_____________————-——-——-—a——————____________

1906 990 2255 1055 HOMlLlA
2295 990 2534 1052 XXIV.

579 1152 667 1205 23.
698 1148 824 1205 Cum
843 1156 1007 1201 autem
1035 1155 1160 1201 esset
1180 1140 1514 1213 Jerosolgmis
1534 1140 1586 1193 in
1608 1138 1812 1193 Pascha
1828 1138 1879 1191 in
1901 1136 1983 1191 die
2006 1137 2165 1206 festo,

1006 1237 1152 1292 multi
1180 1235 1498 1291 crediderunt
1528 1232 1578 1285 in
1604 1246 1741 1285 eum.

655 1335 706 1389 1.
749 1331 900 1387 Tunc
920 1344 986 1385 ex
1028 1328 1335 1385 hominibus
1384 1325 1490 1380 illis
1521 1323 1612 1377 alii
1643 1320 1858 1393 quidem
1902 1319 1953 1372 in
1984 1329 2167 1371 errore

582 1422 914 1494 perstabant,
946 1419 1033 1474 alii
1059 1418 1342 1474 veritatem
1381 1412 1859 1484 amplexabantur;
1892 1421 2077 1464 verum
2101 1421 2165 1460 ex

582 1516 663 1569 his
690 1512 932 1569 nonnulli
962 1511 1110 1566 brevi
1157 1517 1359 1564 tantum
1392 1504 1691 1562 retinebant
1723 1503 1887 1566 illam,
1920 1508 1975 1557 et
2010 1500 2078 1554 ab
2106 1513 2169 1553 ea

583 1602 795 1658 demum
819 1600 1153 1656 excidebant.
1174 1598 1284 1653 llos
1300 1598 1541 1653 Christus
1558 1593 1929 1656 subindieavit,
1958 1590 2171 1662 quando

584 1695 727 1764 ipsos
780 1692 1073 1747 seminibus
1123 1689 1490 1760 comparavit,
1550 1704 1669 1758 qua:
1726 1702 1830 1742 non
1884 1682 2171 1755 profundas

585 1783 855 1837 mitterent
883 1780 1090 1836 radices
1114 1820 1128 1846 ,
1169 1779 1263 1834 sed
1296 1793 1388 1835 eas
1416 1780 1467 1833 in
1497 1777 1779 1846 superﬁcie
1808 1785 1965 1831 terra:
1996 1789 2169 1845 pone-

585 1881 724 1938 rent,
753 1886 885 1941 quos
912 1872 1020 1926 cito
1048 1870 1222 1941 perire
1251 1869 1403 1925 dixit.
1438 1869 1545 1924 Hos
1572 1882 1784 1940 quoque
1821 1866 1909 1922 hic
1936 1881 2174 1921 comme-

584 1972 757 2017 morat
777 1962 1101 2031 evangelista
1130 1978 1251 2017 cum
1279 1961 1352 2016 ait
1378 1980 1389 2014 :
1420 1961 1547 2016 Cum
1574 1970 1740 2014 autent
1766 1968 1890 2014 esset
1910 1957 2169 2028 Jerosoly-

584 2055 677 2108 mis
715 2055 767 2106 in
817 2051 1020 2107 Pascha
1046 2054 1098 2107 in
1128 2054 1210 2107 die
1239 2058 1385 2125 festo,
1416 2052 1564 2107 multi
1602 2054 1923 2107 crediderunt
1946 2052 1999 2105 in
2038 2068 2171 2117 eum,

584 2144 801 2199 videntes
830 2145 941 2214 ejus
966 2145 1112 2215 signa
1140 2158 1252 2213 qua
1292 2144 1526 2211 faciebat.
1554 2145 1645 2199 24.
1680 2143 1802 2213 Ipse
1828 2153 1995 2197 autem
2022 2142 2175 2197 Iesus

584 2248 684 2286 non
710 2249 761 2286 se
788 2234 1018 2287 credebat
1047 2234 1138 2287 eis.
1165 2232 1455 2287 Firmiores
1479 2242 1630 2287 erant
1656 2233 1919 2303 discipuli,
1950 2233 2038 2303 qui
2066 2248 2171 2286 non

584 2323 749 2393 signis
774 2332 976 2377 tantum
998 2364 1012 2389 ,
1045 2322 1139 2379 sed
1183 2324 1343 2378 etiam
1378 2322 1619 2378 doctrina
1661 2324 1888 2392 permoti
1929 2337 2173 2378 accesse-

586 2421 727 2467 runt.
759 2411 1063 2468 Crassiores
1100 2414 1296 2483 quippe
1333 2414 1479 2483 signa
1504 2413 1924 2483 pertrahebant,
1967 2415 2175 2468 ratione

587 2502 836 2569 prceditos
864 2502 1160 2574 prophetiae
1201 2514 1255 2558 et
1296 2504 1558 2558 doctrina.
1583 2504 1856 2574 Quotquot
1895 2505 2054 2575 igitur
2082 2520 2177 2575 per

584 2595 877 2650 doctrinam
906 2595 1045 2663 capti
1075 2604 1216 2658 sunt,
1241 2593 1291 2647 hi
1324 2596 1597 2664 signorum
1624 2596 1945 2665 sequacibus
1971 2596 2175 2650 ﬁrmio-

585 2690 671 2740 res
699 2696 885 2751 erant;
933 2700 1067 2756 quos
1104 2692 1159 2740 et
1206 2684 1450 2741 Christus
1488 2685 1677 2741 beatos
1726 2687 2048 2755 praedicabat
2093 2687 2175 2743 bis

588 2776 765 2831 verbis
799 2794 811 2831 :
841 2776 984 2829 Beati
1010 2776 1096 2845 qui
1125 2793 1226 2829 non
1262 2777 1513 2842 viderunt,
1539 2786 1583 2830 et
1610 2777 1937 2831 crediderunt
1964 2778 1981 2847 (
2014 2778 2172 2832 Joan.

586 2865 676 2920 20.
708 2866 778 2919 29
803 2868 841 2933 ).
870 2864 1019 2933 Quod
1057 2874 1231 2919 autem
1264 2865 1337 2919 illi
1376 2880 1480 2919 non
1522 2866 1631 2920 veri
1667 2875 1846 2921 essent
1892 2866 2172 2938 discipuli,

588 2956 775 3025 probat
806 2956 857 3010 id
884 2954 1024 3025 quod
1052 2954 1391 3025 subjungitur
1421 2972 1435 3007 :
1466 2954 1586 3025 Ipse
1609 2955 1761 3011 Iesus
1789 2973 1889 3012 non
1930 2974 1983 3012 se
2006 2959 2178 3013 crede-

586 3046 669 3101 bat
698 3049 787 3102 eis.
821 3047 1035 3115 Quare?
1064 3046 1196 3111 Quia
1216 3048 1423 3101 omnia‘
1456 3059 1679 3114 noverat,
1712 3049 1802 3104 25.
1837 3060 1883 3105 et
1902 3052 2022 3123 quia
2051 3069 2178 3117 Opus

588 3155 689 3192 non
715 3148 820 3191 erat
842 3147 894 3190 ut
915 3138 1025 3206 quis
1047 3138 1381 3192 testimonium
1406 3140 1684 3208 perhiberet
1712 3142 1775 3196 de
1804 3142 2006 3198 homine
2028 3184 2043 3210 ,
2072 3145 2178 3214 ipse

590 3229 719 3282 enim
739 3228 922 3281 sciebat
942 3228 1066 3299 quid
1086 3237 1207 3282 esset
1233 3231 1285 3283 in
1307 3230 1526 3283 homine.
1555 3230 1609 3285 Id
1626 3238 1730 3297 est,
1758 3232 1919 3287 verba
1948 3249 2053 3288 non
2086 3250 2181 3290 cu-

589 3318 758 3381 rabat,
785 3317 873 3387 qui
904 3318 956 3371 in
984 3319 1097 3387 ipsa
1127 3320 1286 3373 corda
1330 3329 1575 3389 penetrat
1617 3332 1671 3377 et
1701 3334 1937 3389 mentes;
1976 3335 2029 3380 et
2056 3341 2176 3381 cum

590 3407 855 3462 fervorem
878 3408 1087 3463 illorum
1118 3418 1518 3479 temporaneum
1543 3427 1662 3467 esse
1687 3414 1888 3481 sciret,
1917 3432 2022 3471 non
2047 3417 2177 3473 ﬁde-

592 3496 683 3549 bat
730 3496 808 3550 eis
858 3505 913 3549 ut
946 3496 1193 3566 perfectis
1228 3499 1539 3569 discipulis:
1571 3516 1677 3558 non
1713 3506 1892 3559 omnia
1924 3507 2053 3576 ipsis
2081 3507 2175 3562 do-

588 3593 761 3654 gmata
792 3588 1048 3655 tradebat,
1092 3590 1239 3657 quasi
1278 3590 1431 3644 ﬁdem
1464 3592 1687 3648 ﬁrmiter
1715 3604 1894 3650 essent
1922 3598 2171 3666 amplexi.

588 3677 758 3732 Nosse
784 3689 962 3734 autem
989 3696 1049 3734 ea
1082 3697 1201 3750 qua:
1231 3683 1285 3736 in
1330 3685 1495 3739 corde
1522 3685 1796 3742 hominum
1834 3697 1994 3754 sunt,
2036 3690 2176 3744 illius

592 3776 793 3821 tantum
821 3779 921 3834 est,
952 3770 1051 3836 Qui
1071 3772 1491 3843 ﬁnxitsigillatim
1518 3776 1673 3829 corda
1706 3776 1891 3848 (Psal.
1918 3780 2005 3835 52.
2038 3779 2136 3853 15)
2159 3822 2173 3848 ,

592 3873 783 3927 nempe
810 3860 975 3913 solius
1010 3861 1125 3915 Dei.
1169 3861 1302 3916 Nam
1349 3861 1443 3927 Tu,
1479 3865 1671 3934 inquit,
1723 3870 1983 3937 cognoscis
2024 3873 2177 3926 corda

588 3952 727 4003 solus
758 3950 777 4022 (
804 3951 855 4005 5.
891 3949 1015 4022 Reg.
1056 3952 1107 4007 8.
1141 3951 1208 4009 39
1234 3955 1275 4024 ).
1320 3954 1436 4009 Non
1459 3958 1649 4026 egebat
1694 3961 1949 4029 testibus,
1991 3971 2050 4017 ut
2086 3978 2177 4020 eas

591 4057 722 4112 quas
750 4041 1078 4098 formaverat
1118 4056 1324 4101 mentes
1356 4060 1734 4117 cognosceret;
1781 4050 2008 4123 ideoque
2038 4062 2175 4110 temo

591 4132 1083 4201 poraneaeipsorum
1101 4134 1222 4189 ﬁdei
1242 4151 1346 4190 non
1365 4138 1943 4197 conﬁdebat.Homines
1958 4146 2172 4215 quippe,

589 4222 674 4291 qui
705 4236 881 4292 neque
920 4226 1201 4293 prtrsentia
1239 4241 1415 4297 neque
1446 4228 1618 4285 futura
1650 4242 1878 4299 norunt,
1912 4248 2054 4305 stepe
2080 4236 2175 4289 do-

592 4314 703 4369 lose
732 4314 1109 4371 accedentibus
1138 4326 1192 4371 et
1218 4320 1374 4385 paulo
1394 4329 1513 4387 post
1539 4324 1831 4376 recessuris
1860 4325 2042 4379 omnia
2062 4326 2177 4382 sine

591 4406 699 4459 ullo
730 4416 875 4459 metu
896 4406 1079 4461 dicunt
1104 4418 1159 4462 et
1192 4408 1426 4463 tradunt.
1452 4409 1695 4466 Christus
1719 4429 1849 4468 vero
1883 4430 1989 4470 non
2023 4417 2172 4483 item;

592 4510 713 4549 nam
740 4509 931 4550 arcana
959 4512 1144 4552 eorum
1173 4500 1351 4554 omnia
1394 4500 1563 4569 probe
1592 4504 1814 4558 sciebat.
1855 4505 2008 4562 Tales
2033 4524 2174 4564 nunc

589 4596 713 4641 sunt
743 4587 916 4654 multi,
954 4590 1045 4658 qui
1087 4588 1320 4646 ﬁdelium
1349 4592 1564 4662 quidem
1595 4609 1789 4651 nomen
1820 4597 2048 4666 habent,
2079 4601 2171 4655 sed

588 4679 865 4734 versatiles
905 4688 959 4735 et
988 4682 1354 4739 inconstantes
1380 4694 1523 4741 sunt.
1555 4686 1680 4743 Ideo
1706 4688 1955 4746 Christus
1982 4706 2087 4745 non
2115 4708 2172 4747 se

587 4768 755 4822 credit
800 4771 899 4835 eis,
932 4772 1025 4826 sed
1079 4773 1301 4842 plurima
1334 4776 1463 4843 ipsis
1498 4780 1747 4833 occultat.
1784 4781 1852 4837 Ut
1896 4784 2036 4837 enim
2076 4799 2173 4839 nos

590 4872 696 4911 non
752 4861 939 4915 amicis
983 4862 1329 4931 quibuslibet,
1381 4866 1474 4919 sed
1526 4869 1667 4923 veris
1711 4870 1956 4938 ﬁdimus;
2012 4874 2081 4927 ita
2120 4883 2173 4929 et

590 4949 727 5002 Deus
760 4954 799 5004 ³.
832 4950 969 5005 Audi
1013 4952 1191 5022 itaque
1233 4954 1359 5024 quid
1391 4956 1637 5013 Christus
1670 4960 1943 5031 discipulis
1987 4965 2169 5025 dicat:

588 5040 707 5092 Non
744 5040 859 5110 jam
900 5043 1012 5095 dico
1056 5060 1141 5098 vos
1176 5061 1341 5101 servos
1366 5065 1384 5101 .·
1412 5063 1497 5102 vos
1536 5051 1667 5104 enim
1709 5054 1859 5107 amici
1898 5055 1993 5109 mei
2030 5058 2166 5113 estis.

589 5130 759 5198 Unde,
782 5143 836 5189 et
865 5137 1071 5205 quare?
1103 5135 1233 5202 Quia
1261 5141 1449 5207 omnia,
1474 5159 1587 5205 qua
1606 5146 1776 5198 audivi
1797 5163 1826 5199 a
1857 5145 2012 5201 Patre
2037 5166 2165 5216 meo,

586 5234 703 5276 noto
745 5225 840 5294 feci
866 5228 1001 5282 vobis
1033 5231 1049 5297 (
1079 5229 1233 5285 Joan.
1260 5231 1344 5287 15.
1381 5233 1513 5303 14).
1546 5236 1745 5291 Idcirco
1771 5254 1943 5309 neque
1972 5241 2169 5297 Judaeis

586 5318 734 5385 signa
763 5321 1065 5385 petentibus
1096 5320 1287 5390 dabat,
1321 5325 1443 5394 quia
1488 5326 1562 5380 illi
1594 5336 1861 5385 tentantes
1893 5334 2166 5401 petebant.

584 5410 773 5462 Annon
808 5420 864 5463 ut
893 5411 1041 5476 olim,
1066 5412 1142 5466 sic
1164 5430 1301 5470 nunc
1332 5432 1541 5489 quoque
1568 5421 1713 5490 signa
1746 5432 1929 5491 petere
1961 5434 2165 5481 tentan-

584 5502 714 5553 tium
742 5502 867 5555 est?
896 5500 1025 5555 Nam
1050 5514 1173 5559 sunt
1199 5505 1459 5578 hodieque
1489 5512 1577 5580 qui
1606 5526 1848 5581 quarunt
1878 5532 1940 5571 ac
1960 5517 2161 5586 dicunt,

586 5592 688 5645 Cur
722 5608 825 5647 non
852 5594 1009 5649 etiam
1043 5612 1184 5653 nunc
1213 5599 1359 5669 signa
1392 5604 1557 5657 fiunt?
1588 5604 1643 5660 Si
1676 5606 1846 5663 ﬁdelis
1876 5623 1935 5665 es
1967 5620 2021 5671 ut
2048 5626 2165 5669 esse

649 5723 663 5792 ξ
704 5722 793 5792 alii
818 5723 1215 5792 liabent,_on_vtes,
1236 5728 1361 5792 loco,
1387 5733 1562 5783 omnia.

650 5784 665 5811 ι
702 5780 810 5845 stu,
836 5785 899 5835 ita
922 5794 967 5838 et
985 5780 1214 5844 curatus;

2280 1132 2463 1203 debes,
2498 1136 2540 1190 si
2568 1150 2717 1193 amas
2738 1138 3010 1196 Christum
3034 1151 3092 1197 ut
3122 1157 3306 1200 amare
3340 1160 3433 1215 par
3467 1154 3572 1213 est,
3602 1162 3713 1202 non
3744 1164 3885 1219 onus

2279 1223 2446 1281 babes
2471 1228 2634 1298 signis
2679 1247 2691 1283 :
2744 1230 2858 1286 haec
2882 1234 3024 1287 enim
3056 1233 3373 1290 inﬁdelibus.
3402 1236 3618 1293 dantur.
3648 1238 3758 1295 Cur
3781 1240 3886 1297 Ju-

2279 1317 2432 1384 dccis,
2484 1321 2712 1392 inquies,
2756 1340 2861 1379 non
2902 1324 3024 1381 data
3074 1328 3242 1382 sunt?
3274 1329 3400 1383 Data
3434 1341 3579 1387 certe
3626 1345 3755 1388 sunt
3788 1352 3801 1387 :
3839 1336 3885 1390 si

2280 1411 2495 1481 quando
2524 1428 2653 1469 vero
2686 1427 2933 1487 petentes
2959 1435 3064 1473 non
3111 1422 3437 1489 acreperint,
3472 1424 3604 1479 illud
3636 1425 3763 1481 ideo
3807 1427 3889 1482 fa-

2279 1512 2423 1559 ctum
2449 1514 2550 1572 est,
2576 1509 2718 1577 quod
2743 1524 2847 1564 non
2876 1522 2931 1565 ut
2954 1512 3021 1566 ab
3048 1512 3362 1569 inﬁdelitate
3386 1515 3751 1572 liberarentur
3770 1518 3888 1574 haec

2281 1595 2578 1663 petiissent,
2602 1599 2696 1652 sed
2726 1610 2780 1654 ut
2811 1604 3121 1673 sese‘magis
3145 1604 3194 1657 in
3220 1606 3451 1675 nequitia
3469 1607 3885 1665 conﬁrmarent.

2282 1686 2433 1757 (Cap.
2462 1688 2520 1758 ὅ)
2549 1690 2599 1745 1.
2625 1690 2691 1745 Et
2728 1704 2835 1746 erat
2865 1694 3013 1747 homo
3043 1712 3105 1749 ea:
3133 1695 3408 1751 Phariswis
3440 1697 3764 1755 Nicodemus
3797 1719 3887 1757 no-

2281 1779 2433 1843 mine,
2454 1780 2687 1849 princeps
2704 1782 3003 1839 Iudteorum
3025 1803 3043 1839 :
3062 1786 3116 1840 2.
3144 1787 3224 1839 hic
3253 1790 3382 1843 venit
3410 1790 3479 1841 ad
3501 1788 3686 1844 Jesum
3717 1803 3883 1846 nocte.

2283 1867 2379 1925 llic
2408 1872 2535 1925 etin
2569 1873 2745 1927 medio
2776 1875 3063 1945 Evangelia
3104 1878 3375 1933 Christum
3408 1879 3707 1938 defendere
3733 1884 3887 1938 vide—

2284 1970 2403 2026 tur;
2438 1962 2511 2016 ait
2536 1964 2677 2017 enim
2715 1986 2727 2021 :
2760 1964 2862 2020 Lex
2890 1978 3061 2021 nostra
3086 1971 3333 2022 neminem
3355 1970 3579 2039 judicat,
3604 1974 3709 2027 nisi
3738 1974 3881 2042 prius

2281 2055 2453 2108 audiat
2477 2056 2539 2109 ab
2563 2072 2621 2110 eo
2648 2056 2821 2126 (Joan.
2854 2058 2904 2112 7.
2939 2060 3050 2130 51).
3085 2060 3356 2116 Adversus
3384 2063 3523 2118 hunc
3551 2064 3729 2120 Judaei
3755 2066 3889 2121 indi-

2280 2145 2580 2214 gnabantur
2616 2148 2855 2203 dicentes
2888 2169 2901 2204 :
2937 2149 3206 2223 Interroga
3250 2165 3297 2207 et
3345 2156 3457 2208 vide
3484 2157 3608 2225 quia
3637 2158 3889 2229 propheta

2281 2254 2343 2293 ex
2369 2238 2585 2293 Galilwa
2624 2258 2724 2294 non
2770 2245 2988 2297 surrexit
3018 2246 3035 2315 (
3068 2244 3204 2298 Ibid.
3236 2264 3282 2300 v.
3317 2247 3387 2302 52
3414 2245 3455 2317 ).
3500 2248 3631 2303 Pest
3668 2266 3887 2304 crucem

2282 2330 2441 2384 etiam
2471 2346 2713 2402 magnam
2735 2349 2832 2403 pro
2852 2335 3112 2390 Dominici
3136 2340 3376 2408 corporis
3395 2341 3677 2409 sepultura
3702 2358 3886 2397 Curam

2283 2422 2542 2477 adhibuit.
2588 2423 2752 2491 Venit,
2804 2426 2996 2496 inquit,
3046 2428 3386 2493 Nicodemus,
3431 2434 3518 2501 qui
3566 2446 3777 2489 venerat
3824 2438 3888 2487 ad

2288 2513 2561 2569 Dominum
2613 2528 2777 2583 nocte,
2831 2518 2997 2588 ferens
3048 2522 3320 2575 mixturam
3374 2527 3625 2595 unguenti
3668 2535 3718 2581 et
3751 2528 3888 2581 aloes

2282 2609 2429 2678 quasi
2457 2610 2610 2663 libras
2630 2621 2829 2663 centum
2858 2611 3036 2681 (Ioan.
3062 2612 3150 2667 19.
3181 2612 3295 2686 59).
3321 2614 3416 2668 llic
3441 2616 3550 2684 jam
3578 2632 3725 2672 nunc
3754 2618 3887 2675 bene

2286 2700 2509 2756 atl‘ectus
2531 2712 2646 2757 erat
2670 2720 2793 2773 erga
2824 2704 3120 2771 Christum,
3162 2722 3259 2761 nec
3290 2716 3466 2762 tamen
3490 2723 3758 2777 quantum
3796 2726 3887 2780 par

2281 2802 2415 2857 erat,
2448 2808 2619 2861 neque
2645 2809 2711 2848 eo
2752 2810 2857 2863 quo
2887 2795 3168 2865 oportebat
3210 2798 3409 2861 animo,
3452 2798 3545 2853 sed
3588 2800 3769 2855 adhuc
3798 2800 3889 2856 Ju-

2282 2884 2431 2939 daica
2461 2885 2823 2940 imbecillitate
2848 2886 3205 2942 detinebatur.
3235 2888 3359 2943 Ideo
3382 2900 3540 2945 noctu
3570 2892 3742 2959 venit,
3763 2893 3885 2961 quia

2284 2976 2515 3031 interdiu
2542 2978 2592 3033 id
2625 2978 2799 3034 facere
2827 2979 3165 3035 formidabat.
3187 2980 3293 3034 Sed
3314 2980 3573 3051 benignus
3600 2983 3745 3038 Deus
3763 3000 3885 3039 eum

2286 3082 2461 3137 neque
2488 3071 2702 3139 repulit,
2737 3087 2909 3140 neque
2938 3071 3231 3142 redarguit,
3263 3087 3361 3127 nec
3384 3073 3628 3127 doctrina
3660 3089 3758 3129 sua
3789 3078 3887 3145 pri-

2288 3158 2429 3211 vavit
2459 3176 2472 3212 :
2497 3174 2678 3213 verum
2712 3176 2833 3215 cum
2866 3161 3281 3217 mansuetudine
3312 3178 3501 3233 magna
3534 3165 3713 3233 ipsum
3748 3167 3887 3222 allo-

2283 3249 2481 3317 quitur,
2511 3249 2866 3319 sublimiaque
2889 3252 2988 3321 ipsi
3019 3251 3266 3322 dogmata
3296 3255 3505 3324 aperit;
3538 3257 3887 3325 a‘nigmatiee

2282 3338 2496 3408 quidem
2520 3379 2534 3403 ,
2566 3342 2845 3411 aperitque
2873 3351 3073 3397 tamen.
3119 3344 3284 3397 Multo
3322 3346 3491 3415 magis
3526 3348 3670 3401 enim
3733 3350 3886 3404 venia

2281 3428 2472 3499 dignus
2501 3431 2591 3485 ille
2612 3441 2748 3497 erat,
2773 3448 2930 3501 quam
2956 3433 2989 3487 ii
3017 3434 3107 3504 qui
3133 3436 3607 3506 maligneidipsum
3626 3440 3883 3508 agebant.

2286 3520 2363 3575 Illi
2393 3524 2533 3577 enim
2557 3526 2703 3578 omni
2727 3535 2852 3579 sunt
2875 3528 3223 3583 excusatione
3242 3528 3476 3598 indigni;
3512 3530 3598 3583 hic
3628 3546 3759 3585 vero
3786 3534 3887 3589 im-

2285 3611 2591 3680 probandus
2620 3615 2835 3684 quidem
2858 3626 2995 3683 erat,
3026 3617 3119 3672 sed
3144 3634 3250 3672 non
3289 3628 3591 3687 tantopere.
3622 3619 3732 3676 Cur
3752 3639 3889 3695 ergo

2283 3705 2604 3773 evangelista
2635 3705 2767 3758 nihil
2799 3707 2901 3761 tale
2924 3708 2990 3762 de
3012 3709 3101 3762 illo
3124 3709 3300 3763 dixit?
3329 3709 3703 3780 Dixitquidem
3731 3714 3883 3779 alibi,

2285 3807 2349 3848 ex
2381 3794 2709 3863 principibus
2736 3798 2932 3851 multos
2955 3798 3006 3851 in
3038 3799 3183 3852 illum
3228 3800 3524 3855 credidisse
3557 3802 3762 3872 (Joon.
3791 3806 3885 3859 η.

2282 3886 2409 3954 48>;
2442 3886 2533 3940 sed
2562 3898 2778 3957 propter
2802 3888 3015 3944 ,ιυάιυος
3038 3907 3141 3946 non
3173 3892 3321 3946 illum
3346 3894 3621 3949 confessos
3644 3910 3787 3961 esse,
3818 3915 3889 3954 ne

2283 3987 2431 4034 extra
2459 3993 2779 4051 synagogam
2809 3981 3145 4051 ejicerentur.
3174 3984 3269 4047 llic
3296 4001 3425 4040 vero
3453 3989 3633 4042 omnia
3661 3990 3763 4043 iSta
3790 4006 3888 4061 per

2283 4069 2428 4124 illum
2484 4082 2644 4144 npctu
2691 4072 2894 4127 aditum
2955 4076 3333 4130 subindieavit.
3382 4078 3521 4146 Quid
3578 4095 3710 4151 ergo
3761 4084 3886 4137 ait?

2284 4161 2465 4227 Rabbi,
2489 4167 2676 4219 scimus
2702 4166 2838 4233 quod
2864 4184 2895 4218 α
2915 4166 3025 4220 Deo
3045 4169 3222 4222 venisti
3253 4171 3488 4240 magister
3520 4189 3538 4226 :
3570 4190 3715 4227 nemo
3747 4178 3888 4231 enim

2281 4264 2439 4323 potest
2460 4260 2630 4324 facere
2674 4259 2781 4310 ha'c
2823 4260 2968 4329 signa
3010 4277 3123 4329 qua:
3158 4271 3209 4313 tu
3237 4264 3384 4331 facis,
3415 4265 3515 4317 nisi
3556 4268 3711 4335 fuerit
3745 4268 3887 4326 Deus

2281 4360 2392 4398 cum
2414 4362 2490 4399 ΘΟ.

2350 4437 2404 4491 2.
2439 4438 2627 4494 Adhuc
2653 4438 2975 4497 Nicodemus
3005 4442 3149 4497 humi
3183 4445 3348 4513 repit,
3378 4445 3554 4502 adhuc
3583 4449 3883 4507 humanam

2279 4530 2345 4586 de
2374 4532 2591 4587 Christo
2619 4536 2940 4589 sententiam
2972 4536 3149 4601 habet,
3181 4546 3236 4592 et
3263 4538 3331 4594 de
3364 4539 3454 4594 illo
3480 4542 3634 4611 quasi
3664 4542 3732 4599 de
3756 4561 3886 4614 pro-

2280 4622 2441 4693 pheta
2500 4625 2768 4694 loquitur,
2824 4627 2956 4682 nihil
3013 4629 3179 4684 altum
3222 4646 3286 4686 ex
3328 4632 3494 4702 signis
3536 4634 3879 4703 coniectans.

2280 4715 2514 4780 Scimus,
2546 4717 2756 4785 inquit,
2810 4720 2946 4786 quod
2993 4734 3022 4771 a
3066 4718 3175 4773 Deo
3219 4722 3394 4775 veniin
3448 4725 3707 4793 magister.
3771 4726 3882 4783 Cur

2279 4822 2406 4875 ergo
2437 4817 2595 4861 noctu
2622 4816 2676 4862 et
2702 4808 2837 4863 clam
2866 4809 3014 4864 venis
3042 4811 3105 4863 ad
3140 4827 3259 4865 eum
3292 4814 3379 4883 qui
3406 4814 3583 4872 divina
3614 4816 3877 4887 loquitur,

2280 4898 2399 4966 quia
2454 4913 2483 4952 a
2539 4900 2645 4953 Deo
2684 4901 2863 4955 venit?
2904 4917 3000 4956 cur
3033 4918 3136 4957 non
3177 4920 3297 4957 cum
3344 4904 3533 4961 ﬁducia
3587 4908 3881 4980 loqueris?

2279 4986 2474 5043 Verum
2506 4990 2604 5045 hoc
2634 5007 2737 5045 non
2769 4993 2903 5046 dixit
2928 4993 3084 5049 Jesus
3112 4996 3151 5060 ¹,
3182 5011 3356 5066 neque
3382 4998 3654 5069 redarguit
3681 5002 3834 5056 illum
3865 5023 3877 5056 :

2281 5079 2544 5135 Calantum
2576 5084 2707 5136 enim
2734 5098 3123 5154 conquassatum
3146 5105 3247 5141 non
3265 5092 3569 5160 confringet,
3600 5092 3797 5161 inquit,
3830 5106 3876 5147 rt

2276 5173 2468 5241 lignum
2498 5175 2752 5245 fumigans
2804 5192 2902 5229 non
2945 5178 3223 5248 exstinguat
3274 5179 3421 5250 (Isai.
3462 5182 3552 5236 42.
3590 5184 3641 5237 3.
3680 5183 3873 5239 Matth.

2275 5264 2359 5317 l2.
2390 5264 2461 5319 ΞΟ
2482 5265 2522 5335 ).
2557 5264 2696 5320 Idem
2727 5281 2937 5337 quoque
2968 5285 3178 5324 rursum
3199 5312 3212 5336 ,
3258 5269 3379 5325 Non
3428 5274 3695 5327 contendet
3720 5318 3733 5339 ,
3790 5279 3871 5331 in-

2270 5345 2415 5425 quit,
2454 5374 2609 5425 neque
2636 5359 2871 5412 clamabit
2903 5361 3132 5429 (Matth.
3182 5363 3268 5417 12.
3317 5364 3423 5433 19)
3454 5383 3467 5428 ;
3503 5380 3564 5419 ac
3613 5382 3829 5423 rursum
3858 5413 3873 5436 ,

2282 5448 2403 5503 Non
2433 5451 2545 5503 veni
2573 5452 2869 5521 utjudicem
2899 5456 3175 5517 mundum;
3204 5456 3291 5508 sed
3336 5467 3389 5509 ut
3436 5458 3632 5510 salvum
3680 5462 3871 5529 faciam

2272 5541 2519 5593 mundum
2548 5544 2565 5611 (
2584 5541 2739 5596 Joan.
2772 5544 2855 5597 1‘2.
2887 5546 3010 5613 47).
3045 5545 3208 5598 Nemo
3240 5558 3398 5616 potest
3426 5549 3531 5601 lucc
3554 5551 3703 5620 signa
3734 5555 3873 5619 fore-

2278 5648 2363 5699 re,
2390 5648 2501 5700 qute
2530 5642 2579 5686 tu
2612 5636 2737 5703 facis
2763 5637 2879 5698 ,nisi
2913 5639 3062 5705 fuerit
3096 5636 3233 5692 Deus
3258 5654 3371 5691 cum
3418 5657 3493 5693 ro.
3547 5642 3739 5698 Adhuc
3786 5646 3872 5699 ille

2335 5807 2351 5838 ⁸
2390 5805 2447 5855 In
2468 5804 2609 5856 Savil.
2638 5808 2836 5869 legitur,
2862 5807 2982 5858 nihil
3009 5808 3179 5857 horum
3202 5808 3329 5858 dixit
3355 5815 3505 5860 Jesus.
