4048 6448
206 391 309 448 N5

200 498 500 560 secundum
533 492 908 550 lia-reticorum
940 483 1262 542 sententiam
1295 480 1558 553 loquitur,
1590 475 1680 549 qui
1721 475 1807 531 di-

199 600 313 661 cit,
341 591 410 649 ab
438 589 543 646 alio
565 586 769 643 moveri
793 626 809 652 ,
841 592 893 639 et
919 580 1144 636 aliorum
1171 592 1274 647 ope
1302 575 1544 646 indigere
1566 615 1581 641 ,
1613 581 1670 627 ut
1706 569 1810 625 hoc

198 686 392 743 faciat.
428 681 566 751 Quid
600 695 727 750 ergo
765 673 1053 731 Christus?
1095 670 1230 726 Vide
1274 666 1620 737 indulgentiae
1669 662 1810 718 illius

207 774 657 848 magnitudinem.
687 768 802 824 Non
834 767 989 833 dixit,
1023 763 1268 819 Aliorum
1296 759 1502 814 auxilio
1529 772 1634 812 non
1653 768 1804 848 egeo,

206 846 459 922 sedcum
493 869 756 934 potestate
787 858 967 913 omnia
999 855 1135 910 facio
1170 871 1183 907 :
1217 867 1341 908 nam
1369 864 1528 906 verus
1552 863 1671 905 sum
1715 846 1810 902 Dei

202 961 398 1026 Filius,
431 969 485 1016 et
514 954 758 1013 eamdem
792 966 952 1022 quam
983 949 1211 1006 Genitor
1238 953 1561 1018 potestatem
1595 941 1806 997 habeo:

203 1052 422 1109 interim
455 1064 584 1104 vero
613 1047 665 1101 id
697 1044 896 1102 efferre
921 1041 1126 1107 noluit,
1173 1047 1231 1094 ut
1277 1036 1514 1092 audienti
1557 1047 1677 1090 sese
1719 1047 1808 1088 ac-

205 1142 596 1201 commodaret.
625 1140 758 1197 Nam
789 1131 929 1208 quod
955 1150 1173 1207 semper
1201 1135 1324 1190 dico
1349 1174 1363 1199 ,
1402 1132 1503 1187 hoc
1531 1144 1674 1185 nunc
1721 1142 1810 1184 re-

204 1247 386 1308 petam
412 1277 426 1300 .
455 1233 508 1289 id
536 1232 810 1288 Christum
839 1229 1052 1286 interim
1081 1226 1350 1283 studuisse
1369 1267 1386 1292 ,
1415 1238 1520 1279 non
1554 1231 1612 1278 ut
1638 1221 1812 1292 digni-

204 1339 369 1384 tatem
402 1341 552 1381 suam
582 1324 882 1389 revelaret,
929 1320 1023 1377 sed
1069 1328 1127 1374 ut
1172 1315 1522 1392 persuaderet
1571 1329 1630 1370 se
1677 1313 1810 1369 nihil

205 1429 396 1476 contra
427 1418 603 1473 Patris
635 1416 965 1470 voluntatem
998 1412 1198 1468 facere.
1245 1410 1482 1481 Ideoque
1525 1409 1578 1463 in
1632 1406 1810 1463 verbis

205 1525 352 1581 saepe
379 1508 689 1566 moderatus
713 1503 1139 1576 deprehenditur
1161 1545 1176 1569 ,
1211 1503 1263 1558 in
1290 1501 1457 1558 rebus
1499 1515 1606 1556 non
1657 1499 1805 1555 item.

203 1602 342 1659 Cum
371 1601 516 1656 enim
545 1598 804 1654 miracula
833 1596 945 1652 edit
969 1635 985 1663 ,
1013 1609 1136 1650 cum
1167 1601 1435 1664 potestate
1463 1591 1644 1647 omnia
1684 1589 1813 1646 facit

202 1694 392 1749 dicens
422 1708 435 1745 :
478 1689 625 1755 Volo,
655 1686 925 1742 mundare.
957 1685 1000 1740 Τ
1000 1686 1162 1740 atitha
1183 1725 1197 1750 ,
1227 1701 1378 1756 surge
1403 1682 1597 1754 (Marc.
1632 1683 1684 1738 1.
1717 1681 1810 1737 ll.

203 1796 251 1839 et
301 1784 354 1840 5.
385 1783 508 1855 ﬂ).
553 1780 788 1836 Extende
833 1795 1058 1833 manum.
1092 1777 1432 1832 Dimittuntur
1477 1775 1566 1831 tibi
1606 1783 1810 1848 peccata

204 1876 228 1941 (
245 1873 434 1928 Matth.
468 1873 554 1928 12.
587 1873 673 1928 13.
711 1879 758 1926 et
786 1871 841 1927 9.
871 1869 964 1942 5).
998 1868 1149 1937 Tace,
1173 1869 1475 1924 obmutesce.
1503 1866 1651 1923 Tolle
1688 1885 1810 1940 gra~

203 1967 379 2020 butum
419 1975 580 2032 tuum,
608 1974 654 2018 et
678 1963 807 2019 vade
843 1963 897 2018 in
923 1962 1130 2017 domum
1169 1953 1306 2015 ttiam
1339 1958 1546 2033 (Marc.
1570 1960 1623 2015 4.
1648 1959 1736 2016 59.
1765 1967 1812 2014 et

200 2061 259 2114 2.
287 2057 399 2128 11).
421 2057 531 2114 Tibi
551 2057 687 2121 dico,
707 2057 900 2110 naulum
923 2055 1250 2118 damonium,
1272 2051 1373 2108 Exi
1399 2053 1462 2107 ab
1485 2053 1595 2124 ipso
1613 2050 1809 2123 (Marc.

203 2151 258 2206 5.
294 2150 371 2222 8).
406 2149 524 2204 Fiat
554 2150 642 2204 tibi
666 2149 795 2204 sicut
820 2149 894 2203 vis
918 2149 937 2220 (
957 2145 1146 2202 Matth.
1175 2145 1263 2201 15.
1295 2142 1412 2218 28).
1443 2143 1504 2201 Si
1532 2144 1646 2215 quis
1675 2141 1812 2199 vobis

200 2243 395 2297 dixerit
441 2241 673 2311 aliquid,
728 2239 879 2294 dicite
921 2238 1043 2310 quia
1084 2235 1338 2291 Dominus
1369 2236 1448 2291 his
1479 2252 1608 2307 apus
1638 2235 1804 2289 habet.

202 2340 221 2401 (
256 2331 424 2388 Herc.
457 2333 540 2387 II.
570 2331 666 2403 5).
707 2329 873 2385 Hodie
917 2345 1110 2384 mecum
1137 2329 1236 2384 eris
1264 2329 1316 2383 in
1354 2327 1598 2399 paradiso
1635 2326 1654 2400 (
1683 2324 1808 2380 Luc.

200 2422 296 2478 25.
331 2423 400 2478 b5
422 2425 470 2494 ).
494 2421 722 2476 Audistis
752 2421 873 2492 quia
893 2420 1086 2474 dictant
1109 2429 1182 2475 est
1205 2420 1428 2492 antiquis
1448 2461 1463 2487 ,
1511 2417 1633 2472 Non
1673 2418 1808 2472 occi-

199 2514 291 2568 des
317 2531 336 2568 :
354 2529 446 2586 ego
467 2523 633 2568 autem
663 2512 779 2568 dico
803 2511 940 2567 vobis
960 2552 976 2579 ,
1004 2512 1126 2583 quia
1158 2512 1243 2584 qui
1267 2513 1512 2566 irascitur
1538 2510 1687 2581 fratri
1718 2526 1813 2565 suo

199 2619 406 2672 temere,
425 2623 540 2662 reus
555 2608 647 2661 erit
658 2606 861 2678 judicio
881 2604 1095 2678 (Matth.
1121 2605 1210 2662 15.
1231 2604 1320 2660 21.
1352 2603 1467 2676 22).
1501 2602 1672 2658 Venite
1696 2615 1808 2674 post

199 2718 303 2768 me,
333 2709 380 2756 et
406 2701 592 2774 faciam
633 2717 720 2756 vos
762 2701 1034 2772 piscatores
1070 2700 1330 2755 hominum
1362 2697 1576 2770 (Matth.
1601 2697 1656 2753 4.
1688 2696 1809 2771 19).

203 2793 416 2865 Ubique
444 2803 592 2851 certe
619 2809 868 2865 magnam
901 2793 1147 2851 videmus
1174 2793 1292 2863 ejus
1313 2792 1709 2847 auctoritatem.
1756 2792 1810 2847 In

199 2882 368 2940 rebus
411 2883 554 2940 enim
601 2899 764 2940 nemo
806 2899 871 2940 ea
915 2899 1036 2955 quae
1075 2883 1214 2938 facta
1259 2891 1386 2938 sunt
1410 2881 1813 2952 reprehendere

202 2979 402 3046 possit.
430 2975 715 3044 Quomodo
747 2977 960 3047 possit?
989 2975 1122 3031 Nam
1150 2976 1194 3031 si
1227 2991 1288 3031 ea
1315 2991 1435 3046 qua:
1467 2976 1560 3032 ille
1598 2975 1813 3032 dicebat

199 3085 310 3124 non
335 3067 585 3126 allectum
613 3076 668 3123 et
699 3067 860 3122 linem
902 3077 1234 3138 consequuta
1282 3076 1500 3133 essent,
1549 3067 1812 3138 potuisset

198 3162 325 3231 quis
377 3159 559 3215 dicere
608 3167 880 3230 praecepta
935 3159 1022 3213 illa
1068 3175 1133 3215 ex
1157 3160 1465 3230 arrogantia
1497 3158 1806 3230 prodiisse:

197 3254 326 3324 quia
356 3267 486 3308 vero
512 3251 867 3315 eveniebant,
908 3251 986 3307 rei
1017 3253 1216 3307 veritas
1239 3252 1360 3306 illos
1393 3251 1474 3306 vel
1509 3251 1703 3306 invitos
1743 3250 1811 3308 ad

199 3344 480 3400 silentium
513 3343 894 3414 compellebat.
929 3343 983 3398 ln
1012 3344 1192 3398 verbis
1215 3356 1392 3399 autem
1419 3386 1432 3410 ,
1466 3344 1808 3414 impudentes

195 3450 323 3490 cum
349 3445 571 3501 essent,
603 3444 853 3505 poterant
884 3435 1034 3490 illum
1078 3445 1134 3490 ut
1169 3445 1512 3506 arrogantem
1564 3451 1808 3506 carpere.

274 3527 378 3582 Cur
403 3528 632 3583 Christus
662 3529 979 3601 teiiigmatice
1017 3527 1303 3584 Nicodemo
1342 3529 1618 3601 loquatur;
1653 3531 1812 3601 ipsius

198 3623 463 3677 verborum
479 3623 946 3694 etplanatio.—Ita
970 3638 1112 3678 nunc
1136 3622 1486 3679 Nicodemum
1509 3623 1810 3695 alloquens,

197 3714 332 3770 nihil
361 3714 588 3770 sublime
616 3723 802 3785 aperte
830 3715 991 3782 dicit,
1031 3713 1128 3771 sed
1171 3729 1268 3785 per
1307 3715 1592 3786 aenigmata
1637 3716 1810 3787 ipsum

196 3806 269 3862 ab
296 3807 478 3862 humili
516 3808 780 3864 sententia
824 3806 1074 3874 deducit,
1122 3807 1416 3862 ostendens
1461 3821 1520 3862 se
1559 3807 1660 3861 sibi
1711 3806 1811 3877 ipsi

197 3898 449 3955 sufficere
485 3899 552 3956 ad
598 3900 850 3954 miracula
900 3898 1179 3968 patranda.
1229 3899 1531 3954 Perfectum
1573 3899 1716 3954 enim
1748 3899 1813 3955 iI-

199 3994 312 4048 lum
354 3993 514 4048 Pater
556 3994 738 4064 genuit
759 4035 772 4056 ,
807 3993 1018 4064 sibique
1051 3993 1149 4063 ipsi
1181 3991 1565 4060 sufficientem,
1599 4002 1653 4050 et
1680 3993 1812 4048 nihil

198 4085 573 4158 imperfectum
625 4086 929 4142 habentem.
999 4086 1106 4142 Sed
1151 4086 1431 4141 videamus
1487 4101 1594 4157 quo
1659 4095 1814 4157 pacto

198 4179 305 4234 hoc
343 4177 434 4233 ille
464 4177 765 4233 conﬁrmet.
799 4179 949 4234 Dixit
977 4178 1065 4234 ille
1099 4196 1110 4230 :
1147 4177 1310 4233 Rabbi
1332 4219 1346 4243 ,
1395 4172 1580 4232 scimus
1622 4179 1744 4249 quia
1779 4196 1813 4234 tt

180 4268 314 4324 .Deo
336 4270 516 4324 venisti
542 4271 799 4340 magister,
830 4279 876 4323 et
899 4270 1035 4340 quod
1062 4285 1208 4324 nemo
1239 4279 1400 4340 potest
1430 4275 1597 4342 facere
1624 4287 1737 4340 qua:
1762 4281 1816 4325 tu

203 4362 336 4431 facis
357 4403 371 4426 ,
399 4363 494 4415 nisi
522 4361 675 4430 fuerit
703 4360 840 4415 Deus
870 4378 985 4415 cunt
1024 4377 1102 4416 eo.
1146 4363 1484 4418 Existimavit
1519 4377 1578 4418 se
1621 4379 1813 4435 magna

199 4453 468 4526 quaepiam
513 4453 581 4509 de
625 4453 842 4510 Christo
889 4454 1109 4510 dixisse.
1165 4455 1302 4523 Quid
1347 4471 1479 4527 ergo
1528 4455 1816 4512 Christus?

201 4546 508 4604 Ostendens
551 4546 697 4602 illum
746 4563 813 4602 ne
857 4547 925 4602 ad
972 4548 1156 4602 limina
1197 4549 1413 4619 quidem
1457 4565 1596 4604 verre
1633 4549 1819 4620 COgni-

203 4637 370 4694 tionis
397 4639 726 4704 accessisse,
755 4654 856 4694 nec
886 4641 966 4694 vel
998 4639 1050 4694 in
1081 4640 1344 4695 vestibulo
1368 4655 1511 4707 esse,
1540 4640 1633 4696 sed
1661 4651 1817 4697 extra

203 4733 407 4802 regiam
429 4731 703 4796 aberrare,
727 4740 781 4787 et
807 4746 931 4787 eum
957 4740 1013 4786 et
1037 4732 1200 4786 alium
1223 4734 1468 4803 quemvis
1500 4731 1615 4788 hzec
1643 4733 1820 4789 dicen-

206 4835 315 4880 tem
337 4867 351 4891 ,
385 4825 616 4880 necdum
638 4824 706 4878 ad
738 4840 919 4880 veram
947 4825 1409 4895 appropinquasse
1436 4826 1702 4893 notitiam,
1726 4826 1816 4897 qui

207 4918 370 4974 talem
401 4917 469 4972 de
509 4916 796 4987 Unigenito
823 4917 1130 4986 opinionem
1161 4916 1384 4972 haberet
1415 4935 1428 4972 :
1458 4918 1584 4988 quid
1616 4919 1726 4974 ait?
1762 4920 1816 4974 '5.

205 5013 390 5077 Amen,
422 5025 568 5063 amen
590 5009 703 5062 dico
726 5010 831 5076 tibi,
858 5010 954 5063 nisi
977 5011 1087 5079 quis
1109 5018 1259 5063 natus
1280 5012 1432 5080 fuerit
1457 5011 1693 5080 desuper,
1720 5029 1820 5066 non

207 5112 371 5174 potest
402 5101 572 5157 videre
597 5119 809 5172 regnum
843 5101 974 5166 Dii;
1006 5101 1107 5156 hoc
1137 5109 1256 5168 est,
1291 5101 1400 5156 Nisi
1431 5111 1484 5156 tu
1518 5114 1674 5158 natus
1702 5101 1821 5158 fue-

208 5200 284 5253 ris
315 5196 566 5268 desuper,
594 5207 646 5251 et
671 5206 973 5252 accuratam
1006 5196 1318 5266 dogmatum
1345 5198 1706 5267 cognitionem
1733 5213 1822 5252 ac-

206 5288 441 5360 ccpcris,
474 5289 603 5344 foris
627 5289 866 5354 aberras,
894 5299 947 5343 et
976 5289 1160 5358 procul
1193 5305 1252 5343 es
1281 5305 1310 5341 a
1347 5305 1514 5359 regno
1543 5289 1820 5344 cmloruin.

213 5381 411 5436 Verum
442 5379 491 5434 id
520 5382 630 5435 'non
662 5381 807 5435 clare
835 5380 1001 5446 dicit;
1043 5390 1097 5435 et
1138 5389 1194 5435 ut
1224 5381 1400 5435 minus
1436 5395 1724 5436 onerosum
1772 5381 1823 5436 id

209 5472 354 5544 quod
380 5473 661 5528 dicebatur
687 5482 862 5538 esset,
915 5489 1022 5528 non
1064 5473 1237 5542 ipsum
1281 5483 1467 5543 aperte
1510 5473 1821 5543 alloquitur,

211 5564 306 5620 sed
339 5563 754 5621 indeterminate
782 5564 944 5630 dicit,
980 5563 1102 5618 Nisi
1130 5567 1244 5636 quis
1277 5577 1426 5620 natus
1459 5567 1650 5636 fuerit;
1681 5581 1745 5620 ac
1779 5565 1824 5619 si

215 5659 417 5713 diceret
463 5676 475 5712 :
518 5657 643 5714 Sive
673 5668 762 5725 tu,
795 5660 908 5719 sive
938 5659 1112 5730 quivis
1143 5660 1279 5714 alius
1311 5658 1427 5715 tunc
1469 5659 1536 5716 de
1576 5675 1664 5716 me
1704 5676 1826 5716 sen-

219 5751 311 5802 tin
334 5791 348 5814 ,
399 5749 442 5803 is
482 5759 632 5804 extra
674 5765 897 5821 regnum
937 5759 1039 5806 est.
1071 5749 1179 5806 Nisi
1213 5752 1355 5806 enim
1390 5750 1503 5807 haec
1532 5751 1616 5806 illa
1649 5763 1828 5810 mente

223 5849 444 5903 ditiSset
467 5890 479 5912 ,
531 5846 809 5917 responsio
851 5862 954 5902 non
985 5847 1048 5900 ad
1081 5854 1411 5916 propositum
1442 5856 1585 5902 esset
1641 5846 1750 5903 lloc
1781 5849 1823 5902 si

1194 332 1264 425 iu
1305 365 1625 427 JOANNEH
1665 361 1899 418 IIOMIL.
1945 358 2138 416 xxiv.
2182 359 2252 414 al.
2298 358 2488 416 χχιιι.

3418 361 3520 418 116

1919 473 2088 529 Judmi
2115 471 2434 539 audiissent,
2453 474 2762 532 deridentes
2791 474 3082 533 discessuri
3103 485 3276 531 erant.
3302 476 3398 531 Ille
3422 493 3520 532 au-

1916 576 2024 622 tem
2055 565 2297 622 discendi
2327 565 2562 623 studium
2588 583 2702 639 pra:
2726 581 2786 624 se
2809 569 2950 623 tulit.
2978 567 3104 625 Ideo
3129 568 3272 625 enim
3295 566 3524 624 obscure

1916 675 2061 731 saepe
2105 659 2342 730 loquitur
2389 659 2669 724 Christus.
2720 669 2780 717 ut
2820 661 3095 717 auditores
3139 672 3195 716 et
3243 661 3309 717 ad
3358 660 3525 716 inter-

1915 752 2211 825 rogandum
2258 753 2653 824 promptiores,
2715 763 2768 810 et
2810 752 2879 810 ad
2928 753 3258 824 operandum
3303 753 3528 826 expedi—

1918 845 2083 902 tiores
2104 844 2314 902 reddat.
2334 845 2469 903 Nam
2489 846 2632 918 quod
2655 847 2802 903 clare
2820 846 3037 914 dicitur,
3056 845 3357 902 auditorem
3380 861 3527 916 saepe

1915 935 2084 1008 fugit;
2111 937 2256 1008 quod
2287 945 2468 994 autem
2497 938 2789 994 obscurum
2812 947 2915 1005 est,
2947 939 3290 994 attentiorem
3318 937 3526 994 studio-

1914 1030 2224 1101 sioremque
2253 1030 2449 1086 reddit.
2489 1030 2601 1087 Hoc
2642 1041 2821 1088 autem
2865 1032 3132 1102 significat
3165 1049 3178 1086 :
3212 1030 3324 1088 Nisi
3369 1041 3527 1088 natus

1916 1123 2083 1180 fueris
2110 1124 2364 1195 desuper,
2397 1125 2500 1181 nisi
2533 1140 2630 1196 per
2655 1125 2926 1181 lavacrum
2954 1123 3380 1198 regenerationis
3405 1125 3520 1196 Spio

1915 1217 2076 1272 ritum
2107 1215 2401 1287 acceperis,
2434 1232 2541 1272 non
2569 1225 2726 1289 potes
2750 1216 2817 1272 ad
2847 1226 3051 1274 rectam
3087 1216 3157 1274 de
3199 1233 3286 1272 me
3316 1217 3528 1287 opinio-

1915 1325 2039 1365 nem
2067 1310 2372 1381 pervenire.
2407 1309 2534 1366 Haac
2575 1318 2663 1365 tua
2704 1309 2889 1381 opinio
2927 1326 3036 1366 non
3061 1309 3388 1380 spiritualis,
3431 1308 3526 1365 seel

1915 1402 2164 1459 animalis
2189 1409 2276 1459 est
2298 1402 2338 1456 ³.
2370 1401 2488 1459 Νοη
2520 1411 2698 1459 tamen
2727 1401 2810 1458 his
2841 1401 3021 1458 verbis
3045 1415 3178 1458 usus
3205 1410 3323 1467 est,
3365 1415 3433 1456 ne
3459 1399 3527 1456 il-

1915 1493 2025 1550 lum
2067 1508 2165 1564 pro
2205 1492 2464 1550 facultate
2510 1509 2607 1552 sua
2653 1494 2962 1566 loquentem
3007 1503 3275 1561 terreret;
3321 1491 3417 1550 sed
3460 1493 3529 1548 ad

1916 1584 2179 1658 majorem
2227 1585 2376 1642 illum
2415 1587 2782 1659 cognitionem
2828 1587 2946 1643 sine
2986 1587 3299 1656 suspicione
3334 1587 3490 1658 erigit
3514 1630 3527 1651 ,

1915 1692 2040 1734 cum
2070 1677 2228 1747 dicit,
2259 1677 2381 1735 Nisi
2405 1681 2518 1751 quis
2542 1691 2749 1736 renatus
2774 1682 2932 1754 fuerit
2968 1681 3205 1752 desuper.
3253 1679 3386 1736 Illud
3418 1676 3529 1734 De»

1915 1787 2090 1843 super,
2125 1771 2378 1844 quidam,
2410 1772 2478 1829 de
2507 1773 2664 1840 επις),
2697 1774 2886 1830 dicunt
2911 1759 3253 1847 signiﬁcare;
3281 1773 3372 1830 alii
3401 1787 3529 1830 vero

1917 1878 1946 1919 a
1979 1863 2267 1936 principio.
2301 1865 2351 1921 Is
2380 1865 2525 1921 enim
2558 1866 2651 1937 qui
2682 1881 2788 1922 non
2818 1867 2899 1922 sic
2928 1874 3087 1922 natus
3117 1864 3299 1933 fuerit,
3332 1864 3529 1936 inquit,

1918 1973 2024 2013 non
2057 1967 2233 2029 potest
2263 1958 2446 2017 videre
2473 1975 2696 2032 regnum
2741 1959 2872 2025 Dei;
2905 1959 3144 2031 scipsum
3184 1958 3493 2032 significans
3513 2000 3527 2023 ,

1916 2060 1969 2106 et
1997 2051 2292 2110 ostendens
2318 2051 2369 2109 id
2399 2069 2505 2110 non
2528 2069 2650 2111 esse
2670 2054 2812 2126 quod
2835 2054 3012 2112 solum
3033 2053 3270 2121 videtur,
3291 2053 3384 2110 sed
3412 2052 3533 2108 aliis

1917 2158 2055 2214 opus
2079 2159 2201 2201 esse
2227 2145 2417 2213 oculis,
2448 2155 2506 2201 ut
2535 2145 2784 2202 Christus
2809 2145 3074 2203 videatur.
3103 2146 3195 2202 llis
3222 2138 3420 2202 auditis
3442 2145 3536 2201 Ni-

1916 2235 2178 2293 codemus
2207 2238 2282 2292 ait
2314 2258 2327 2293 :
2361 2239 2414 2294 4.
2451 2239 2720 2307 Quomodo
2747 2248 2910 2311 potest
2937 2240 3088 2294 homo
3117 2238 3292 2306 nasci,
3327 2254 3442 2292 cum
3470 2239 3534 2293 sit

1917 2333 2110 2388 senex?
2149 2332 2318 2388 liabbi
2348 2349 2474 2389 eum
2502 2333 2745 2404 appellas
2766 2376 2781 2402 ,
2824 2342 2878 2389 et
2907 2348 2939 2389 a
2967 2332 3078 2389 Deo
3106 2332 3321 2388 venisse
3359 2331 3496 2387 dicis
3517 2372 3531 2396 ,

1919 2439 2019 2480 nec
2047 2425 2166 2494 ejus
2192 2425 2359 2481 verba
2387 2424 2648 2493 admittis,
2675 2425 2986 2497 dictumque
3011 2424 3224 2497 profers
3251 2422 3531 2494 magistro.

1917 2514 2060 2588 quod
2102 2517 2273 2588 possit
2311 2531 2559 2590 magnam
2599 2517 2794 2573 an‘erre
2833 2515 3338 2588 perturbationem?
3393 2512 3532 2570 Illud

1918 2609 2061 2666 enim
2084 2649 2099 2676 ,
2148 2609 2416 2676 Quomodo
2438 2653 2451 2678 ,
2486 2625 2593 2666 non
2623 2610 2913 2667 admodum
2943 2609 3283 2667 credentium
3315 2607 3532 2664 dubita—

1920 2705 2118 2759 tionem
2145 2702 2324 2770 ell‘ert,
2358 2703 2453 2760 sed
2482 2718 2669 2760 eorum
2701 2702 2793 2776 qui
2821 2703 3000 2760 adhuc
3030 2703 3259 2760 terrenis
3298 2701 3528 2757 ha-rent.

1916 2797 2049 2854 Nam
2083 2795 2216 2853 Sara
2243 2795 2366 2853 ideo
2393 2797 2548 2864 risit,
2588 2797 2745 2868 quia,
2785 2798 3073 2870 quomodo,
3116 2797 3251 2853 dixit
3285 2815 3299 2852 :
3331 2795 3533 2866 aliique

1919 2889 2070 2944 multi
2099 2887 2201 2944 hac
2228 2889 2651 2959 interrogatione
2681 2889 2794 2954 usi,
2828 2903 2856 2942 a
2892 2888 2999 2944 fido
3026 2889 3364 2944 exciderunt.

1978 2984 2030 3039 3.
2047 2982 2112 3038 In
2129 2983 2276 3039 rebus
2289 2984 2472 3038 divinis
2488 3000 2588 3038 non
2605 2983 2816 3038 nimiam
2831 2984 3173 3039 curiositatem
3190 2981 3533 3038 adhibendum

1916 3076 2276 3146 esse,ea:eniplo
2291 3074 2562 3131 Nicodemi
2583 3075 3129 3146 comprobatum—SM
3150 3085 3205 3133 et
3221 3074 3455 3133 hmrctiri
3477 3078 3528 3131 in

1917 3183 2014 3224 sua
2038 3177 2277 3240 perstant
2307 3169 2521 3235 ha-resi,
2550 3169 2666 3239 pari
2698 3168 2860 3224 modo
2885 3169 3316 3241 interrogantes;
3345 3169 3533 3224 dicunt

1917 3263 2059 3318 enim
2081 3261 2194 3330 alii,
2218 3262 2500 3332 Quomodo
2518 3262 2826 3318 incarnatus
2846 3261 2962 3318 est?
2991 3261 3102 3328 alii,
3122 3261 3406 3331 Quomodo
3427 3278 3494 3317 na
3511 3293 3528 3302 -

1921 3359 2040 3414 tus?
2061 3358 2554 3430 cOgitationumque
2571 3371 2791 3413 suarum
2813 3356 3110 3412 intlrmitati
3140 3356 3458 3412 immensam
3478 3357 3529 3410 il-

1919 3450 2023 3505 lam
2046 3449 2336 3520 subjiciunt
2361 3448 2738 3505 substantiam.
2757 3447 2886 3517 Qua
2909 3462 3030 3502 cum
3058 3446 3315 3512 sciamus,
3335 3445 3500 3503 intem
3517 3478 3532 3490 ο

1919 3543 2177 3614 pestivam
2198 3543 2338 3598 illam
2357 3544 2725 3600 curiositatem
2740 3543 2906 3598 vitare
2927 3547 3162 3612 oportet.
3178 3542 3364 3612 Neque
3386 3542 3528 3595 enim

1916 3635 2190 3709 quomodo
2214 3635 2331 3692 hzec
2369 3634 2510 3692 facta
2563 3636 2672 3692 sint
2701 3635 2874 3692 scient
2901 3651 3155 3706 umquam
3183 3636 3217 3692 ii
3246 3635 3335 3707 qui
3367 3635 3531 3690 hasce

1917 3739 2138 3787 movent
2157 3729 2505 3803 quaestiones,
2525 3737 2579 3786 et
2599 3745 2626 3784 a
2645 3738 2791 3785 recta
2812 3727 2914 3784 fide
2935 3727 3206 3785 excident.
3230 3728 3354 3784 Ideo
3372 3726 3531 3784 Nion-

1920 3824 2112 3881 demus
2136 3824 2266 3881 dum
2291 3824 2487 3880 dubius
2510 3825 2728 3880 modum
2755 3824 2948 3894 qumrit
2973 3823 2991 3892 (
3014 3823 3277 3881 intellexit
3303 3825 3443 3879 enim
3469 3841 3529 3879 ea

1918 3933 2038 3988 quae
2064 3916 2314 3973 Christus
2338 3916 2549 3974 dicebat
2583 3915 2650 3972 ad
2679 3931 2741 3973 se
2769 3925 3018 3986 spectare
3034 3915 3078 3987 ),
3112 3915 3378 3980 turbatur,
3412 3917 3533 3970 cali-

1916 4011 2042 4081 gine
2068 4009 2304 4081 repletus
2331 4009 2528 4076 lueret,
2558 4017 2746 4079 utpote
2783 4009 2873 4080 qui
2916 4023 2975 4064 se
3015 4007 3294 4063 hominem
3329 4004 3534 4061 adiisse

1919 4110 2098 4173 putet,
2133 4110 2188 4158 et
2217 4101 2420 4171 majora
2451 4101 2636 4156 audiat
2664 4117 2824 4172 quam
2852 4115 2972 4171 quae
3006 4099 3073 4156 ad
3107 4101 3380 4156 hominem
3406 4117 3537 4176 per-

1921 4196 2096 4251 linere
2155 4195 2398 4265 possint,
2447 4208 2677 4265 quasque
2723 4208 2897 4265 nemo)
2928 4207 3184 4264 umquam
3235 4190 3467 4245 audierit
3515 4210 3530 4247 :

1921 4261 2169 4343 mentem—
2186 4285 2404 4359 quidem
2433 4261 2679 4356 erigit—ad
2702 4261 2969 4340 dictorum
2997 4261 3408 4349 sublimitatem,
3437 4283 3534 4339 sed

1921 4379 2328 4446 obtenebratur,
2360 4394 2459 4435 nec
2480 4380 2778 4435 consistere
2801 4387 2977 4450 potest
3001 4396 3016 4434 :
3039 4377 3277 4450 undique
3300 4378 3535 4435 circum-

1925 4473 2111 4538 fertur.
2139 4481 2194 4528 et
2221 4471 2528 4544 frequenter
2551 4485 2618 4527 ex
2650 4469 2755 4526 (Ide
2779 4471 2996 4526 excidit.
3036 4470 3268 4541 Ideoque
3298 4470 3539 4539 persistit

1924 4565 2275 4635 impossibilia
2319 4573 2536 4620 tentans
2562 4605 2578 4632 ,
2619 4573 2677 4619 ut
2703 4563 2890 4620 Jesum
2919 4563 2984 4619 ad
3017 4563 3301 4620 clariorem
3330 4563 3535 4619 doctri-

1925 4674 2047 4714 nam
2077 4665 2284 4714 evocet.
2320 4655 2588 4727 Numquid
2621 4666 2799 4726 potest,
2837 4656 3028 4726 inquit,
3049 4657 3202 4711 homo
3231 4657 3289 4709 in—
3315 4667 3544 4710 ventrem

1925 4752 2105 4806 matris
2139 4765 2246 4805 suta
2286 4750 2467 4805 iterato
2511 4749 2723 4804 introire
2758 4759 2804 4805 et
2843 4749 3029 4804 nasci?
3075 4749 3500 4805 Animadvertitc
3523 4793 3537 4815 ,

1924 4841 2141 4914 quando
2159 4841 2279 4912 quis
2299 4839 2532 4913 propriis
2553 4841 2969 4912 cogitationibus
2990 4840 3292 4911 spiritualia
3320 4843 3542 4911 permit-

1927 4937 2020 5002 tit,
2062 4934 2336 5006 quomodo
2374 4933 2596 4989 ridicula
2641 4932 2902 5003 proferat;
2937 4949 3002 4990 ac
3032 4932 3266 4989 delirare
3297 4933 3545 4987 videatur-

1928 5039 1984 5083 ut
2008 5029 2210 5095 ebrius,
2235 5026 2448 5098 quando
2470 5038 2665 5097 praeter
2688 5025 2781 5082 Déi
2806 5025 3082 5096 placitum,
3107 5025 3248 5080 dicta
3274 5024 3542 5080 curiosius

1929 5129 2223 5182 scrutatur,
2257 5134 2431 5188 neque
2462 5119 2583 5174 fidei
2615 5133 2893 5173 assensum
2923 5116 3169 5190 praebet?
3199 5116 3417 5171 Audivit
3446 5133 3540 5187 ge-

1931 5213 2266 5267 nerationem
2287 5253 2302 5277 ,
2335 5226 2433 5266 nec
2464 5210 2723 5265 intellexit
2748 5224 2865 5264 eam
2895 5209 3228 5279 spiritualem
3259 5225 3413 5274 esse;
3448 5210 3539 5265 sed

1931 5306 1983 5360 in
2017 5305 2196 5359 carnis
2227 5305 2483 5358 vilitatem
2514 5303 2714 5358 dictum
2751 5303 3042 5372 pertraxit,
3085 5310 3400 5370 tantumque
3435 5312 3540 5356 tam

1932 5399 2161 5454 sublime
2190 5399 2383 5467 dogma
2415 5398 2478 5452 ad
2514 5398 2806 5452 naturalem
2841 5413 3018 5453 rerum
3061 5398 3254 5453 seriem
3295 5398 3538 5452 deduxit.

1934 5492 2056 5548 Ideo
2081 5507 2248 5563 nugas
2268 5500 2322 5548 et
2344 5492 2596 5547 ridiculas
2616 5491 2946 5562 quaestiones
2966 5493 3075 5560 jam
3096 5491 3541 5546 comminiscitur.

1937 5585 2139 5640 Idcirco
2171 5583 2368 5638 Paulus
2395 5582 2610 5637 dicebat
2655 5599 2667 5635 :
2715 5583 2966 5636 Auimalis
3009 5582 3159 5636 homo
3201 5597 3302 5635 non
3336 5581 3545 5650 percipit

1936 5693 1993 5730 ea
2022 5689 2138 5747 qute
2165 5685 2282 5728 sunt
2325 5672 2553 5743 Spiritus
2584 5675 2670 5743 (I.
2720 5673 2837 5728 Cor.
2885 5673 2937 5726 2.
2989 5673 3051 5728 LI
3077 5673 3115 5743 ).
3163 5672 3544 5726 Verumtamen

2002 5792 2017 5823 ί
2047 5790 2322 5854 suspicatur
2345 5785 2548 5854 savilius
2574 5787 2860 5854 legendum.
2876 5799 2966 5836 non
2990 5785 3216 5838 animalis
3235 5795 3320 5841 est.
3342 5792 3426 5836 sed
3453 5803 3547 5851 spt-

1941 5851 2150 5904 ritualt'ST
2180 5851 2282 5914 ligo
2309 5851 2426 5900 nihil
2454 5851 2735 5899 mutandum
2761 5861 2962 5899 censeo.
