4048 6482
557 388 656 441 127
1297 379 1354 434 S.
1395 374 1670 431 JOANNIS
1708 372 2183 429 CllltYSOS'I‘OMI
2226 373 2539 427 Alitilliiil’.
2581 372 3117 430 CUNS'I'ij'l'lNOP.
3753 382 3845 434 με

555 502 641 556 hic
671 500 831 554 etiam
861 495 1184 551 Nicodemus
1211 492 1564 547 reverentiam
1587 504 1709 559 erga
1735 488 2003 542 Christum
2029 503 2133 540 ser-

556 600 662 643 vat.
695 587 875 657 Neque
899 585 1041 639 enim
1069 581 1265 638 dictum
1300 581 1496 645 irrisit,
1529 579 1623 634 sed
1667 578 1990 649 impossibile
2018 593 2139 631 esse

553 691 743 750 putans
769 677 933 730 siluit.
970 675 1082 729 Duo
1114 688 1342 743 namque
1368 672 1750 727 dubitationem
1777 670 1967 724 afferre
1997 680 2136 739 pote-

552 780 702 836 rant,
733 768 1010 839 generatio
1041 765 1180 830 talis,
1209 775 1263 821 ct
1288 781 1528 835 regnum.
1559 763 1799 819 Nondum
1828 765 1966 819 enim
1991 766 2134 833 regni

551 876 744 915 nomen
770 859 908 930 apud
937 857 1152 913 Judteos
1175 856 1411 911 auditum
1441 855 1630 921 fuerat,
1661 870 1834 923 neque
1857 854 2134 926 generatio

550 951 875 1022 lmjusmodi.
906 950 1011 1005 Sed
1037 949 1248 1005 interim
1283 949 1333 1001 in
1365 947 1528 1018 priori
1555 947 1826 1014 consistit,
1853 946 1992 1017 quod
2019 947 2134 1014 ejus

551 1056 784 1101 mentem
815 1047 1044 1100 maxime
1070 1043 1387 1113 exagitabat.

619 1135 804 1190 Divina
826 1135 1087 1188 ratiocinio
1111 1151 1208 1187 non
1230 1133 1521 1187 scrutanda.
1559 1129 1712 1184 Praei
1735 1147 1893 1185 mores
1918 1141 2130 1183 mentem

543 1227 831 1279 otscarant.
879 1223 1180 1277 Diuitiarum
1222 1223 1442 1286 damna;
1499 1221 1630 1275 bona
1680 1221 2022 1290 eleenrosynw.
2058 1249 2130 1260 -—-

544 1317 670 1371 Nare
708 1332 827 1371 cum
867 1317 1128 1381 sciamus,
1167 1330 1234 1370 ne
1270 1314 1546 1369 ratiocinio
1586 1313 1768 1367 divma
1795 1323 2122 1379 scrutemur,

545 1424 717 1478 neque
760 1408 826 1462 ad
870 1408 1164 1462 naturalem
1216 1422 1392 1460 rerum
1437 1407 1631 1459 seriem
1675 1404 1762 1458 illa
1803 1403 2121 1470 referamus,

545 1499 626 1555 vel
667 1501 893 1554 naturali
939 1499 1238 1554 necessitati
1286 1496 1665 1566 subjiciamus;
1710 1493 1802 1548 sed
1836 1494 1918 1562 pie
1949 1495 2124 1548 omnia

542 1594 856 1662 cogitemus,
889 1591 1168 1646 credentes
1198 1589 1485 1659 Scriptura:
1517 1589 1690 1642 dietis.
1723 1588 1850 1641 Nam
1883 1587 2126 1641 curiosus

544 1683 821 1753 indagator
849 1682 976 1736 nihil
1007 1683 1258 1745 lucratur,
1288 1697 1350 1736 ac
1372 1690 1725 1750 praeterquam
1748 1679 1885 1746 quod
1911 1677 1960 1732 id
1982 1679 2121 1747 quod

539 1775 730 1844 qumrit
759 1790 864 1828 non
897 1775 1163 1839 inveniet,
1211 1782 1478 1827 extremas
1522 1772 1680 1826 etiam
1729 1770 1876 1824 dabit
1915 1785 2118 1839 poenas.

538 1867 705 1919 Audis
731 1866 941 1920 Patrem
969 1865 1214 1936 genuisse
1244 1883 1255 1916 :
1288 1863 1338 1918 id
1369 1862 1508 1934 quod
1538 1861 1731 1916 audisti
1761 1862 1953 1927 crede;
1985 1879 2115 1927 quo.

534 1958 694 2014 modo
737 1967 912 2013 autem
939 1999 954 2023 ,
1003 1973 1069 2012 ne
1099 1971 1304 2027 quaeras
1327 1998 1342 2024 ,
1375 1971 1546 2025 neque
1573 1954 1694 2009 ideo
1723 1956 2118 2025 generationem

532 2049 768 2118 abneges
793 2068 805 2103 :
833 2050 934 2103 hoc
963 2050 1101 2103 enim
1133 2058 1387 2124 extremae
1415 2045 1764 2115 improbitatis
1796 2054 1958 2101 esset.
1986 2045 2117 2099 Nam

533 2143 575 2194 si
619 2141 937 2195 Nicodamus
962 2140 1139 2194 audita
1170 2139 1547 2209 generatione,
1581 2153 1684 2191 non
1716 2138 1800 2192 illa
1832 2136 2113 2202 ineffabili,

531 2233 626 2288 sed
669 2232 767 2287 hac
805 2232 1150 2303 generatione
1180 2229 1469 2284 secundum
1507 2231 1769 2299 gratiam;
1819 2231 1942 2300 quia
1984 2231 2114 2284 nihil

531 2340 778 2394 magnum
823 2323 891 2378 de
937 2323 1022 2378 illa
1068 2322 1348 2392 c0gitavit,
1403 2319 1496 2375 sed
1545 2321 1773 2375 lmmana
1817 2330 2016 2375 tantum
2062 2332 2117 2376 et

531 2427 739 2472 terrena
767 2425 1100 2471 commentus
1131 2425 1210 2470 est
1229 2455 1242 2478 ,
1281 2415 1331 2469 in
1359 2414 1577 2468 dubium
1605 2421 1658 2467 et
1684 2413 1961 2484 caliginem
1989 2429 2116 2468 cen-

523 2512 698 2580 jectus
728 2521 810 2565 est
836 2528 848 2561 :
871 2511 957 2580 qui
990 2509 1316 2579 tremendam
1350 2508 1492 2561 illam
1525 2507 1962 2576 generationem,
1996 2522 2114 2576 qua:

524 2612 577 2658 ct
621 2603 878 2658 rationem
920 2611 972 2657 et
1018 2611 1251 2656 mentem
1284 2615 1496 2655 onmem
1542 2609 1858 2668 exsuperat,
1903 2601 2114 2656 curiose

524 2702 828 2747 scrutantur
858 2701 912 2747 et
939 2691 1254 2760 explorant,
1289 2699 1487 2758 quanto
1514 2689 1775 2757 supplicio
1806 2688 1949 2758 digni
1996 2689 2114 2744 fue-

522 2786 661 2839 rint?
701 2783 841 2838 Nihil
872 2784 1011 2849 enim
1043 2792 1215 2836 tantas
1248 2783 1385 2851 parit
1413 2781 1659 2835 tenebras
1683 2822 1698 2846 ,
1745 2791 1970 2850 quantas
2009 2781 2108 2836 bu-

522 2891 674 2930 mana
705 2877 860 2937 ratio,
891 2890 1007 2944 quze
1039 2884 1248 2928 terrena
1279 2888 1492 2941 semper
1522 2873 1787 2939 loquitur,
1820 2888 1993 2942 neque
2021 2887 2110 2926 su-

523 2981 737 3036 pernam
763 2965 1200 3019 illuminationem
1226 2963 1475 3018 admittit.
1498 2961 1692 3017 Luteas
1715 2965 1910 3032 quippe
1933 2974 2109 3019 versat

516 3069 575 3114 et
602 3069 841 3112 terrenas
875 3055 1239 3125 cOgitationes.
1289 3054 1411 3107 Ideo
1442 3054 1685 3121 supernis
1713 3054 1865 3108 nobis
1897 3055 2107 3110 ﬂuentis

517 3159 600 3205 est
627 3165 779 3219 opus,
812 3156 871 3201 ut
901 3147 1013 3200 luto
1045 3146 1308 3215 deposito,
1344 3144 1596 3214 quidquid
1625 3145 1675 3197 in
1711 3154 1888 3199 mente
1917 3161 2105 3215 purum

516 3252 599 3297 cst
628 3255 839 3294 sursum
875 3239 1104 3302 feratur,
1137 3245 1189 3290 et
1219 3251 1336 3290 cum
1366 3235 1560 3288 divinis
1589 3235 1926 3304 dogmatibus
1952 3251 2104 3290 com-

520 3333 827 3386 misccatur.
862 3328 991 3381 Illud
1026 3343 1150 3381 vero
1183 3335 1304 3381 tunc
1331 3326 1610 3395 contingit,
1642 3341 1760 3378 cum
1789 3334 1839 3378 ct
1871 3327 2101 3383 animam

518 3423 736 3491 probam
785 3428 839 3474 et
884 3429 1082 3473 rectam
1115 3419 1272 3470 vitam
1307 3416 1642 3471 exhibemus.
1697 3415 1880 3472 Potest
1922 3419 2098 3486 enirn,

514 3522 688 3583 potest
721 3513 902 3581 utique
932 3526 1035 3565 non
1066 3526 1129 3564 ex
1158 3509 1528 3578 intempestiva
1567 3507 1725 3561 modo
1755 3508 2062 3565 curiositate
2083 3553 2096 3576 ,

511 3606 604 3662 sed
633 3605 789 3661 etiam
809 3621 874 3659 ex
903 3620 1110 3658 morum
1141 3603 1397 3671 pravitate
1422 3615 1572 3655 mens
1595 3610 1773 3654 nostra
1798 3603 2093 3658 obscurari.

514 3699 714 3752 idcirco
755 3696 947 3750 Paulus
991 3694 1281 3749 Corinthiis
1325 3691 1577 3746 dicebat:
1615 3690 1714 3743 Lac
1746 3693 1881 3744 vobis
1926 3705 2096 3761 potum

2249 487 2398 552 dedi,
2439 504 2535 540 non
2565 503 2748 541 escam.
2786 486 3026 540 Nondum
3055 489 3187 540 enim
3213 489 3482 557 poteratis;
3517 491 3697 544 sedne
3722 509 3845 545 nunc

2243 578 2444 644 quidem
2495 579 2739 647 potestis:
2763 579 2929 631 adhuc
2973 579 3106 631 enim
3155 579 3384 632 carnales
3430 581 3567 634 estis.
3613 581 3749 634 Cum
3789 584 3843 634 sit

2243 668 2374 722 inter
2401 686 2484 722 vos
2508 671 2644 723 zelus
2673 682 2717 721 et
2741 674 3012 735 contentio,
3039 687 3207 724 nonne
3231 673 3459 725 carnales
3477 672 3597 726 estis
3620 674 3705 740 (Ι.
3729 673 3840 726 (ζον.

2244 763 2296 816 5.
2344 761 2394 814 2.
2433 762 2529 831 '5)7
2576 762 2630 815 In
2674 762 2910 829 Epistola
2957 777 3168 831 quoque
3211 762 3277 816 ad
3323 763 3580 818 llebmos
3616 772 3673 817 et
3724 764 3840 816 alibi

2241 868 2384 922 Stepe
2413 854 2550 923 apud
2602 854 2822 909 Paulum
2869 853 2982 908 haec
3011 855 3208 908 dicitur
3252 870 3370 909 esse
3419 871 3716 923 pravorum
3747 856 3839 909 do-

2239 953 2471 1012 gmatnm
2491 959 2668 998 causa.
2687 945 2874 998 Anima
2894 946 3032 998 enim
3048 943 3321 998 allectibus
3342 945 3521 999 dedita
3539 963 3643 998 non
3662 955 3838 1014 potest

2237 1034 2363 1103 quid
2394 1051 2640 1104 magnmn
2664 1046 2750 1089 aut
2774 1051 3092 1105 generosum
3117 1037 3306 1090 intueri
3329 1054 3343 1100 ;
3372 1038 3465 1107 sed
3486 1052 3582 1092 ceu
3602 1038 3837 1106 quadam

2240 1126 2555 1196 lippitudine
2585 1129 2889 1198 perturbata
2913 1172 2926 1191 ,
2961 1129 3298 1184 densissimis
3327 1131 3560 1185 tenebris
3589 1132 3836 1200 subjecta

2235 1225 2340 1271 est.
2390 1217 2761 1290 Expurgemus
2806 1222 2981 1290 itaque
3026 1222 3418 1290 nosmetipsos,
3467 1223 3834 1276 illumincmus

2235 1308 2384 1363 luce'
2415 1310 2755 1379 cognitionis,
2784 1327 2849 1366 ne
2871 1327 3053 1365 semen
3085 1313 3134 1365 in
3162 1313 3342 1381 spinas
3363 1313 3646 1380 jaciamus.
3673 1319 3835 1382 Qum-

2236 1413 2354 1451 nam
2389 1399 2502 1455 lucc
2521 1402 2586 1454 sit
2609 1403 2879 1470 spinarum
2904 1405 3056 1473 copia
3082 1405 3268 1467 nostis,
3293 1405 3391 1458 etsi
3417 1421 3512 1460 nos
3535 1417 3831 1460 taceamus.

2233 1489 2386 1560 Sa-pe
2418 1508 2647 1563 namque
2675 1495 2947 1550 Christum
2977 1496 3201 1550 audistis
3230 1499 3508 1566 prmsentis
3531 1499 3656 1551 vitae
3685 1498 3832 1552 solli-

2231 1584 2543 1652 citudinem,
2576 1587 2988 1659 divitiarumun
3018 1591 3275 1644 fallaciam
3305 1593 3578 1660 spinarum
3611 1593 3830 1644 nomine

2230 1688 2510 1733 Vocantem
2536 1698 2548 1744 ;
2579 1692 2630 1734 et
2654 1681 2776 1750 jure
2799 1683 3033 1751 quidem.
3060 1683 3520 1749 Quemadmodum
3551 1685 3699 1738 enim
3727 1684 3828 1737 ilhe

2229 1766 2570 1824 infructuosa:
2602 1781 2756 1835 sunt,
2789 1774 2856 1826 ita
2887 1783 2938 1826 et
2966 1774 3190 1838 divitite;
3241 1786 3295 1828 ut
3327 1775 3429 1828 ilhc
3462 1785 3746 1844 tangentes
3771 1791 3829 1830 se

2227 1858 2482 1926 lacerant,
2513 1862 2590 1916 sic
2616 1871 2670 1916 et
2699 1863 2812 1918 luce
2840 1865 2962 1917 vitia
2986 1866 3217 1919 animam
3243 1884 3255 1920 :
3280 1881 3341 1920 ac
3367 1868 3823 1936 quemadmodum

2224 1951 2395 2020 spina:
2442 1952 2561 2023 igne
2604 1954 2770 2010 facile.
2801 1955 3186 2023 absumuntur,
3238 1966 3292 2012 et
3339 1957 3541 2012 odiosae
3573 1960 3826 2027 agricolis

2225 2052 2385 2107 sunt,
2436 2044 2504 2097 ita
2537 2057 2589 2099 et
2617 2061 2702 2100 res
2731 2047 3014 2101 mundana:
3040 2065 3052 2099 :
3077 2062 3140 2101 ac
3169 2048 3305 2102 sicut
3353 2049 3403 2102 in
3445 2049 3615 2117 ερίηξε
3662 2049 3820 2112 ferm,

2221 2136 2437 2205 viperae,
2469 2139 2666 2207 scorpii
2699 2142 3051 2205 occultantur,
3085 2142 3154 2196 ita
3177 2153 3228 2196 et
3257 2143 3307 2196 in
3335 2143 3642 2196 divitiarum
3670 2143 3820 2198 falla-

2219 2229 2321 2282 cia.
2357 2229 2550 2284 Verum
2587 2234 2934 2286 immittamus
2965 2233 3194 2303 Spiritus
3227 2237 3433 2305 ignem,
3467 2245 3522 2290 ut
3553 2245 3606 2290 et
3637 2237 3821 2306 spinas

2219 2335 2628 2386 consumamus,
2671 2334 2724 2379 et
2767 2325 2907 2379 feras
2935 2326 3205 2395 fugentus,
3236 2337 3292 2380 ut
3333 2342 3521 2395 purum
3569 2344 3821 2396 paremus

2218 2411 2466 2478 agricnlte
2510 2427 2727 2478 arvum;
2771 2415 2964 2469 deinde
2995 2432 3120 2469 vero
3152 2417 3514 2483 spiritualibus
3543 2419 3716 2485 ipsum
3749 2419 3821 2471 ri-

2217 2513 2401 2568 genius
2433 2502 2618 2557 alveis.
2648 2504 2957 2560 Plantemtts
2978 2506 3173 2560 olivam
3208 2506 3560 2572 fructiferam,
3596 2509 3818 2564 mitissi-

2219 2607 2358 2643 mam
2391 2592 2637 2647 arborem
2669 2610 2986 2666 semperque
3027 2600 3328 2664 virentem,
3379 2600 3776 2656 illuminantem
3798 2644 3813 2668 ,

2216 2683 2564 2752 nulrienlem,
2597 2688 2885 2742 valetudini
2918 2699 3115 2758 aptam.
3150 2691 3273 2746 llmc
3295 2694 3471 2746 omnia
3496 2694 3630 2747 inse
3654 2693 3817 2750 habet

2213 2778 2574 2850 cleemosyna,
2607 2799 2724 2850 quin
2753 2785 2899 2853 quasi
2924 2786 3153 2854 sigillum
3176 2797 3257 2840 est
3285 2788 3452 2856 ipsam
3481 2789 3812 2858 possidenti-

2213 2867 2330 2922 bus.
2379 2869 2523 2924 llanc
2555 2874 2800 2928 arborem
2845 2891 2910 2929 ne
2957 2892 3100 2930 mors
3143 2879 3353 2948 quidem
3402 2881 3514 2949 ipsa
3547 2881 3811 2936 arefacit:

2211 2961 2304 3013 sed
2331 2971 2432 3016 stat
2458 2963 2541 3016 illa
2567 2980 2777 3034 semper
2797 2979 3028 3022 mentem
3051 2969 3372 3038 illuminans,
3399 2988 3596 3028 nervos
3617 2975 3814 3028 animm

2212 3050 2420 3119 fovens,
2453 3055 2592 3109 vires
2621 3056 2853 3127 integras
2876 3075 3115 3124 servans,
3145 3062 3610 3134 robustioremque
3639 3066 3814 3122 reddit

2211 3143 2462 3198 animam.
2494 3146 2548 3200 Si
2579 3159 2832 3217 perpetuo
2863 3152 3002 3204 illam
3029 3154 3342 3219 habeamus,
3369 3157 3665 3224 poterimus
3687 3173 3809 3213 cum

2212 3233 2398 3287 tizlucia
2418 3236 2681 3305 Sponsum
2700 3240 2901 3305 videre,
2931 3251 2983 3296 et
3003 3244 3051 3296 in
3073 3242 3362 3299 th.damum
3385 3246 3618 3310 intrare;
3645 3265 3806 3318 quem

2209 3339 2305 3375 nos
2354 3340 2541 3380 onmes
2588 3331 2798 3398 assequi
2850 3332 3121 3401 contingat
3168 3335 3333 3402 gratia
3379 3345 3432 3390 et
3478 3336 3812 3406 benignitate

2208 3413 2418 3469 Domini
2452 3421 2614 3472 nostri
2647 3419 2772 3476 Jesu
2821 3422 3058 3496 Christi,
3107 3427 3318 3494 quicum
3357 3428 3498 3482 Patri
3529 3429 3700 3498 gloria
3728 3432 3808 3484 si-

2208 3506 2426 3574 mulqtte
2453 3508 2671 3578 Spiritui
2701 3526 2908 3581 sancto,
2941 3531 3083 3570 nunc
3104 3527 3157 3571 ct
3179 3533 3414 3588 semper,
3445 3529 3498 3574 et
3525 3521 3578 3574 in
3608 3522 3808 3576 saecula
3844 3560 3846 3562 τ

2206 3597 2543 3652 swculoruat.
2575 3603 2766 3657 Amen.

2269 3712 2284 3742 ³
2324 3718 2450 3762 Unus
2474 3715 2639 3776 habet,
2664 3715 3030 3780 illuntinatione,
3059 3734 3164 3783 pro,
3183 3721 3305 3772 tace.

511 4021 563 4075 5.
598 4020 877 4087 Respondit
912 4019 1061 4072 Jesus
1090 4035 1106 4071 :
1135 4019 1290 4070 Amen
1337 4015 1447 4069 dico
1487 4015 1574 4068 tibi
1600 4030 1618 4068 .'
1651 4014 1765 4070 Nisi
1799 4018 1910 4084 quis
1948 4031 2096 4075 natus

580 4113 730 4181 fuerit
771 4128 834 4164 e1:
859 4127 989 4180 aqua
1019 4118 1063 4162 et
1105 4108 1304 4178 Spiritu
1325 4149 1337 4171 ,
1371 4124 1470 4160 non
1497 4115 1657 4176 potest
1693 4107 1903 4164 introire
1929 4112 1980 4163 in
2011 4129 2091 4165 re-

578 4222 733 4276 gnum
761 4204 874 4259 Dei.

579 4363 630 4414 1.
666 4358 879 4414 Pueruli
910 4355 1149 4426 quotidie
1177 4353 1460 4422 magistros
1491 4350 1765 4416 adeuntes,
1796 4347 2093 4411 doctrinam

513 4451 777 4522 accipiunt
823 4458 877 4504 et
904 4449 1150 4513 recitant,
1181 4455 1233 4500 et
1263 4459 1551 4513 numquam
1579 4443 1681 4498 hoc
1711 4449 1900 4515 agendi
1932 4450 2091 4506 finem

505 4545 742 4606 faciunt,
788 4542 895 4594 imo
941 4553 1340 4609 nonnumquam
1383 4534 1629 4590 noctibus
1667 4534 1779 4590 dies
1802 4539 2088 4610 adjiciunt,

508 4635 663 4703 idque
713 4649 808 4703 pro
851 4633 1009 4687 ﬂttxis
1039 4635 1198 4690 rebus
1227 4635 1402 4691 facere
1431 4652 1460 4691 a
1491 4639 1642 4693 vobis
1674 4643 1950 4706 coguntur.
1987 4633 2091 4689 Nos

507 4735 681 4778 autem
712 4740 816 4779 non
845 4741 875 4778 a
905 4726 1076 4791 vobis,
1101 4726 1188 4795 qui
1214 4726 1263 4780 in
1288 4728 1608 4796 perfectiore
1631 4737 1786 4783 actate
1813 4726 1960 4789 estis,
1993 4729 2093 4783 hoc

511 4816 859 4883 requirimus,
913 4815 1052 4884 quod
1088 4830 1180 4869 vos
1211 4831 1237 4869 a
1272 4818 1393 4872 filiis
1423 4820 1618 4873 vestris
1648 4819 1878 4888 exigitis.
1910 4817 2092 4886 Neque

507 4910 648 4960 enim
672 4908 928 4976 quotidie.
951 4907 1039 4961 sed
1063 4908 1138 4961 bis
1160 4918 1359 4963 tantum
1387 4913 1437 4964 in
1461 4910 1792 4964 hebdomada
1813 4911 1914 4979 (α),
1937 4909 2093 4979 idque

508 5014 599 5065 per
631 4999 844 5054 brevem
887 4998 988 5052 diei
1033 5008 1230 5067 partem
1258 5041 1270 5064 ,
1321 5011 1374 5055 ut
1423 5001 1656 5055 laborem
1685 5000 1922 5056 levemus
1947 5043 1959 5064 ,
1997 5013 2092 5052 vos

506 5090 746 5145 concioni
774 5089 964 5144 adesse
986 5098 1034 5142 et
1058 5089 1332 5144 attendere
1359 5091 1651 5145 hortantur.
1687 5091 1808 5145 Ideo
1841 5090 2088 5160 paulatim

508 5183 658 5236 vobis
683 5182 1076 5252 Scripturarum
1105 5182 1246 5237 dicta
1273 5183 1612 5252 decerpimus
1637 5225 1651 5250 ,
1700 5193 1758 5238 ut
1796 5199 1856 5237 ea
1889 5182 2092 5236 facilius

506 5291 695 5345 capere
722 5317 736 5340 ,
768 5286 822 5329 et
864 5276 914 5329 in
957 5278 1147 5330 mentis
1189 5284 1378 5331 vestra:
1425 5277 1776 5346 receptaculis
1823 5276 2092 5345 deponere

509 5369 761 5433 valeatis,
796 5376 955 5436 atque
994 5367 1045 5420 in
1080 5371 1335 5423 memoria
1364 5369 1630 5434 retim-re,
1683 5379 1734 5423 ut
1785 5369 1998 5438 possitis
2030 5383 2090 5421 ea

487 5460 621 5513 aliis
649 5460 866 5513 referre.
897 5458 1006 5511 Nisi
1037 5457 1257 5513 fortasse
1283 5461 1544 5528 quispiam
1573 5460 1859 5514 admodum
1892 5460 2090 5512 somni-

506 5552 719 5603 culosos
749 5551 817 5604 sit
843 5558 895 5602 et
925 5548 1142 5616 ignavus
1175 5551 1495 5619 pueruloque
1529 5550 1786 5604 hebetior.
1824 5549 2088 5603 Dictorum

505 5644 682 5710 itaque
717 5643 910 5696 seriem
942 5642 1300 5711 arripiamus;
1339 5642 1625 5697 Nicodemo
1652 5657 1878 5711 namque
1911 5643 1959 5697 in
1993 5644 2087 5695 bu-

570 5799 643 5859 (α)
678 5799 1040 5863 Ειπ)’δοδιοηιιιδ
1061 5799 1132 5846 bis
1151 5799 1197 5847 in
1224 5797 1522 5848 hebdomade
1543 5802 1909 5847 concinnamuur

2205 4030 2411 4084 miliora
2441 4031 2742 4098 decidcntc,
2778 4045 2831 4089 et
2859 4035 3055 4090 Christi
3086 4035 3283 4091 dictum
3315 4039 3376 4092 :ul
3410 4049 3682 4096 terrenam
3705 4059 3802 4114 ge-

2204 4122 2532 4176 nerationem
2565 4124 2898 4194 deprimente
2923 4169 2937 4192 ,
2971 4143 3032 4182 ac
3067 4129 3279 4184 dicente
3313 4131 3646 4200 impoSsibile
3679 4151 3802 4192 esse

2201 4229 2382 4267 senem
2422 4216 2600 4270 denuo
2633 4221 2814 4282 nasci,
2850 4221 3095 4275 Christus
3123 4225 3478 4290 generationis
3512 4226 3656 4281 illius
3687 4245 3802 4284 Ino-

2201 4304 2325 4357 dnm
2353 4307 2550 4361 clarius
2577 4309 2824 4376 explicat,
2861 4312 2948 4376 qui
2977 4311 3193 4367 difficile
3218 4315 3432 4383 quidem
3463 4316 3798 4389 intelligere-

2203 4406 2286 4449 tur
2310 4397 2376 4451 ab
2407 4414 2488 4461 co,
2520 4401 2606 4469 qui
2637 4402 2849 4454 animali
2887 4404 3044 4456 modo
3074 4405 3470 4476 interrogasset,
3505 4422 3801 4482 poSsctque

2201 4497 2375 4542 tamen
2420 4491 2486 4544 ab
2516 4491 2614 4546 hac
2640 4492 2844 4561 abjecla
2878 4496 3203 4564 cogitatione
3237 4499 3658 4568 interrogantem
3691 4507 3801 4558 eri.

2197 4596 2339 4649 gere.
2373 4582 2508 4647 Quid
2538 4585 2680 4638 enim
2710 4585 2876 4639 dicit?
2906 4588 3063 4641 Amen
3095 4590 3204 4642 dico
3232 4589 3348 4654 tibi,
3385 4592 3483 4646 nisi
3507 4595 3620 4660 quis
3648 4610 3800 4650 natus

2199 4676 2350 4744 fuerit
2382 4692 2443 4728 ex
2470 4693 2599 4745 aqua
2629 4688 2673 4730 et
2705 4679 2903 4748 Spiritu
2929 4721 2942 4740 ,
2975 4697 3074 4733 non
3103 4692 3264 4751 potest
3292 4684 3482 4737 intrare
3505 4687 3556 4738 in
3581 4704 3796 4758 regnum

2198 4765 2325 4831 Dei;
2371 4767 2421 4821 id
2465 4781 2540 4823 est
2571 4790 2582 4825 :
2611 4771 2687 4825 Tu
2717 4773 2927 4842 quidem
2961 4773 3063 4827 hoc
3111 4775 3440 4843 impossibile
3469 4793 3592 4833 esse
3621 4781 3753 4834 dir-is
3782 4799 3795 4832 :

2197 4876 2295 4930 ego
2323 4876 2447 4915 vero
2478 4863 2764 4916 admodum
2800 4865 3052 4932 possibile
3083 4865 3230 4930 dico;
3267 4876 3322 4920 ut
3347 4869 3506 4922 etiam
3541 4887 3796 4924 licet-Ssa-

2199 4955 2332 5006 rium
2361 4956 2456 5017 sit,
2489 4967 2543 5010 et
2572 4958 2688 5010 sine
2721 4957 2809 5011 illo
2841 4974 2995 5011 nemo
3023 4959 3202 5012 salvus
3229 4974 3347 5014 eSse
3379 4963 3565 5029 possit.
3597 4964 3792 5018 Neces-

2197 5048 2334 5099 saria
2364 5049 2501 5100 enim
2526 5091 2538 5113 ,
2589 5049 2742 5102 nobis
2773 5051 3060 5104 admodum
3095 5050 3265 5105 facilia
3314 5053 3437 5107 fecit
3468 5054 3630 5110 Deus.
3661 5057 3793 5112 Nam

2198 5146 2406 5192 terrena
2454 5140 2667 5208 quidem
2712 5145 3024 5210 generatio,
3070 5143 3363 5196 secundum
3414 5161 3632 5200 carnem
3660 5189 3674 5214 ,
3729 5165 3794 5203 cx

2196 5230 2412 5298 pulvere
2444 5243 2524 5284 est
2547 5249 2559 5282 :
2585 5243 2913 5301 quapropter
2941 5250 2968 5286 a
3001 5233 3302 5288 ca-lestihus
3335 5235 3421 5289 illa
3471 5237 3792 5293 intercludi-

2199 5332 2282 5374 tur
2305 5341 2316 5375 :
2342 5323 2464 5390 quid
2497 5326 2637 5378 enim
2671 5325 2826 5378 habet
2864 5337 3001 5378 terra
3034 5341 3154 5379 cum
3181 5327 3312 5381 ca‘lo
3340 5332 3670 5385 commune?
3699 5330 3790 5384 illa

2196 5431 2321 5469 vero
2352 5432 2416 5470 ex
2450 5418 2646 5484 Spiritu
2692 5415 2844 5471 facile
2898 5417 3051 5471 nobis
3093 5419 3338 5472 ca-lestes
3387 5419 3510 5473 illos
3558 5420 3795 5477 fornices

2195 5508 2384 5576 aperit.
2437 5509 2629 5562 Audite
2685 5519 2937 5577 quotquot
2990 5509 3224 5562 nondum
3276 5510 3558 5564 illuminati
3615 5518 3791 5568 estis:

2195 5598 2584 5663 exborreseite,
2619 5599 2812 5667 gemitc
2836 5620 2846 5652 :
2871 5599 3144 5653 tremenda
3169 5601 3364 5668 quippe
3391 5611 3467 5654 est
3496 5607 3792 5658 commina-

2198 5692 2304 5753 tio,
2338 5691 2588 5743 terribilis
2630 5692 2921 5747 sententia:
2963 5690 3078 5744 Non
3111 5701 3290 5758 potest,
3327 5693 3529 5761 inquit,
3573 5697 3662 5764 qni
3694 5714 3791 5749 nou

2201 5795 2340 5833 Huius
2386 5795 2453 5833 t'a‘l
2485 5801 2541 5836 ar
2570 5801 2698 5850 aqua
2743 5794 2785 5837 et
2817 5783 3051 5853 Spiritu,
3094 5786 3280 5838 intrare
3314 5786 3364 5838 in
3395 5802 3606 5855 regnum
3641 5792 3790 5843 rato-

4004 721 4007 880 l
