4048 6468
204 431 336 489 149

198 565 363 603 rum.
391 546 524 614 Quia
550 545 742 601 mortis
769 543 1140 600 indumentum
1164 539 1361 614 gestat,
1387 555 1580 611 nempe
1608 535 1828 593 maledi-

197 639 424 696 ctionis
454 647 508 692 et
535 636 903 709 corruptionis
933 655 945 689 :
974 634 1211 690 nondum
1257 633 1593 688 Dominicum
1627 629 1832 699 accepit

196 729 570 801 symbolum;
600 730 918 801 peregrinus
946 733 1031 783 est
1062 735 1115 782 et
1140 726 1380 791 alienus;
1413 739 1520 779 non
1554 721 1718 777 habet
1744 735 1832 775 re-

194 823 372 893 gium
402 822 634 893 signum.
665 819 783 876 Nisi
815 822 927 891 quis
954 830 1108 874 natus
1134 820 1320 892 fuerit,
1364 817 1566 889 inquit,
1611 833 1676 871 ex
1702 831 1834 884 aqua

197 923 266 966 et
319 912 521 982 Spiritu
545 956 560 978 ,
611 930 715 968 non
756 921 920 984 potest
955 912 1170 966 introire
1212 912 1267 965 in
1308 926 1521 982 regnum
1565 909 1830 962 calorum.

205 1001 433 1058 Verum
463 1002 788 1059 Nicodamus
835 1017 1013 1071 neque
1060 1001 1140 1056 sic
1181 995 1468 1056 intellexit.
1511 999 1656 1054 Nihil
1687 999 1832 1054 enim

201 1093 510 1162 deterius,
549 1108 708 1164 quam
755 1091 1009 1148 humanis
1054 1091 1350 1148 ratiociniis
1379 1091 1680 1162 spiritualis
1709 1105 1836 1163 pcr-

204 1186 468 1242 mittere.
500 1185 613 1242 Hoc
644 1183 944 1256 impedivit,
977 1183 1270 1255 quominus
1301 1182 1392 1238 ille
1420 1181 1650 1242 sublime
1678 1181 1835 1252 quid-

201 1281 373 1350 piam
401 1290 455 1336 et
480 1295 732 1352 magnum
760 1263 1042 1352 cogitaret.
1074 1278 1202 1335 ldeo
1226 1293 1325 1334 nos
1348 1276 1535 1334 fideles
1557 1291 1831 1343 vocamur,

205 1383 284 1427 ut
314 1371 671 1427 humanarum
701 1373 972 1427 rationum
1005 1370 1375 1427 imbecillitate
1405 1378 1733 1438 contempta,
1765 1367 1833 1424 ad

211 1463 357 1520 ﬁdei
398 1462 783 1518 sublimitatem
813 1462 1205 1529 ascendamus,
1238 1472 1294 1518 et
1321 1462 1588 1517 bonorum
1621 1469 1836 1516 nostro-

204 1568 344 1609 rum
395 1567 662 1610 summam
707 1553 1018 1625 hujusmodi
1069 1553 1330 1610 doctrina:
1387 1551 1831 1608 committamus:

199 1643 367 1715 quod
401 1646 446 1701 si
478 1647 696 1702 fecisset
719 1645 1046 1702 Nicodemus
1071 1687 1086 1713 ,
1132 1661 1224 1702 res
1250 1661 1357 1701 non
1386 1645 1460 1700 illi
1489 1643 1836 1714 impossibilia

203 1736 335 1793 visa
363 1736 576 1794 fuisset.
603 1737 741 1807 Quid
771 1753 899 1810 ergo
930 1737 1212 1794 Christus?
1235 1735 1307 1795 Ut
1337 1737 1488 1792 illum
1510 1734 1742 1792 abducat
1768 1734 1836 1790 ab

205 1828 325 1886 hac
353 1832 682 1903 cogitatione
711 1831 858 1886 humi
886 1841 1139 1902 repente,
1187 1841 1242 1888 et
1268 1829 1520 1888 ostendat
1543 1845 1604 1884 se
1632 1843 1739 1884 non
1767 1828 1837 1882 de

211 1919 326 1976 hac
368 1921 721 1992 generatione
757 1922 938 1993 loqui,
985 1924 1060 1977 ait
1085 1943 1098 1980 :
1125 1921 1243 1977 Nisi
1271 1922 1384 1994 quis
1413 1931 1562 1976 natus
1591 1920 1745 1992 fuerit
1774 1936 1839 1975 ex

207 2031 358 2086 aqua
380 2024 429 2068 et
454 2014 675 2085 Spiritu,
708 2031 811 2069 non
837 2024 996 2087 potest
1020 2016 1232 2070 introire
1256 2016 1308 2070 in
1329 2031 1540 2086 regnum
1561 2012 1828 2070 calorum.

209 2107 314 2163 Sic
343 2117 527 2162 autem
565 2107 821 2178 loquutus
847 2115 951 2174 est,
985 2115 1041 2162 ut
1067 2123 1165 2179 per
1195 2107 1335 2162 hanc
1357 2105 1835 2162 comminationem

211 2199 403 2268 ipsum
430 2198 497 2253 ad
523 2197 682 2254 fidem
711 2198 1072 2268 pertraheret,
1102 2197 1464 2268 suaderctqne
1495 2198 1594 2268 ipsi
1626 2213 1695 2252 ne
1719 2212 1833 2252 rem

208 2304 346 2346 esse
372 2289 766 2361 impossibilem
793 2290 1158 2356 existimaret,
1187 2300 1348 2360 atque
1369 2290 1517 2345 illum
1545 2305 1575 2344 a
1603 2288 1836 2346 carnalis

205 2381 590 2452 generationis
613 2380 940 2452 cogitatione
967 2382 1329 2438 abstraheret.
1362 2381 1439 2438 De
1467 2382 1571 2437 alia
1593 2423 1608 2449 ,
1639 2381 1832 2452 inquit,

207 2472 416 2545 loquor
452 2473 842 2544 generatione,
873 2488 908 2528 o
946 2471 1275 2539 Nicodeme;
1305 2488 1402 2529 cur
1433 2487 1740 2529 sermonem
1767 2473 1834 2526 ad

210 2575 422 2620 terram
454 2564 728 2621 detrahis?
772 2579 870 2621 cur
913 2553 1121 2621 natura:
1167 2565 1478 2621 necessitati
1525 2580 1640 2620 rem
1685 2564 1835 2620 illam

209 2656 478 2727 subjicis?
509 2657 607 2712 Hic
631 2667 815 2727 partus
835 2657 1045 2728 vulgari
1068 2657 1161 2712 illo
1182 2657 1432 2726 superior
1451 2665 1555 2724 est,
1581 2671 1682 2712 nec
1705 2656 1833 2727 quid

209 2763 512 2805 utrumnam
554 2747 835 2804 nobiscum
880 2749 1070 2805 habet.
1125 2747 1253 2805 Hmc
1301 2763 1519 2820 quoque
1559 2749 1837 2819 generatio

212 2851 475 2908 vocatur,
523 2841 620 2898 sed
662 2842 884 2899 nomine
913 2849 1118 2898 tantum
1163 2841 1491 2908 communis,
1535 2857 1595 2897 re
1629 2840 1834 2897 diil'ert.

211 2930 470 2988 Abscede
511 2945 543 2986 a
591 2930 796 3002 vulgari
839 2946 994 2988 more
1021 2914 1230 2987 :‘alium
1273 2931 1470 2988 induco
1519 2940 1729 3002 partum
1782 2932 1834 2986 in

214 3021 534 3105 mundum;
566 3023 674 3077 alio
724 3021 888 3078 modo
943 3021 1087 3094 gigni
1139 3021 1389 3078 homines
1431 3021 1557 3078 volo
1589 3040 1602 3076 :
1638 3037 1835 3076 novum

212 3114 615 3187 procreationis
666 3113 886 3169 modum
937 3112 1130 3169 affero.
1177 3112 1433 3177 Formavi
1479 3128 1547 3168 ex
1592 3121 1734 3168 terra
1782 3121 1838 3168 et

209 3220 388 3276 aqua;
422 3219 530 3261 non
559 3205 689 3261 utile
718 3203 1033 3276 ﬁgmentum
1059 3202 1197 3270 fuit,
1236 3203 1333 3260 sed
1366 3217 1463 3260 vas
1490 3204 1730 3260 deterius
1758 3203 1837 3258 fa-

209 3307 368 3353 ctum
419 3306 524 3352 est.
578 3295 696 3352 Non
744 3296 881 3353 ultra
929 3312 996 3352 ex
1051 3305 1194 3352 terra
1244 3304 1302 3353 et
1353 3310 1490 3367 aqua
1545 3293 1836 3352 en‘ormare

211 3389 375 3456 volo,
419 3389 514 3445 sed
558 3405 624 3446 ex
670 3405 806 3461 aqua
839 3400 892 3446 et
921 3387 1148 3460 Spiritu.
1192 3388 1348 3458 Quod
1374 3390 1420 3444 si
1450 3389 1574 3460 quis
1600 3390 1836 3444 interro-

209 3493 331 3556 get,
383 3482 660 3554 quomodo
706 3498 772 3539 ex
819 3482 997 3555 aqua?
1042 3481 1389 3554 interrogabo
1428 3491 1483 3538 et
1519 3496 1622 3552 ego
1662 3482 1832 3547 illum,

212 3573 506 3643 Quomodo
530 3589 596 3630 ex
628 3573 812 3630 terra?
855 3572 1130 3644 quomodo
1160 3573 1332 3629 lutum
1365 3573 1543 3630 varias
1570 3575 1623 3629 in
1653 3582 1836 3645 partes

211 3665 569 3722 distributum
614 3665 744 3720 est?
783 3664 1056 3737 quomodo
1099 3666 1258 3720 unius
1299 3665 1501 3737 speciei
1543 3675 1660 3721 erat
1703 3665 1833 3721 illud

209 3756 363 3830 quod
393 3757 698 3828 subjectum
732 3758 848 3813 est?
878 3757 1047 3813 Terra
1080 3768 1290 3814 tantum
1322 3765 1475 3824 erat;
1502 3772 1622 3828 qua:
1650 3767 1832 3813 autem

211 3865 283 3907 ex
317 3849 409 3904 illa
441 3848 581 3904 facta
613 3857 762 3917 sunt,
795 3849 1025 3905 diversa:
1071 3860 1196 3906 sunt
1235 3849 1460 3920 speciei.
1495 3848 1646 3908 Unde
1672 3864 1793 3905 ossa
1815 3891 1830 3916 ,

213 3940 388 4002 nervi.
411 3942 655 4008 atterite,
670 3942 861 3999 venae?
881 3942 1022 3997 unde
1043 3941 1396 4007 membranm,
1413 3958 1539 3997 vasa
1557 3943 1831 4014 organica,

209 4034 591 4104 cartilagines,
628 4036 842 4101 tuuictr,
879 4036 1069 4105 hepar,
1101 4037 1276 4105 splen,
1305 4035 1438 4091 cor?
1467 4035 1610 4091 unde
1639 4036 1830 4107 pellis,

212 4126 473 4196 sanguis,
508 4127 730 4197 pituita,
773 4126 933 4182 bilis?
975 4127 1119 4184 unde
1163 4136 1242 4184 tot
1281 4129 1664 4198 operationes?
1692 4129 1833 4186 unde

210 4217 350 4272 varii
375 4215 626 4272 colores?
659 4216 786 4272 haec
812 4217 956 4272 enim
1000 4233 1105 4272 non
1135 4233 1203 4272 ex
1243 4227 1388 4273 terra
1416 4219 1499 4274 vel
1528 4217 1641 4274 luto
1671 4219 1832 4289 protlo

213 4310 517 4364 ciscuntnr.
547 4308 835 4378 Quomodo
865 4317 1007 4364 terra
1039 4319 1264 4380 accepto
1291 4309 1498 4365 semine
1529 4311 1831 4381 germinat,

215 4414 346 4457 caro
372 4408 555 4456 autem
594 4399 711 4457 haec
755 4410 977 4471 accepta
1008 4401 1344 4471 corrumpit?
1383 4402 1655 4472 quomodo
1688 4411 1830 4458 terra

207 4492 357 4562 jacta
384 4491 590 4547 semina
621 4493 811 4558 nutrit,
840 4505 968 4547 caro
998 4500 1178 4547 autem
1209 4493 1278 4547 ab
1304 4491 1409 4547 illis
1436 4493 1690 4560 nutritur,
1721 4510 1829 4549 non

215 4583 305 4640 illa
333 4585 540 4642 nutrit?
584 4585 833 4657 Exempli
878 4599 1063 4652 causa,
1102 4595 1245 4641 terra
1293 4601 1486 4657 aquam
1517 4586 1826 4656 excipiens,

215 4677 403 4733 vinum
432 4677 592 4743 fecit;
638 4691 767 4733 caro
791 4674 936 4748 saepe
975 4677 1158 4732 vinum
1189 4677 1499 4748 accipiens,
1541 4677 1594 4732 in
1634 4693 1828 4749 aquam

214 4772 506 4826 convertit.
541 4769 696 4827 Unde
724 4783 857 4842 ergo
900 4769 1069 4841 liquet
1093 4768 1209 4825 hinc
1235 4785 1300 4824 ex
1336 4777 1476 4825 terra
1508 4783 1630 4826 esse
1651 4813 1665 4835 ,
1706 4785 1828 4824 cum

215 4869 361 4920 terra
401 4861 731 4917 contrariam
759 4861 1014 4918 exhibeat
1043 4861 1415 4930 Operationem
1441 4902 1458 4929 ,
1508 4871 1566 4915 ut
1595 4860 1746 4915 dixi?
1774 4860 1828 4916 ld

214 4952 500 5010 ratiocinio
525 4953 738 5022 assequi
785 4966 1032 5021 nequeo;
1076 4951 1188 5008 sola
1223 4950 1329 5006 fide
1357 4951 1585 5022 accipio.
1614 4951 1669 5007 Si
1701 4966 1831 5024 ergo

206 5048 303 5105 illa
335 5061 455 5118 quae
478 5047 717 5117 quotidie
741 5045 877 5101 fiunt
899 5055 954 5102 et
975 5054 1285 5117 tanguntur,
1311 5044 1418 5102 tide
1439 5059 1576 5116 epos
1595 5044 1826 5099 habent:

213 5139 384 5195 multo
402 5140 573 5208 magis
591 5138 677 5192 illa
695 5137 984 5193 admodum
1002 5152 1198 5193 arcana
1219 5145 1274 5192 et
1290 5136 1611 5206 Spiritualia.
1630 5135 1829 5204 Quem-

212 5229 502 5285 admodum
539 5230 682 5284 enim
734 5238 875 5283 terra
919 5229 1246 5296 inanimata,
1298 5231 1556 5296 immota,
1599 5229 1712 5286 Deo
1751 5232 1828 5287 sic

211 5322 428 5378 volente
472 5322 725 5376 virtutem
773 5320 1002 5390 accepit,
1050 5330 1108 5375 ut
1153 5328 1262 5375 tam
1310 5321 1575 5376 mirabilia
1623 5336 1688 5378 ex
1738 5322 1828 5376 illa

213 5413 494 5486 prodirent
525 5433 539 5470 :
570 5415 642 5469 ita
673 5430 737 5470 ex
764 5413 966 5484 Spiritu
992 5424 1046 5468 ct
1073 5428 1209 5484 aqua
1233 5413 1393 5470 simul
1420 5413 1538 5470 haec
1565 5415 1831 5471 mirabilia

208 5517 263 5562 et
291 5507 562 5562 rationem
593 5511 904 5575 superantia
928 5508 1111 5561 omnia
1137 5507 1293 5562 facile
1323 5516 1605 5578 parantur.

280 5600 337 5655 2.
370 5599 639 5666 Quomodo
679 5598 1018 5655 Nicodemum
1046 5601 1318 5654 instituerit
1353 5601 1605 5656 Christus.
1638 5599 1831 5656 Discri-

211 5709 324 5747 men
354 5692 484 5747 inter
521 5693 740 5762 primum
773 5691 994 5744 hominis
1021 5691 1325 5745 creationem
1345 5702 1393 5746 et
1414 5691 1688 5746 secundum
1719 5708 1832 5763 qua:

213 5786 268 5853 tit
290 5800 379 5856 per
395 5782 652 5855 Spiritum
671 5791 920 5839 sanctum.
940 5781 1054 5838 Vita
1071 5783 1175 5838 alia
1197 5785 1356 5840 multo
1371 5784 1548 5840 melior
1570 5793 1830 5854 exspecta-

212 5887 311 5946 tur.
356 5877 609 5950 Baptismi
649 5877 950 5933 sublimitas.
1005 5877 1108 5932 Cur
1147 5893 1279 5949 aqua
1309 5876 1378 5932 ad
1403 5876 1828 5934 illuminatibuem

1304 423 1372 481 IN
1407 419 1720 480 JOANNE.“
1761 416 1996 483 ilOMlL.
2041 417 2207 476 XXV.
2249 422 2322 476 al.
2365 422 2562 479 XXIV.

3448 426 3554 484 £50

1943 536 2248 591 necessaria.
2270 567 2341 579 —
2359 536 2438 594 Ne
2460 539 2639 610 itaque
2665 538 2923 610 quoniam
2949 539 3040 596 illa
3060 555 3169 596 non
3195 540 3368 609 vides,
3395 543 3555 600 tidem

1942 642 2123 698 neges.
2152 628 2288 685 Nam
2315 646 2415 687 nec
2439 632 2678 687 animam
2729 631 2881 690 vides
2901 674 2918 701 ,
2948 642 3004 689 et
3027 642 3208 691 tamen
3230 635 3410 691 credis
3435 639 3554 692 ani-

1941 736 2083 776 mam
2131 738 2282 791 esse,
2313 734 2368 779 et
2396 722 2666 780 diversam
2692 739 2723 779 a
2750 737 3000 796 corpore.
3054 726 3252 783 Verum
3309 726 3560 784 Christus

1941 828 2048 869 non
2085 812 2189 871 hoc
2211 815 2463 888 exemplo
2485 815 2839 873 Nicodemum
2866 817 3130 888 instituit,
3161 818 3256 876 sed
3285 819 3410 875 alio.
3444 819 3558 876 lioc

1941 905 2084 961 enim
2110 947 2125 972 ,
2149 922 2344 979 nempe
2369 909 2550 965 anima
2567 951 2584 978 ,
2605 924 2728 965 cum
2759 910 3140 982 incorporeum
3167 917 3236 967 sit
3255 953 3271 976 ,
3300 911 3422 969 ideo
3449 929 3556 967 non

1941 995 1994 1050 in
2024 995 2257 1051 medium
2283 997 2527 1065 adduxit,
2550 999 2674 1071 quia
2699 999 2793 1056 ille
2811 998 2990 1056 adhuc
3014 999 3203 1057 rudior
3228 1010 3367 1057 erat.
3398 1001 3556 1058 Aliud

1941 1102 2069 1158 ergo
2090 1091 2404 1161 exemplum
2436 1092 2612 1163 ponit,
2633 1093 2776 1164 quod
2801 1108 2924 1148 cum
2964 1108 3255 1166 corporum
3295 1096 3556 1150 crassitu-

1941 1179 2066 1236 dine
2093 1183 2530 1239 communionem
2562 1184 2781 1255 quidem
2809 1185 3013 1240 nullam
3047 1185 3272 1250 habeat.
3303 1202 3478 1257 neque
3505 1191 3557 1244 in

1942 1273 2320 1343 ineorpoream
2340 1275 2585 1331 ascendit
2608 1286 2855 1332 naturam
2884 1294 2898 1342 ;
2935 1277 2987 1333 id
3015 1287 3119 1342 est,
3145 1289 3428 1334 ventorum
3452 1280 3558 1334 im-

1941 1374 2146 1435 petum.
2181 1366 2246 1422 Et
2273 1367 2504 1438 primum
2534 1367 2602 1423 ab
2628 1384 2768 1438 aqua
2813 1368 3057 1434 orditur,
3087 1385 3209 1439 qua:
3235 1370 3452 1426 tenuior
3473 1383 3559 1429 est

1940 1471 2101 1526 quam
2148 1455 2289 1512 terra
2312 1499 2326 1522 ,
2359 1457 2595 1513 crassior
2638 1473 2798 1530 quam
2846 1468 3064 1516 ventus.
3097 1458 3559 1527 Quemadmodum

1941 1548 2084 1603 enim
2110 1563 2140 1604 a
2174 1548 2436 1619 principio
2465 1550 2797 1606 elementum
2820 1559 2966 1607 terra
2988 1551 3232 1623 subjecta
3256 1561 3361 1614 est.
3387 1560 3560 1609 totum

1940 1649 2120 1694 autem
2149 1639 2360 1709 opiticis
2389 1640 2487 1696 fuit
2513 1661 2527 1698 :
2550 1640 2629 1698 sic
2649 1650 2706 1699 et
2725 1656 2872 1698 nunc
2901 1657 3039 1713 aqua
3072 1643 3402 1700 elementum
3431 1644 3564 1700 sub-

1936 1729 2122 1802 jicitur
2150 1751 2164 1787 :
2195 1739 2367 1786 totum
2394 1740 2574 1788 autem
2619 1742 2704 1789 est
2732 1748 2798 1790 ex
2837 1732 3069 1804 Spiritus
3110 1735 3280 1805 gratia
3311 1753 3326 1790 :
3353 1743 3410 1790 et
3436 1745 3565 1791 tunc

1941 1820 2158 1892 quidem
2185 1819 2380 1878 Factus
2412 1832 2484 1878 est
2511 1823 2663 1879 homo
2694 1823 2746 1878 in
2777 1824 3008 1879 animam
3037 1825 3283 1879 viventem
3309 1823 3471 1899 (Cen.
3503 1826 3561 1882 2.

1945 1913 1978 1967 7
2004 1914 2046 1983 );
2079 1929 2224 1969 nunc
2249 1929 2378 1970 vero
2407 1916 2460 1970 in
2485 1914 2747 1985 Spiritum
2780 1914 3166 1973 viviﬁcantem.
3208 1916 3435 1973 Multum
3459 1932 3559 1973 au-

1944 2017 2052 2061 tem
2078 2017 2161 2062 est
2183 2007 2324 2063 inter
2345 2016 2635 2078 utrumque
2654 2007 2948 2064 discrimen
2981 2025 2996 2064 :
3022 2007 3203 2064 anima
3228 2011 3373 2065 enim
3399 2009 3563 2066 vitam

1941 2100 2098 2155 alteri
2123 2115 2231 2155 non
2252 2099 2374 2168 dat;
2403 2099 2640 2171 Spiritus
2671 2116 2802 2156 vero
2831 2116 2938 2156 non
2972 2116 3070 2172 per
3093 2116 3154 2158 se
3177 2110 3384 2158 tantum
3411 2103 3564 2170 vivit,

1942 2189 2037 2245 sed
2070 2198 2123 2244 et
2151 2190 2274 2245 aliis
2315 2190 2479 2246 vitam
2523 2191 2751 2262 prmbet.
2807 2190 2898 2247 Sic
2943 2200 3189 2247 mortuos
3234 2193 3567 2248 suscitarunt

1943 2282 2190 2351 apostoli.
2226 2280 2292 2337 Et
2322 2281 2452 2337 olim
2497 2280 2718 2352 quidem
2750 2291 2870 2353 past
2914 2284 3247 2340 creationem
3277 2282 3442 2339 homo
3467 2282 3568 2341 de-

1943 2387 2090 2428 mum
2113 2370 2405 2440 formatur;
2430 2388 2573 2429 nunc
2598 2388 2730 2429 vero
2751 2383 2938 2429 contra
2962 2383 3089 2430 ante
3111 2389 3304 2432 novam
3327 2375 3562 2431 creatio.

1943 2477 2067 2518 ncm
2097 2475 2267 2518 novus
2295 2462 2460 2519 homo
2487 2472 2726 2520 creatur.
2781 2462 2914 2518 Nam
2945 2463 3032 2519 hic
3070 2465 3222 2535 prior
3245 2475 3563 2537 generatur,

1942 2553 2138 2610 deinde
2165 2554 2398 2610 mundus
2446 2555 2884 2612 transformatur.
2938 2555 3004 2611 Et
3033 2565 3092 2610 ut
3118 2571 3149 2611 a
3183 2557 3452 2627 principio
3477 2562 3566 2614 too

1945 2656 2057 2700 tum
2087 2645 2356 2715 formavit,
2376 2647 2455 2704 sic
2479 2657 2536 2704 et
2566 2663 2709 2704 nunc
2738 2657 2907 2703 totum
2935 2651 3110 2720 ipsum
3138 2661 3309 2706 creat.
3341 2649 3409 2706 Et
3433 2659 3566 2707 tune

1941 2739 2160 2812 quidem
2206 2741 2319 2798 ait:
2352 2739 2632 2797 Faciamus
2679 2743 2727 2797 ei
2776 2742 3095 2811 adiutorium
3123 2741 3298 2815 (Ibid.
3331 2759 3382 2797 υ.
3415 2743 3484 2799 18
3505 2745 3562 2815 );

1944 2833 2030 2888 hic
2062 2848 2192 2889 vero
2219 2834 2348 2888 nihil
2377 2834 2573 2892 simile.
2616 2833 2750 2890 Nam
2775 2835 2864 2906 qui
2887 2835 3119 2905 Spiritus
3147 2835 3377 2906 gratiam
3407 2849 3562 2892 acce-

1943 2927 2042 2998 pit,
2068 2941 2176 2998 quo
2197 2927 2370 2983 altero
2399 2926 2579 2998 egebit
2629 2925 2923 2998 adjutore?
2951 2927 3041 2998 qui
3073 2927 3126 2982 in
3154 2941 3383 2999 corpore
3408 2925 3565 2983 Chri-

1942 3019 2009 3073 sti
2048 3019 2333 3086 consistit,
2357 3033 2462 3089 qua
2486 3017 2685 3074 deinde
2711 3019 2893 3090 egebit
2921 3034 3027 3089 ope
3046 3020 3072 3073 't
3098 3020 3252 3075 Tunc
3281 3019 3346 3074 ad
3377 3020 3564 3091 imagi-

1943 3127 2068 3167 nem
2103 3111 2195 3167 Dei
2226 3110 2354 3168 fecit
2379 3111 2691 3180 hominem,
2736 3127 2880 3168 nunc
2928 3112 3029 3181 ipsi
3079 3113 3191 3167 Deo
3233 3113 3564 3183 conjunxit:

1945 3212 2073 3258 tunc
2093 3203 2258 3274 jussit
2285 3203 2436 3260 illum
2493 3204 2765 3274 imperare
2811 3202 3055 3274 piscibus
3081 3211 3137 3260 et
3160 3203 3385 3270 bestiis,
3419 3220 3563 3261 nunc

1941 3310 2104 3366 supra
2130 3296 2296 3353 czelos
2325 3296 2591 3368 primitias
2607 3307 2822 3352 nostras
2836 3297 3132 3367 assumpsit
3157 3314 3168 3350 :
3197 3305 3325 3352 tunc
3355 3297 3566 3368 paradi-

1943 3403 2062 3443 sum
2094 3388 2443 3445 liahitandum
2474 3389 2666 3455 dedit,
2698 3402 2845 3445 nunc
2881 3390 3075 3445 caalum
3119 3389 3278 3446 nobis
3303 3391 3514 3460 aperuit
3549 3408 3563 3445 :

1943 3490 2073 3537 tunc
2099 3479 2362 3536 formatus
2401 3479 2565 3536 homo
2589 3489 2672 3536 est
2701 3479 2789 3536 die
2816 3489 2966 3536 sexta
2990 3521 3006 3549 ,
3033 3479 3160 3552 quia
3184 3480 3566 3554 complendum

1942 3583 2062 3630 erat
2114 3573 2413 3641 saxulum;
2455 3587 2600 3630 nunc
2644 3573 2817 3644 prima
2861 3572 2951 3629 die
2978 3573 3127 3629 etab
3154 3573 3330 3640 initio,
3362 3582 3565 3629 etcum

1943 3666 2082 3724 luce.
2107 3666 2188 3722 Ex
2211 3667 2404 3738 quibus
2424 3666 2678 3722 omnibus
2698 3665 2890 3738 liquet,
2913 3681 2976 3722 ea
2999 3681 3120 3736 qua:
3145 3665 3566 3736 perficiebantur

1939 3760 2006 3815 ad
2028 3761 2188 3815 aliam
2210 3760 2491 3816 meliorem
2509 3759 2672 3814 vitam
2695 3759 2991 3831 pertinere,
3010 3766 3066 3813 et
3086 3757 3155 3814 ad
3177 3765 3380 3814 statum
3405 3775 3564 3814 num-

1941 3869 2101 3926 quam
2133 3852 2556 3909 terminandum.
2590 3851 2770 3908 Prima
2798 3853 2981 3922 itaque
3008 3850 3266 3907 formatio
3291 3850 3423 3905 Adze
3449 3860 3562 3924 ter-

1942 3961 2069 4003 rena
2092 3955 2197 4010 est,
2221 3953 2276 4001 et
2300 3953 2425 4016 post
2441 3944 2581 4001 hanc
2603 3960 2671 4000 ex
2696 3941 2829 3999 Adte
2850 3943 3044 4010 latere,
3069 3942 3344 4009 mulieris,
3365 3949 3422 3996 et
3442 3951 3566 4014 post

1941 4041 2088 4096 illaut
2129 4055 2197 4095 ex
2226 4040 2455 4104 semine,
2487 4038 2693 4094 Abelis.
2741 4037 2994 4092 Attamen
3035 4035 3237 4091 nullam
3277 4034 3566 4105 explorare

1943 4129 2252 4207 possumus,
2283 4146 2384 4203 nec
2405 4145 2662 4188 sermone
2691 4129 3023 4197 describere,
3047 4128 3148 4183 etsi
3173 4127 3263 4183 illa
3295 4126 3561 4182 crassiora

1939 4228 2068 4284 sint.
2110 4224 2396 4295 Quomodo
2418 4238 2552 4296 ergo
2582 4221 2886 4293 spiritualis
2915 4236 3012 4292 per
3039 4220 3362 4290 baptismum
3395 4231 3560 4288 gene-

1941 4317 2165 4373 rationis
2202 4331 2325 4387 qnze
2346 4317 2505 4384 longe
2546 4313 2829 4370 sublimior
2853 4320 2937 4368 est
2961 4352 2976 4378 ,
3007 4311 3272 4365 rationem
3302 4308 3433 4363 dare
3462 4323 3558 4378 po-

1941 4410 2166 4465 terimus
2186 4408 2210 4464 ?
2234 4423 2343 4479 quo
2390 4415 2547 4479 pacto
2567 4404 2822 4476 stupendi
2852 4411 3037 4475 partus
3066 4400 3204 4456 ratio
3231 4416 3257 4453 a
3283 4401 3439 4456 nobis
3465 4416 3561 4455 ex—

1940 4511 2152 4573 petatur
2175 4501 2234 4556 ‘l
2263 4515 2387 4556 nam
2416 4507 2472 4554 et
2497 4498 2673 4570 angeli
2702 4496 2827 4552 huic
2853 4492 3186 4565 generationi
3216 4491 3460 4547 adfuere.
3491 4492 3561 4546 At

1938 4609 2070 4651 vero
2091 4593 2311 4649 modum
2334 4591 2608 4663 explicare
2635 4589 2900 4644 mirabilis
2930 4586 3074 4643 illius
3101 4600 3200 4656 per
3226 4583 3555 4655 baptismum

1937 4685 2341 4760 generationis,
2373 4698 2537 4739 nemo
2585 4679 2844 4754 potuerit.
2898 4676 3201 4735 Adfuerunt
3251 4677 3362 4744 illi,
3423 4674 3558 4732 nihil

1937 4781 2258 4843 efﬁcientes,
2287 4776 2381 4832 sed
2408 4791 2472 4833 ea
2499 4791 2620 4846 qua:
2647 4774 2848 4831 ﬁebant
2875 4772 3050 4827 solum
3076 4770 3344 4826 videntes.
3375 4769 3555 4834 Pater,

1939 4876 2106 4933 Filius
2132 4885 2186 4931 et
2203 4873 2438 4944 Spiritus
2458 4881 2677 4929 sanctus
2703 4858 2885 4925 omnia
2909 4876 3166 4938 operatur
3190 4864 3265 4938 (a)
3293 4908 3307 4921 .
3334 4865 3556 4922 Obtem-

1940 4981 2191 5040 peremus
2215 4980 2348 5035 ergo
2370 4965 2462 5020 Dei
2485 4962 2793 5028 sententiae,
2813 4974 2932 5030 qua:
2951 4967 3034 5014 est
3055 4956 3174 5028 ipso
3196 4958 3312 5012 visu
3333 4956 3555 5012 certior.

1938 5062 2074 5118 Nam
2096 5061 2243 5115 visus
2273 5072 2417 5130 smpe
2439 5056 2642 5111 fallitur
2668 5072 2682 5108 :
2710 5055 2796 5108 illa
2827 5051 2936 5107 falli
2968 5048 3551 5121 nequit.0btempera-

1940 5168 2061 5209 mus
2092 5152 2272 5222 itaque
2300 5150 2422 5220 ipsi.
2479 5147 2612 5203 Nam
2657 5161 2778 5217 quas
2819 5144 2908 5199 illa
2953 5159 3075 5213 quae
3102 5157 3210 5197 non
3241 5151 3394 5196 erant
3422 5156 3552 5212 pro-

1937 5245 2113 5312 duxit,
2140 5242 2208 5298 de
2237 5255 2424 5296 eorum
2455 5249 2646 5294 natura
2677 5239 2906 5308 loquens
2939 5234 3097 5290 fidem
3128 5243 3386 5288 meretur.
3416 5233 3552 5300 Quid

1940 5338 2101 5410 igitur
2125 5335 2210 5390 illa
2230 5333 2402 5388 dicit?
2436 5332 2488 5387 ld
2524 5330 2668 5402 quod
2698 5327 2929 5384 efficitur
2969 5340 3091 5383 esse
3118 5325 3549 5397 generationem.

2005 5511 2020 5541 ί
2059 5507 2224 5570 Morel.
2252 5509 2325 5570 sic
2349 5504 2498 5555 eﬂ'ert
2530 5504 2662 5570 hunc
2995 5500 3250 5570 Crassiora
3272 5500 3384 5570 sint.
3411 5502 3547 5570 Quod

1937 5568 1983 5623 si
2006 5571 2069 5634 de
2100 5569 2198 5620 illis
2231 5567 2473 5634 disserere
2496 5564 2887 5634 sitintpossibite.
2915 5563 3154 5634 quomodo
3174 5575 3294 5634 ergo
3325 5569 3386 5614 de
3406 5563 3554 5627 spiri-

1937 5631 2057 5685 tuah'
2078 5633 2404 5695 generatione,
2418 5643 2529 5726 gnte
2548 5629 2626 5680 his
2646 5625 2718 5678 est
2735 5627 2886 5699 nugtto
2907 5625 3174 5684 sublimior.
3191 5625 3550 5677 dissererem

1940 5696 2029 5726 ..ρει
2054 5692 2395 5726 iniquissimum
2463 5691 2707 5726 mmmndn
2747 5696 2895 5726 umm
2941 5701 3036 5726 nm
3058 5699 3474 5726 sumrmrmmml
3514 5699 3546 5726 α

1938 5689 2399 5758 eritintpossibitius
2418 5689 2442 5743 2'
2463 5691 2707 5758 Quomodo
2747 5689 2895 5740 etiam
2941 5701 3038 5739 non
3058 5699 3474 5751 superuacuum»
3514 5699 3547 5738 α

1938 5757 2072 5810 nobis
2094 5752 2328 5807 rationem
2351 5753 2596 5816 postulare
2621 5752 2647 5802 .9

2011 5821 2087 5884 (a)
2127 5820 2191 5868 Ad
2232 5819 2325 5870 tria
2353 5812 2613 5884 supposita
2639 5815 2877 5884 singulari
2913 5814 3066 5884 verbo
3099 5812 3254 5884 utitur
3275 5843 3290 5873 ,
3313 5821 3367 5866 ut
3417 5824 3554 5868 notat

1940 5874 2140 5937 savilius
2153 5919 2167 5946 ,
2191 5893 2290 5944 quo
2324 5874 2512 5931 scilicet
2534 5879 2696 5929 unitas
2717 5874 3006 5927 substantia
3027 5874 3324 5925 declaratur.
