4048 6514
524 416 617 471 i5!
1078 371 1082 377 ἡ
1245 400 1300 460 S.
1343 398 1617 457 JOANNIS
1662 385 2134 450 CllltYSUSTOMI
2179 387 2498 444 ARCIIIEP.
2539 384 3078 443 CONSTANTINOP.

520 526 674 596 Quod
714 525 758 582 si
806 522 898 577 tibi
944 517 1202 590 quispiam
1234 515 1446 575 dixerit,
1469 507 1790 578 Quomodo?
1816 522 1883 561 ex
1908 502 2103 560 Christi

521 618 784 674 sententia
811 629 873 669 os
900 613 1015 682 ejus
1060 609 1312 670 obstrue,
1341 619 1460 675 quae
1503 615 1692 671 magna
1732 599 1979 667 clamque
2022 602 2105 650 est

522 705 924 765 demonstratio.
975 700 1030 755 Si
1057 698 1174 769 quis
1205 711 1336 752 vero
1366 689 1776 764 interrogav’erit
1796 733 1810 755 ,
1836 704 1933 744 cur
1968 701 2102 756 aqua

521 808 852 862 assumatur;
901 794 1135 849 vicissim
1183 792 1574 860 interrogemus
1599 794 1654 840 et
1677 798 1777 838 nos
1797 823 1812 848 ,
1839 797 1934 837 cur
1962 792 2100 836 terra

521 890 587 945 ab
612 891 762 944 initio
787 886 851 942 ad
881 887 1111 941 hominis
1143 883 1513 939 formationem
1542 878 1800 949 producta
1831 877 1921 930 sit.
1970 872 2100 928 Nam

518 983 660 1054 quod
699 983 816 1038 sine
856 990 996 1035 terra
1052 986 1229 1048 posset
1282 973 1552 1029 hominem
1603 970 1872 1034 formare,
1905 965 2103 1023 nemini

521 1090 625 1130 non
671 1074 1012 1142 conspicuum
1040 1078 1142 1124 est.
1190 1067 1266 1121 Ne
1300 1067 1478 1135 itaque
1530 1061 1794 1118 curiosius
1847 1057 2102 1128 inquiras.

520 1165 670 1232 Quod
697 1166 836 1219 enim
867 1149 1165 1215 necessaria
1187 1158 1255 1211 sit
1276 1171 1409 1226 aqua
1433 1155 1555 1209 hinc
1582 1152 1787 1208 ediscas
1812 1167 1824 1203 :
1851 1164 1972 1204 cum
2005 1147 2104 1201 ali-

521 1254 731 1325 quando
785 1251 1018 1320 Spiritus
1061 1258 1184 1303 ante
1213 1262 1403 1317 aquam
1456 1243 1855 1307 descendisset,
1887 1255 1991 1295 non
2019 1239 2104 1294 hic

522 1346 663 1400 stetit
691 1342 986 1412 apostolus,
1019 1340 1111 1394 sed
1160 1347 1218 1393 ut
1261 1334 1508 1392 ostendat
1564 1335 1700 1389 hanc
1746 1332 2103 1393 necessariam

522 1451 618 1489 nec
636 1434 954 1502 superfluam
978 1421 1119 1497 esse,
1143 1429 1262 1484 vide
1279 1427 1402 1498 quid
1423 1426 1562 1481 dicat
1591 1445 1604 1481 :
1631 1423 1897 1490 Numquid
1919 1437 2103 1491 aquam

518 1527 629 1595 quis
659 1524 918 1593 prohibere
945 1530 1132 1592 potest,
1162 1530 1214 1573 ut
1241 1536 1341 1572 non
1371 1519 1687 1586 baptizentur
1715 1515 1787 1580 Iri,
1817 1517 1898 1582 qui
1932 1512 2104 1581 Spiri-

521 1626 625 1668 tum
643 1627 869 1669 sanctunt
891 1621 1186 1682 acceperunt
1211 1610 1341 1664 sicut
1360 1617 1406 1662 et
1423 1606 1545 1679 nos(
1567 1607 1675 1660 Act.
1701 1607 1720 1659 l
1734 1608 1786 1660 0.
1805 1606 1872 1660 47
1890 1605 1948 1675 )?
1970 1601 2106 1670 Quid

521 1721 647 1776 ergo
675 1719 807 1776 Opus
834 1713 914 1758 est
938 1702 1114 1774 aqua?
1145 1703 1257 1756 Hoc
1276 1700 1386 1770 jam
1415 1699 1584 1753 dicam
1616 1706 1669 1751 ut
1694 1696 1956 1750 occultum
1987 1711 2104 1764 my-

521 1800 739 1852 sterium
772 1797 917 1852 vobis
943 1798 1205 1866 aperiam.
1230 1795 1367 1850 Sunt
1391 1794 1605 1864 quidem
1637 1791 1734 1845 hac
1756 1790 1822 1845 de
1845 1805 1903 1845 re
1927 1789 2107 1842 arcani

520 1885 731 1956 quidam
753 1889 837 1941 alii
864 1903 1173 1950 sermones;
1199 1886 1410 1940 interim
1433 1895 1608 1938 autem
1637 1883 1787 1938 vobis
1825 1897 1891 1936 ex
1928 1879 2107 1934 multis

521 1993 680 2032 unum
708 1978 899 2032 dicam.
928 1978 1056 2045 Quis
1088 1978 1176 2032 ille
1198 1977 1313 2030 est?
1342 1975 1534 2030 Divina
1565 1974 1900 2028 celebrantur
1929 1971 1978 2025 in
2009 1971 2109 2025 hoc

519 2069 762 2140 symbolo
792 2087 804 2121 :
839 2069 1134 2138 sepultura,
1171 2064 1507 2120 mortificatio
1530 2106 1544 2129 ,
1576 2063 1898 2117 resurrectio
1920 2103 1932 2126 ,
1965 2063 2067 2114 vita
2090 2101 2105 2126 ,

521 2170 576 2214 et
602 2160 716 2215 hare
746 2160 900 2213 simul
931 2158 1060 2214 fiunt
1082 2159 1280 2213 Omnia.
1339 2155 1393 2210 In
1424 2170 1561 2225 aqua
1591 2154 1732 2208 enim
1761 2162 2027 2220 tamquam
2056 2153 2105 2204 in

520 2251 766 2319 sepulcro
791 2260 948 2316 caput
973 2247 1411 2318 itnmergentihus
1441 2246 1616 2308 nobis,
1657 2253 1809 2298 vetus
1839 2244 1998 2296 homo
2022 2257 2107 2296 se-

523 2341 714 2409 pelitur
737 2354 800 2394 ae
825 2339 1148 2409 demergitur
1193 2348 1334 2392 totus
1368 2355 1380 2391 :
1411 2336 1605 2392 deinde
1637 2335 1790 2389 nobis
1822 2349 2105 2404 emergen-

523 2429 681 2493 tibus,
711 2445 880 2484 novus
907 2429 1160 2498 exsurgit.
1193 2428 1259 2486 Ut
1287 2429 1430 2484 enim
1485 2426 1639 2481 nobis
1685 2424 1838 2479 facile
1883 2432 1964 2477 est
2006 2424 2108 2476 im-

523 2512 686 2590 mergi
715 2530 768 2575 et
795 2533 975 2591 postea
1003 2536 1278 2591 emergere
1307 2538 1318 2574 :
1348 2521 1425 2574 sic
1449 2520 1558 2574 Deo
1592 2518 1745 2572 facile
1766 2528 1848 2571 est
1876 2525 2107 2570 veterem

522 2611 749 2681 sepelire
777 2612 1068 2679 hominem,
1097 2623 1151 2667 et
1183 2627 1377 2666 novum
1435 2611 1711 2665 inducere.
1765 2610 1869 2664 Ter
1899 2608 2001 2663 hoc
2031 2607 2107 2674 lit,

525 2711 581 2756 ut
621 2703 794 2757 discas
837 2703 1083 2757 virtutem
1139 2703 1308 2758 Patris
1338 2711 1391 2757 et
1424 2701 1549 2756 Filii
1578 2709 1632 2756 et
1660 2701 1890 2770 Spiritus
1942 2701 2108 2753 sancti

527 2795 642 2848 haec
679 2795 856 2848 omnia
889 2795 1128 2864 implere.
1179 2795 1332 2862 Quod
1373 2804 1550 2849 autem
1584 2794 1698 2849 hmo
1726 2809 1829 2848 non
1861 2809 1954 2863 per
1979 2808 2108 2847 con-

521 2886 781 2956 jecturam
809 2887 945 2941 dicta
977 2891 1083 2943 sint
1107 2929 1120 2952 ,
1153 2889 1274 2942 audi
1320 2887 1539 2942 Paulum
1573 2906 1585 2941 :
1617 2887 1910 2956 Consepulti
1938 2902 2111 2940 sumus

524 2993 639 3031 cum
668 2978 756 3032 illo
786 2995 873 3049 per
895 2979 1194 3047 baptismum
1220 2981 1272 3034 in
1303 2990 1508 3034 mortem
1537 2979 1767 3050 (Coloss.
1790 2978 1844 3033 2.
1877 2977 1977 3048 12)
2001 2996 2014 3041 ;
2047 2994 2110 3034 ac

527 3088 759 3139 rursum,
797 3073 948 3128 Vetus
975 3077 1122 3128 homo
1149 3087 1317 3129 noster
1348 3076 1498 3129 simul
1527 3075 1801 3141 cruciﬁxus
1823 3083 1893 3127 est
1923 3073 2107 3140 (Rom.

531 3165 584 3218 6.
615 3164 716 3233 6);
743 3174 794 3218 et
823 3165 1012 3220 iterum
1035 3208 1047 3228 ,
1081 3165 1420 3235 Complantati
1446 3166 1568 3233 [acti
1595 3181 1764 3218 sumus
1793 3165 2112 3219 similitudini

528 3255 699 3308 mortis
719 3255 827 3325 ejus
847 3254 894 3319 (1
903 3257 1058 3311 bidm.
1079 3255 1153 3327 5).
1179 3257 1290 3311 Non
1319 3257 1475 3311 modo
1496 3265 1672 3311 autem
1696 3258 1953 3327 baptisma
1981 3272 2112 3312 crux

528 3345 741 3411 dicitur,
772 3345 863 3400 sed
892 3362 1019 3400 crux
1049 3362 1260 3417 quoque
1288 3347 1566 3417 baptisma.
1599 3346 1862 3416 Baptismo
1892 3365 1990 3418 quo
2018 3365 2111 3420 ego

528 3435 773 3502 baptizcr,
797 3451 879 3489 vos
900 3435 1274 3500 buptizubimini
1293 3437 1478 3498 (Marc.
1510 3437 1595 3491 10.
1619 3437 1722 3507 59)
1748 3453 1761 3501 ;
1793 3452 1853 3492 ac
1875 3453 2107 3507 rursum,

530 3519 791 3592 Huptismo
821 3526 976 3580 habeo
1002 3527 1267 3596 baptizari,
1315 3545 1459 3598 quem
1486 3546 1569 3582 vos
1596 3529 1795 3583 nescitis
1819 3529 1836 3599 (
1861 3528 1982 3583 Luc.
2020 3530 2105 3584 12.

529 3615 661 3684 50).
706 3616 1161 3682 Quemadmodum
1193 3622 1335 3674 enim
1368 3635 1465 3676 nos
1507 3621 1659 3676 facile
1701 3623 2030 3692 baptizamur
2056 3633 2111 3678 et

528 3708 865 3774 emergimns,
886 3708 962 3762 sic
985 3717 1039 3762 et
1063 3710 1148 3764 ille
1175 3720 1410 3765 mortuus
1433 3727 1552 3766 cum
1579 3713 1763 3778 voluit,
1783 3714 2106 3779 resurrexit;

529 3797 636 3849 imo
678 3797 834 3867 longe
863 3798 1087 3863 facilius,
1121 3803 1327 3856 etiamsi
1378 3804 1550 3858 triduo
1579 3820 1672 3874 per
1705 3811 2014 3876 mysterium
2057 3818 2113 3863 et

528 3890 880 3944 (Bconon'tiam
911 3895 1184 3948 manserit.

599 3980 650 4034 3.
693 3977 984 4047 Baptisatos
1015 3992 1068 4033 ut
1098 3983 1248 4053 digne
1276 3983 1525 4048 baptismo
1550 3997 1722 4056 agant,
1767 3988 1990 4041 nondum
2030 3991 2109 4044 ba-

535 4071 746 4136 ptizatos
792 4083 1024 4140 utquam
1065 4076 1281 4142 primum
1314 4075 1629 4144 baptizentur
1671 4077 1921 4134 hortatur.
1965 4080 2110 4135 Cute-

528 4161 757 4215 eltumeni
801 4163 1029 4228 ﬁdelibus
1068 4167 1291 4219 extranei
1319 4177 1453 4219 sunt.
1485 4166 1800 4236 Baptismum
1850 4188 2005 4241 usque
2043 4175 2109 4226 ad

530 4261 734 4305 mortem
777 4251 1062 4317 ili/ferentes
1108 4257 1498 4325 redarguuntnr.
1535 4258 1949 4313 Connuendntur'
1975 4264 2107 4315 elee-

529 4359 756 4412 mosyna.
798 4372 866 4382 -—
907 4343 1125 4399 Talibus
1177 4361 1306 4415 ergo
1345 4347 1545 4415 dignati
1594 4351 1895 4417 mysteriis,
1947 4352 2108 4405 vitam

530 4446 676 4489 tanto
698 4438 838 4490 dono
864 4438 1076 4507 dignam
1101 4439 1468 4505 exhibeamns,
1495 4442 1754 4509 optimum
1789 4443 2106 4498 institutum.

528 4526 625 4592 Qui
655 4542 783 4580 vero
810 4529 1046 4582 nondum
1076 4530 1158 4583 his
1194 4531 1391 4600 dignati
1434 4532 1583 4595 estis,
1629 4535 1805 4586 omnia
1855 4531 2014 4588 facile
2055 4543 2110 4589 nt

531 4618 592 4670 iis
620 4615 932 4686 dignemini,
980 4629 1032 4673 ut
1066 4636 1224 4673 unum
1251 4635 1448 4689 corpus
1478 4622 1794 4685 efficiamur,
1847 4632 1903 4677 ut
1941 4625 2110 4680 simus

528 4707 743 4762 fratres.
796 4709 1057 4774 Quamdiu
1111 4714 1252 4765 enim
1298 4715 1373 4765 sic
1425 4727 1770 4781 separamur,
1813 4715 1911 4768 etsi
1957 4724 2109 4785 pater

527 4798 647 4865 quis
694 4797 868 4863 fuerit,
912 4801 1010 4853 etsi
1063 4801 1249 4872 ﬁlius,_
1280 4804 1378 4855 etsi
1427 4802 1627 4868 frater,
1673 4805 1846 4872 quivis
1894 4805 2106 4860 tandem

528 4892 707 4952 fuerit,
751 4890 984 4945 nondum
1031 4909 1159 4947 vere
1199 4905 1455 4964 cognatus
1497 4905 1598 4959 est,
1653 4910 1773 4950 cum
1813 4913 1840 4948 a
1873 4912 2107 4966 superna

524 4981 844 5049 cognatione
871 4982 939 5036 sit
968 4983 1287 5038 abstractus.
1318 4985 1445 5051 Quae
1477 4987 1619 5039 enim
1650 4986 1852 5040 utilitas
1885 5002 1949 5042 ex
1981 4988 2107 5043 lutei

526 5074 734 5141 generis
772 5073 1169 5142 conjunctiOne,
1213 5089 1333 5128 cum
1371 5076 1718 5145 spiritualiter
1768 5093 1874 5131 non
1923 5093 2107 5134 sumus

527 5164 836 5231 conjuncti?
872 5165 1010 5234 quod
1054 5166 1260 5220 lucrum
1308 5177 1533 5221 terrena
1578 5168 1874 5231 affinitatis,
1901 5184 2020 5224 cum
2054 5171 2107 5224 in

527 5254 672 5306 melis
720 5269 902 5308 sumus
946 5258 1220 5312 extranei?
1285 5257 1583 5313 Extraneus
1625 5260 1821 5327 quippe
1851 5268 1934 5314 est
1965 5268 2108 5315 cate-

527 5345 824 5400 clmmenus
871 5348 1028 5402 fideli.
1059 5349 1238 5417 Neque
1269 5351 1410 5403 enim
1448 5349 1585 5403 idem
1615 5351 1788 5418 ipsum
1821 5363 1981 5418 caput
2009 5351 2106 5404 ha-

533 5435 641 5499 bet,
683 5451 788 5489 non
835 5437 1081 5491 eumdem
1123 5447 1349 5506 patrem,
1381 5455 1484 5495 neu
1522 5443 1764 5495 eamdem
1813 5442 2101 5507 civitatem,

532 5541 636 5578 non
664 5541 864 5588 escam,
900 5542 1005 5581 non
1036 5527 1419 5594 indumentum,
1461 5547 1565 5585 non
1592 5548 1851 5594 mensam,
1871 5532 1961 5584 sed
1991 5547 2104 5585 om-

530 5619 615 5670 nia
647 5627 941 5688 segregata.
997 5617 1208 5672 Etenim
1238 5618 1359 5675 huic
1390 5624 1564 5676 omnia
1596 5625 1644 5676 in
1681 5636 1837 5686 terra,
1891 5623 1966 5676 illi
1993 5638 2106 5677 om-

530 5711 614 5764 nia
644 5710 695 5763 in
723 5712 855 5765 crelo
881 5729 895 5766 :
925 5709 1047 5766 huic
1080 5710 1326 5766 Christus
1354 5730 1445 5769 rex
1477 5725 1576 5778 est,
1627 5716 1698 5769 illi
1747 5723 2022 5784 peccaturo
2054 5725 2106 5770 et

536 5804 780 5859 diabolus
811 5823 821 5858 :
848 5803 975 5860 huic
1021 5804 1269 5861 Christus
1296 5805 1517 5871 delicias,
1570 5807 1641 5863 illi
1681 5807 1974 5877 corruptio.
2025 5807 2105 5861 ln—

2211 499 2522 555 dnmentum
2560 513 2772 569 quoque
2804 497 2876 552 illi
2912 499 3171 552 vermium
3203 512 3363 567 opera
3389 541 3403 561 ,
3437 496 3575 552 huic
3605 495 3831 566 angelo-

2213 607 2327 645 rum
2361 591 2616 646 Dominus
2649 608 2662 644 :
2695 590 2888 644 civitas
2914 589 3038 645 huic
3065 589 3279 657 cmlum,
3331 589 3408 644 illi
3460 601 3648 645 terra.
3705 586 3833 643 Cum

2211 700 2339 755 ergo
2371 683 2499 738 nihil
2526 698 2815 738 commune
2842 681 3154 745 habeamus,
3184 682 3235 735 in
3267 697 3391 752 quo,
3423 696 3659 751 qumso,
3698 695 3841 734 com-

2211 775 2640 831 municabimus?
2695 773 2798 828 Sed
2851 772 3040 828 eodem
3096 781 3269 842 partu,
3310 788 3373 828 ex
3414 774 3626 828 eadem
3677 773 3838 824 vulva

2211 869 2522 941 prodimus?
2570 867 2764 930 Verum
2811 882 2986 938 neque
3024 865 3126 921 hoc
3170 865 3367 920 sufficit
3407 868 3476 920 ad
3523 866 3838 937 genuinam

2212 964 2608 1033 cognationem.
2641 959 2965 1016 Studeamus
2992 958 3171 1030 igitur,
3209 968 3267 1013 ut
3295 972 3551 1028 superna:
3589 957 3840 1013 civitatis

2212 1055 2355 1109 cives
2398 1056 2587 1109 simus.
2634 1051 2923 1120 QuouSqne
2973 1051 3026 1104 in
3083 1049 3273 1104 exsilio
3325 1064 3650 1112 manemus,
3713 1062 3836 1101 cum

2211 1155 2484 1215 cporteret
2513 1155 2744 1198 veterem
2778 1150 3020 1212 repetere
3043 1141 3266 1211 patriam
3293 1141 3316 1193 ’ἔ
3353 1138 3543 1210 Neque
3577 1139 3740 1195 enim
3771 1138 3840 1193 de

2214 1255 2272 1294 re
2303 1240 2499 1294 nullius
2537 1238 2688 1309 pretii
2722 1237 3013 1306 periculum
3044 1244 3147 1290 est.
3181 1235 3287 1290 Sed
3313 1235 3358 1289 si
3388 1235 3635 1298 accidat,
3688 1233 3838 1300 quod

2216 1332 2356 1386 Deus
2399 1340 2626 1397 avertat,
2669 1331 3030 1399 inexspectata
3075 1340 3248 1384 morte
3279 1343 3385 1383 non
3415 1329 3678 1384 initiatos
3713 1327 3840 1382 hinc

3698 1418 3838 1474 nihil

2215 1515 2357 1569 aliud
2387 1530 2484 1570 nos
2517 1514 2771 1584 excipiet,
2803 1527 2962 1583 quam
2989 1510 3232 1583 geheuna
3261 1519 3316 1566 et
3342 1511 3546 1567 vermis
3583 1525 3835 1566 venena-

2217 1616 2323 1669 tus,
2357 1607 2490 1678 ignis
2521 1603 2990 1673 inexstinguibilis,
3025 1602 3234 1656 vincula
3263 1600 3594 1656 insolubilis.
3617 1599 3835 1655 Verum

2215 1699 2354 1753 absit
2380 1708 2434 1752 ιιι
2463 1697 2726 1768 quispiam
2754 1697 3054 1750 auditorum
3099 1694 3418 1764 supplicium
3467 1693 3605 1748 illud
3659 1708 3836 1763 expe—

2213 1422 2407 1492 abripi,
2451 1425 2610 1478 etiam
2657 1423 2700 1477 si
2745 1423 2889 1476 mille
2937 1421 3092 1475 bonis
3141 1421 3384 1475 instructi
3420 1420 3623 1482 simus,

2215 1792 2404 1847 riatur.
2435 1790 2587 1859 Quod
2637 1789 2938 1850 vitabimus,
2988 1789 3030 1842 si
3063 1787 3232 1841 sacris
3273 1787 3548 1858 mysteriis
3576 1786 3830 1853 dignati,

2215 1899 2434 1949 aurum,
2479 1893 2757 1952 argentum
2799 1893 2854 1936 et
2898 1879 3098 1949 lapides
3147 1879 3414 1949 pretiosos
3469 1894 3569 1948 pro
3623 1878 3830 1932 funda-

2216 1983 2398 2029 mento
2438 1989 2717 2044 ponamus.
2769 1973 2858 2027 Sic
2897 1973 3037 2026 enim
3071 1971 3366 2041 poterimus
3393 1970 3484 2024 illo
3508 1972 3794 2026 abeuntes
3816 2010 3829 2026 .

2218 2066 2410 2120 divites
2440 2080 2721 2134 apparere,
2767 2061 2982 2133 quando
3025 2077 3130 2116 non
3181 2060 3268 2116 hic
3293 2062 3552 2131 pecunias
3584 2061 3832 2131 relique—

2219 2160 2406 2222 rimus,
2458 2157 2550 2212 sed
2595 2157 2659 2211 ad
2703 2167 2841 2210 tutos
2888 2155 3005 2209 illos
3049 2153 3329 2209 thesauros
3360 2155 3831 2208 transmiserimus

2220 2267 2314 2319 per
2338 2265 2529 2306 manus
2560 2265 2851 2319 pauperum
2878 2265 2892 2313 ;
2943 2248 3157 2318 quando
3185 2246 3402 2301 Christo
3429 2255 3683 2300 mutuum
3733 2246 3830 2300 de-

2216 2344 2476 2400 derimus.
2536 2343 2694 2397 Multa
2739 2342 2999 2396 debemus
3041 2340 3172 2406 illic,
3226 2354 3329 2393 non
3380 2341 3672 2409 pecunias,
3727 2337 3827 2416 sed

2219 2445 2456 2504 peccata.
2490 2436 2671 2488 Mutuo
2699 2434 2858 2504 igitur
2887 2433 2960 2486 illi
2995 2431 3248 2501 pecunias
3277 2431 3489 2495 demus,
3540 2440 3604 2484 ut
3648 2431 3827 2499 impe-

2221 2538 2421 2580 tremus
2447 2526 2818 2580 remissionem
2852 2533 3212 2594 peccatorum.
3260 2523 3377 2593 Ipse
3424 2523 3568 2577 enim
3599 2532 3689 2578 est
3732 2523 3824 2592 qui

2217 2617 2440 2688 jndicat.
2482 2620 2557 2674 Ne
2585 2619 2941 2689 despiciamus
2969 2618 3114 2672 illum
3145 2617 3231 2670 hic
3260 2616 3611 2681 esurientem,
3662 2625 3724 2670 ut
3771 2625 3825 2670 et

2221 2712 2333 2780 ipse
2374 2724 2472 2764 nos
2519 2709 2588 2763 ibi
2630 2708 2849 2762 nutriat.
2895 2707 2992 2761 llic
3038 2705 3320 2760 induamus
3359 2707 3556 2774 ipsum,
3608 2714 3664 2759 ut
3712 2720 3821 2759 non

2221 2801 2484 2867 relinquat
2511 2812 2608 2851 nos
2635 2796 2808 2851 nudos
2839 2795 3137 2866 patrocinio
3168 2810 3286 2850 suo.
3332 2794 3388 2850 Si
3413 2794 3502 2850 hic
3532 2794 3606 2848 illi
3633 2805 3822 2864 potum

2217 2890 2546 2956 dederimus,
2577 2904 2682 2943 non
2714 2889 2953 2944 dicemus
2975 2903 3097 2942 cum
3125 2887 3288 2942 divite
3321 2908 3335 2942 :
3367 2885 3516 2941 Mitte
3533 2886 3818 2953 Lazarum,

2219 2992 2273 3035 ut
2310 2983 2530 3052 intingat
2559 2990 2834 3035 extremum
2871 2980 3017 3049 digiti
3056 2980 3135 3033 sui
3175 2979 3229 3032 in
3260 2995 3410 3047 aqua,
3460 2987 3515 3031 ut
3554 2981 3822 3049 τερ-ξρετε.

2220 3053 2450 3144 linguam
2476 3081 2700 3124 nostram
2747 3072 2984 3124 adustam
3034 3069 3182 3140 (Luc.
3219 3069 3304 3124 16.
3335 3067 3447 3136 24).
3496 3068 3554 3124 Si
3583 3067 3670 3123 hic
3695 3084 3820 3122 cum

2220 3167 2365 3221 domi
2408 3165 2754 3234 accipiamus,
2802 3164 2911 3218 illic
2937 3162 3131 3217 multas
3154 3162 3310 3216 nobis
3343 3161 3552 3231 parabit
3581 3162 3817 3217 mansio-

2221 3273 2335 3311 nes.
2381 3255 2436 3310 Si
2486 3255 2778 3309 iuvisamus
2812 3268 2933 3309 eum
2978 3253 3030 3306 in
3079 3250 3649 3316 carcereldetentum,
3704 3252 3819 3320 ipse

2219 3364 2429 3420 quoque
2460 3362 2558 3402 nos
2602 3363 2632 3401 a
2663 3347 2889 3401 vinculis
2930 3343 3198 3400 liberabit.
3254 3343 3308 3400 Si
3347 3343 3494 3398 illum
3549 3343 3818 3415 hospitem

2218 3438 2611 3508 exceperimus,
2637 3452 2741 3491 non
2768 3436 3028 3506 despiciet
3059 3450 3173 3498 nos,
3204 3436 3292 3506 qui
3325 3437 3590 3504 peregrini
3633 3446 3689 3490 et
3718 3437 3816 3490 ho-

2220 3531 2385 3599 spites
2411 3545 2597 3585 sumus
2628 3531 2679 3583 in
2724 3543 2894 3598 regno
2926 3528 3203 3592 culorum,
3230 3525 3324 3581 scd
3353 3542 3599 3596 superna:
3626 3529 3817 3582 civita-

2223 3623 2288 3675 tis
2318 3631 2598 3675 consortes
2626 3620 2832 3674 reddet.
2894 3619 2946 3675 Si
2979 3619 3250 3673 infirmum
3304 3618 3452 3673 illum
3499 3620 3814 3683 invisamus,

2221 3713 2326 3766 cito
2369 3726 2468 3765 nos
2507 3711 2594 3764 ille
2624 3710 2874 3763 liberabit
2921 3708 2988 3762 ah
3037 3707 3440 3762 infirmitatibus
3480 3711 3705 3762 nostris.
3750 3709 3817 3764 Ut

2220 3817 2346 3871 ergo
2389 3801 2478 3869 qui
2521 3814 2710 3868 magna
2745 3814 2839 3867 pro
2887 3799 3063 3871 parvis
3102 3797 3256 3854 donis
3303 3799 3655 3871 accipiamus,
3707 3801 3815 3858 sal-

2221 3903 2325 3948 tem
2359 3891 2444 3947 illa
2476 3890 2664 3962 exigua
2694 3889 2899 3954 demus,
2947 3901 3006 3945 ut
3044 3893 3272 3946 maxima
3306 3908 3630 3946 mercemur.
3685 3895 3814 3948 Dum

2219 3986 2390 4040 adhuc
2435 3995 2644 4053 tempus
2685 3992 2786 4046 est,
2832 3984 3196 4048 sernincmus,
3253 3992 3309 4036 ut
3349 3993 3636 4038 metamus.
3684 3987 3813 4041 Cum

2219 4078 2359 4132 enim
2393 4077 2564 4132 hiems
2590 4075 2890 4138 advenerit,
2925 4090 3046 4129 cum
3081 4091 3226 4129 mare
3276 4090 3381 4130 non
3415 4076 3551 4130 ultra
3599 4082 3815 4150 naviga-

2220 4170 2326 4224 bile
2374 4170 2493 4234 erit,
2554 4178 2681 4222 tunc
2730 4184 2835 4222 non
2886 4182 3048 4236 penes
3093 4182 3190 4221 nos
3220 4169 3323 4221 erit
3373 4170 3655 4239 negotiari.
3709 4171 3812 4226 Sed

2219 4261 2432 4330 quando
2469 4261 2572 4314 erit
2619 4259 2834 4312 hiems?
2883 4259 3015 4312 Cum
3058 4258 3338 4313 advenerit
3385 4259 3502 4314 dies
3551 4262 3639 4316 ille
3697 4279 3813 4317 ma-

2221 4367 2354 4421 gnus
2402 4360 2456 4404 et
2503 4350 2844 4416 corISpicuus.
2897 4347 3049 4402 Tunc
3070 4349 3213 4403 enim
3247 4365 3352 4404 non
3385 4350 3486 4405 hoc
3521 4367 3668 4407 mare
3699 4369 3812 4408 ma-

2220 4460 2382 4514 gnum
2452 4453 2507 4497 et
2574 4443 2868 4512 spatiosum
2932 4441 3352 4510 navigabimus:
3397 4444 3529 4498 mari
3584 4460 3815 4516 namque

2219 4549 2456 4605 pncscns
2483 4534 2587 4588 vita
2613 4533 2804 4587 sinulis
2845 4541 2946 4586 est.
3004 4532 3154 4587 Nunc
3191 4533 3404 4588 serendi
3451 4544 3664 4606 tempus
3711 4549 3812 4605 est,

2219 4639 2342 4683 tunc
2375 4627 2608 4682 metendi
2659 4634 2714 4681 et
2745 4625 3007 4679 lucrandi.
3041 4625 3094 4680 Si
3124 4627 3243 4696 quis
3273 4629 3532 4684 sementis
3563 4638 3809 4701 tempore

2218 4721 2421 4773 semina
2454 4734 2559 4772 non
2604 4718 2816 4786 jecerit,
2859 4717 2903 4771 si
2947 4726 3190 4786 tempore
3237 4720 3430 4774 messis
3468 4733 3616 4775 serat
3654 4723 3808 4778 inuti.

2219 4811 2360 4874 liter,
2405 4826 2532 4863 sane
2561 4808 2818 4864 ridiculus
2859 4809 2983 4862 erit.
3019 4807 3075 4864 Si
3107 4809 3319 4864 serendi
3352 4812 3421 4864 sit
3448 4822 3678 4881 tempus,
3708 4831 3814 4869 non

2215 4906 2323 4973 jam
2369 4902 2746 4973 colligendum,
2798 4901 2894 4957 sed
2943 4902 3230 4958 serendum
3279 4912 3383 4959 est.
3425 4885 3812 4974 Dis-pergamus

2218 4997 2378 5067 igitur
2423 5005 2480 5049 ut
2509 4995 2858 5065 colligamus;
2906 5009 2974 5049 ne
3013 4994 3124 5064 jam
3163 4993 3418 5065 colligere
3464 5005 3813 5066 satagamus,

2217 5106 2284 5143 ne
2310 5104 2541 5145 messem
2590 5088 2895 5158 perdamus.
2941 5087 3073 5142 Nam
3106 5087 3209 5142 hoc
3249 5097 3498 5158 tempus,
3553 5098 3611 5144 ut
3657 5090 3810 5158 dixi,

2217 5181 2284 5235 ad
2312 5180 2602 5236 serendum
2631 5189 2843 5244 evocat,
2892 5186 2949 5234 et
2990 5178 3055 5234 ad
3083 5179 3437 5249 erogandum,
3466 5195 3573 5237 non
3602 5182 3668 5236 ad
3696 5185 3813 5239 col-

2224 5272 2493 5341 ligendum
2526 5281 2577 5326 et
2604 5269 3026 5326 recondendum.
3057 5270 3132 5326 Ne
3154 5271 3333 5341 itaque
3354 5276 3811 5342 opportunitatem

2221 5364 2560 5427 amittamus,
2599 5363 2692 5417 sed
2748 5362 2978 5416 ubertim
3027 5378 3210 5417 semen
3255 5364 3540 5431 jaciamus,
3589 5379 3690 5420 nec
3736 5368 3811 5422 rei

2219 5453 2466 5507 familiari
2511 5454 2618 5507 ullo
2661 5453 2819 5507 modo
2868 5468 3173 5523 parcamus,
3225 5462 3280 5506 ut
3319 5468 3436 5507 eam
3465 5469 3587 5508 cum
3617 5471 3812 5526 magno

2215 5546 2537 5613 recipiamus
2566 5545 2791 5605 femore,
2825 5545 2992 5613 gratia
3025 5555 3079 5599 et
3113 5545 3443 5613 benignitate
3477 5546 3688 5602 Domini
3725 5565 3810 5604 no

2216 5637 2310 5691 stri
2351 5635 2477 5692 Jesu
2503 5635 2723 5700 Christi,
2755 5637 2967 5706 quicbm
2991 5636 3133 5690 Patri
3161 5636 3352 5706 gloria,
3381 5653 3593 5708 unaque
3625 5638 3796 5709 Spiri-

2216 5729 2286 5782 tui
2315 5736 2518 5791 sancto,
2551 5727 2601 5781 in
2633 5728 2824 5781 secula
2859 5727 3200 5782 saeculorum.
3234 5729 3424 5784 Amen.

3741 384 3840 442 15's
