4048 6448
169 442 273 499 153

1209 423 1272 479 ΙΝ
1311 416 1626 478 ΙΟΑΝΝΕΜ
1670 412 1902 471 ιιοδιιι..
1945 407 2140 466 XXVI.
2186 406 2262 463 al.
2302 397 2474 461 XXV.

3390 384 3490 442 154

182 523 3493 597 ____________________________________—

1530 629 1879 696 HOMILIA
1918 625 2161 688 XXVI.

161 811 219 865 6.
264 804 413 870 Quod
444 812 621 856 natum
649 808 721 852 est
754 815 818 851 ex
856 811 1036 858 carne.
1069 806 1188 846 caro
1216 798 1320 850 est;
1346 795 1392 840 et
1436 780 1572 850 quod
1601 785 1777 832 natum

567 902 640 946 est
679 906 742 946 ea:
785 887 1006 960 Spiritu,
1035 878 1359 952 spiritus'est.

247 1036 298 1089 Ι.
344 1029 550 1103 Magnis
599 1043 698 1083 nos
740 1023 1016 1097 mysteriis
1046 1020 1296 1091 dignatus
1341 1021 1428 1072 est
1474 1009 1780 1082 unigenitus

171 1125 344 1182 Filius
389 1125 522 1186 Dei;
569 1119 815 1191 magnis,
862 1128 917 1174 et
963 1115 1162 1187 quibus
1187 1110 1332 1182 digni
1372 1123 1480 1162 non
1528 1118 1766 1168 eramus,

172 1215 274 1272 sed
306 1231 426 1286 qua:
455 1211 684 1268 decebat
723 1211 872 1264 illum
919 1207 1070 1262 dare.
1104 1203 1237 1259 Nam
1290 1201 1334 1256 si
1368 1198 1560 1254 merita
1599 1203 1782 1251 nostra

172 1308 300 1379 quis
323 1283 561 1375 reputet,
610 1317 715 1358 non
747 1300 921 1357 solum
965 1298 1110 1352 dono
1152 1308 1371 1351 eramus
1415 1288 1643 1360 indigni,
1687 1283 1782 1341 sed

173 1399 446 1470 supplicio
486 1409 541 1453 et
583 1396 769 1452 ultioni
815 1392 1054 1450 obnoxii.
1098 1389 1204 1446 Sed
1249 1387 1301 1444 id
1353 1401 1459 1441 non
1491 1382 1786 1453 respiciens

174 1494 312 1573 ille,
343 1507 453 1548 non
501 1490 666 1546 modo
692 1504 790 1544 nos
815 1504 844 1542 a
876 1483 1142 1557 supplicio
1173 1481 1439 1548 liberavit,
1481 1476 1578 1534 sed
1621 1477 1784 1531 vitam

173 1588 408 1658 largitus
424 1593 506 1640 est
532 1582 696 1654 priori
721 1582 880 1651 longe
905 1579 1212 1641 clariorem;
1238 1576 1291 1630 in
1322 1573 1486 1629 alium
1516 1584 1614 1625 nos
1631 1584 1790 1622 mun-

172 1678 309 1733 dum
336 1676 564 1740 induxit,
597 1674 754 1728 aliam
784 1670 1022 1729 condidit
1051 1677 1356 1724 creaturam
1383 1682 1396 1719 :
1429 1663 1492 1719 Si
1520 1678 1621 1732 qua
1654 1661 1789 1716 enim

177 1773 235 1826 in
263 1769 469 1826 Christo
510 1782 640 1821 nova
678 1775 912 1819 creatura
944 1761 1018 1834 (2.
1053 1764 1171 1814 Cor.
1204 1757 1405 1828 5.17),
1441 1754 1631 1824 inquit.
1659 1751 1791 1821 Qua:

180 1877 326 1918 nova
352 1856 636 1916 creatura?
681 1854 819 1911 Audi
849 1855 1023 1923 ipsum
1052 1870 1064 1904 :
1095 1850 1216 1906 Nisi
1235 1849 1348 1920 quis
1377 1857 1528 1902 natus
1548 1846 1700 1916 fuerit
1730 1858 1794 1898 ea:

177 1972 318 2022 aqua
342 1963 390 2010 et
417 1950 643 2024 Spiritu,
677 1965 778 2003 non
804 1947 984 2018 poterit
1013 1946 1205 1998 intrare
1225 1943 1277 1995 in
1305 1956 1518 2011 regnum
1549 1936 1668 1993 Dei.
1694 1935 1795 1991 Pa-

180 2048 402 2104 radisus
431 2043 589 2101 nobis
607 2038 955 2098 concreditus
985 2038 1081 2092 fuit
1114 2038 1130 2069 ³
1159 2079 1172 2104 ,
1208 2049 1384 2105 neque
1416 2031 1562 2103 digni
1596 2029 1795 2085 fuimus

181 2141 277 2210 qui
303 2138 416 2193 illic
442 2149 806 2200 versaremur,
836 2143 889 2188 et
919 2133 972 2186 in
1003 2130 1192 2186 ca-lum
1212 2143 1310 2184 nos
1329 2126 1549 2183 extulit.
1575 2123 1632 2178 in
1651 2123 1797 2194 prio-

183 2233 340 2290 ribus
362 2229 548 2286 fideles
565 2243 671 2284 non
693 2228 990 2292 fueramus,
1012 2233 1066 2279 et
1095 2223 1297 2294 majora
1327 2232 1507 2277 tamen
1532 2219 1749 2275 tradidit
1778 2233 1792 2270 :

186 2338 297 2380 non
332 2320 606 2393 potuimus
644 2320 714 2376 ab
749 2333 858 2373 uno
885 2317 1160 2372 abstinere
1198 2315 1345 2384 ligno
1368 2353 1384 2380 ,
1431 2319 1488 2367 et
1535 2324 1800 2381 supernas

187 2414 424 2488 praebuit
454 2412 676 2468 delicias
706 2428 724 2468 :
757 2411 810 2466 in
853 2408 1104 2481 paradiso
1147 2421 1255 2462 non
1298 2402 1796 2475 perseveravimus,

188 2517 248 2564 et
278 2505 446 2562 caelos
477 2504 631 2559 nobis
651 2502 881 2574 aperuit.
904 2499 1034 2556 Jure
1065 2498 1202 2553 dixit
1225 2497 1423 2553 Paulus
1455 2513 1470 2548 :
1505 2493 1551 2551 Ο
1579 2493 1800 2548 altitudo

187 2604 493 2660 divitiarum
521 2598 789 2671 sapientia:
827 2605 873 2652 et
911 2595 1137 2651 scientia
1169 2592 1264 2649 Dei
1309 2592 1500 2664 (Rom.
1530 2591 1617 2647 Η.
1647 2589 1758 2659 55)
1784 2589 1799 2644 l

187 2694 313 2752 Non
348 2693 487 2749 ultra
527 2700 719 2755 mater,
752 2704 861 2744 non
905 2688 1041 2743 ultra
1073 2694 1260 2756 partus
1284 2724 1298 2750 ,
1327 2698 1434 2738 non
1457 2680 1668 2746 somni,
1695 2694 1802 2734 non

189 2787 518 2846 concubitus
541 2796 596 2842 et
623 2783 905 2854 amplexus
937 2797 951 2835 :
985 2794 1201 2836 sursum
1230 2775 1445 2832 tandem
1472 2785 1678 2830 natura:
1701 2787 1801 2827 no-

191 2889 328 2937 stra:
360 2879 560 2935 texitur
584 2875 860 2946 Opiflcium
886 2889 950 2927 ex
969 2871 1172 2942 Spiritu
1194 2879 1249 2925 et
1268 2882 1427 2937 aqua.
1453 2869 1605 2936 Aqua
1623 2874 1804 2919 autem

191 2980 478 3041 assumpta
509 2976 594 3025 est
616 3009 631 3034 ,
665 2975 851 3038 partus
873 2965 1056 3037 genito
1086 2960 1246 3018 facta.
1277 2959 1429 3028 Quod
1470 2966 1557 3012 est
1606 2959 1804 3012 matrix

193 3060 507 3135 embryoni,
541 3060 642 3115 hoc
673 3068 758 3114 est
786 3073 921 3128 aqua
946 3055 1088 3110 fideli
1115 3070 1130 3109 :
1158 3053 1212 3107 in
1244 3066 1379 3122 aqua
1413 3049 1558 3106 enim
1593 3047 1809 3119 fingitur

191 3169 254 3215 et
281 3156 564 3211 formatur.
594 3151 831 3206 Primum
867 3147 1184 3204 dicebatur:
1217 3143 1512 3198 Producant
1549 3156 1700 3213 aqua:
1724 3156 1806 3194 re-

193 3249 323 3323 ptile
346 3247 535 3302 animm
557 3244 764 3299 virentis
789 3240 944 3313 (Gen.
965 3242 1019 3295 l.
1035 3237 1130 3309 20)
1155 3255 1170 3304 ;
1198 3252 1263 3294 ex
1285 3251 1393 3308 quo
1415 3246 1595 3291 autem
1620 3233 1811 3289 Jorda-

197 3345 285 3400 uis
308 3342 508 3399 ﬂuenta
535 3340 810 3410 ingressus
834 3344 917 3392 est
944 3333 1224 3398 Dominus,
1263 3347 1368 3386 non
1423 3330 1658 3401 amplius
1713 3344 1804 3383 re-

198 3441 353 3513 ptilia
406 3438 706 3493 animarum
763 3432 1076 3498 viventium,
1111 3427 1206 3485 sed
1261 3427 1468 3481 animas
1518 3423 1812 3480 rationales

200 3532 470 3604 Spiritum
498 3538 745 3584 sanctum
790 3527 1025 3580 ferentes
1071 3537 1206 3592 aqua
1252 3519 1519 3590 producit.
1563 3518 1640 3572 Ac
1670 3514 1811 3586 quod

197 3627 273 3684 de
299 3625 418 3682 sole
455 3623 658 3680 dictum
687 3631 809 3687 est,
841 3618 1122 3689 Tamquam
1164 3630 1383 3686 sponsus
1431 3611 1710 3681 procedens
1751 3609 1814 3663 de

202 3718 437 3774 thalamo
472 3731 564 3770 suo
599 3711 773 3789 (Psal.
806 3711 893 3768 i8.
924 3707 1020 3779 6);
1056 3709 1106 3763 id
1143 3707 1211 3762 de
1253 3705 1502 3761 fidelibus
1542 3703 1656 3774 jam
1707 3700 1812 3756 dici

204 3813 399 3882 possit,
424 3809 516 3880 qui
563 3805 960 3878 splendidiores
983 3816 1143 3874 quam
1183 3798 1264 3855 sol
1297 3796 1557 3855 emittunt
1607 3792 1812 3850 radios.

202 3904 316 3963 Sed
346 3901 490 3974 quod
517 3899 572 3955 in
614 3900 771 3954 vulva
803 3895 1067 3951 formatur
1091 3935 1107 3960 ,
1153 3899 1399 3960 tempore
1437 3901 1574 3957 opus
1617 3885 1812 3952 habet;

204 4000 264 4054 in
295 4010 432 4067 aqua
463 4006 592 4049 vero
637 4006 744 4045 non
775 3988 887 4052 sic,
939 3985 1034 4042 sed
1092 3997 1201 4038 uno
1252 3979 1514 4051 temporis
1543 3987 1818 4034 momento

208 4083 346 4145 ﬁunt
375 4086 575 4142 omnia.
609 4082 708 4139 Ubi
734 4079 878 4136 enim
911 4077 1052 4134 ﬂuxa
1093 4076 1200 4131 vita
1229 4089 1297 4130 ex
1324 4073 1584 4143 corp'orea
1625 4085 1814 4124 corru-

207 4185 397 4254 ptione
424 4177 743 4250 principium
763 4173 1142 4240 habet,moras
1169 4166 1332 4222 trahit
1354 4165 1407 4221 id
1436 4163 1580 4234 quod
1611 4163 1818 4232 paritur

208 4272 376 4349 (talis
401 4270 599 4341 quippe
627 4275 711 4323 est
732 4277 1023 4336 corporum
1054 4267 1244 4314 natura
1271 4277 1284 4313 :
1314 4265 1558 4325 tempore
1586 4253 1672 4307 illa
1699 4268 1820 4323 per-

209 4346 502 4426 fectionem
533 4362 841 4435 acquirunt)
871 4377 886 4415 :
915 4355 1216 4429 spiritualia
1264 4366 1394 4408 vero
1422 4365 1529 4405 non
1568 4349 1666 4404 sic.
1712 4346 1818 4403 Sed

209 4461 382 4535 quid?
415 4461 461 4515 Δ
490 4457 751 4529 principio
781 4454 1018 4524 perlecta
1049 4458 1190 4504 sunt.
1214 4447 1412 4502 Verum
1438 4445 1564 4516 quia
1595 4441 1823 4498 Nicode-

213 4569 338 4612 mus
385 4553 503 4609 lucc
532 4550 846 4619 frequenter
891 4543 1115 4598 audiens
1147 4538 1484 4601 turbabatur,
1518 4535 1636 4591 vide
1682 4549 1790 4605 quo

213 4645 379 4704 modo
405 4643 504 4716 ipsi
532 4639 774 4714 mysterii
825 4651 1080 4692 arcanum
1106 4631 1334 4703 aperiat,
1367 4637 1421 4684 et
1464 4627 1668 4684 clarum
1697 4627 1822 4681 red-

215 4743 311 4799 dat
338 4739 390 4796 id
415 4737 555 4810 quod
586 4736 872 4791 obscurum
905 4739 1063 4786 antea
1083 4737 1232 4793 erat,
1268 4741 1389 4782 cum
1418 4723 1493 4779 ait
1524 4740 1537 4776 :
1566 4721 1716 4790 Quod
1739 4737 1824 4775 na-

218 4845 328 4889 tum
349 4841 422 4887 est
447 4845 510 4884 ea:
528 4843 702 4892 carne,
725 4841 846 4879 caro
874 4832 946 4876 est
965 4837 984 4887 ;
1005 4830 1052 4876 et
1073 4819 1209 4890 quod
1229 4828 1406 4871 natum
1428 4827 1499 4870 est
1523 4831 1585 4869 ea:
1599 4813 1818 4884 Spiritu,

219 4926 436 4998 spiritus
475 4931 569 4976 est.
599 4919 775 4989 ipsum
807 4915 1022 4972 abducit
1046 4930 1075 4969 a
1103 4913 1266 4969 rebus
1295 4911 1545 4966 omnibus
1572 4909 1672 4964 sub
1701 4922 1826 4963 sen-

221 5035 344 5077 sum
377 5013 722 5078 cadentibus,
757 5025 932 5082 neque
966 5008 1091 5064 sinit
1119 5006 1398 5076 corporeis
1419 5003 1593 5059 oculis
1617 5011 1828 5074 myste-

225 5111 305 5165 ria
335 5105 587 5165 scrutari.
634 5102 752 5159 Non
779 5101 847 5157 de
867 5116 1062 5164 carne,
1095 5098 1299 5167 inquit,
1342 5095 1680 5159 disserimus,
1731 5090 1826 5158 sed

223 5202 300 5257 de
331 5198 560 5271 spiritu,
613 5210 648 5251 o
680 5192 993 5250 Nicodeme.
1038 5190 1257 5246 interim
1302 5203 1426 5244 eum
1474 5187 1542 5243 ad
1593 5201 1827 5256 superna

227 5291 574 5350 transmittit.
599 5287 741 5344 Nihil
772 5301 901 5356 ergo
940 5283 1138 5339 sensile
1167 5295 1377 5353 qua-ras
1409 5299 1422 5334 :
1453 5295 1576 5336 nam
1598 5279 1828 5350 Spiritus

228 5386 312 5440 bis
339 5383 513 5439 oculis
542 5396 648 5436 non
678 5379 1003 5450 percipitur:
1033 5389 1206 5446 neque
1227 5382 1383 5445 putes
1422 5372 1565 5442 quod
1609 5383 1826 5425 carnem

227 5476 466 5547 Spiritus
496 5474 686 5544 pariat.

299 5564 490 5621 Christi
527 5578 648 5617 caro
688 5559 941 5634 quomodo
984 5569 1125 5614 nata.
1160 5557 1452 5628 Explicatio
1479 5555 1642 5621 illius,
1675 5552 1827 5621 Quod

234 5669 417 5715 natum
446 5666 528 5711 est
557 5671 618 5711 ex
649 5655 860 5724 spiritu,
881 5652 1102 5722 spiritus
1118 5659 1221 5715 est,
1241 5661 1286 5702 et
1306 5647 1469 5712 illius,
1490 5645 1720 5723 Spiritus
1740 5644 1828 5698 ubi

242 5810 310 5932 d"
334 5813 543 5875 Quidam
580 5812 784 5862 Codices
817 5810 1000 5860 habent
1045 5822 1056 5858 :
1097 5816 1130 5857 ε
1170 5804 1461 5868 possessione
1505 5808 1652 5853 terra:
1693 5797 1834 5852 exci-

279 5891 418 5932 anius.

279 5891 418 5935 imus.

1888 769 2002 823 vult
2029 767 2298 836 spirat.-—
2317 762 2603 832 Quomodo
2630 775 2780 830 ergo,
2809 759 3008 815 dixerit
3036 758 3172 813 forte
3211 756 3502 828 quispiam,

1891 860 2123 925 Domini,
2158 873 2287 914 caro
2329 867 2452 912 nata
2491 855 2619 911 est?
2645 853 2762 908 Non
2811 867 2840 905 a
2883 851 3087 922 Spiritu
3121 857 3365 914 tantum,
3407 845 3501 901 sed

1887 955 2050 1009 etiam
2098 967 2127 1007 a
2160 965 2356 1013 carne;
2402 947 2548 1021 quod
2577 945 2777 1003 Paulus
2828 945 2912 999 bis
2954 943 3133 998 verbis
3181 939 3454 1011 significat
3491 955 3503 992 :

1890 1045 2114 1102 Factum
2140 1061 2205 1099 ea:
2229 1042 2470 1108 audiere,
2509 1045 2706 1113 factum
2728 1038 2820 1092 sub
2847 1038 2958 1109 lege
2978 1034 3120 1108 (Gal.
3149 1035 3205 1090 4.
3231 1033 3304 1104 4).
3335 1031 3506 1102 Spiri-

1892 1149 1979 1195 tus
2009 1139 2154 1196 enim
2179 1137 2328 1192 illam
2349 1135 2429 1190 sic
2451 1130 2726 1198 formavit,
2752 1147 2859 1186 non
2892 1144 2958 1184 ex
2989 1127 3159 1182 nihilo
3189 1143 3203 1179 :
3235 1140 3356 1180 nam
3379 1122 3507 1195 quid

1891 1246 2027 1304 opus
2053 1231 2241 1287 fuisset
2264 1227 2459 1284 vulva?
2489 1225 2583 1284 sed
2627 1241 2692 1280 ex
2726 1222 2966 1295 virginea
2997 1236 3162 1276 carne
3192 1238 3207 1274 :
3236 1225 3512 1291 quomodo

1893 1335 2097 1392 autem,
2129 1339 2236 1396 non
2271 1337 2492 1394 possum
2523 1318 2818 1390 explicare.
2844 1312 2977 1371 illud
3008 1327 3170 1384 porro
3187 1312 3383 1367 factum
3405 1318 3511 1372 est.

1895 1437 1964 1478 ne
1982 1420 2103 1491 quis
2127 1419 2364 1475 alienum
2392 1432 2421 1471 a
2452 1424 2642 1471 natura
2677 1418 2859 1466 nostra
2893 1415 3107 1480 partum
3141 1406 3288 1462 illum
3318 1401 3510 1460 existi-

1897 1520 2089 1567 maret.
2122 1509 2253 1565 Nam
2283 1509 2328 1564 si
2359 1524 2417 1562 re
2446 1507 2525 1562 sic
2556 1511 2707 1576 gesta
2729 1543 2746 1570 ,
2777 1510 2906 1557 sunt
2946 1508 3127 1554 tamen
3157 1495 3373 1567 quidam
3421 1493 3514 1564 qui

1897 1603 2062 1658 talem
2093 1597 2456 1656 non‘credunt
2484 1593 2933 1668 generationem;
2962 1588 3063 1644 nisi
3094 1584 3375 1657 virginalis
3395 1598 3517 1639 car-

1899 1694 1982 1749 nis
2011 1692 2287 1764 particeps
2318 1687 2530 1753 fuisset,
2564 1699 2672 1756 quo
2701 1698 2808 1740 non
2837 1679 3215 1753 prorupissent
3261 1674 3514 1747 impieta-

1900 1787 2014 1844 tis?
2050 1785 2201 1855 Quod
2248 1792 2425 1838 natum
2464 1791 2533 1836 est
2563 1795 2626 1835 ex
2657 1777 2896 1849 Spiritu,
2943 1773 3156 1854 spiritus
3199 1780 3292 1824 est.
3326 1766 3519 1824 Viden‘

1902 1879 2136 1950 Spiritus
2168 1873 2520 1946 dignitatem?
2550 1871 2682 1927 Nam
2713 1869 2810 1925 Dei
2841 1882 2980 1938 epos
3007 1866 3097 1921 ille
3123 1863 3311 1926 efficit.
3343 1860 3518 1931 Supra

1900 1975 2137 2037 dicebat,
2165 1970 2249 2027 Ea:
2283 1969 2392 2026 Deo
2417 1969 2525 2023 uati
2546 1975 2663 2023 sunt
2689 1981 2706 2030 ;
2737 1964 2828 2019 bic
2858 1976 2985 2018 vero
3007 1961 3143 2016 dixit
3167 1960 3312 2027 ipsos
3338 1972 3368 2011 a
3395 1954 3521 2027 Spi—

1904 2073 2011 2124 ritu
2041 2067 2186 2139 gigni
2217 2084 2232 2120 :
2271 2063 2424 2133 Quod
2454 2073 2631 2117 natum
2655 2069 2728 2116 est
2750 2075 2813 2114 ea:
2836 2057 3061 2130 Spiritu,
3086 2055 3299 2126 spiritus
3325 2063 3436 2116 est;
3468 2050 3521 2105 id

1903 2170 2010 2228 est,
2037 2158 2139 2228 Qui
2169 2166 2327 2213 natus
2357 2163 2444 2211 est
2469 2170 2535 2211 ex
2565 2153 2793 2224 Spiritu,
2817 2148 3113 2220 spiritualis
3139 2157 3244 2202 est.
3275 2143 3520 2202 Genera-

1907 2253 2111 2307 tionem
2134 2250 2334 2321 quippe
2364 2247 2455 2302 hic
2501 2259 2608 2300 non
2644 2241 2942 2299 secundum
2974 2237 3332 2294 substantiam
3363 2235 3520 2300 dicit,

1906 2342 2002 2398 sed
2033 2340 2330 2398 secundum
2359 2338 2623 2394 honorem
2652 2343 2708 2390 et
2743 2333 2993 2405 gratiam.
3026 2328 3082 2385 Si
3113 2342 3243 2398 ergo
3274 2327 3416 2381 illius
3445 2326 3524 2379 sic

1910 2443 2070 2490 natus
2097 2442 2200 2499 est,
2234 2430 2363 2502 quid
2393 2428 2627 2500 amplius
2657 2423 2883 2480 habebit
2921 2437 3084 2494 quam
3110 2419 3293 2475 ca'teri
3341 2417 3524 2473 homi-

1910 2542 2030 2594 nes,
2081 2525 2172 2596 qui
2227 2524 2298 2578 ita
2343 2521 2455 2577 nati
2500 2517 2664 2575 sunt?
2718 2514 2994 2589 quomodo
3036 2512 3362 2583 Uuigeuitus
3409 2507 3527 2565 est?

1910 2616 2044 2673 Nam
2076 2625 2131 2673 et
2159 2629 2261 2686 ego
2290 2629 2356 2671 ex
2387 2613 2501 2670 Deo
2524 2619 2685 2667 natus
2718 2623 2860 2673 sum,
2892 2606 2986 2663 sed
3029 2619 3136 2661 non
3163 2619 3229 2660 ex
3257 2602 3374 2673 ejus
3399 2599 3527 2657 sub-

1909 2709 2130 2766 stantia.
2183 2707 2239 2764 Si
2271 2720 2403 2777 ergo
2447 2718 2626 2774 neque
2668 2702 2782 2771 ipse
2831 2715 2897 2755 ex
2929 2697 3048 2768 ejus
3087 2694 3388 2752 substantia
3414 2735 3430 2760 ,
3474 2691 3527 2747 in

1913 2816 2022 2873 quo
2069 2799 2253 2856 diﬂ'ert
2289 2814 2320 2852 a
2354 2794 2547 2853 nobis?
2574 2795 2663 2851 Sic
2698 2806 2916 2864 quoque
2941 2789 3145 2860 Spiritu
3173 2800 3351 2842 minor
3376 2799 3528 2841 Iuve-

1915 2893 2113 2949 uietur.
2147 2890 2281 2946 Nam
2313 2886 2623 2960 bujusmodi
2653 2884 2934 2957 generatio
2963 2882 3023 2936 tit
3042 2895 3106 2936 ex
3141 2879 3376 2949 Spiritus
3404 2890 3530 2947 gra-

1918 2986 2010 3041 tia.
2037 2983 2176 3040 Num
2199 2995 2330 3053 ergo
2358 2989 2415 3034 ut
2442 2977 2615 3035 Filius
2642 2983 2878 3037 maneat,
2902 2971 3138 3044 Spiritus
3162 2967 3364 3023 auxilio
3394 2979 3532 3037 opus

1917 3074 2118 3130 habet?
2142 3071 2345 3144 Ecquid
2365 3072 2482 3125 litae
2506 3083 2537 3123 a
2557 3066 2781 3124 Judaica
2807 3063 3048 3119 doctrina
3078 3057 3371 3115 differunt?
3396 3056 3531 3114 Cum

1916 3167 2146 3224 dixisset
2175 3180 2306 3237 ergo
2328 3163 2602 3228 Christus,
2630 3159 2732 3226 Qui
2765 3166 2923 3213 natus
2947 3163 3032 3210 est
3071 3168 3136 3209 ex
3160 3151 3388 3223 Spiritu,
3416 3149 3535 3221 spi-

1917 3262 2056 3316 ritus
2087 3268 2202 3325 est;
2232 3255 2380 3328 quod
2412 3255 2686 3310 turbatum
2735 3250 2883 3306 illum
2927 3246 3102 3302 adhuc
3144 3251 3418 3311 cerneret,
3465 3241 3534 3296 ad

1917 3350 2177 3410 sensibile
2214 3346 2524 3414 exemplum
2559 3340 2923 3413 progreditur.
2951 3339 3006 3393 Ἰ.
3044 3335 3128 3391 Ne
3173 3334 3410 3401 mireris,
3447 3332 3534 3388 in-

1917 3447 2055 3520 quit,
2100 3445 2220 3515 quia
2253 3440 2362 3497 dixi
2403 3437 2513 3506 tibi,
2545 3437 2758 3509 Oportet
2784 3450 2876 3488 nos
2898 3431 3041 3487 nasci
3061 3429 3250 3485 denuo.
3280 3428 3334 3484 8.
3366 3426 3538 3498 Spiri-

1918 3519 2000 3596 tus
2021 3539 2107 3593 ubi
2135 3536 2240 3592 vult
2268 3534 2452 3605 spirat.
2484 3529 2620 3587 Cum
2650 3527 2802 3593 dicit,
2829 3523 2913 3579 Ne
2951 3523 3172 3588 mireris,
3213 3521 3332 3591 ejus
3367 3519 3538 3574 animi

1921 3627 2385 3702 perturbationem
2418 3621 2711 3696 signiﬁcat,
2761 3625 2818 3673 et
2861 3616 2930 3672 ad
2976 3614 3318 3670 subtiliorem
3345 3625 3540 3684 carpo.

1920 3701 2042 3779 rum
2071 3720 2343 3777 rationem
2372 3715 2615 3772 deducit.
2647 3711 2782 3768 Natu
2813 3725 2844 3771 a
2875 3705 3189 3764 carnalibus
3232 3705 3408 3775 ipsmu
3437 3701 3540 3757 ab-

1921 3815 2152 3872 duxerat
2181 3811 2265 3867 his
2283 3808 2488 3875 verbis,
2522 3804 2674 3876 Quod
2700 3798 2880 3858 uatum
2900 3809 2974 3856 est
2999 3815 3062 3855 ea:
3085 3798 3309 3870 Spiritu,
3328 3797 3543 3868 spiritus

1921 3916 2015 3963 est.
2047 3904 2183 3972 Quia
2218 3917 2348 3958 vero
2389 3916 2499 3956 non
2546 3895 2889 3967 intelligebat
2934 3892 3027 3948 ille
3057 3890 3186 3961 quid
3222 3891 3325 3945 hoc
3369 3897 3536 3954 esset,

1924 4010 2112 4052 rursus
2139 3995 2288 4050 illum
2316 3991 2384 4047 ad
2413 3991 2572 4045 aliain
2608 3987 2866 4044 transfert
2892 3983 3181 4055 imaginem
3205 4022 3221 4049 ,
3253 3995 3431 4052 neque
3470 3980 3540 4033 ad

1922 4101 2212 4160 corporum
2242 4081 2660 4140 crassitudinem
2707 4078 3006 4142 adducens,
3039 4090 3216 4146 neque
3265 4073 3333 4129 de
3365 4073 3544 4128 incor-

1926 4179 2107 4250 poreis
2134 4177 2358 4232 omnino
2387 4174 2618 4245 loquens
2667 4172 2883 4244 (neque
2921 4170 3067 4224 enim
3119 4175 3330 4240 poterat
3368 4164 3421 4220 id
3453 4166 3544 4219 illo

1926 4270 2298 4344 intelligere);
2330 4267 2427 4324 sed
2459 4265 2698 4322 medium
2721 4260 2925 4334 aliquid
2956 4274 3277 4332 corporeum
3319 4258 3461 4313 inter
3486 4266 3545 4312 et

1927 4367 2310 4434 incorporeum
2343 4359 2582 4426 invenit,
2626 4356 2775 4413 venti
2822 4369 3019 4425 nempe
3050 4354 3341 4423 impetum;
3392 4349 3545 4406 inde-

1925 4473 2032 4530 que
2061 4458 2212 4512 illum
2259 4454 2516 4510 instituit.
2555 4451 2630 4505 De
2669 4456 2832 4504 vento
2862 4461 3095 4516 namque
3143 4444 3274 4500 dicit
3305 4461 3320 4500 :
3357 4441 3545 4498 Vocem

1927 4554 2038 4623 ejus
2066 4548 2252 4615 audis;
2279 4545 2369 4601 sed
2397 4545 2559 4600 nescis
2590 4543 2726 4597 unde
2752 4541 2940 4606 veniat,
2964 4547 3055 4592 aut
3084 4553 3184 4610 quo
3208 4536 3377 4592 vadat.
3406 4533 3543 4591 Cum

1929 4643 2081 4708 dicit,
2126 4640 2225 4698 Ubi
2267 4641 2374 4695 vult
2415 4639 2599 4709 spirat,
2629 4649 2737 4689 non
2767 4629 3035 4703 significat
3061 4637 3282 4686 ventum
3315 4628 3544 4682 arbitrio

1931 4751 2030 4791 suo
2052 4733 2211 4800 ferri;
2257 4730 2353 4786 sed
2397 4727 2700 4785 naturalem
2733 4723 2850 4794 ejus
2881 4723 3142 4792 impetum
3185 4729 3241 4774 et
3290 4721 3399 4774 vim
3427 4718 3548 4773 siue

1931 4828 2320 4902 impedimento
2343 4820 2707 4881 latam.Solet
2753 4819 2898 4873 enim
2943 4815 3223 4884 Scriptura
3267 4812 3432 4869 etiam
3478 4811 3548 4868 de

1934 4922 2246 4981 inanimatis
2275 4922 2347 4974 ita
2377 4916 2544 4988 loqui,
2580 4923 2638 4968 ut
2663 4925 2789 4967 com
2815 4908 2946 4966 dicit
2985 4927 2998 4962 :
3039 4905 3268 4961 Vanitati
3310 4915 3548 4959 creatura

1932 5017 2159 5087 subjecta
2178 5024 2376 5070 estnon
2399 5008 2568 5065 volens
2595 5005 2772 5078 (Rom.
2799 5002 2853 5058 8.
2884 5000 2998 5071 20).
3030 4999 3164 5053 Illud
3222 4999 3406 5069 igitur,
3446 4997 3548 5053 Ubi

1931 5114 2040 5170 uult
2087 5111 2282 5179 spirat,
2333 5120 2441 5160 non
2499 5114 2658 5173 posse
2697 5097 2848 5154 illum
2896 5093 3117 5150 retineri
3162 5092 3447 5163 signiﬁcat,
3495 5102 3549 5147 et

1937 5208 2135 5276 ubique
2155 5198 2406 5266 diﬂ'undi,
2442 5195 2822 5262 neminemque
2843 5188 2993 5242 illum
3018 5186 3304 5255 impedire,
3338 5185 3549 5255 quomi-

1933 5315 2038 5355 nus
2069 5298 2174 5351 liue
2198 5294 2326 5348 illuc
2349 5291 2587 5347 feratur;
2621 5283 2717 5340 sed
2749 5296 2942 5352 magna
2971 5280 3025 5332 vi
3067 5278 3294 5344 effundi,
3333 5278 3549 5333 nemine

1937 5393 2193 5459 impetum
2215 5397 2471 5440 coercere
2499 5380 2730 5434 valente.

2006 5481 2061 5535 2.
2086 5478 2150 5533 Ει
2171 5492 2339 5532 vocent
2362 5476 2474 5546 ejus
2499 5471 2684 5534 audis;
2713 5465 2997 5536 strepitum
3027 5477 3221 5533 nempe
3244 5473 3298 5517 et
3314 5476 3504 5516 sonum
3531 5477 3542 5513 :

1935 5573 2023 5629 sed
2045 5571 2205 5625 nescis
2230 5567 2364 5622 unde
2389 5564 2575 5626 veniat,
2603 5569 2690 5615 aut
2717 5573 2817 5627 quo
2845 5556 3018 5612 vadat.
3052 5555 3140 5611 Sic
3168 5565 3244 5610 est
3273 5554 3438 5609 omnis
3456 5555 3544 5624 qui

1937 5677 2087 5719 natus
2135 5671 2300 5717 estea:
2345 5655 2566 5727 Spiritu.
2620 5651 2746 5706 Haec
2792 5646 3069 5703 conclusio
3125 5654 3227 5701 est.
3283 5643 3337 5699 Si
3391 5642 3547 5714 hujus

1937 5758 2080 5814 venti
2108 5798 2123 5814 .
2160 5751 2361 5824 inquit,
2398 5762 2558 5821 quem
2586 5759 2748 5801 senisu
2771 5783 2788 5810 ,
2818 5755 3015 5811 nempe
3042 5739 3227 5794 auditu
3275 5749 3328 5793 et
3360 5746 3500 5792 tactu
3530 5776 3544 5800 ,

1939 5849 2206 5926 pctcipis,
2259 5847 2516 5924 impetum
2563 5837 2835 5910 explicare
2881 5847 2986 5889 non
3031 5841 3217 5902 potes,
3265 5844 3362 5886 nec
3408 5830 3549 5883 viam
