4048 6510
521 468 626 525 Πῖῦ

519 590 636 652 ejus
668 583 805 640 nosti
829 600 843 646 ;
868 595 963 635 cur
1001 575 1162 632 divini
1195 571 1427 643 Spiritus
1473 567 1841 638 operationem
1895 564 2104 619 curiose

521 678 790 746 exploras,
819 673 906 742 qui
939 668 1081 724 venti
1117 666 1223 720 vim
1251 679 1355 718 non
1383 659 1650 729 intelligis,
1683 658 1783 712 etsi
1805 668 1992 710 sonum
2014 668 2108 707 au-

527 745 679 824 dias?
720 763 851 819 lllud
883 762 1024 817 enim
1049 800 1065 826 ,
1092 756 1191 812 Ubi
1216 755 1319 809 uult
1346 754 1533 822 spirat,
1561 751 1628 804 de
1669 745 1924 802 Paracleti
1961 751 2108 813 pote-

521 867 658 912 state
677 856 876 910 dictum
896 861 997 916 est,
1021 859 1072 906 et
1093 849 1170 903 sic
1196 845 1565 916 explicandum
1594 858 1605 893 :
1637 839 1690 894 Si
1710 848 1925 892 ventum
1951 848 2107 889 nemo

521 948 755 1012 cohibet,
787 945 878 1000 sed
907 958 1012 1013 quo
1040 941 1149 994 vult
1176 939 1263 992 ille
1290 935 1478 998 fertur,
1507 932 1673 985 multo
1691 929 1858 1000 magis
1880 925 2108 996 Spiritus

521 1040 884 1110 operationem
905 1049 1003 1090 nec
1028 1042 1230 1087 natm-te
1253 1029 1395 1099 leges
1413 1025 1689 1095 qutelibet,
1714 1036 1812 1077 nec
1837 1033 2108 1088 corporea:

522 1129 881 1203 generationis
910 1124 1116 1181 termini
1144 1164 1158 1187 ,
1193 1135 1290 1175 nec
1320 1118 1518 1189 quaevis
1549 1117 1651 1170 alia
1681 1111 1978 1184 hujusmodi
2012 1125 2106 1180 po-

525 1200 700 1291 terunt
713 1220 978 1276 cohibere.
1001 1214 1151 1281 Quod
1171 1221 1345 1266 autem
1365 1210 1429 1264 de
1447 1219 1606 1261 vento
1623 1205 1829 1261 dicatur
1849 1203 1995 1267 illud,
2012 1200 2112 1253 γο.

527 1330 628 1368 cem
641 1315 748 1383 ejus
764 1306 1056 1373 audis,inde
1075 1303 1409 1375 perspicuum
1425 1298 1714 1367 est.Neqne
1729 1296 1868 1352 enim
1888 1291 2106 1356 infideli,

525 1405 611 1475 qui
640 1418 743 1456 non
775 1410 956 1455 nosset
985 1395 1354 1468 operationem
1382 1390 1612 1462 Spiritus
1638 1387 1891 1450 dixisset,
1933 1383 2111 1437 Vocem

527 1497 635 1566 ejus
661 1492 828 1547 audis.
858 1485 1318 1558 Quemadmodum
1345 1483 1504 1554 igitur
1533 1489 1723 1536 ventus
1743 1494 1846 1533 non
1872 1483 2109 1547 apparet,

525 1582 732 1642 etiamsi
761 1598 952 1638 sonum
985 1581 1229 1636 emittat:
1261 1578 1338 1632 sic
1380 1591 1478 1630 nec
1517 1573 1803 1645 Spirilualis
1840 1568 2113 1641 generatio

526 1679 694 1733 oculis
717 1675 989 1746 corporeis
1018 1670 1356 1744 perspicitur.
1389 1669 1548 1738 Atqui
1579 1675 1766 1721 ventus
1788 1673 1870 1719 est
1897 1675 2110 1730 corpus,

531 1773 652 1827 licet
681 1769 1048 1824 tenuissimum
1083 1783 1096 1819 :
1127 1780 1248 1818 nam
1280 1763 1420 1833 quod
1452 1759 1630 1815 sensui
1662 1756 1959 1827 subjicitur,
1989 1768 2112 1808 cor-

529 1880 622 1933 pus
638 1873 737 1918 est.
763 1863 820 1916 Si
851 1875 978 1931 ergo
995 1875 1100 1916 non
1125 1873 1266 1928 agre
1287 1856 1390 1910 fers
1407 1853 1549 1923 quod
1567 1865 1761 1922 corpus
1783 1864 1889 1903 non
1907 1846 2110 1909 videas,

530 1970 702 2024 neque
744 1953 864 2008 ideo
900 1953 1071 2021 ipsum
1099 1965 1219 2005 esse
1254 1946 1536 2011 difﬁteris;
1565 1959 1659 1998 cur
1680 1943 1746 1997 de
1781 1941 1969 2010 spiritu
2018 1953 2115 1992 au-

526 2045 678 2100 diens
703 2043 932 2098 turbaris
953 2083 968 2108 ,
996 2050 1049 2096 et
1077 2049 1150 2095 tot
1180 2039 1417 2093 rationes
1446 2037 1649 2105 exigis,
1688 2048 1808 2088 cum
1841 2042 2017 2086 tamen
2064 2029 2115 2083 id

527 2138 666 2190 circa
697 2148 891 2202 corpus
921 2148 1025 2186 non
1053 2130 1219 2200 agas?
1245 2126 1380 2195 Quid
1403 2142 1531 2196 ergo
1551 2121 1907 2180 Nicodemus?
1933 2119 2118 2174 Adhuc

529 2227 580 2280 in
604 2226 822 2280 Judaica
845 2225 1045 2277 vilitate
1069 2231 1268 2286 manet,
1299 2236 1419 2273 cum
1444 2228 1548 2271 tam
1574 2215 1912 2270 manifestum
1938 2226 2118 2267 exem-

528 2322 672 2392 plum
698 2317 984 2385 acceperit.
1006 2315 1102 2368 Cui
1129 2313 1304 2366 adhuc
1324 2326 1442 2365 cum
1468 2308 1631 2364 dubio
1654 2306 1872 2370 dicenti,
1899 2306 1949 2358 9.
1976 2302 2116 2370 Quo-

533 2411 680 2464 modo
701 2416 904 2476 possuut
922 2407 1024 2459 lucc
1047 2405 1155 2473 ﬁeri
1167 2405 1192 2457 ?
1217 2401 1581 2456 vehementius
1597 2398 1723 2452 dicit
1742 2395 2004 2458 Christus,
2030 2392 2114 2447 l0.

533 2501 608 2554 Tu
629 2518 680 2554 es
703 2499 934 2568 magister
950 2497 999 2548 in
1023 2494 1208 2560 Israel,
1230 2503 1274 2546 et
1297 2493 1404 2544 lucc
1431 2492 1634 2561 ignoras
1659 2488 1682 2539 7
1704 2486 1833 2539 Vide
1851 2481 2119 2554 quomodo

530 2606 788 2661 numquam
817 2604 939 2644 eum
966 2587 1033 2642 de
1063 2585 1258 2639 malitia
1278 2625 1292 2648 ,
1326 2581 1417 2637 sed
1464 2581 1530 2634 de
1560 2577 1849 2633 stoliditate
1884 2573 2067 2656 potius
2101 2573 2117 2604 ί

531 2702 593 2740 ac
613 2683 952 2753 simplicitate
979 2686 1216 2734 accusat.
1253 2673 1456 2745 Ecquid
1493 2673 1650 2726 habet
1671 2652 1953 2724 commune
1975 2665 2125 2719 dixe-

534 2779 600 2830 rit
627 2776 911 2844 quispiam,
946 2771 1060 2825 hzec
1081 2767 1352 2838 generatio
1380 2781 1499 2820 cuin
1527 2762 1764 2818 Judaicis
1790 2758 1988 2813 rebus?
2011 2755 2119 2811 Sed

532 2867 658 2936 quid
680 2909 694 2931 ,
727 2879 906 2935 quaeso
927 2903 941 2927 ,
976 2875 1079 2914 non
1111 2856 1432 2913 commune?
1463 2854 1672 2909 Etenim
1705 2850 1858 2922 primi
1887 2849 2119 2902 hominis

533 2956 815 3021 formatio,
869 2967 1073 3007 necnon
1121 2949 1357 3003 mulieris
1404 2962 1467 3001 ex
1512 2944 1677 2997 latere
1721 2941 1955 3005 eductae,
1997 2937 2120 2991 item

534 3047 744 3103 steriles
764 3085 780 3112 ,
812 3053 866 3100 et
892 3059 952 3099 ea
983 3057 1106 3111 qua:
1133 3055 1231 3111 per
1261 3052 1425 3108 aquas
1449 3036 1680 3106 perfecta
1713 3039 1837 3087 sunt
1857 3073 1870 3097 ,
1901 3031 1951 3083 in
1981 3027 2124 3082 fonte

536 3138 816 3197 videlicet,
861 3132 1005 3188 unde
1050 3131 1273 3185 Elisaeus
1318 3127 1520 3181 ferrum
1552 3123 1766 3186 eduxit;
1807 3135 1870 3174 ea
1908 3133 2025 3187 qua:
2070 3117 2126 3171 in

539 3228 670 3284 mari
710 3225 910 3282 Rubro.
945 3221 1086 3294 quod
1120 3219 1442 3288 trajecerunt
1466 3215 1665 3277 Judazi;
1698 3228 1758 3266 ea
1787 3226 1904 3281 quae
1937 3210 1988 3263 in
2042 3208 2123 3275 pi-

538 3321 707 3384 scina,
735 3333 891 3388 quatn
924 3314 1143 3384 angelus
1177 3308 1429 3380 agitabat,
1457 3317 1508 3361 et
1535 3320 1652 3374 quae
1672 3303 1737 3357 ad
1770 3302 2000 3356 Neetnan
2027 3298 2127 3369 Sy-

539 3429 656 3466 rum
699 3418 939 3481 spectant
965 3449 979 3472 ,
1026 3406 1114 3476 qui
1160 3405 1212 3458 in
1259 3401 1492 3457 Jordane
1540 3396 1824 3452 mundatus
1851 3403 1930 3449 est
1962 3409 1975 3444 :
2011 3391 2125 3445 haec

541 3507 755 3573 inquam
778 3501 954 3555 omnia
977 3495 1377 3569 generationem
1408 3504 1461 3547 et
1483 3492 1846 3563 purgationem
1870 3488 2122 3550 futuram,

539 3597 690 3666 quasi
736 3596 785 3648 in
819 3594 980 3663 ligura
1011 3587 1467 3661 prmnuntiabant;
1499 3599 1702 3648 necnon
1746 3580 2124 3652 prophetarum

541 3689 682 3740 dicta
710 3687 849 3739 hunc
876 3680 1124 3737 nascendi
1155 3679 1368 3734 modum
1414 3675 1820 3732 subindicabant
1843 3713 1856 3738 ,
1897 3667 2126 3741 exempli

544 3794 740 3832 causa:
795 3775 1188 3829 Aununtiabitur
1235 3771 1450 3823 Domino
1494 3769 1746 3839 generatio
1799 3774 2044 3827 uentura,
2084 3772 2129 3815 et

545 3869 913 3924 annuntiabunt
939 3868 1200 3937 justitiam
1244 3865 1351 3932 ejus
1381 3861 1567 3930 populo
1586 3861 1670 3928 qui
1696 3867 1945 3920 nascetur,
1987 3870 2131 3924 quem

547 3965 660 4034 fecit
687 3935 1133 4028 Dominusil’sal.
1161 3957 1250 4010 et.
1277 3956 1402 4020 at);
1449 3962 1502 4007 et
1530 3952 1678 4017 illud,
1713 3935 2047 4003 Ricuovabitur
2079 3956 2132 3999 ut

545 4056 730 4125 aquilte
760 4056 997 4121 juventus
1029 4059 1116 4102 tua
1141 4047 1310 4120 (Psul.
1341 4045 1460 4100 109..
1489 4043 1576 4115 5);
1623 4044 1747 4096 item
1771 4083 1785 4107 ,
1827 4041 2132 4095 lllumiuare

544 4146 830 4202 Jerusalem
860 4161 878 4198 :
905 4161 1015 4198 ecce
1045 4143 1152 4198 Rex
1173 4150 1284 4193 tuus
1311 4139 1439 4193 venit
1464 4136 1616 4207 (Isai.
1645 4137 1732 4191 60.
1764 4133 1852 4206 l):
1883 4144 1956 4199 et,
1988 4133 2133 4188 Beati

546 4256 761 4310 quorum
782 4238 1002 4291 remissis
1027 4243 1140 4289 sunt
1166 4233 1451 4302 iniquitates
1478 4229 1645 4304 (Psal.
1674 4230 1764 4282 5|.
1801 4229 1866 4296 l).
1898 4227 1961 4280 Et
1990 4226 2133 4279 lsaac

546 4346 758 4402 quoque
801 4330 963 4399 figura
996 4334 1111 4381 erat
1141 4324 1298 4392 hujus
1325 4322 1704 4393 generationis.
1758 4320 1848 4372 Die
1889 4319 2028 4373 enim
2055 4358 2068 4380 ,
2103 4331 2134 4368 o

549 4422 839 4483 NiCudente
859 4462 872 4484 ,
905 4416 1173 4489 quomodo
1205 4424 1360 4469 natus
1384 4414 1471 4467 ille
1503 4413 1620 4468 est?
1649 4427 1713 4464 an
1739 4411 1854 4479 lege
1893 4408 2134 4462 naturaz?

551 4516 892 4584 Nequaquam
925 4529 937 4564 :
973 4523 1098 4577 ergo
1126 4504 1338 4576 quidam
1368 4503 1575 4559 medius
1600 4503 1737 4555 inter
1760 4501 1893 4554 hanc
1916 4509 1969 4554 et
1991 4498 2134 4552 illam

549 4605 947 4676 generationem
979 4600 1166 4654 modus
1188 4606 1298 4653 erat
1320 4640 1333 4659 ,
1360 4598 1448 4651 illa
1473 4596 1613 4650 enim
1643 4611 1706 4648 ex
1729 4593 2008 4647 concubitu
2030 4601 2131 4656 est,

553 4699 641 4751 hic
671 4713 798 4749 vero
831 4711 935 4748 non
962 4709 1026 4747 ex
1057 4690 1402 4761 sanguinibus
1437 4696 1588 4741 natus
1618 4695 1719 4741 est.
1751 4684 1862 4755 Ego
1891 4698 2016 4737 vero
2042 4681 2135 4736 de-

554 4789 864 4840 monstrabo
891 4827 905 4850 ,
933 4799 1038 4837 non
1067 4782 1204 4836 hanc
1232 4780 1388 4834 modo
1417 4777 1839 4849 generationem,
1871 4773 1963 4828 sed
1986 4781 2040 4827 et
2068 4772 2136 4825 il-

556 4881 661 4931 lam
704 4894 767 4932 ex
800 4875 1014 4945 Virgine
1038 4916 1051 4939 ,
1107 4873 1252 4926 hisce
1302 4870 1474 4926 modis
1509 4868 1914 4940 prmnttntiatam
1952 4865 2134 4918 fuisse.

554 4972 687 5037 Quia
717 4970 857 5024 enim
904 4982 1061 5020 nemo
1095 4965 1246 5020 facile
1273 4963 1574 5017 crediturus
1605 4969 1718 5015 erat
1747 4957 2004 5026 virginem
2048 4969 2140 5024 pa-

560 5077 700 5124 rere,
731 5059 941 5114 steriles
969 5059 1217 5127 primum,
1251 5054 1441 5109 deinde
1467 5067 1570 5106 non
1604 5049 1762 5105 modo
1792 5047 2023 5112 steriles,
2048 5043 2141 5099 sed

559 5155 718 5208 etiam
746 5167 877 5206 anus
907 5157 1226 5221 pepererunt
1250 5166 1262 5199 :
1293 5145 1532 5215 quamvis
1558 5144 1714 5212 longe
1738 5139 2030 5195 mirabilius
2051 5136 2140 5199 sit,

565 5262 630 5300 ex
658 5255 801 5300 costa
832 5243 1106 5298 mulierem
1141 5239 1289 5304 fieri;
1324 5252 1507 5291 verum
1531 5235 1650 5305 quia
1685 5231 1812 5286 illud
1838 5227 2144 5298 antiquissi-

567 5352 709 5389 mum
737 5343 850 5388 erat
870 5375 883 5399 ,
916 5333 1047 5386 alius
1077 5327 1314 5400 pariendi
1340 5340 1506 5380 novus
1531 5324 1718 5379 modus
1740 5330 1996 5391 sequutus
2021 5324 2101 5372 est
2127 5359 2140 5382 ,

567 5440 760 5495 nempe
790 5423 1076 5484 sterilium,
1120 5421 1207 5490 qui
1239 5417 1511 5487 virginalis
1561 5424 1741 5485 partus
1789 5411 1948 5468 fidem
1997 5415 2144 5461 ante-

569 5519 750 5573 cessit.
784 5517 907 5570 Haec
945 5529 1073 5582 ergo
1115 5512 1402 5566 Nieodemo
1432 5511 1482 5562 in
1531 5507 1841 5562 memoriam
1889 5515 2146 5558 revocans

568 5609 778 5664 dicebat
810 5624 821 5659 :
859 5604 934 5659 Tu
965 5621 1014 5657 es
1061 5603 1296 5672 magister
1329 5603 1380 5654 in
1409 5599 1572 5654 Israel
1597 5642 1609 5664 ,
1653 5608 1698 5651 et
1748 5598 1854 5651 hac
1897 5592 2148 5665 ignoras?

572 5699 721 5765 Quod
743 5699 925 5751 scimus
960 5695 1233 5766 loquimur,
1277 5702 1322 5745 et
1371 5693 1503 5762 quod
1539 5692 1754 5744 uidimus
1789 5697 2051 5750 testamur,
2102 5693 2148 5737 et

570 5789 906 5846 testimonium
932 5799 1155 5843 nostrum
1184 5803 1329 5841 nemo
1364 5787 1564 5856 accipit.
1604 5785 1726 5840 Hinc
1753 5780 2027 5851 subjunin
2052 5819 2065 5841 ,
2097 5786 2149 5831 et

642 5899 657 5930 ³
697 5899 781 5950 Alii
815 5900 1011 5965 legunt,
1036 5907 1236 5962 tantum,
1266 5912 1369 5963 pro,
1393 5896 1564 5962 potius.

1220 460 1274 513 S.
1315 453 1590 514 JO.\N.‘ilS
1627 447 2097 507 CliilYSOSTOMi
2141 446 2461 509 AllClllEP.
2502 452 3034 515 CONSTANTINOP.

2217 565 2431 624 aliunde
2459 585 2667 625 rursum
2693 573 2835 628 dicto
2863 572 3024 630 ﬁdem
3049 574 3278 642 faciens,
3323 582 3376 629 et
3411 571 3557 627 illius
3588 571 3600 602 '
3634 568 3818 626 imbe-

2212 659 2418 716 cillitati
2447 677 2505 716 se
2532 673 2910 734 attemperans.

2284 752 2336 806 5.
2367 751 2500 819 Quid
2531 770 2656 810 vero
2689 757 2952 827 significat
2985 757 3115 812 illud
3137 801 3150 824 ,
3186 759 3270 814 ll.
3310 756 3460 825 Quod
3490 759 3677 811 scimus
3735 756 3822 810 lo-

2212 845 2432 912 quimur,
2476 857 2521 900 et
2553 849 2690 917 quod
2730 851 2942 906 vidimus
2979 853 3258 906 testamur?
3304 852 3438 919 Quia
3493 866 3616 906 cum
3662 851 3824 906 visus

2216 941 2336 1009 plus
2374 956 2531 1008 quam
2573 941 2662 995 alii
2705 957 2896 997 sensus
2943 944 3097 1000 nobis
3150 944 3307 999 [idem
3342 945 3531 1008 faciat,
3585 954 3640 999 et
3688 959 3820 998 cum

2215 1031 2540 1102 persuadere
2571 1033 2836 1099 volumus,
2866 1035 2936 1089 ita
2965 1035 3247 1102 loquamur
3274 1077 3284 1096 .
3311 1034 3425 1089 Non
3465 1034 3651 1088 auditu
3684 1048 3813 1104 per-

2213 1124 2473 1195 cepimus,
2508 1123 2599 1179 sed
2644 1125 2774 1195 ipsis
2800 1126 2970 1181 oculis
3001 1127 3248 1181 vidimus.
3284 1126 3403 1181 Ideo
3433 1125 3677 1181 Christus
3718 1126 3812 1178 hn-

2216 1230 2376 1269 mauo
2426 1230 2573 1270 more
2603 1216 2775 1286 ipsum
2818 1217 3140 1288 alloquitur,
3176 1218 3405 1287 hincque
3443 1217 3601 1271 dictis
3649 1217 3817 1270 fidem

2219 1307 2362 1362 facit.
2392 1308 2648 1380 Quodque
2676 1325 2762 1366 res
2793 1310 2864 1366 ita
2906 1312 2995 1374 sit,
3026 1311 3166 1382 quod
3204 1311 3333 1366 nihil
3364 1310 3506 1365 aliud
3533 1309 3820 1364 declarare

2216 1401 2363 1465 Velit,
2397 1416 2571 1469 neque
2598 1401 2768 1457 visum
2800 1402 3110 1456 sensibilem
3141 1401 3435 1471 intelligat,
3480 1400 3605 1455 hinc
3635 1399 3820 1469 palam

2216 1500 2320 1545 est.
2347 1489 2632 1561 Postquam
2656 1493 2796 1548 enim
2816 1492 3043 1560 dixerat,
3071 1491 3220 1558 Quod
3241 1502 3417 1544 natum
3446 1501 3520 1545 est
3546 1507 3609 1544 ea:
3635 1507 3821 1554 came,

2219 1600 2338 1637 caro
2363 1597 2471 1647 est;
2516 1594 2562 1637 et
2589 1587 2726 1654 quod
2755 1596 2930 1640 uatum
2970 1595 3041 1639 est
3082 1601 3144 1638 ea:
3187 1584 3417 1653 Spiritu,
3453 1584 3666 1654 spiritus
3696 1594 3824 1644 est;

2219 1676 2512 1743 subiunxit,
2550 1677 2700 1744 Quod
2729 1679 2922 1731 scimus
2956 1677 3225 1746 loquimur,
3259 1675 3466 1744 etquod
3491 1675 3710 1728 vidimus
3744 1685 3824 1728 te-

2219 1777 2435 1822 stamur.
2481 1767 2589 1822 lloc
2621 1777 2800 1822 autem
2829 1765 3068 1822 nondum
3101 1766 3298 1821 factum
3329 1764 3521 1819 fuerat.
3549 1765 3662 1819 Cur
3685 1780 3826 1835 ergo

2220 1859 2368 1923 dicit,
2421 1858 2571 1924 Quod
2599 1858 2860 1914 vidimus?
2902 1860 3096 1912 Annon
3147 1855 3486 1911 manifestum
3526 1866 3611 1911 rst
3643 1858 3826 1926 ipsum

2222 1951 2365 2022 loqui
2391 1949 2460 2005 de
2491 1959 2735 2005 accurata
2758 1949 3085 2018 cognitione,
3113 1964 3232 2017 qua:
3259 1963 3362 2000 non
3389 1961 3572 2000 errare
3603 1945 3827 2015 possit?

2226 2043 2290 2097 Et
2307 2045 2644 2098 testimonium
2663 2051 2888 2096 nostrum
2918 2057 3064 2096 nemo
3091 2041 3296 2108 accipit.
3321 2038 3451 2093 illud
3477 2053 3629 2108 ergo,
3664 2037 3826 2102 Quod

2221 2137 2429 2202 scimus,
2463 2136 2542 2189 vel
2585 2134 2653 2188 de
2691 2148 2749 2188 se
2795 2142 2850 2187 et
2887 2132 2954 2188 de
2988 2133 3144 2188 Patre
3192 2132 3353 2194 dicit,
3388 2130 3469 2185 vel
3508 2129 3576 2184 de
3610 2143 3671 2184 se
3703 2130 3828 2198 ipso

2221 2231 2414 2282 solum.
2460 2226 2591 2280 Illud
2635 2241 2782 2291 vero,
2831 2225 2996 2279 Nemo
3023 2226 3224 2295 accipit,
3272 2239 3375 2277 non
3406 2237 3548 2291 aegre
3596 2221 3828 2276 ferentis

2222 2337 2364 2376 nunc
2390 2328 2492 2382 est,
2519 2319 2611 2373 sed
2635 2334 2746 2374 rem
2769 2328 2970 2388 gestam
2993 2318 3276 2371 narrantis.
3310 2315 3428 2369 Non
3459 2314 3604 2368 enim
3636 2314 3777 2367 dixit
3809 2331 3823 2366 :

2222 2410 2360 2478 Quid
2385 2410 2534 2464 vobis
2565 2409 2925 2464 insensibilius
2969 2409 3081 2473 sit,
3113 2408 3202 2477 qui
3262 2421 3323 2460 ea
3350 2420 3469 2474 qure
3499 2420 3527 2456 a
3558 2404 3720 2458 nobis
3751 2403 3829 2458 ita

2226 2512 2472 2556 accurate
2498 2500 2886 2555 annuntiantur
2918 2514 3021 2553 non
3046 2497 3370 2552 admittitis?
3416 2494 3509 2551 sed
3557 2494 3725 2549 rebus
3772 2501 3831 2548 et

2230 2591 2410 2645 verbis
2455 2591 2655 2643 nullam
2688 2604 2792 2644 non
2827 2589 3293 2644 mansuetudinem
3343 2585 3644 2648 exhibens,
3691 2583 3830 2639 nihil

2230 2682 2302 2735 ita
2330 2681 2596 2751 loquitur;
2636 2681 2728 2736 sed
2775 2681 2889 2736 miti
2920 2693 3170 2735 sermone
3217 2677 3363 2748 quod
3416 2676 3656 2731 futurum
3705 2684 3832 2729 erat

2227 2774 2489 2844 praedicit,
2544 2789 2643 2828 nos
2692 2773 2815 2827 hinc
2861 2787 3070 2843 quoque
3121 2771 3188 2825 ad
3221 2785 3483 2825 summam
3536 2768 3832 2822 instituens

2228 2864 2689 2920 mansuetudinem
2714 2905 2728 2930 ,
2767 2872 2823 2918 ut
2851 2879 2971 2919 cum
3022 2862 3281 2933 quosdam
3323 2859 3650 2929 alloquimur
3679 2900 3695 2924 ,
3728 2873 3832 2914 nec

2230 2957 2361 3026 ipsis
2385 2955 2671 3012 suademus
2691 2997 2706 3022 ,
2736 2971 2804 3011 ne
2836 2956 2886 3010 id
2912 2955 3127 3025 indigne
3155 2952 3409 3008 feramus.
3449 2950 3582 3006 Nam
3613 2950 3708 3021 qui
3743 2950 3831 3005 in-

2231 3048 2499 3117 dignatur,
2533 3046 2662 3100 nihil
2700 3047 2959 3116 perlicere
2999 3045 3170 3110 solet,
3202 3042 3298 3098 sed
3329 3042 3498 3112 magis
3523 3056 3553 3094 a
3587 3041 3697 3096 ﬁde
3731 3041 3834 3094 ha-

2233 3140 2402 3196 benda
2454 3140 2662 3194 avertit.
2697 3139 2820 3193 Ideo
2863 3146 3075 3208 oportet
3122 3137 3190 3192 ab
3219 3137 3296 3190 ira
3326 3136 3598 3190 abstinere
3641 3150 3655 3187 :
3696 3132 3832 3188 illud

2233 3246 2361 3287 vero
2387 3231 2525 3301 quod
2555 3230 2782 3285 dicimus
2828 3229 2931 3284 fide
2953 3229 3171 3298 dignum
3201 3225 3448 3291 reddere,
3479 3223 3832 3290 abstinendo,

2233 3337 2336 3376 non
2367 3322 2433 3376 ab
2457 3323 2530 3375 ira
2558 3322 2737 3386 modo,
2763 3320 2857 3374 sed
2905 3321 3064 3374 etiam
3088 3335 3114 3370 a
3143 3308 3403 3372 clamore.
3426 3315 3644 3370 Materia
3682 3315 3832 3370 enim

2231 3413 2325 3468 irae
2355 3413 2576 3467 clamor.
2601 3410 2957 3482 lmpediamus
2991 3411 3150 3479 igitur
3175 3424 3391 3479 equum,
3426 3417 3482 3461 ut
3510 3405 3836 3476 dejiciamus

2231 3505 2508 3574 equitem;
2541 3504 2630 3557 ira:
2661 3517 2865 3572 pennas
2899 3501 3190 3564 cazdamus,
3213 3515 3280 3554 ne
3301 3498 3498 3552 malum
3529 3506 3831 3552 accrescat.

2235 3597 2434 3650 Acutus
2462 3601 2607 3649 enim
2645 3595 2864 3648 morbus
2894 3601 2977 3648 est
3002 3593 3080 3646 ira
3105 3632 3122 3658 ,
3151 3591 3242 3661 qui
3295 3589 3464 3659 possit
3499 3586 3707 3641 animas
3733 3601 3834 3641 no-

2235 3699 2375 3746 stras
2405 3689 2673 3759 deripere.
2715 3687 2838 3742 Ideo
2872 3687 2946 3740 illi
2990 3685 3164 3739 aditus
3202 3683 3435 3752 undique
3467 3678 3837 3735 intercluden-

2234 3782 2336 3838 dus
2385 3793 2484 3837 est.
2537 3781 2666 3835 Nam
2709 3779 2999 3834 absurdum
3048 3786 3191 3832 esset
3237 3777 3374 3829 feras
3424 3773 3836 3827 mansuefacere

2240 3892 2435 3946 posse,
2479 3883 2711 3930 mentem
2755 3887 2882 3927 vero
2935 3880 3171 3925 nostram
3217 3867 3494 3922 efferatam
3523 3866 3831 3936 despicere.

2239 3971 2378 4039 Ignis
2408 3967 2695 4022 vehemens
2720 3975 2802 4019 est
2833 3964 2908 4018 ira
2944 4005 2960 4029 ,
2991 3961 3080 4031 qui
3112 3959 3289 4014 omnia
3321 3957 3557 4012 absumit
3583 3976 3594 4009 :
3627 3971 3750 4010 nam
3778 3964 3836 4009 et

2219 4072 2431 4128 corpus
2471 4057 2762 4126 corrumpit
2794 4063 2848 4109 et
2872 4054 3101 4107 animam
3145 4050 3461 4114 labefactat,
3495 4057 3656 4117 atque
3684 4045 3830 4116 inju—

2237 4149 2466 4206 cundum
2497 4151 2718 4218 visuque
2768 4158 2976 4213 turpem
3019 4143 3292 4211 hominem
3341 4139 3540 4194 reddit.
3580 4138 3745 4193 Certe
3785 4139 3833 4193 si

2240 4246 2405 4300 iratus
2444 4242 2676 4309 seipsum
2707 4239 2899 4292 intueri
2950 4244 3173 4306 posset,
3207 4249 3312 4288 non
3367 4234 3536 4287 altera
3567 4233 3835 4300 indigeret

2241 4334 2625 4390 admonitione.
2652 4330 2791 4384 Nihil
2814 4330 2955 4385 enim
2982 4329 3254 4382 insuavius
3281 4327 3417 4380 irato
3437 4324 3608 4378 vultu.
3643 4323 3829 4378 Ebrie-

2244 4439 2324 4484 tas
2366 4425 2607 4496 quazdam
2659 4423 2733 4476 ira
2765 4431 2878 4487 est,
2923 4421 3029 4474 imo
3060 4419 3322 4474 ebrietate
3353 4417 3611 4483 deterior,
3636 4425 3690 4472 et
3717 4416 3835 4471 dte-

2243 4538 2400 4577 tnone
2436 4517 2814 4573 miserabilior.
2854 4515 3045 4568 Verum
3085 4515 3127 4567 si
3163 4527 3414 4568 curemus
3441 4527 3509 4566 ne
3540 4512 3592 4565 in
3621 4511 3832 4566 clamo-

2243 4630 2354 4670 rem
2379 4624 2742 4681 erumpamus,
2765 4609 3017 4679 optimam
3042 4605 3395 4674 phil050phice
3420 4604 3557 4656 viam
3593 4603 3834 4658 invenie-

2243 4722 2381 4761 mus.
2411 4705 2537 4759 ldeo
2568 4703 2764 4756 Paulus
2793 4714 2897 4753 non
2922 4698 3052 4751 iram
3082 4697 3240 4751 modo
3261 4737 3276 4762 ,
3302 4695 3395 4751 sed
3437 4697 3598 4749 etiam
3627 4695 3836 4750 clamo-

2245 4815 2357 4853 rem
2385 4798 2552 4851 vitare
2578 4794 2728 4862 jubet
2759 4812 2771 4847 :
2809 4791 2985 4845 Omnis
3007 4791 3086 4843 ira
3110 4799 3155 4843 et
3181 4791 3376 4843 clamor
3407 4788 3618 4841 tollatur
3645 4803 3677 4839 a
3698 4787 3839 4839 vobis

2247 4893 2461 4964 (Ephcs.
2487 4891 2538 4944 4.
2582 4887 2695 4958 51).
2719 4883 3200 4952 Obtemperemus’
3218 4895 3346 4948 ergo
3371 4879 3493 4933 huic
3515 4879 3692 4932 omnis
3716 4878 3838 4947 phi—

2246 4984 2498 5052 losophiae
2531 4981 2816 5052 magistro:
2841 4986 2894 5033 et
2913 4991 3033 5030 cum
3057 4984 3243 5030 contra
3275 4985 3460 5027 servos
3489 4980 3705 5026 nostros
3733 4973 3837 5025 ira-

2246 5082 2462 5143 scimur,
2487 5084 2698 5146 peccata
2725 5079 2906 5126 nostra
2938 5069 3250 5139 cogitemus,
3271 5073 3324 5119 et
3345 5080 3531 5118 eorum
3559 5077 3659 5117 nos
3684 5079 3837 5116 man-

2247 5169 2541 5226 suetudinis
2559 5166 2769 5238 pndeat.
2801 5161 2931 5216 Cum
2960 5161 3100 5215 enim
3133 5168 3186 5212 tu
3215 5156 3473 5212 conviciis
3499 5167 3719 5216 oneras,
3755 5152 3844 5206 ille

2249 5277 2377 5317 vero
2398 5260 2560 5314 silens
2584 5255 2822 5311 convicia
2856 5251 3048 5306 tolerat
3074 5266 3088 5312 ;
3124 5259 3177 5301 tu
3206 5257 3255 5301 te
3284 5246 3510 5314 turpiter
3538 5243 3709 5314 geris,
3743 5242 3838 5297 ille

2251 5352 2654 5422 philosophatur
2685 5367 2696 5400 :
2724 5346 2772 5400 id
2800 5359 2893 5414 pro
2908 5342 3271 5397 admonitione
3293 5339 3512 5392 habeas.
3545 5335 3662 5390 Etsi
3689 5349 3844 5388 nam-

2253 5461 2354 5514 que
2375 5458 2583 5504 servus,
2619 5441 2778 5493 homo
2804 5446 2980 5489 tamen
3006 5442 3106 5497 est,
3133 5433 3306 5484 anima
3338 5428 3592 5496 praeditus
3623 5427 3844 5479 immor-

2257 5535 2366 5595 tali,
2403 5533 2697 5599 iisdemque
2728 5546 2756 5582 a
2781 5527 3054 5582 communi
3089 5523 3315 5578 Domino
3340 5521 3634 5574 honoratus
3659 5518 3844 5572 donis.

2255 5625 2405 5693 Quod
2436 5625 2479 5677 si
2521 5637 2616 5693 par
2647 5621 2798 5674 nobis
2828 5620 2878 5672 iu
2907 5616 3201 5684 majoribus
3231 5623 3283 5667 et
3310 5610 3681 5682 spiritualibus
3700 5648 3714 5674 ,
3748 5609 3846 5661 bu-

2323 5765 2337 5793 ι
2378 5758 2539 5808 Morel.
2568 5757 2735 5812 habet,
2754 5754 2968 5808 illorum,
2984 5765 3088 5813 pro,
3110 5749 3259 5801 illius.

2321 5826 2340 5855 ³
2377 5830 2501 5871 Unus
2522 5821 2663 5869 habet
2697 5810 2837 5865 :tdeo
2864 5810 3119 5864 Paulus...
3157 5814 3416 5861 clamorem
3441 5810 3721 5872 suppressit.
3751 5812 3848 5864 Ob-

2262 5895 2594 5948 temperemus,
2619 5890 2738 5938 etc.,
2765 5880 2953 5926 omissis
2981 5877 3295 5937 interpositis.
