4048 6450
139 392 254 449 £337

137 498 324 539 rtiaua:
357 475 637 546 cujusdam
676 487 731 531 et
767 471 886 528 vilis
920 466 1288 539 praerogativa:
1318 459 1485 532 gratia
1517 455 1756 546 convicia

138 583 333 628 nostra
371 543 442 622 ita
473 572 758 620 mansuete
788 560 924 616 lerat
953 576 965 612 :
996 572 1100 628 qua
1131 554 1285 610 venia
1308 594 1324 619 ,
1353 561 1405 606 et
1438 563 1542 619 qua
1564 543 1750 602 delen-

131 864 252 919 que
290 846 469 902 omnia
518 843 798 900 nobiscum
825 842 1138 906 reputantes
1165 873 1180 899 ,
1210 844 1274 884 ac
1322 835 1540 899 peccata
1571 830 1756 920 nostra

136 914 463 1005 natumque
496 931 826 988 consortium
869 927 1169 997 cogitantes
1189 963 1203 986 ,
1234 925 1520 975 mansuete
1550 914 1752 983 ubique

1118 373 1186 428 lN
1225 365 1538 428 JOANNEM
1581 323 1815 420 ιιυδηιιξ
1863 361 2075 418 xxvu.
2119 363 2192 417 al.
2235 361 2431 418 xxvr.

3387 369 3488 429 ‘38
3541 375 3546 384 '

1870 452 2015 523 loqui
2044 453 2380 520 studeamus,
2427 462 2488 509 ut
2520 451 2753 508 humiles
2782 451 2946 508 corde
2969 451 3143 507 eﬁ'ecti
3163 496 3176 519 ,
3203 455 3490 512 animabus

1866 545 2069 600 nostris
2096 545 2340 616 requiem
2357 545 2701 601 inveniamus
2723 553 2774 598 et
2793 553 3118 615 prmscutem
3141 555 3192 599 et
3218 543 3447 601 futuram
3472 565 3486 612 ;

1866 651 2026 706 quam
2061 637 2265 691 utinam
2304 652 2495 694 omnes
2543 651 2924 707 assequamur,
2968 638 3137 706 gratia
3167 649 3219 692 ct
3251 639 3489 711 benigni-

1871 736 1979 781 tate
2027 727 2238 782 Domini
2270 729 2439 783 nostri
2466 728 2596 785 Jesu
2622 729 2824 787 Christi
2856 773 2871 796 ,
2905 733 3121 802 quicum
3153 732 3296 787 Patri
3326 732 3493 802 gloria

1871 832 2090 887 unaque
2118 817 2342 889 Spiritui
2376 830 2587 887 sancto,
2619 836 2762 879 nunc
2784 832 2838 879 et
2863 838 3084 895 semper
3108 865 3122 888 ,
3150 832 3203 880 ct
3226 824 3277 879 in
3297 826 3495 880 Strcula

1868 910 2220 966 smculorum.
2257 913 2454 968 Amen.

121 1049 3490 1096 __—_—_——————-—————__———_-———_———_———_—’

1481 1125 1832 1191 HOMlLlA
1883 1096 2152 1188 xxvu.

143 1296 238 1354 12.
270 1294 332 1349 Si
357 1302 556 1346 terrena
582 1287 687 1340 dixi
725 1283 864 1338 vobis
889 1325 903 1348 ,
938 1292 983 1334 et
1017 1297 1115 1334 non
1148 1278 1373 1344 creditis,
1405 1274 1686 1348 quomodo,
1722 1268 1764 1320 si

221 1387 401 1440 dixero
428 1382 566 1438 vobis
610 1376 830 1432 ca’lestia
852 1416 866 1440 ,
904 1373 1157 1427 credetis?
1202 1372 1290 1428 15.
1339 1367 1508 1422 Nemo
1535 1364 1788 1420 ascendit»

222 1478 279 1529 in
310 1475 512 1535 etclam,
537 1469 636 1524 nisi
662 1468 750 1540 qui
777 1467 839 1520 de
862 1464 988 1529 caelo
1010 1463 1292 1527 descendit,
1323 1460 1491 1515 Filius
1518 1456 1759 1521 hominis,

221 1571 312 1639 qui
335 1579 404 1622 est
425 1569 474 1621 in
505 1564 647 1617 ca’lo.

228 1668 280 1720 Ι.
312 1664 544 1719 Christus
583 1663 877 1718 auditorum
909 1653 1246 1713 imbecillitati
1289 1667 1343 1708 se
1371 1643 1762 1717 attemperabat,

145 1757 414 1828 quomodo
437 1765 486 1811 et
516 1773 616 1826 qua
646 1763 827 1809 mente.
862 1750 1122 1824 Unigeniti
1150 1744 1410 1820 generatio
1439 1757 1542 1796 non
1558 1739 1772 1793 ratione

143 1848 481 1918 inquirenda.
522 1845 707 1901 Versus
756 1861 887 1916 quos
917 1843 1136 1914 explicat
1179 1841 1311 1894 inter
1338 1853 1392 1892 se
1437 1834 1692 1891 cohaerere
1723 1837 1770 1884 et

146 1941 413 2011 quadrare
465 1940 775 1994 demonstrat
820 1935 1235 2008 Chrysostomus.
1296 1959 1363 1969 -
1419 1925 1574 1994 Quod
1626 1937 1770 1992 smpe

147 2034 264 2088 dixi
296 2074 310 2097 ,
358 2033 465 2087 hoc
495 2041 548 2084 et
580 2045 722 2088 nunc
746 2029 945 2093 dicam,
987 2041 1088 2082 nec
1120 2024 1283 2079 ﬁnem
1313 2017 1525 2076 dicendi
1553 2015 1766 2070 faciam.

139 2123 294 2193 Quid
330 2125 432 2178 hoc
461 2123 586 2178 est?
626 2122 976 2192 Loquuturus
1004 2119 1163 2174 Jesus
1190 2115 1259 2170 de
1287 2110 1633 2176 sublimibus,
1665 2121 1763 2161 au-

147 2218 394 2272 ditorum
437 2231 584 2286 stupe
628 2213 984 2270 imbecillitati
1032 2225 1152 2266 sese
1193 2210 1535 2277 attemperat,
1593 2213 1774 2270 neque

147 2308 532 2380 magnitudine
562 2321 658 2361 sua
687 2305 861 2376 dignis
893 2304 1062 2359 utitur
1092 2300 1276 2356 verbis
1313 2341 1327 2362 ,
1357 2296 1452 2352 sed
1484 2293 1774 2350 demissio-

151 2399 330 2453 ribus.
370 2397 504 2453 Nam
553 2397 782 2453 sublime
823 2407 1185 2466 magnumque
1209 2390 1411 2445 dictum
1452 2384 1620 2441 semel
1657 2397 1776 2453 pro-

153 2491 353 2554 latum,
404 2490 546 2544 illam
600 2497 782 2558 posset
811 2487 1127 2558 dignitatem
1163 2481 1464 2545 declarare,
1513 2485 1773 2548 quantum

151 2582 370 2635 scilicet
396 2580 583 2634 audire
625 2595 722 2632 nos
751 2592 1042 2649 possumus
1088 2593 1101 2630 :
1135 2573 1422 2628 humiliora
1455 2583 1584 2624 vero
1609 2608 1624 2634 ,
1654 2580 1776 2637 quae

152 2675 466 2731 auditorum
496 2683 734 2729 mentem
757 2672 1025 2743 attingere
1049 2675 1299 2741 possunt,
1333 2664 1436 2720 nisi
1461 2663 1776 2731 frequenter

153 2767 490 2831 dicerentur,
525 2765 772 2820 sublimia
830 2779 953 2818 cum
1009 2769 1234 2826 essent,
1289 2756 1438 2813 humi
1495 2761 1776 2824 repentem

157 2860 465 2916 auditorem
491 2875 596 2913 non
635 2856 958 2928 attigissent.
986 2853 1114 2909 Ideo
1158 2854 1316 2922 longe
1361 2849 1514 2919 plura
1558 2843 1778 2903 humilia

157 2953 321 3019 dixit,
354 2967 513 3022 quam
543 2951 813 3007 sublimia.
844 2948 950 3005 Sed
980 2963 1047 3002 ne
1077 2945 1178 3001 hoc
1205 2942 1348 3000 aliud
1378 2942 1632 2998 damnum
1672 2937 1778 2991 im-

160 3051 438 3114 portart-t,
473 3053 523 3097 ct
555 3041 699 3095 humi
741 3039 1064 3108 discipulum
1100 3035 1376 3096 retineret,
1411 3029 1663 3091 inferiora
1692 3026 1780 3082 illa

161 3150 272 3189 non
310 3134 439 3188 dicit
472 3173 485 3195 ,
519 3132 616 3186 nisi
646 3145 862 3186 causam
893 3129 979 3184 illa
1008 3125 1224 3184 dicendi
1277 3119 1661 3192 aﬁ‘cratzqund
1693 3119 1782 3173 hic

157 3227 329 3282 etiam
392 3225 536 3279 fecit.
587 3225 721 3280 Cum
750 3223 893 3280 enim
963 3219 1184 3275 dixisset
1231 3216 1299 3272 de
1340 3214 1699 3285 baptismate,
1728 3218 1784 3264 et

162 3317 236 3372 de
283 3316 370 3369 illa
403 3330 523 3386 quae
578 3315 630 3369 in
673 3326 815 3369 terra
846 3313 904 3367 ﬁt
939 3309 1238 3368 secundum
1289 3308 1513 3379 gratiam
1557 3319 1785 3375 genera-

165 3409 341 3472 tione,
373 3407 562 3462 volens
613 3406 681 3462 de
753 3406 1099 3476 generatione
1148 3402 1237 3456 illa
1302 3415 1398 3455 sua
1463 3412 1658 3454 arcana
1727 3405 1781 3452 et

166 3499 430 3554 ineﬁ'abili
483 3498 648 3567 loqui,
696 3497 1004 3552 intermittit
1045 3504 1267 3558 tamen,
1309 3499 1363 3547 et
1390 3505 1496 3562 qua
1522 3489 1592 3544 de
1617 3502 1781 3550 causa

167 3590 500 3645 intermittat
551 3590 667 3658 ipse
713 3587 974 3643 declarat.
1024 3587 1284 3654 Quicnam
1317 3583 1404 3638 illa
1444 3597 1606 3638 causa
1660 3580 1782 3634 est?

168 3682 494 3738 Auditorum
519 3681 794 3736 crassities
824 3689 879 3734 et
911 3677 1278 3743 imbecillitas,
1315 3691 1476 3746 quam
1509 3689 1633 3730 mox
1664 3671 1784 3727 sub-

169 3774 429 3830 iudieavit
460 3774 542 3828 his
575 3770 755 3827 verbis
790 3790 801 3825 :
835 3770 894 3825 Si
924 3780 1123 3824 terrena
1151 3768 1261 3821 dixi
1282 3767 1443 3832 vobis,
1480 3776 1524 3819 et
1553 3779 1653 3817 non
1677 3778 1784 3815 cre-

167 3867 315 3934 ditis,
365 3865 638 3935 quomodo,
701 3865 744 3918 si
799 3864 978 3917 dixero
1031 3861 1168 3916 vobis
1222 3859 1466 3922 caelestia,
1527 3853 1784 3910 credetis?

168 3959 357 4029 Itaque
387 3957 476 4013 ubi
499 3955 800 4012 modestum
830 3953 958 4025 quid
988 3961 1042 4008 et
1072 3951 1277 4006 humile
1300 3949 1453 4014 dicit,
1487 3949 1540 4003 id
1566 3947 1780 4002 audito-

168 4068 295 4115 rum
328 4049 680 4106 imbecillitati
709 4047 1128 4104 adscribendum
1159 4053 1263 4100 est.
1311 4043 1616 4098 Terrestria
1651 4053 1784 4094 vero

171 4143 265 4200 hic
290 4146 507 4215 quidam
539 4151 732 4214 putant
750 4151 972 4196 ventum
1011 4139 1342 4210 signiﬁcare,
1371 4152 1434 4192 ac
1459 4138 1502 4192 si
1541 4136 1779 4191 diceret:

171 4238 232 4295 Si
265 4239 570 4307 exemplum
599 4253 663 4291 ex
711 4235 939 4291 terrenis
965 4233 1126 4298 dedi,
1159 4246 1260 4287 nec
1290 4239 1470 4285 tamen
1501 4228 1783 4299 obtempe-

173 4335 374 4396 rastis,
420 4327 692 4399 quomodo
748 4327 994 4398 poteritis
1044 4324 1358 4384 sublimiora
1420 4321 1630 4387 discere
1650 4321 1690 4373 γ
1727 4318 1784 4374 Si

171 4437 342 4494 porro
385 4423 472 4477 hic
500 4423 762 4491 baptisma
819 4429 1094 4475 terrenum
1138 4416 1415 4488 appellet,
1447 4430 1515 4470 ne
1545 4413 1780 4472 mireris.

173 4521 286 4572 Aut
328 4515 470 4571 enim
511 4514 640 4568 illttd
683 4514 753 4568 ita
796 4519 952 4566 vocat
986 4509 1202 4580 quodin
1237 4508 1398 4564 terris
1439 4506 1782 4577 conferatur;

171 4619 267 4663 aut
295 4611 364 4662 ita
398 4616 573 4673 vocat,
603 4607 776 4677 ipsum
805 4601 1176 4674 comparando
1201 4617 1325 4657 cum
1365 4599 1650 4665 tremenda
1695 4599 1784 4652 illa

172 4717 274 4757 sua
302 4702 669 4772 generatione.
695 4699 827 4754 Nam
849 4699 951 4754 etsi
986 4698 1100 4752 huc
1130 4696 1407 4767 generatio
1428 4695 1662 4750 ctelcstis
1689 4694 1782 4761 sit,

175 4798 222 4850 si
279 4805 459 4849 tamen
499 4803 844 4864 comparetur
878 4807 1001 4847 cum
1033 4791 1125 4845 illa
1169 4806 1234 4845 ex
1281 4789 1455 4846 Patris
1482 4786 1784 4844 substantia

173 4887 528 4960 generatione
549 4928 564 4952 ,
599 4894 813 4941 terrena
860 4883 964 4939 dici
998 4892 1192 4953 potest.
1227 4883 1304 4937 Ac
1332 4881 1453 4952 jure
1487 4897 1594 4937 non
1626 4880 1781 4952 dixit,

177 4981 297 5037 Non
327 4979 643 5050 iutelligitis,
672 4979 764 5034 sed
790 5020 806 5044 ,
851 4976 975 5033 Non
1022 4966 1246 5034 creditis.
1285 4974 1341 5031 Si
1388 4974 1507 5046 quis
1537 4974 1681 5031 enim
1721 4989 1783 5028 ca

176 5071 408 5128 credere
439 5080 492 5126 et
540 5071 827 5125 admittere
859 5070 1013 5136 nolit,
1046 5085 1167 5140 qua:
1206 5075 1388 5122 mente
1420 5066 1620 5140 percipi
1669 5079 1787 5136 pos-

177 5171 329 5227 sunt,
355 5163 399 5216 is
425 5167 545 5231 jure
567 5162 1153 5225 stultitiaeaccusetur;
1183 5159 1229 5214 si
1251 5159 1371 5228 quis
1398 5173 1530 5211 vero
1559 5157 1646 5211 illa
1677 5174 1782 5211 non

179 5254 449 5320 admittat,
465 5269 583 5324 qua:
603 5270 710 5309 non
728 5263 927 5318 mente,
950 5252 1045 5308 sed
1072 5253 1175 5308 ﬁde
1201 5251 1590 5322 percipiuntur,
1612 5251 1654 5304 is
1677 5265 1782 5303 non

172 5348 287 5420 jam
305 5347 564 5412 stultitiae,
595 5347 686 5402 sed
711 5345 1098 5413 incredulitatis
1111 5361 1271 5408 causa
1294 5344 1551 5415 arguitur.
1570 5343 1638 5400 Ut
1656 5357 1785 5413 ergo

179 5440 334 5496 illum
357 5439 606 5503 abducat,
632 5454 699 5493 ne
727 5437 1018 5493 ratiociniis
1035 5437 1237 5492 dictum
1261 5437 1540 5507 percipere
1556 5443 1781 5514 quan-at,

179 5531 552 5589 vehementius
575 5532 626 5586 in
652 5531 798 5586 illum
823 5530 1110 5596 invehitur,
1133 5529 1202 5586 dc
1224 5529 1596 5586 incredulitate
1623 5543 1783 5583 accu-

177 5641 326 5682 sans.
350 5624 408 5680 Si
435 5639 565 5679 vero
593 5632 831 5678 nostram
855 5622 997 5677 illam
1028 5621 1430 5693 generationem
1461 5620 1567 5675 ﬁde
1593 5620 1786 5675 admit-

181 5725 296 5772 tere
313 5723 578 5786 oporteat,
599 5729 703 5785 quo
725 5730 830 5768 non
854 5712 998 5785 digni
1026 5724 1150 5769 sunt
1171 5713 1455 5784 supplicio,
1479 5712 1569 5782 qui
1589 5710 1787 5782 Unige-

182 5807 277 5863 niti
296 5808 700 5881 generationem
727 5805 936 5862 ratione
963 5806 1273 5878 inquirunt?
1302 5803 1565 5860 Sed‘tnrte
1591 5803 1785 5858 dixerit

509 5914 781 5975 Parnm.
824 5917 939 5976 (in.
991 5921 1145 5978 LIX.

1877 1271 2168 1339 quispiam,
2198 1274 2304 1326 Cur
2334 1271 2452 1330 haec
2481 1274 2626 1337 dicta
2656 1286 2818 1340 sunt,
2857 1277 2904 1335 si
2934 1277 3212 1334 auditores
3239 1294 3348 1335 non
3377 1294 3496 1344 cre-
3581 1317 3589 1325 ·

1873 1361 2271 1419 ,diturierant?
2309 1365 2442 1432 Quia
2474 1368 2576 1422 etsi
2621 1368 2695 1422 illi
2742 1383 2849 1427 non
2897 1368 3154 1423 credituri
3195 1379 3352 1426 crant
3379 1411 3396 1439 ,
3446 1381 3500 1428 at

1878 1455 2135 1510 credituri
2160 1467 2307 1512 certe
2339 1458 2500 1514 futuri
2527 1457 2797 1522 homines,
2831 1471 2886 1515 et
2914 1461 3043 1517 hinc
3064 1462 3348 1518 utilitatem
3380 1478 3501 1534 pcr-

1877 1551 2108 1618 cepturi.
2143 1549 2534 1607 Vehementius
2563 1567 2693 1623 ergo
2720 1553 2772 1607 in
2804 1553 2953 1608 illum
2987 1555 3247 1616 invehens
3269 1599 3282 1622 ,
3310 1566 3501 1622 osten-

1878 1640 1957 1695 dit
1981 1642 2200 1697 demum
2223 1687 2238 1710 ,
2269 1658 2329 1699 se
2375 1661 2481 1699 non
2514 1644 2677 1702 modo
2711 1645 2796 1702 illa
2829 1661 2989 1707 nosse
3014 1689 3029 1714 ,
3077 1647 3171 1702 sed
3200 1650 3364 1703 etiam
3395 1649 3499 1705 alia

1881 1733 2037 1806 longe
2071 1736 2222 1806 plura
2268 1746 2323 1792 et
2374 1738 2578 1808 majora
2611 1757 2624 1804 ;
2657 1740 2802 1810 quod
2837 1755 2936 1810 per
2961 1742 3243 1812 sequentia
3267 1742 3502 1808 ostendit

1881 1827 2069 1884 dicens
2095 1847 2108 1882 :
2145 1827 2313 1884 Nemo
2343 1830 2396 1885 in
2417 1831 2599 1885 ca’lum
2627 1832 2879 1896 ascendit,
2899 1833 3000 1903 nisi
3041 1834 3130 1903 qui
3163 1834 3226 1888 de
3252 1836 3377 1898 caelo
3416 1852 3503 1889 ae-

1881 1921 2097 1986 scendit,
2131 1920 2300 1976 Filius
2328 1924 2584 1996 hominis,
2622 1925 2709 1994 qui
2739 1935 2813 1978 est
2838 1895 3068 1980 in'cwlo'.
3099 1926 3167 1981 Et
3206 1896 3454 1996 quamam
3484 1972 3498 1994 ,

1882 2014 2128 2084 inquies,
2163 2015 2281 2070 btrc
2307 2016 2741 2085 consequentia?
2771 2015 3003 2078 Maxima
3034 2028 3200 2080 certe.
3235 2028 3290 2074 et
3316 1997 3502 2074 admo-

1881 2104 2008 2160 dum
2033 2121 2154 2161 cum
2185 2105 2512 2176 supradictis
2536 2123 2870 2162 consonans.
2893 2109 3030 2175 Quia
3052 2109 3197 2164 enim
3233 2110 3319 2164 ille
3346 2110 3501 2165 dixe-

1883 2207 1970 2253 rat
1999 2216 2012 2253 :
2048 2198 2254 2254 Scimus
2292 2201 2412 2269 quia
2441 2217 2474 2253 a
2511 2199 2621 2255 Deo
2647 2201 2830 2256 venisti
2868 2201 3112 2272 magister
3135 2243 3148 2266 ,
3184 2202 3286 2256 hoc
3329 2204 3502 2273 ipsum

1886 2292 1978 2352 ille
2007 2293 2249 2363 corrigit,
2281 2308 2344 2349 ac
2375 2294 2419 2349 si
2451 2294 2634 2356 dicat:
2666 2294 2744 2362 Ne
2767 2304 2924 2366 putes
2964 2310 3052 2350 me
3084 2298 3154 2350 ita
3188 2298 3506 2366 magistrum

1885 2401 2006 2443 esse
2035 2395 2092 2442 ut
2121 2388 2272 2442 multi
2303 2387 2584 2459 propheta:
2610 2431 2624 2456 ,
2662 2389 2751 2459 qui
2788 2389 2857 2444 de
2886 2398 3026 2443 terra
3057 2399 3233 2443 erant.
3268 2390 3340 2443 Ex
3373 2391 3507 2444 ca'lo

1886 2495 2118 2551 namque
2146 2481 2325 2536 venio.
2357 2481 2749 2552 Prophetarum
2779 2482 2980 2552 quippe
3012 2481 3191 2541 nullus
3221 2497 3285 2535 eo
3313 2498 3506 2547 ascen-

1886 2571 2013 2636 dit;
2061 2586 2162 2642 ego
2210 2572 2318 2626 illic
2370 2571 2573 2627 habito.
2617 2572 2807 2629 Viden'
2849 2572 3125 2643 quomodo
3167 2573 3298 2637 illud
3345 2573 3506 2628 etiam

1887 2663 2029 2735 quod
2059 2665 2350 2720 admodum
2385 2666 2619 2721 sublime
2647 2666 2861 2722 videtur
2889 2681 3010 2721 esse
3033 2707 3048 2734 ,
3087 2666 3204 2736 ejus
3233 2668 3505 2737 magnitu-

1889 2757 2013 2816 dine
2046 2759 2480 2829 indignissimum
2525 2759 2645 2814 sit?
2686 2757 2802 2812 NOII
2848 2767 3057 2823 tantum
3090 2758 3234 2813 enim
3276 2758 3328 2812 in
3374 2758 3510 2812 cmlo

1887 2857 1990 2916 est,
2017 2850 2109 2907 sed
2142 2851 2304 2905 etiam
2334 2851 2553 2920 ubique,
2586 2859 2642 2906 et
2668 2851 2847 2916 omnia
2871 2850 3080 2919 implet.
3106 2847 3307 2904 Verum
3331 2849 3509 2913 adhuc

1889 2954 1986 3010 pro
2019 2942 2280 2997 auditoris
2310 2941 2681 2996 imbecillitate
2705 2941 2966 3010 loquitur,
2990 2949 3051 3002 ut
3077 2941 3334 3020 paulatim
3356 2939 3507 2994 illum

1890 3034 2080 3104 erigat.
2110 3034 2306 3090 Filium
2335 3046 2514 3089 autem
2557 3034 2794 3090 hominis
2832 3034 2920 3090 hic
2952 3050 3058 3088 non
3100 3050 3320 3090 carnem
3351 3049 3510 3094 voca‘

1892 3125 1986 3192 vit,
2013 3125 2109 3180 sed
2139 3141 2168 3180 a
2214 3125 2407 3181 minori
2441 3127 2739 3182 substantia
2773 3140 2832 3181 se
2863 3133 3034 3179 totum
3059 3165 3074 3190 ,
3113 3135 3170 3178 ut
3197 3125 3270 3180 ita
3299 3125 3500 3191 dicam,

1892 3220 2212 3274 nominavit.
2258 3219 2409 3276 Solet
2449 3220 2594 3276 enim
2626 3234 2773 3288 saepe
2817 3234 2844 3272 a
2892 3219 3173 3275 divinitate
3201 3261 3214 3284 ,
3262 3234 3407 3288 saepe
3443 3217 3512 3273 ab

1891 3309 2225 3367 humanitate
2255 3354 2269 3377 ,
2315 3327 2374 3366 se
2425 3321 2598 3366 totum
2650 3325 2867 3367 vocare.
2920 3311 3007 3365 14.
3051 3309 3118 3362 Et
3162 3311 3296 3364 sicut
3345 3309 3512 3364 Moses

1891 3404 2133 3459 exultavit
2163 3413 2448 3472 serpentem
2472 3406 2527 3458 in
2563 3403 2763 3459 deserto
2796 3445 2809 3468 ,
2844 3404 2916 3456 ita
2942 3401 3161 3456 exaltari
3187 3413 3385 3473 Oportet
3416 3401 3511 3457 Fi-

1892 3496 2017 3563 lium
2040 3497 2281 3551 hominis.
2310 3495 2424 3553 Hoc
2451 3511 2664 3552 rursum
2689 3495 2902 3553 videtur
2924 3511 2952 3550 a
2983 3496 3359 3566 superioribus
3383 3497 3513 3554 alie-

1893 3606 2018 3643 num
2046 3607 2059 3655 ;
2095 3590 2190 3645 sed
2231 3606 2353 3646 cum
2387 3591 2493 3645 illis
2522 3591 2757 3646 maxime
2788 3591 3080 3645 consentit.
3113 3589 3250 3646 Cum
3287 3590 3514 3654 dixisset

1891 3685 2037 3738 enim
2100 3685 2395 3745 maximum
2441 3700 2538 3757 per
2580 3684 2849 3754 baptisma
2907 3683 3162 3739 collatum
3206 3683 3515 3740 hominibus

1893 3791 2014 3831 esse
2043 3775 2366 3831 beneﬁcium
2394 3819 2409 3841 ,
2441 3775 2591 3831 addit
2643 3775 2804 3846 hujus
2849 3791 3068 3831 causam
3095 3818 3110 3844 ,
3156 3791 3333 3847 neque
3366 3777 3513 3832 illam

1895 3869 2160 3929 minorem
2187 3911 2200 3934 ,
2235 3867 2444 3923 scilicet
2502 3883 2600 3939 per
2657 3883 2899 3923 crucem.
2950 3867 3417 3937 Quemadmodum
3462 3883 3517 3925 et

1867 3963 2091 4038 ‘Paulus
2120 3962 2432 4019 Corinthios
2462 3963 2748 4034 alloquens
2767 4004 2782 4027 ,
2813 3962 2930 4018 ba:c
2957 3962 3117 4017 simul
3139 3961 3321 4033 jungit
3349 3963 3516 4018 bene-

1895 4057 2014 4112 ﬁcia
2058 4056 2142 4112 his
2195 4057 2411 4113 verbis:
2449 4055 2719 4124 Nuntquid
2761 4056 2963 4111 Paulus
2998 4056 3276 4125 cruciﬁxus
3323 4066 3396 4110 est
3425 4072 3517 4126 pro

1893 4150 2074 4214 vobis?
2102 4159 2191 4204 aut
2222 4150 2275 4203 in
2306 4150 2510 4204 nomine
2527 4148 2687 4204 Pauli
2704 4149 2950 4222 baptizati
2980 4150 3099 4214 estis
3123 4147 3267 4220 (Cor.
3291 4149 3340 4204 1.
3375 4143 3462 4218 15)
3488 4149 3509 4202 ?

1895 4241 2021 4299 Ηιυο
2042 4243 2187 4300 enim
2213 4241 2321 4298 duo‘
2362 4243 2597 4302 maxime
2639 4239 2968 4296 ineﬁ’abilem
2992 4239 3108 4310 ejus
3133 4254 3377 4297 amorem
3417 4254 3515 4306 *οδε

1895 4334 2122 4400 tendunt
2160 4349 2175 4400 ;
2219 4331 2364 4406 quod
2398 4346 2496 4402 pro
2518 4331 2751 4386 inimicis
2782 4344 2977 4402 passus
3012 4328 3084 4397 sit
3109 4370 3124 4394 ,
3157 4338 3211 4383 et
3236 4327 3381 4398 quod
3417 4343 3516 4399 pro

1894 4426 2129 4492 inimicis
2155 4432 2401 4490 mortuus
2428 4465 2441 4488 ,
2476 4440 2574 4494 per
2604 4423 2936 4493 baptismum
2958 4421 3227 4491 integram
3265 4430 3515 4492 peccato-

1895 4535 2013 4576 rum
2047 4519 2258 4574 veniam
2289 4518 2517 4589 largitus
2549 4517 2639 4572 sit.

1965 4615 2023 4686 2.
2063 4613 2175 4670 Cur
2215 4621 2394 4667 autem
2438 4627 2548 4676 non
2601 4609 2750 4665 clare
2796 4607 2933 4679 dixit
2978 4621 3038 4662 se
3083 4605 3512 4677 cruciﬁgendum

1897 4723 2038 4781 esse,
2072 4706 2165 4761 sed
2196 4705 2262 4760 ad
2293 4714 2535 4764 veterem
2570 4702 2794 4774 ﬁguram
2821 4699 3098 4755 auditores
3126 4697 3375 4753 remisit?
3397 4695 3516 4762 Pri-

1897 4818 2043 4868 mum
2078 4810 2134 4854 ut
2164 4797 2479 4870 discerent‘
2508 4803 2750 4849 veterum
2783 4807 2905 4848 cum
2930 4791 3085 4850 novis
3113 4789 3514 4864 cognationem,

1896 4895 2208 4964 scirentque
2253 4889 2371 4945 lucc
2412 4889 2519 4944 illis
2559 4887 2735 4957 aliena
2769 4901 2876 4940 non
2916 4898 3087 4956 esse;
3120 4881 3316 4938 deinde
3346 4891 3404 4937 ut
3429 4881 3515 4939 in-

1899 4989 2106 5060 tcltigas
2128 5029 2142 5052 ,
2175 4987 2348 5058 ipsum
2391 4997 2498 5039 non
2529 4981 2754 5043 invitum
2787 4978 2856 5044 ad
2899 4985 3131 5043 mortem
3159 4981 3412 5043 venisse;
3447 4974 3514 5046 ad

1897 5085 2012 5138 lucc
2038 5091 2216 5137 autem
2264 5088 2321 5141 ut
2364 5077 2604 5133 disceres
2634 5118 2648 5142 ,
2679 5073 2885 5129 nullum
2933 5071 3032 5142 ipsi
3069 5069 3139 5126 ab
3179 5070 3269 5142 illa
3318 5085 3377 5125 re
3421 5068 3515 5140 da-

1895 5191 2081 5243 mnum
2101 5171 2402 5244 importari,
2428 5179 2482 5225 et
2503 5169 2630 5224 hinc
2651 5165 2833 5222 multis
2853 5165 3024 5236 ipsum
3044 5163 3272 5219 salutem
3297 5177 3512 5232 parere.

1893 5270 1972 5326 Ne
2021 5269 2142 5340 quis
2167 5267 2311 5323 enim
2339 5264 2583 5329 diceret,
2618 5261 2686 5316 Et
2730 5258 3005 5330 quomodo
3044 5257 3159 5312 ﬁeri
3202 5266 3425 5328 potest,
3459 5266 3516 5310 ut

1894 5367 1985 5438 qui
2019 5365 2072 5418 in
2120 5359 2437 5417 cruciﬁxum
2488 5355 2761 5420 credunt,
2797 5354 3026 5408 salutem
3067 5359 3475 5422 consequantur
3499 5391 3513 5411 ,

1895 5474 2018 5512 cum
2061 5465 2115 5511 et
2155 5456 2271 5532 ipse
2312 5469 2340 5506 a
2386 5460 2562 5506 morte
2602 5456 2885 5517 correptus
2923 5443 3082 5499 luerit
3106 5443 3129 5496 Ἰ
3156 5441 3226 5498 ad
3271 5450 3513 5495 veterem

1896 5565 1994 5608 nos
2029 5548 2313 5603 historiam
2347 5543 2514 5599 ducit.
2546 5541 2679 5597 Nam
2720 5540 2767 5594 si
2809 5536 3101 5609 imaginem
3139 5546 3346 5595 teneam
3396 5544 3515 5585 ser-

1895 5643 2071 5714 petitis
2112 5639 2465 5710 respicientes
2499 5635 2669 5691 Judati
2706 5674 2719 5700 ,
2753 5641 2982 5687 mortem
3023 5627 3264 5700 vitabant
3289 5641 3308 5702 δ
3341 5619 3516 5700 multo

1961 5805 1973 5836 ²
2014 5799 2156 5852 savii.
2179 5836 2191 5861 ,
2218 5803 2268 5848 ut
2293 5795 2475 5863 discas.

3089 5906 3163 5982 io
