4048 6458
636 409 730 458 liget
1342 395 1395 442 s.
1439 387 1713 444 manus
1751 382 2222 443 cunvsosrom
2267 384 2580 439 Aittllill-Jl’.
2624 387 3156 448 coxsrstvrttvor.
3837 403 3921 456 tan

625 519 796 585 magis
843 516 877 568 ii
923 512 1009 582 qui
1052 511 1102 564 in
1148 505 1456 562 cruciﬁxum
1513 502 1738 556 credunt
1768 543 1782 566 ,
1841 499 2203 567 przustautiore

625 616 868 666 fruentur
898 603 1172 662 beneﬁcio.
1206 600 1318 654 Non
1344 600 1487 652 enim
1520 607 1738 666 propter
1767 593 2004 648 cruciﬁxi
2033 592 2198 645 imbe-

624 707 896 760 cillitatem
929 741 941 766 ,
977 711 1145 766 neque
1173 692 1310 764 quod
1335 691 1501 746 Judaei
1534 689 1838 756 superiores
1871 686 2066 739 fuerint
2088 727 2101 750 ,
2134 685 2202 739 ita

625 799 818 853 factum
847 803 934 850 est
965 813 975 846 :
1005 792 1095 848 sed
1127 791 1250 861 quia
1282 788 1416 841 Deus
1441 787 1616 839 dilexit
1649 785 1914 844 nmndum,
1948 781 2065 833 ideo
2090 780 2203 832 ani-

623 899 820 943 matum
863 886 979 954 ejus
1021 884 1270 951 templutn
1312 877 1657 946 crucifigitur.
1708 876 1795 929 l5.
1837 874 1902 927 Ut
1933 873 2092 926 onmis
2117 871 2204 939 qui

617 980 776 1033 credit
823 978 878 1030 in
905 976 1050 1029 illum
1075 991 1174 1026 non
1201 981 1405 1041 pereat,
1437 969 1526 1023 sed
1557 968 1736 1021 habeat
1763 967 1914 1020 vitam
1941 975 2198 1018 attentam.

620 1070 808 1124 \‘iden’
845 1068 1018 1123 crucis
1049 1079 1262 1120 causam
1288 1103 1302 1125 ,
1333 1070 1386 1116 et
1417 1060 1646 1114 salutem
1690 1057 1813 1112 inde
1851 1054 2092 1125 partam?
2125 1054 2200 1106 vi-

615 1163 740 1217 den‘
767 1160 947 1228 ﬁgura:
976 1171 1093 1212 cum
1125 1154 1346 1208 veritate
1368 1147 1814 1206 consonantiam?
1836 1147 1946 1202 Illic
1974 1154 2198 1199 mortem

615 1255 847 1324 effugere
875 1249 1042 1305 Judzei
1069 1289 1085 1313 ,
1130 1247 1222 1302 sed
1255 1255 1651 1314 temporaneatn
1678 1258 1694 1306 ;
1723 1242 1810 1296 hic
1849 1249 2103 1295 arternam
2137 1237 2198 1290 ﬁ-

613 1347 779 1399 deles.
809 1341 920 1396 lllic
946 1354 1237 1410 suspensus
1260 1350 1480 1406 serpens
1519 1341 1827 1403 serpentum
1860 1345 2070 1386 morsus
2106 1344 2198 1383 cu-

615 1436 795 1488 rabat:
829 1433 916 1487 hic
943 1429 1228 1485 cruciﬁxus
1255 1427 1410 1484 Jesus
1448 1442 1478 1480 a
1520 1425 1780 1495 spirituali
1806 1423 2037 1478 dracone
2063 1420 2199 1474 inlli-

611 1537 724 1580 etas
752 1525 935 1596 plagas
964 1522 1201 1578 curabat.
1233 1520 1342 1574 Illic
1370 1519 1458 1589 qui
1487 1517 1656 1573 oculis
1673 1516 1944 1586 corporeis
1960 1513 2194 1579 videbat,

610 1617 926 1680 curabatur;
953 1615 1038 1668 hic
1064 1613 1151 1681 qui
1180 1611 1372 1665 mentis
1393 1610 1561 1664 oculis
1589 1609 1749 1673 videt,
1777 1616 1990 1677 peccata
2013 1605 2191 1658 omnia

613 1709 850 1778 deponit.
884 1705 992 1759 lllic
1018 1721 1092 1758 ωε
1121 1701 1383 1773 pendebat
1410 1701 1475 1754 ad
1513 1700 1728 1754 modum
1772 1699 2035 1764 serpentis
2064 1697 2199 1766 ligno

611 1807 814 1862 ratum;
858 1794 944 1849 hic
985 1807 1177 1863 corpus
1224 1792 1553 1847 Dominicum
1597 1805 1625 1843 a
1655 1788 1857 1858 Spiritu
1889 1791 2193 1842 formatum.

591 1891 720 1944 'lllic
749 1902 968 1958 serpens
992 1886 1289 1952 mordebat,
1321 1896 1373 1940 et
1403 1899 1622 1954 serpens
1651 1885 1904 1950 curabat;
1937 1884 2024 1939 hic
2049 1898 2196 1940 mors

609 1981 871 2052 perdidit,
899 1990 950 2035 et
983 1995 1127 2037 mors
1169 1983 1415 2034 servavit.
1451 1978 1556 2034 Sed
1586 1981 1673 2049 qui
1707 1977 2046 2032 interimebat
2077 1993 2192 2032 sero

609 2091 737 2144 petis
759 2116 772 2137 ,
805 2090 1066 2129 venenum
1103 2073 1333 2128 habebat
1364 2091 1376 2137 ;
1411 2073 1499 2142 qui
1531 2087 1658 2126 vero
1689 2070 1956 2136 servabat,
1987 2085 2193 2125 veneno

609 2184 810 2222 vacuus
841 2177 975 2222 erat.
1007 2167 1240 2234 ldipsum
1262 2166 1371 2234 jam
1404 2164 1584 2219 videre
1605 2174 1704 2220 est.
1735 2164 1866 2218 Nam
1899 2179 2044 2219 mors
2073 2178 2193 2233 quae

608 2258 961 2322 interimebal,
989 2267 1261 2327 peceatum
1296 2256 1543 2323 habebat,
1569 2264 1909 2311 utvenenum
1931 2270 2189 2325 serpens:

608 2351 816 2405 Domini
844 2360 1020 2406 autem
1052 2365 1196 2405 mors
1236 2349 1307 2404 ab
1331 2350 1490 2411 omni
1502 2359 1723 2420 peccato
1753 2351 2006 2405 immunis
2032 2359 2149 2406 erat
2173 2391 2190 2419 ,

607 2454 665 2496 ut
693 2457 873 2497 aeneus
910 2458 1131 2512 serpens
1159 2458 1190 2498 a
1212 2458 1417 2499 veneno
1444 2458 1663 2499 vacuus.
1695 2441 1966 2498 Peccatum
2001 2444 2143 2499 enim
2173 2484 2190 2511 ,

606 2533 815 2600 inquit,"
854 2549 954 2585 non
982 2533 1134 2600 ferit,
1170 2550 1260 2586 nec
1299 2535 1531 2588 inventus
1568 2543 1641 2588 est
1685 2533 1831 2588 dolus
1871 2536 1924 2586 in
1950 2550 2035 2586 ore
2078 2535 2194 2601 ejus

603 2626 681 2692 (Ι.
716 2623 827 2678 l’et.
854 2623 908 2679 Ξ..
935 2623 1048 2696 22).
1080 2624 1190 2678 lloc
1210 2639 1337 2695 ergo
1359 2636 1437 2679 est
1463 2626 1603 2694 quod
1623 2625 1938 2694 signiﬁcavit
1960 2624 2153 2679 Paulus
2178 2646 2189 2680 :

605 2716 912 2787 Exspolians
965 2719 1277 2788 principatus
1318 2729 1364 2771 et
1420 2727 1725 2786 potestates,
1764 2719 1988 2770 traduxit
2031 2719 2191 2786 conﬁ-

603 2814 777 2864 denter
800 2851 813 2873 ,
849 2811 1021 2879 palam
1059 2811 1376 2877 triumphans
1422 2811 1538 2864 illos
1580 2810 1632 2862 in
1673 2811 1939 2879 semetipso
1971 2809 2186 2878 (Κοίου.

603 2903 655 2956 2.
693 2902 801 2972 l5).
833 2900 1293 2967 Quemadmodum
1348 2903 1491 2955 enim
1539 2901 1734 2955 athleta
1763 2910 2031 2964 strenuus,
2062 2915 2182 2954 eum

600 2993 880 3046 sublimem
918 3001 1093 3047 actum
1131 2991 1496 3046 adversarium
1538 2993 1869 3060 prosternit,
1902 2991 2188 3047 clariOrem

601 3086 762 3141 refert
791 3087 1069 3140 victoriam
1097 3105 1108 3139 :
1139 3086 1215 3140 sic
1247 3095 1296 3138 et
1327 3085 1568 3140 Christus
1592 3094 1701 3138 toto
1729 3093 2005 3154 spectante
2034 3085 2186 3151 orbe,

601 3177 933 3232 adversarius
955 3184 1247 3246 potestates
1273 3177 1488 3245 dejecit;
1519 3184 1574 3230 et
1594 3176 1671 3230 eis
1701 3176 1790 3244 qui
1820 3177 1870 3230 in
1900 3175 2187 3230 solitudine

601 3269 860 3323 vulnerati
889 3268 1098 3324 fuerant
1124 3269 1323 3322 curatis
1356 3310 1370 3334 ,
1404 3268 1470 3322 ab
1501 3267 1749 3322 clunibus
1776 3268 1902 3321 feris
1938 3268 2080 3338 ipsos
2128 3267 2181 3323 in

603 3375 763 3414 cruce
793 3374 1082 3430 suspensus
1112 3361 1378 3414 liberavit.
1399 3361 1590 3414 Verum
1621 3376 1724 3414 non
1751 3360 2184 3430 dixit,Sospendi

598 3460 828 3520 oportet,
873 3450 987 3515 sed,
1025 3450 1279 3506 Exaltari.
1308 3452 1457 3519 Quod
1497 3455 1638 3505 enim
1671 3453 1816 3506 dictu
1854 3453 2184 3508 tolerabilius

599 3556 718 3596 esse
738 3541 1020 3597 videbatur
1054 3543 1104 3596 in
1131 3543 1398 3597 audientis
1419 3548 1642 3612 gratiam
1671 3584 1683 3607 ,
1717 3545 1817 3598 hoc
1851 3545 2092 3614 proxime
2119 3544 2185 3599 ad

602 3634 819 3704 figuram
849 3634 924 3704 (α)
951 3633 1211 3690 accedens
1243 3637 1434 3703 posuit.

658 3725 765 3780 .Dei
827 3744 969 3780 amor
1025 3745 1142 3798 erga
1201 3729 1426 3781 homines
1455 3738 1672 3797 quantus
1724 3729 1785 3781 sit
1833 3745 1898 3782 ex
1951 3730 2188 3783 incarna-

600 3821 731 3873 tione
772 3829 817 3873 et
857 3825 1090 3888 passione
1132 3820 1386 3890 probatur.
1425 3819 1595 3886 Quare
1624 3831 1780 3873 morte
1818 3837 1911 3873 sua
1955 3821 2184 3874 subindi-

598 3921 710 3962 rata
739 3951 753 3976 ,
804 3911 970 3964 statim
997 3927 1049 3964 se
1089 3921 1338 3962 auctorem
1381 3911 1495 3963 vitae
1518 3911 1810 3980 prtcdixerit
1849 3910 2095 3965 Christus.
2115 3942 2186 3952 —

600 4002 684 4055 lt}.
740 4001 829 4056 Sic
859 4003 989 4055 enim
1023 4001 1159 4054 Deus
1189 4001 1364 4055 dilexit
1402 4003 1646 4055 mundum
1676 4044 1689 4069 ,
1726 4014 1777 4055 ut
1809 4001 1857 4054 F
1859 4004 2001 4057 ilium
2038 4021 2182 4058 suum

597 4095 910 4162 unigenitum
939 4095 1080 4146 daret
1111 4135 1124 4158 ,
1158 4105 1210 4145 ut
1241 4095 1420 4158 onmis,
1459 4095 1544 4163 qui
1578 4095 1735 4148 credit
1767 4097 1817 4148 in
1846 4096 2045 4164 ipsum,
2081 4113 2181 4151 non

596 4195 786 4254 pereat,
811 4185 900 4238 sed
922 4185 1098 4238 habent
1130 4185 1277 4237 ritam
1308 4193 1565 4239 retentam.
1591 4186 1703 4240 lloc
1731 4198 1808 4241 est
1833 4205 1844 4239 :
1868 4186 1946 4242 Ne
1971 4189 2180 4243 mireris

594 4277 734 4347 quod
764 4293 862 4347 ego
904 4278 1220 4333 cxaltandus
1251 4279 1384 4342 sim,
1414 4290 1470 4332 ut
1501 4295 1594 4335 vos
1626 4282 1852 4335 salutem
1881 4296 2179 4350 consequa-

595 4371 743 4424 mini.
791 4369 919 4424 Nam
964 4371 1067 4424 hoc
1109 4372 1178 4422 ita
1220 4369 1362 4423 Patri
1404 4371 1571 4425 visunt
1604 4381 1686 4425 est
1717 4388 1731 4434 ;
1765 4382 1818 4426 et
1865 4374 1942 4426 sic
1973 4374 2060 4428 ille
2089 4390 2182 4429 vos

593 4461 797 4523 dilexit,
827 4474 878 4513 ut
898 4477 991 4528 pro
1010 4461 1182 4515 servis
1210 4460 1400 4514 Filium
1425 4461 1609 4525 daret,
1640 4471 1693 4516 et
1717 4478 1810 4532 pro
1831 4465 2048 4533 ingratis
2066 4479 2177 4519 ser-

580 4555 693 4606 .ris.
711 4553 1057 4621 Atquineque
1081 4569 1174 4622 pro
1192 4554 1364 4608 amico
1381 4555 1641 4623 quispiam
1663 4555 1710 4608 id
1735 4567 1884 4625 agat:
1923 4555 2018 4610 Vix
2047 4558 2178 4611 enim

592 4664 688 4715 pro
704 4646 850 4716 justo
879 4648 990 4714 quis
1015 4647 1263 4698 moriatur
1291 4647 1449 4715 (Rom
1501 4648 1536 4702 5
1586 4648 1662 4718 7).
1695 4647 1798 4702 Sed
1827 4650 1914 4703 ille
1937 4649 2178 4720 longiore

593 4755 719 4792 usus
751 4753 996 4792 sermone
1022 4747 1107 4792 est
1128 4781 1141 4802 ,
1172 4729 1291 4808 quia
1336 4739 1576 4794 ﬁdelibus
1607 4740 1771 4795 verba
1796 4739 2020 4796 faciebat
2047 4760 2058 4794 :
2092 4742 2176 4797 hic

589 4839 768 4882 autem
792 4829 1005 4883 brevius
1031 4829 1296 4892 Christus,
1330 4831 1452 4897 quia
1475 4830 1820 4888 Nicodemum
1859 4832 2172 4902 alloqueba-

593 4931 675 4973 tur
706 4937 719 4984 ;
755 4920 846 4974 sed
874 4936 992 4974 cum
1022 4920 1222 4989 majore
1245 4921 1484 4989 emphasi
1509 4939 1520 4974 :
1550 4939 1668 4991 qua:
1699 4924 1748 4977 in
1776 4919 1996 4995 singulis
2018 4925 2177 4980 dictis

591 5013 924 5065 observatur.
977 5011 1069 5065 llis
1111 5013 1253 5065 enim
1293 5012 1501 5079 \erbis,
1531 5014 1620 5071 Sic
1650 5014 1865 5081 dilexit,
1914 5026 1966 5070 et
1991 5057 2009 5079 ,
2035 5014 2177 5070 Deus

591 5106 871 5171 mundum,
906 5105 1091 5176 ingens
1120 5120 1272 5160 amor
1316 5107 1664 5176 signiﬁcatur.
1698 5107 1917 5165 Multum
1940 5111 2138 5179 quippe
2159 5151 2173 5176 ,

583 5199 699 5253 imo
736 5199 1052 5253 immensum
1095 5207 1208 5252 erat
1252 5199 1561 5254 discrimen.
1607 5202 1738 5256 Nam
1783 5203 2099 5261 immortalis
2126 5212 2178 5256 et

592 5291 709 5342 sine
741 5291 1018 5359 principio,
1053 5291 1360 5360 magnitudo
1383 5292 1584 5347 inﬁnita
1614 5335 1627 5360 ,
1655 5308 1717 5347 ex
1752 5304 1891 5348 terra
1923 5305 1974 5349 et
1999 5296 2178 5352 cinere

592 5389 862 5448 formatos,
900 5385 1193 5438 innumeris
1223 5398 1442 5440 onusms
1470 5387 1707 5456 peccatis
1727 5429 1741 5454 ,
1767 5389 1854 5458 qui
1881 5404 2094 5458 semper
2119 5405 2177 5446 se

591 5474 952 5541 effundebant,
989 5475 1256 5544 ingratos;
1286 5476 1414 5540 hos,
1451 5478 1685 5548 inquam,
1713 5479 1919 5534 dilexit.
1951 5481 2010 5533 Et
2057 5497 2176 5550 quae

591 5577 773 5632 postea
820 5577 1113 5636 sequuntur
1179 5568 1397 5636 perinde
1441 5571 1775 5626 vehementia
1818 5583 1982 5637 sunt;
2031 5573 2178 5628 addit

592 5661 733 5712 enim
773 5679 784 5713 :
823 5659 888 5713 Ut
932 5659 1120 5713 Filium
1161 5679 1306 5715 suum
1352 5663 1659 5732 unigenitum
1701 5664 1890 5728 daret;
1923 5683 2026 5720 non
2056 5681 2171 5721 scr-

591 5870 627 5906 μ
649 5793 924 5918 έῖιὲὲἓεὶηίδί
939 5788 1147 5862 ﬁgurate
1168 5799 1339 5850 dicitur
1354 5799 1573 5852 Christus
1592 5797 1813 5862 exaltari,
1833 5813 1943 5858 cum
1963 5803 2010 5852 in
2029 5816 2173 5857 cruce

603 5871 644 5908 ’λ
693 5872 704 5898 ι
805 5873 817 5907 ι
844 5873 914 5910 ur.

603 5871 914 5910 i’JSDCDGlllﬂ‘.

2316 514 2458 563 vum,
2489 515 2592 555 non
2617 504 2886 574 angelum,
2909 523 3013 562 non
3031 509 3410 579 archangelum
3432 512 3528 566 ait.
3558 515 3731 584 Atqui
3759 533 3911 572 nemo

2316 605 2545 662 unquam
2576 596 2656 650 vel
2693 598 2832 652 circa
2875 599 3040 654 ﬁlium
3087 601 3289 666 tantum
3333 602 3570 656 studium
3621 605 3916 665 adhibuit.

2311 697 2568 754 quantum
2586 687 2737 742 Deus
2771 689 2910 742 circa
2950 689 3187 759 ingratos
3214 707 3419 746 servos.
3468 693 3797 748 Passionem
3827 700 3916 751 ita-

2310 792 2415 846 que
2441 792 2545 831 non
2576 781 2794 833 omnino
2820 791 3002 849 aperte
3025 824 3038 847 ,
3073 783 3166 835 sed
3195 783 3421 838 obscure
3451 787 3735 854 pra-dicit;
3771 801 3916 842 emo-

2313 871 2605 925 lumentum
2653 882 2830 927 autem
2871 888 2936 928 ex
2987 875 3238 943 passione
3287 874 3524 930 futurum
3557 879 3709 932 clare
3737 879 3912 934 dicit:

2315 961 2382 1017 Ut
2409 964 2570 1017 omnis
2595 965 2681 1034 qui
2708 966 2862 1019 credit
2885 968 2936 1019 in
2963 983 3076 1019 eum
3102 1009 3114 1032 ,
3155 984 3254 1020 non
3286 978 3487 1036 pereat,
3512 968 3603 1023 sed
3634 971 3824 1023 habent
3844 973 3916 1024 vi-

2310 1066 2414 1110 tam
2445 1067 2704 1112 retentam.
2735 1059 2868 1126 Quia
2919 1059 3126 1114 dixerat
3171 1063 3341 1132 ipsum
3381 1063 3677 1118 exaltatum
3725 1066 3793 1120 iri
3819 1109 3835 1133 ,
3859 1078 3909 1122 et

2309 1159 2539 1204 tuortem
2591 1150 3023 1205 subindicaverat
3048 1193 3061 1214 ,
3104 1168 3172 1206 ne
3199 1154 3361 1207 verba
3395 1155 3583 1208 isthmc
3612 1171 3906 1210 maerorem-

2307 1251 2557 1309 parerent
2581 1242 2807 1296 auditori
2840 1283 2854 1307 ,
2901 1243 3055 1297 etde
3109 1244 3224 1311 ipso
3283 1244 3576 1298 humanmu
3629 1247 3907 1314 quidpiam

2305 1335 2704 1402 suspicaretur,
2740 1347 3052 1405 putaretque
3101 1347 3327 1390 mortem
3373 1338 3470 1406 ipsi
3508 1338 3675 1394 ﬁnem
3728 1341 3904 1393 exsis-

2305 1423 2451 1477 tendi
2482 1423 2710 1478 futuram
2761 1441 2900 1488 esse,
2949 1426 3068 1479 vide
3115 1442 3221 1494 quo
3254 1437 3409 1494 pacto
3460 1427 3508 1481 id
3535 1438 3904 1498 attemperct,

2303 1531 2423 1570 cum
2451 1518 2575 1571 dicit
2609 1519 2790 1571 datum
2825 1533 2941 1572 esse
2969 1519 3059 1572 liei
3088 1519 3305 1582 Filium,
3338 1521 3458 1574 vita:
3497 1536 3724 1575 causam
3755 1566 3769 1582 .
3803 1523 3901 1575 imo

2304 1610 2425 1662 vita:
2471 1621 2706 1662 a-terna-.
2745 1608 2791 1663 Is
2836 1626 2962 1664 vero
3001 1611 3089 1678 qui
3125 1627 3218 1679 per
3265 1621 3492 1665 mortem
3537 1627 3695 1665 suam
3747 1613 3902 1665 vitam

2303 1702 2421 1754 aliis
2450 1701 2670 1756 daturus
2715 1713 2830 1757 erat
2851 1745 2864 1768 ,
2895 1704 2948 1756 in
2979 1714 3153 1758 morte
3183 1720 3288 1757 non
3319 1704 3409 1758 diu
3445 1720 3741 1759 mansurus
3770 1719 3900 1762 erat.

2299 1793 2432 1850 Nam
2455 1794 2498 1848 si
2530 1795 2564 1848 ii
2612 1796 2698 1865 qui
2724 1797 2776 1849 in
2808 1797 3124 1851 cruciﬁxum
3157 1798 3425 1863 credunt,
3469 1814 3575 1852 non
3627 1813 3856 1869 pereunt
3887 1846 3895 1858 .

2302 1886 2469 1940 multo
2515 1887 2689 1942 minus
2725 1889 2918 1958 peribit
2948 1890 3036 1945 ille
3066 1891 3372 1944 cruciﬁxus.
3401 1890 3500 1959 Qui
3527 1894 3690 1949 enim
3733 1897 3899 1962 parui.

2303 1976 2438 2032 ciem
2491 1979 2559 2032 ab
2608 1979 2726 2033 aliis
2772 1979 2984 2047 aufert,
3035 1982 3204 2036 uml:o
3239 1981 3406 2051 magis
3447 1982 3563 2051 ipse
3591 1999 3619 2035 a
3665 1985 3900 2052 pernicie

2302 2069 2438 2124 liber
2466 2071 2568 2124 erit
2597 2091 2608 2125 :
2639 2072 2727 2141 qui
2754 2071 2875 2126 aliis
2896 2074 3055 2126 vitam
3087 2072 3358 2141 impertit,
3392 2073 3562 2126 multo
3599 2076 3774 2143 magis
3805 2077 3896 2128 sibi

2302 2161 2588 2229 impcrtiet.
2633 2161 2816 2217 Viden‘
2847 2162 3042 2231 ubique
3067 2177 3202 2233 opus
3245 2166 3378 2218 esse'
3408 2163 3512 2217 ﬁde
3541 2163 3566 2217 ἲ
3594 2163 3734 2218 Nam
3781 2180 3900 2218 eru-

2298 2267 2414 2307 cem
2446 2254 2567 2307 vitm
2595 2254 2797 2309 fontem
2823 2269 2944 2310 esse
2970 2255 3117 2309 dicit.
3148 2255 3200 2307 Id
3234 2257 3574 2310 ratiocinium
3605 2273 3718 2311 non
3749 2257 3905 2314 facile

2299 2342 2544 2398 admittat
2577 2362 2589 2397 :
2621 2345 2772 2414 cujus
2801 2344 2874 2399 rei
2909 2353 3072 2400 testes
3100 2361 3239 2400 imuc
3261 2358 3385 2399 sunt
3410 2348 3646 2416 gentiles
3673 2389 3689 2412 ,
3729 2350 3821 2418 qui
3855 2351 3902 2402 id

2301 2433 2541 2490 videntes
2563 2449 2683 2489 eum
2705 2435 2816 2490 risu
2843 2436 3111 2505 excipiunt
3134 2457 3146 2490 :
3171 2436 3303 2491 ﬁdes
3327 2453 3453 2492 vero
3479 2454 3602 2508 qua:
3635 2439 3904 2496 ratiocinil

2301 2525 2718 2582 imbecillitatem
2747 2539 2963 2597 supcrat.
2983 2570 2995 2590 ,
3025 2529 3310 2585 bocfaeile
3331 2530 3565 2583 admittit
3591 2539 3650 2584 ct
3679 2532 3899 2586 retinet.

2302 2618 2453 2675 Unde
2484 2629 2660 2675 autem
2711 2630 2986 2689 tatttoliere
3020 2622 3159 2676 Deus
3211 2622 3466 2678 mundum
3509 2623 3706 2680 dilexit
3737 2626 3760 2677 ?
3791 2624 3900 2680 Non

2299 2715 2534 2775 aliunde,
2565 2730 2722 2785 quam
2750 2731 2813 2769 ex
2847 2716 2957 2770 Sola
2993 2716 3318 2786 benignitate
3342 2731 3457 2771 sua.

2369 2806 2422 2859 5.
2465 2805 2513 2857 Ε
2544 2807 2794 2870 beneﬁciis
2820 2825 2850 2858 a
2875 2809 3072 2861 Christo
3099 2809 3147 2861 in
3173 2809 3398 2862 homines
3426 2810 3654 2873 Collalis,
3687 2814 3899 2867 clamita-

2295 2912 2475 2966 synam
2516 2909 2559 2950 et
2586 2898 3191 2955 caritatemrommcndat
3239 2941 3254 2968 ,
3287 2917 3467 2971 eosque
3495 2905 3772 2974 redarguit
3818 2911 3896 2975 qui

2297 2991 2604 3060 pauperibus
2627 2992 2863 3061 neglectis
2892 2993 3036 3045 luxui
3061 2993 3444 3047 serviunt—In
3476 2995 3748 3063 pudorem
3778 3013 3898 3066 ergo

2297 3083 2663 3136 vertamurob
2703 3093 2901 3138 tantam
2935 3085 3212 3139 caritatem
3241 3101 3253 3137 :
3287 3086 3677 3141 erubescamus
3705 3088 3778 3142 de
3811 3089 3894 3142 bc-

2290 3176 2574 3246 .nignitatis
2603 3191 2848 3231 excessu.
2892 3177 3011 3245 Ipse
3037 3177 3179 3232 enim
3225 3187 3281 3233 ut
3325 3193 3422 3233 nos
3476 3190 3732 3233 servaret
3768 3224 3780 3240 .
3836 3197 3894 3235 ne

2295 3267 2567 3336 unigenito
2609 3269 2822 3337 quidem
2864 3269 3002 3323 Filio
3029 3285 3127 3326 suo
3174 3273 3447 3339 pepercit;
3499 3286 3600 3325 nos
3651 3275 3895 3342 pecuniis

2295 3359 2564 3430 parcimus
2612 3359 2662 3413 in
2723 3370 2961 3415 nostram
3017 3361 3332 3430 perniciem.
3369 3360 3500 3430 -Ipse
3555 3364 3893 3432 unigenitum

2292 3454 2486 3509 Filium
2533 3468 2630 3522 pro
2653 3454 2804 3509 nobis
2831 3455 3019 3519 dedit;
3053 3471 3152 3510 nos
3183 3469 3248 3510 ne
3277 3465 3558 3525 argentum
3584 3457 3815 3526 quidem
3847 3458 3894 3512 in

2292 3548 2412 3617 ejus
2432 3549 2654 3618 gratiam
2674 3548 3013 3617 despicimus
3034 3587 3047 3613 ,
3079 3548 3187 3600 imo
3237 3562 3336 3602 nec
3364 3548 3416 3601 in
3463 3559 3707 3601 nostram
3735 3551 3892 3604 .ntili-

2295 3651 2476 3696 talem.
2508 3641 2574 3694 Et
2598 3655 2827 3710 quanam
2867 3640 2979 3693 haec
3022 3638 3177 3693 venia
3207 3638 3366 3707 digna
3397 3639 3568 3692 sunt?
3619 3639 3676 3693 Si
3715 3641 3893 3694 homi-

2283 3750 2419 3789 nem
2447 3733 2976 3802 videamuspericnla
3001 3739 3060 3786 et
3090 3741 3316 3786 mortem
3347 3746 3443 3799 pro
3473 3731 3629 3788 nobis
3659 3733 3848 3788 subire
3875 3774 3890 3796 ,

2292 3830 2464 3899 ipsum
2518 3828 2765 3883 oumibus
2803 3825 3212 3896 antep-mimus,
3246 3832 3300 3878 et
3351 3824 3401 3876 in
3452 3823 3654 3877 intimis
3700 3826 3893 3881 amicis

2289 3936 2728 3984 annumeramus,
2775 3928 2953 3973 nostra
3017 3919 3195 3972 omnia
3240 3917 3340 3986 ipsi
3395 3915 3656 3970 tradimus
3684 3959 3700 3984 ,
3733 3928 3790 3971 et
3830 3935 3891 3973 ea

2290 4014 2457 4084 ipsius
2503 4027 2623 4067 esse
2654 4014 2821 4080 magis
2843 4025 3000 4080 quam
3045 4018 3225 4062 nostra
3271 4007 3538 4073 dicimus;
3585 4024 3767 4078 neque
3814 4013 3893 4064 sic

2289 4116 2537 4177 putamus
2588 4105 2800 4174 dignam
2845 4102 3142 4173 rependere
3183 4101 3378 4155 vicem.
3426 4101 3560 4170 Erga
3608 4101 3890 4157 Christum

2287 4213 2415 4253 vero
2443 4213 2613 4267 neque
2657 4196 2797 4250 hunc
2823 4196 2959 4265 grati
2991 4194 3151 4247 animi
3198 4192 3414 4246 modum
3439 4206 3742 4248 servamus.
3800 4196 3893 4251 llle

2288 4291 2520 4344 animam
2552 4304 2647 4357 pro
2675 4287 2828 4341 nobis
2853 4284 3027 4355 posuit
3055 4326 3068 4351 ,
3102 4295 3150 4338 et
3201 4293 3420 4354 propter
3457 4299 3556 4339 nos
3587 4286 3889 4354 pretiosum

2289 4383 2599 4450 sanguinem
2632 4378 2818 4433 effudit
2844 4419 2858 4442 ,
2905 4392 3002 4431 nos
3025 4419 3039 4442 ,
3071 4376 3285 4444 inquam
3312 4417 3326 4441 ,
3373 4375 3461 4444 qui
3502 4389 3602 4429 nec
3624 4376 3758 4430 boni
3791 4392 3890 4431 nec

2287 4474 2419 4542 grati
2452 4484 2704 4533 eramus;
2740 4484 2836 4522 nos
2865 4483 2995 4522 vero
3043 4482 3110 4521 ne
3142 4467 3193 4520 in
3221 4477 3459 4521 nostram
3490 4465 3709 4536 quidem
3741 4469 3887 4522 utili—

2282 4572 2449 4617 tatem
2481 4560 2737 4632 pecnnias
2769 4558 3091 4614 effundimus
3117 4573 3132 4622 ;
3157 4556 3250 4612 sed
3302 4572 3424 4611 eum
3453 4557 3541 4626 qui
3573 4571 3678 4626 pro
3727 4559 3887 4614 nobis

2283 4663 2525 4708 mortuus
2556 4661 2639 4708 est
2669 4693 2684 4717 ,
2732 4661 2784 4705 et
2818 4649 3018 4702 nudum
3046 4658 3098 4702 et
3143 4648 3482 4717 peregrinum
3519 4646 3884 4717 despicimus.

2285 4745 2481 4814 Ecquis
2511 4757 2610 4796 nos
2657 4758 2686 4793 a
2735 4740 2912 4794 futuro
2939 4739 3204 4809 supplicio
3247 4738 3491 4795 eximet?
3530 4729 3666 4792 Nam
3700 4740 3748 4794 si
3775 4756 3884 4796 non

2284 4837 2425 4891 Deus
2455 4851 2571 4899 nos,
2606 4834 2698 4888 sed
2731 4847 2831 4888 nos
2858 4832 2957 4902 ipsi
2989 4831 3320 4901 puuiremus,
3353 4845 3531 4884 annon
3557 4843 3752 4885 contra
3787 4849 3888 4888 nos

2284 4927 2545 4983 calculum
2564 4925 2889 4981 ferremus?
2934 4926 3124 4977 Annon
3150 4936 3248 4976 nos
3302 4922 3448 4990 ipsos
3496 4920 3563 4976 ad
3613 4922 3888 4992 geheunx

2284 5022 2458 5092 ignem
2489 5019 3004 5082 condemuaremus,
3031 5013 3174 5085 quod
3205 5028 3326 5069 eum
3359 5053 3372 5077 ,
3401 5013 3490 5082 qui
3521 5013 3761 5070 animam
3785 5031 3888 5085 pro

2285 5113 2436 5167 nobis
2462 5110 2684 5181 posuit,
2741 5106 2882 5161 fame
2928 5107 3292 5161 tabescentem
3341 5105 3885 5172 contempserimus?

2284 5205 2348 5259 Et
2376 5204 2500 5276 quid
2527 5202 2780 5273 pecunias
2806 5199 3089 5256 memoro?
3117 5198 3172 5254 Si
3206 5199 3347 5253 enim
3375 5197 3523 5252 mille
3550 5197 3883 5257 haberemus

2282 5300 2507 5365 animas,
2536 5313 2713 5350 annon
2757 5295 2873 5350 illas
2905 5308 3092 5348 omnes
3119 5306 3217 5362 pro
3247 5291 3338 5345 illo
3369 5306 3569 5360 ponere
3599 5292 3884 5360 oportuit?

2283 5395 2504 5451 Etiamsi
2548 5409 2617 5447 ne
2648 5393 2725 5446 sic
2753 5403 2965 5460 quoque
3004 5386 3130 5456 quid
3166 5385 3428 5441 beneficio
3459 5394 3607 5438 tanto
3653 5385 3880 5454 dignum

2283 5489 2619 5544 fecissemus.
2666 5483 2798 5538 Nam
2826 5481 2915 5552 qui
2961 5479 3105 5550 prior
3128 5476 3446 5533 beneﬁcium
3481 5476 3666 5544 ponit,
3699 5478 3881 5535 mani-
3927 5483 3930 5488 ’

2283 5581 2474 5636 festum
2505 5593 2609 5648 pra:
2647 5590 2705 5630 se
2733 5575 2834 5630 fert
2859 5572 3111 5628 bonitatis
3140 5567 3392 5624 indicium
3417 5585 3428 5619 :
3453 5566 3542 5636 qui
3566 5576 3753 5622 autem
3786 5569 3880 5623 be-

2282 5670 2473 5727 neﬁcio
2503 5667 2731 5722 afficitur
2756 5708 2769 5730 ,
2799 5661 3057 5735 quidquid
3091 5657 3304 5714 tandem
3352 5656 3560 5712 dederit
3587 5697 3602 5721 ,
3635 5657 3879 5712 debitum

2283 5756 2478 5821 reddit,
2512 5771 2617 5809 non
2641 5754 2862 5825 gratiam
2886 5748 2982 5802 init
3005 5763 3019 5812 ;
3046 5744 3283 5802 maxime
3309 5757 3436 5797 vero
3462 5757 3582 5795 cum
3614 5741 3704 5795 ille
3737 5743 3882 5811 prior

2287 5850 2558 5909 beneficus
2599 5846 2832 5905 inimicis
2871 5842 3010 5901 dona
3035 5837 3243 5899 confert
3269 5877 3284 5906 ,
3313 5847 3364 5893 et
3394 5836 3438 5892 is
3465 5828 3553 5907 qui
3587 5832 3876 5903 rependit,
