4048 6448
138 395 237 451 {Cl

136 503 475 564 benefactori
511 516 610 555 suo
636 497 777 554 dona
819 491 1111 558 retribuit,
1150 487 1346 559 quibus
1374 485 1538 541 etiam
1586 481 1744 538 donis

130 604 260 674 ipse
289 609 510 670 quoque
532 593 746 648 fruitur.
779 587 978 643 Verum
1005 584 1087 639 bis
1115 595 1220 636 non
1247 593 1552 642 movemur,
1578 589 1750 644 usque

121 694 278 747 adeo
303 690 529 760 ingrati,
553 693 610 740 ut
636 683 828 747 servis,
853 679 1034 744 mulis,
1057 674 1210 746 equis
1231 674 1563 743 operimenta
1588 682 1749 722 aurea

128 785 647 853 circumponamus;
677 773 960 829 Dominum
984 782 1112 823 vero
1144 773 1408 828 nostrum,
1433 760 1634 815 nudum
1657 774 1746 813 cr-

127 883 352 928 rantem
379 913 394 937 ,
424 870 660 924 ostiatim
693 863 1088 920 mendicantem
1113 899 1129 925 ,
1162 857 1213 911 in
1243 853 1495 924 compitis
1514 858 1748 906 stantem

124 975 191 1021 et
221 978 416 1021 manus
446 958 826 1018 extendentem
857 950 1241 1022 de5piciamus,
1276 947 1385 1000 imo
1413 958 1557 1013 saepe
1587 941 1751 996 torvis
1793 1008 1795 1011 ι

130 1061 453 1113 intueamur
487 1049 658 1107 oculis
685 1066 698 1104 :
733 1046 943 1103 etiamsi
975 1050 1195 1114 propter
1218 1054 1318 1094 nos
1345 1037 1494 1091 hisce
1516 1034 1672 1090 malis
1694 1047 1754 1088 se

127 1150 412 1221 subjiciat.
438 1147 693 1203 Libenter
714 1143 856 1198 enim
875 1138 1068 1203 "esurit,
1088 1142 1148 1190 ut
1175 1143 1229 1188 tu
1255 1130 1546 1194 nutriaris;
1576 1125 1753 1181 nudus

127 1217 430 1306 circumit,
486 1245 545 1291 ut
592 1235 684 1290 tibi
744 1227 1163 1299 incorruptionis
1217 1229 1422 1278 vestem
1484 1217 1751 1274 conferat.

132 1331 284 1386 Nihil
316 1339 498 1384 tamen
521 1341 618 1382 vos
640 1323 876 1394 erogatis
910 1339 923 1374 :
956 1317 1051 1374 sed
1084 1317 1404 1371 vestimenta
1437 1317 1616 1365 vestra
1647 1306 1752 1362 alia

127 1442 166 1479 a
201 1424 360 1480 tineis
387 1421 672 1486 roduntur,
701 1417 801 1471 alia
827 1457 842 1482 ,
873 1416 928 1468 in
955 1427 1078 1467 arca
1110 1407 1425 1470 recondita,
1458 1400 1746 1472 superﬂuas

132 1534 291 1574 cura:
325 1511 722 1587 possidentibus
765 1516 890 1564 sunt
920 1524 933 1560 :
965 1504 1092 1561 dum
1116 1503 1160 1556 is
1187 1501 1276 1570 qui
1315 1507 1369 1554 et
1400 1496 1517 1550 ha-c
1553 1504 1608 1549 et
1651 1491 1754 1545 alia

131 1583 339 1666 omnia.
372 1607 593 1676 largitus
641 1612 725 1657 est
755 1643 770 1667 ,
801 1598 974 1654 nudus
1017 1592 1344 1650 obambulat.
1390 1587 1596 1643 Verum
1640 1583 1757 1638 haec

137 1717 254 1760 non
284 1701 335 1754 in
369 1674 491 1753 arca
520 1693 843 1758 reconditis,
868 1688 961 1745 sed
1001 1687 1085 1742 his
1112 1683 1395 1754 magniﬁce
1429 1674 1757 1734 induiminil

134 1792 307 1860 Quid,
332 1804 516 1862 quatso
547 1831 559 1854 ,
591 1787 716 1841 hinc
745 1784 898 1838 vobis
929 1795 1048 1851 pius
1078 1774 1332 1833 accedit?
1362 1772 1434 1829 Ut
1460 1769 1757 1826 forensium

136 1885 298 1941 turba
322 1860 417 1938 vos
460 1878 762 1950 suspiciat?
789 1872 994 1945 Ecquid
1023 1871 1167 1927 hoc?
1215 1868 1330 1924 Non
1374 1865 1518 1922 enim
1551 1863 1635 1916 his
1669 1860 1757 1914 in-

132 1980 332 2033 dutum
359 1975 722 2035 admirantur,
753 1968 847 2025 sed
879 1981 1000 2023 eum
1032 1964 1122 2035 qui
1153 1960 1337 2032 egenis
1370 1957 1614 2026 largitur.
1645 1953 1756 2008 Ita-

133 2089 250 2144 que
281 2072 328 2126 si
374 2070 509 2125 velis
559 2062 899 2122 admirationi
952 2074 1071 2115 esse
1109 2099 1124 2120 ,
1162 2056 1297 2110 alios
1322 2051 1488 2107 indue
1515 2091 1528 2114 ,
1576 2056 1633 2103 et
1676 2045 1757 2102 sic

137 2166 292 2222 mille
339 2162 612 2234 plausibus
661 2155 964 2226 excipieris.
994 2152 1145 2206 Tunc
1171 2159 1221 2203 te
1266 2147 1406 2201 Deus
1428 2157 1552 2197 eum
1583 2136 1759 2194 homi-

141 2259 307 2312 nibus
343 2252 596 2310 laudabit.
630 2250 833 2305 Contra
873 2260 1002 2301 vero
1023 2245 1066 2300 si
1097 2255 1253 2297 secus
1293 2252 1420 2308 agas
1451 2278 1465 2302 ,
1498 2245 1659 2287 nemo
1705 2237 1758 2282 te

1181 373 1245 432 IN
1282 367 1594 429 JOANNEM
1636 365 1869 424 llOMIL.
1912 365 2156 423 XXVIII.
2199 367 2271 422 al.
2316 365 2532 422 XXVII.

3376 361 3395 418 l
3407 362 3477 418 iii!

1857 478 2094 536 laudabit
2121 521 2136 547 ,
2187 480 2280 536 sed
2322 494 2513 534 omnes
2542 477 2633 532 tibi
2674 476 2987 530 invidebunt
3015 518 3028 541 ,
3058 475 3184 530 lilltll
3221 476 3478 532 videbunt

1856 588 2054 643 corpus
2081 583 2352 635 ornatum,
2381 571 2615 625 animam
2645 584 2774 624 vero
2807 568 3125 638 neglectam.
3155 566 3472 636 Ilnjustnodi

1858 674 2107 721 ornatum
2152 662 2466 718 meretrices
2496 669 2772 716 sectantur
2803 703 2817 727 ,
2850 675 2970 730 qua:
3011 673 3155 729 smpe
3201 661 3390 728 majori
3416 673 3470 714 et

1857 756 2185 828 opulentiori
2235 755 2381 811 cultu
2440 753 2716 825 gaudent;
2761 761 2987 807 ornatus
3038 761 3218 808 autem
3281 752 3476 807 animm

1861 865 2026 923 penes
2075 850 2288 903 virtutis
2331 847 2606 903 studiosos
2667 855 2872 900 tantum
2919 845 3167 900 habetur.
3201 843 3328 900 Haec
3373 845 3482 899 ire-

1859 954 2088 1015 qnettter
2117 944 2269 1008 dico,
2304 957 2402 997 nec
2442 941 2604 996 linem
2634 938 2848 995 dicendi
2879 938 3069 994 faciam
3091 979 3107 1004 ,
3137 955 3243 992 non
3273 953 3478 1009 paupe-

1859 1053 1949 1094 res
1993 1044 2200 1092 tantum
2241 1048 2440 1089 curans
2473 1075 2486 1098 ,
2521 1042 2781 1102 quantum
2832 1032 3042 1085 animas
3087 1042 3319 1086 veStras.
3373 1029 3480 1086 Illis

1859 1131 2006 1186 enim
2037 1128 2138 1184 etsi
2165 1143 2271 1182 non
2300 1140 2330 1180 a
2373 1125 2559 1188 nobis,
2602 1123 2819 1179 aliunde
2864 1131 3043 1179 tamen
3075 1120 3326 1193 qua‘dani
3371 1124 3478 1177 erit

1860 1223 2205 1287 consolatio;
2257 1220 2299 1274 si
2348 1219 2496 1274 nulla
2542 1217 2721 1284 adsit,
2771 1224 2827 1270 et
2869 1215 3009 1270 fame
3053 1223 3321 1284 pereant,
3370 1230 3476 1268 non

1863 1328 2114 1385 magnum
2140 1311 2243 1367 hoc
2271 1310 2526 1366 damnum
2553 1308 2703 1380 ipsis.
2736 1307 2874 1375 Quid
2905 1309 3090 1362 nocuit
3109 1307 3317 1362 Lazaro
3347 1322 3451 1379 pan

1863 1417 2043 1478 pertas
2071 1415 2125 1460 et
2173 1403 2384 1458 fames?
2432 1401 2539 1458 Sed
2583 1414 2680 1454 vos
2725 1399 2858 1454 nihil
2889 1413 2918 1452 a
2963 1399 3215 1469 geltenna
3246 1399 3480 1467 eripiet,

1865 1499 1966 1554 nisi
1998 1511 2292 1568 pauperum
2333 1509 2439 1564 ope
2464 1491 2750 1564 juvemini.
2783 1488 2890 1546 Sed
2932 1489 3121 1545 eadem
3173 1493 3285 1559 ipsa
3331 1489 3484 1546 diee-

1866 1603 1986 1645 mtts
2028 1603 2150 1659 quae
2197 1585 2350 1640 dives
2381 1584 2470 1639 ille
2518 1591 2777 1653 perpetuo
2825 1581 3052 1636 traditus
3103 1582 3252 1651 igni,
3306 1581 3483 1637 omnis

1865 1679 2252 1738 consolationis
2295 1674 2532 1745 esperti.
2581 1673 2782 1730 Verum
2816 1673 2997 1738 absit,
3027 1682 3085 1728 ut
3109 1673 3231 1744 quis
3269 1672 3355 1727 illa
3387 1688 3476 1727 un-

1865 1788 2029 1846 quam
2074 1769 2236 1824 verba
2284 1767 2508 1830 audiat;
2559 1765 2692 1833 faxit
2739 1765 2878 1820 Deus
2927 1774 2980 1818 ut
3026 1779 3219 1819 omnes
3260 1764 3312 1818 in
3356 1765 3479 1819 sinu

1865 1866 2101 1922 Abrahae
2149 1861 2518 1928 recipiantur,
2563 1858 2732 1930 gratia
2778 1866 2833 1913 et
2881 1856 3216 1928 benignitate
3271 1857 3482 1912 Domini

1867 1957 2040 2015 nostri
2071 1955 2198 2011 Jesu
2230 1950 2450 2014 Christi,
2487 1966 2582 2020 per
2611 1965 2771 2020 quem
2799 1959 2853 2004 et
2879 1963 3000 2003 cum
3049 1963 3158 2020 quo
3198 1948 3342 2004 Patri
3373 1949 3487 2019 gloo

1867 2056 1969 2122 ria,
2004 2068 2217 2124 unaque
2268 2057 2459 2106 saneto
2491 2047 2737 2118 Spiritui,
2791 2047 2843 2100 in
2889 2045 3084 2102 smcula
3126 2044 3478 2102 surculorum.

1868 2151 2062 2206 Amen.

141 2338 3478 2415 ________________________._______.___________

1441 2437 1793 2506 HOMILIA
1838 2419 2143 2490 XXVIII.

144 2612 236 2666 17.
284 2607 562 2664 Nancm'm
605 2605 740 2659 misit
790 2599 931 2657 Deus
977 2599 1171 2655 Filium
1211 2578 1457 2652 suum'in
1495 2587 1762 2648 numdum,

222 2713 277 2756 ut
297 2702 498 2774 judicet
527 2699 793 2762 mundum,
817 2697 906 2752 sed
929 2704 986 2748 ut
1013 2693 1208 2747 salvum
1233 2689 1388 2761 faciat
1416 2681 1683 2738 mundum.

227 2799 276 2851 l.
300 2773 477 2850 Multi
507 2808 572 2847 ex
595 2790 955 2860 segnioribus,
990 2786 1056 2841 ad
1091 2793 1308 2854 peccata
1352 2773 1760 2847 multiplicanda

145 2900 199 2942 et
237 2886 622 2958 negligentiam
655 2881 955 2953 augendam
983 2877 1164 2932 divina
1195 2874 1483 2929 abutentes
1519 2869 1762 2923 clemen-

148 2983 246 3044 tia,
282 2981 352 3034 ita
387 2980 676 3048 loquuntur
702 2993 714 3028 :
746 2973 895 3027 Nulla
923 2979 1005 3023 est
1029 2968 1298 3040 gebenna,
1329 2963 1534 3018 nullum
1557 2957 1762 3028 suppli-

146 3077 322 3135 cium,
347 3070 524 3123 omnia
561 3068 702 3121 Deus
749 3072 963 3132 peccata
1016 3058 1261 3115 remittit.
1303 3055 1542 3123 Quorum
1591 3063 1653 3102 os
1685 3049 1764 3102 sic

148 3163 389 3218 obstruit
432 3159 647 3228 sapiens
701 3156 965 3226 quidatn:
1007 3149 1082 3204 Ne
1131 3150 1311 3212 dicas,
1364 3143 1629 3198 Miseratio
1655 3141 1764 3210 ejus

151 3274 364 3328 magna,
399 3250 741 3308 multitudinis
779 3255 1098 3317 peccatorum
1135 3256 1359 3296 meorum
1401 3235 1765 3290 miserebitur:

151 3352 280 3418 quia
311 3343 662 3400 tttisericordia
707 3352 749 3393 et
781 3341 859 3392 ira
885 3337 1026 3406 apud
1055 3337 1242 3403 ipsum,
1273 3341 1319 3386 et
1347 3345 1502 3398 super
1535 3333 1769 3396 peccato-

151 3460 240 3499 res
261 3443 453 3497 ardebit
487 3445 634 3513 furor
663 3440 771 3509 ejus
823 3439 840 3506 (
873 3433 1033 3489 Ereti.
1069 3435 1120 3487 5.
1166 3430 1197 3484 ϐ
1224 3429 1277 3500 );
1328 3434 1381 3482 ct
1413 3439 1665 3484 rursum,
1700 3418 1768 3473 Ut

154 3535 323 3590 multa
348 3512 695 3587 misericordia
720 3532 849 3602 ejus,
872 3537 917 3582 et
940 3526 1101 3579 multa
1123 3521 1416 3590 redargntio
1444 3518 1554 3587 ejus
1578 3512 1767 3585 (Eccli.

157 3631 250 3688 16.
281 3631 390 3698 15).
416 3628 486 3684 Et
508 3627 618 3693 ubi,
648 3626 880 3695 inquies,
909 3619 1212 3690 benignitas
1241 3616 1380 3684 ejus,
1409 3611 1453 3666 si
1474 3607 1768 3665 secundum

157 3731 505 3796 peccatorum
529 3726 834 3772 nostrorum
860 3712 1050 3768 merita
1069 3706 1340 3777 accepturi
1358 3715 1545 3758 sumus
1565 3702 1588 3752 ‘t
1617 3695 1768 3764 Quod

158 3816 462 3873 secundum
491 3811 680 3866 merita
722 3805 994 3876 accepturi
1047 3804 1247 3865 simus,
1297 3796 1426 3850 audi‘
1449 3793 1769 3866 prophetam

159 3919 219 3964 et
253 3905 476 3963 Paulum
505 3904 771 3957 dicentem
794 3915 808 3963 ;
843 3897 990 3952 illum
1009 3893 1246 3964 quidem.
1273 3888 1352 3942 Tu
1373 3886 1554 3941 reddes
1572 3882 1776 3936 unicui-

157 4016 262 4071 que
291 3996 572 4052 secundum
596 4008 749 4061 opera
771 4006 864 4044 sua
887 3985 1062 4057 (Psal.
1094 3983 1183 4038 6i.
1218 3981 1311 4049 l5)
1336 3996 1350 4044 ;
1395 3977 1539 4031 hunc
1567 3982 1770 4038 autem,

164 4066 271 4159 Qui
300 4089 474 4143 reddet
495 4087 765 4156 unicuique
790 4080 1068 4137 secundum
1090 4092 1220 4146 Opus
1244 4090 1394 4129 suum
1413 4070 1592 4142 (Rom.
1621 4067 1670 4122 Ξ.
1693 4066 1769 4137 ϐ).

167 4181 328 4252 Quod
361 4191 540 4236 autem
573 4174 925 4231 nihilominus
953 4183 1145 4240 magna
1193 4167 1263 4221 sit
1312 4165 1404 4220 Dei
1459 4160 1770 4223 clementia,

163 4276 254 4332 vel
287 4274 414 4328 hinc
445 4272 616 4340 palam
664 4275 767 4330 est,
796 4263 940 4337 quod
992 4277 1115 4318 cum
1147 4261 1200 4314 itt
1231 4261 1367 4314 vitas
1411 4257 1546 4312 duas
1591 4262 1774 4308 nostra

167 4369 318 4424 Deus
346 4363 607 4427 diviserit,
641 4360 798 4414 aliain
823 4355 1205 4418 certaminum,
1232 4352 1392 4407 aliam
1423 4362 1773 4409 coronarum,

165 4461 394 4517 multam
422 4458 521 4511 h::c
575 4457 625 4509 in
656 4472 712 4508 re
760 4465 972 4522 quoque
1013 4447 1396 4517 benignitatem
1448 4442 1775 4498 exhibuerit.

165 4549 496 4621 Quomodo?
524 4549 656 4615 Quia
689 4555 969 4616 postquam
1001 4543 1280 4596 innumera
1311 4545 1528 4607 peccata
1552 4533 1776 4588 admisi-

169 4658 317 4708 mus,
346 4655 443 4696 ncc
464 4639 795 4695 CCSSuVIlmlS
824 4651 852 4690 a
874 4635 1157 4706 juventute
1180 4631 1246 4684 ad
1281 4640 1580 4683 extremam
1611 4639 1779 4693 usque

171 4744 510 4795 senectutem
559 4731 853 4787 sceleribus
903 4728 1138 4782 animam
1199 4733 1435 4778 nostram
1476 4720 1776 4790 inquinare,

169 4829 348 4884 nullas
377 4839 562 4882 eorum
593 4835 781 4893 pennas
810 4827 1041 4890 repetat,
1066 4823 1163 4872 sed
1192 4831 1289 4886 per
1317 4815 1589 4869 lavacrum
1624 4826 1780 4879 rege-

171 4917 474 4975 nerationis
502 4914 714 4969 veniam
743 4911 1043 4974 concedat,
1072 4907 1461 4977 imojustitiam
1491 4913 1547 4959 et
1576 4903 1780 4958 sancti-

173 5013 484 5068 ﬁcationem
515 5007 826 5076 elargialur.
873 5001 1014 5070 Quid
1044 5016 1196 5071 ergo,
1230 5000 1478 5070 inquies,
1516 4997 1559 5051 si
1602 4997 1722 5066 quis
1753 5009 1782 5049 a

173 5106 346 5175 prima
379 5110 538 5157 aetate
583 5099 857 5172 mysteriis
903 5096 1175 5167 dignatus,
1211 5102 1334 5163 post
1375 5092 1491 5147 lucc
1541 5089 1593 5144 in
1640 5090 1786 5144 mille

173 5207 396 5270 peccata
429 5195 671 5250 incidat?
705 5193 799 5246 llic
830 5200 981 5245 certe
1012 5188 1202 5257 majori
1245 5186 1516 5241 obnoxius
1544 5197 1624 5239 est
1649 5197 1780 5251 sup-

177 5295 361 5366 plicio.
394 5290 723 5347 Eorumdcm
751 5289 894 5344 enim
922 5296 1268 5357 peccatorum
1304 5299 1410 5338 non
1455 5299 1612 5354 pares
1656 5282 1784 5337 sub-

177 5392 318 5442 imus
344 5401 550 5455 pteuas,
579 5383 670 5438 scd
699 5383 858 5452 longe
883 5368 1180 5452 graviores,
1212 5379 1256 5432 si
1285 5387 1570 5448 postquam
1593 5375 1786 5431 initiati

180 5497 387 5544 sumus,
442 5479 494 5533 in
548 5479 755 5533 scelera
800 5477 1025 5529 ruimus.
1061 5472 1115 5527 Id
1161 5471 1427 5543 signiﬁcat
1469 5471 1667 5526 Paulus
1706 5469 1787 5524 Itis

180 5575 360 5632 verbis
393 5587 406 5625 :
445 5571 649 5626 lrritam
674 5571 865 5639 faciens
891 5569 1001 5637 quis
1025 5567 1182 5637 legem
1223 5565 1402 5630 Musis,
1430 5566 1538 5619 sine
1558 5565 1667 5618 ulla
1689 5566 1787 5616 mi-

179 5669 436 5724 seratione
481 5664 674 5718 duobus
729 5662 804 5715 rel
860 5661 1016 5712 tribus
1071 5658 1276 5712 testibus
1322 5657 1535 5711 moritur
1565 5667 1789 5726 :quanto

185 5765 348 5828 "togis
378 5760 562 5828 putatis
583 5758 832 5810 deteriora
856 5756 1037 5807 mereri
1073 5754 1325 5821 supplicia
1350 5753 1435 5820 qui
1470 5751 1665 5804 Filium
1695 5751 1791 5805 Dei

186 5852 582 5915 contu/curerit,
619 5861 662 5904 ct
707 5849 1006 5918 sanguinem
1061 5845 1340 5899 testamenti
1390 5843 1642 5913 pollutum
1697 5845 1790 5896 du-

1871 2567 2023 2632 xerit,
2051 2575 2097 2619 et
2125 2561 2304 2633 gratia:
2331 2556 2561 2629 Spiritus
2587 2555 2948 2610 contumeliam
2976 2554 3154 2626 fecerit
3180 2553 3365 2627 (Hebr.
3424 2553 3487 2608 I0

1867 2657 1960 2712 28.
1989 2654 2125 2724 29)?
2164 2653 2308 2722 Ergo
2330 2649 2521 2718 majori
2552 2648 2641 2703 illc
2665 2646 2862 2717 dignus
2887 2648 2989 2701 erit
3013 2646 3277 2717 supplicio
3312 2647 3349 2698 '.

1943 2747 2130 2804 Christi
2171 2744 2460 2799 clementia.
2495 2739 2608 2794 Duo
2636 2738 2828 2795 Christi
2854 2739 3118 2794 aduentus.
3152 2769 3220 2779 —
3255 2738 3486 2793 Verum-

1874 2853 2053 2896 tamen
2083 2839 2206 2893 huic
2235 2829 2565 2907 pmnitentize
2597 2841 2780 2904 portas
2809 2834 3042 2904 aperuit,
3077 2847 3140 2889 ac
3166 2832 3368 2887 multos
3397 2832 3494 2885 at»

1872 2932 2056 2989 luendi
2087 2939 2306 3001 peccata
2340 2926 2530 2982 modos
2558 2926 3010 2993 subministravit,
3041 2926 3086 2980 si
3120 2924 3210 2981 ille
3235 2924 3491 2980 voluerit.

1871 3023 2092 3093 Cogites
2121 3021 2282 3076 velim
2316 3027 2515 3089 quanta
2542 3019 2651 3072 sint
2678 3016 2794 3073 hate
2823 3016 3129 3072 clementia:
3156 3024 3491 3086 argumenta,

1873 3114 2019 3185 quod
2071 3129 2167 3184 per
2205 3113 2432 3183 gratiam
2479 3109 2786 3174 remiserit,
2825 3117 2882 3162 et
2920 3113 3068 3180 quod
3109 3117 3232 3178 post
3267 3108 3498 3178 gratiam

1876 3215 2218 3277 peccatorum
2263 3202 2512 3272 supplicii
2542 3201 2761 3270 dignum
2795 3217 2900 3256 non
2933 3201 3156 3271 puniat,
3189 3200 3284 3255 sed
3315 3216 3504 3256 cmen-

1875 3299 2114 3353 dationis
2167 3295 2398 3366 spatium
2448 3291 2732 3347 concedat.
2789 3291 3083 3362 [’rOpterea
3137 3294 3211 3345 ait
3253 3290 3502 3347 Christus

1876 3389 2171 3444 Nicodemo
2205 3404 2219 3441 :
2252 3383 2375 3439 Non
2402 3384 2540 3437 misit
2574 3382 2714 3438 Deus
2745 3381 2940 3437 Filium
2967 3400 3119 3438 suum
3149 3385 3200 3438 in
3228 3383 3500 3447 mundum,

1876 3491 1931 3536 ut
1963 3480 2164 3548 judicet
2205 3475 2456 3531 mundum
2483 3515 2497 3537 ,
2526 3473 2616 3528 sed
2641 3484 2693 3527 ut
2719 3474 2878 3529 salvat
2907 3475 3178 3529 mundum.
3215 3474 3330 3529 Duo
3355 3475 3500 3529 enim

1876 3581 2002 3629 sunt
2041 3569 2239 3628 Christi
2274 3568 2573 3632 adventus;
2607 3566 2698 3637 qui
2737 3567 2848 3634 jam
2893 3566 3030 3634 l‘uit,
3063 3575 3120 3622 et
3157 3567 3248 3637 qui
3290 3566 3502 3623 futurus

1877 3673 1961 3718 est
1991 3682 2003 3717 :
2033 3661 2129 3718 sed
2158 3676 2268 3715 non
2298 3659 2489 3716 iisdem
2520 3657 2588 3713 de
2615 3658 2796 3713 causis
2831 3658 2991 3714 ambo
3016 3674 3030 3723 ;
3062 3658 3155 3714 sed
3187 3659 3336 3728 prior
3363 3657 3463 3714 fuit
3487 3700 3501 3722 ,

1879 3769 1986 3809 non
2033 3761 2091 3806 ut
2133 3750 2368 3806 facinora
2415 3757 2601 3803 nostra
2644 3747 2952 3813 examinet,
2991 3747 3086 3804 sed
3132 3758 3189 3803 ut
3225 3748 3501 3813 dimittat;

1879 3844 2151 3899 secundus
2181 3842 2304 3907 erit,
2334 3856 2440 3895 non
2468 3848 2526 3893 ιιι
2555 3838 2814 3905 dimittat,
2844 3838 2938 3894 sed
2968 3848 3022 3893 ut
3055 3840 3349 3895 examinet.
3380 3839 3505 3896 Ideo

1879 3935 1947 3990 de
1977 3936 2157 4005 priore
2186 3931 2402 4002 quidem
2433 3929 2564 3984 dicit
2589 3947 2601 3981 :
2631 3927 2752 3983 Non
2773 3930 2885 3983 uerti
2906 3939 2958 3982 ut
2979 3929 3210 3998 judicem
3233 3931 3500 3993 mundum,

1881 4027 1968 4080 scd
1997 4038 2050 4078 ut
2077 4025 2269 4079 salven:
2297 4022 2543 4077 mundum
2560 4036 2579 4084 ;
2601 4020 2668 4075 de
2693 4019 2932 4076 secundo
2961 4029 3163 4086 autem,
3195 4021 3324 4077 Cum
3355 4038 3504 4076 vene-

1883 4117 1946 4170 rit
1976 4115 2147 4170 Filius
2188 4116 2242 4168 in
2271 4114 2439 4186 gloria
2467 4111 2643 4166 Patris
2687 4112 2802 4179 sui,
2841 4122 3025 4166 statuet
3072 4129 3185 4169 oves
3227 4114 3432 4185 quidem
3478 4132 3509 4167 α

1883 4210 2095 4272 dextris,
2119 4208 2292 4262 hazdos
2322 4215 2492 4259 autem
2513 4220 2544 4257 a
2571 4204 2793 4258 sinistris
2816 4202 3031 4274 (Matth.
3055 4204 3148 4260 25.
3175 4207 3264 4260 3i.
3291 4207 3404 4277 33).
3443 4206 3510 4258 I'It

1881 4301 2090 4354 abibunt
2115 4299 2206 4353 alii
2232 4299 2438 4369 quidem
2464 4297 2518 4350 in
2553 4297 2707 4350 vitam
2731 4337 2745 4362 ,
2774 4297 2867 4349 alii
2896 4297 2948 4350 in
2975 4299 3287 4368 supplicium
3314 4302 3508 4370 sempi-

1887 4401 2084 4445 ternum
2118 4389 2280 4460 (Ibid.
2315 4404 2363 4441 υ.
2398 4386 2513 4456 46).
2547 4388 2710 4456 Atqui
2744 4388 2893 4455 rrior
2924 4388 3084 4441 etiam
3127 4389 3392 4445 adventus
3417 4392 3507 4460 jnv

1886 4483 2009 4538 dicii
2050 4492 2166 4537 erat
2201 4480 2499 4535 secundum
2535 4477 2762 4549 justitia:
2808 4479 3096 4534 rationem.
3130 4481 3348 4547 Quare?
3375 4484 3508 4551 Quia

1888 4583 2012 4627 ante
2057 4572 2350 4626 adventum
2391 4572 2512 4638 ejus
2558 4571 2642 4624 lex
2690 4579 2809 4624 erat
2855 4570 3150 4637 naturalis,
3198 4574 3508 4642 proplictm,

1889 4679 2214 4734 rursumque
2251 4663 2333 4718 lex
2367 4663 2586 4732 scripta,
2620 4661 2888 4729 doctrina,
2920 4663 3067 4719 tnille
3098 4667 3510 4735 promissiom-s,

1890 4757 2073 4827 signa,
2117 4755 2380 4825 supplicia
2402 4797 2417 4822 ,
2451 4763 2505 4809 et
2545 4753 2648 4807 alia
2683 4753 2846 4807 multa
2868 4795 2884 4822 ,
2916 4771 3035 4823 qua:
3074 4766 3298 4825 possent
3324 4776 3513 4816 emen-

1894 4849 2055 4915 dare;
2087 4863 2317 4918 quorum
2352 4849 2488 4902 ratio
2521 4847 2744 4901 omnino
2775 4848 3040 4918 exigenda
3071 4859 3229 4919 erat,
3261 4853 3355 4908 Sed
3388 4855 3511 4926 quia

1891 4942 2133 4997 clemens
2164 4949 2280 5005 est,
2325 4953 2430 4994 non
2477 4953 2705 4994 examen
2732 4981 2747 5003 ,
2790 4938 2884 4994 sed
2927 4942 3141 4998 veniant
3183 4944 3427 5001 exhibet.
3458 4946 3512 5002 SI

1892 5036 2035 5089 enim
2069 5033 2514 5103 perquisitionem
2549 5030 2797 5098 fecisset,
2827 5047 3018 5089 omnes
3049 5035 3208 5105 plane
3236 5037 3304 5094 de
3336 5040 3518 5095 medio

1894 5124 2088 5179 sublati
2125 5123 2350 5178 fuissent
2385 5141 2397 5176 :
2431 5121 2620 5176 Omnes
2653 5122 2789 5177 enim
2819 5136 3154 5192 peccaverunt
3179 5169 3192 5189 ,
3228 5129 3438 5200 inquit,
3471 5144 3516 5184 et

1895 5225 2040 5286 egent
2078 5215 2246 5286 gloria
2285 5212 2384 5267 Dei
2415 5213 2610 5281 (Rom.
2646 5214 2699 5268 5.
2730 5213 2856 5285 25).
2895 5214 3056 5273 Vides
3097 5233 3364 5274 summam
3405 5223 3518 5277 ele-

1897 5308 2195 5363 mentiam?
2225 5307 2307 5362 I8.
2337 5306 2438 5373 Qui
2465 5307 2624 5361 credit
2651 5308 2704 5361 in
2727 5306 2776 5360 F
2779 5308 2946 5374 ilium,
2978 5327 3080 5365 non
3100 5312 3373 5382 judicatur
3395 5332 3412 5370 :
3435 5320 3518 5386 qui

1895 5411 2063 5456 autem
2093 5417 2192 5455 non
2221 5402 2401 5465 credit,
2426 5402 2542 5471 jam
2567 5401 2831 5472 judicatus
2863 5413 2954 5457 est.
2988 5405 3149 5475 Atqui
3178 5407 3221 5461 si
3255 5418 3377 5465 tunc
3411 5428 3514 5463 non

1898 5497 2045 5549 venit
2077 5504 2132 5550 ut
2156 5494 2424 5563 judicaret
2452 5493 2735 5559 mundum,
2764 5496 3038 5566 quomodo
3063 5499 3150 5568 qui
3185 5515 3287 5554 non
3318 5503 3519 5568 credit,

1894 5586 2003 5655 jam
2032 5585 2302 5656 judicatus
2329 5594 2446 5651 est,
2479 5585 2523 5638 si
2553 5585 2792 5640 nondum
2837 5587 2990 5642 adest
3032 5589 3220 5658 judicii
3264 5601 3518 5663 tempus“!

1905 5677 1998 5732 Vel
2035 5677 2136 5732 hoc
2165 5676 2332 5744 dicit,
2371 5677 2495 5748 quia
2525 5677 2638 5749 ipsa
2670 5676 3022 5734 incredulitas
3051 5682 3170 5738 sine
3201 5687 3517 5753 paenitentia

1901 5791 2184 5917 thcplllorel.
2225 5792 2391 5850 habet,
2420 5799 2545 5853 Ergo
2577 5788 2790 5843 severius
2813 5792 3037 5854 punietur
3065 5795 3150 5858 qui
3184 5805 3287 5858 post
3307 5799 3515 5861 gratim"
