4048 6440
619 360 716 415 163

615 467 931 543 supplicium
958 478 1071 533 est;
1098 482 1215 520 nam
1242 474 1389 520 extra
1418 464 1585 518 lucem
1608 477 1725 517 esse
1749 477 1843 531 per
1865 476 1920 515 se
1943 460 2189 530 maguum

616 572 699 618 est
728 560 1043 631 supplicium
1079 575 1091 611 :
1123 557 1203 611 vel
1249 554 1420 609 futura
1465 557 1801 623 prmuuntiat.
1836 550 2195 619 Quemadmo-

617 650 742 709 dum
776 650 917 709 enim
948 650 1228 706 homicida.
1261 649 1381 701 licet
1408 647 1669 701 sententia
1696 645 1891 715 judicis
1918 644 2197 696 damnatus

620 764 722 798 non
754 747 843 810 sit,
874 746 986 814 ipsa
1014 744 1088 797 rei
1121 752 1302 795 natura
1333 741 1441 809 jam
1475 739 1756 794 damnatus
1782 748 1863 792 est
1894 754 1907 790 :
1936 737 2012 791 sic
2038 743 2090 790 cl
2118 736 2195 789 in-

616 836 878 890 credulus.
914 832 1351 902 Quandoquidem
1383 830 1550 885 Adam
1580 845 1678 900 qua
1706 826 1793 883 die
1820 826 1886 881 de
1928 824 2068 897 ligno
2098 842 2191 881 co-

616 912 796 987 medit,
831 923 1074 977 mortuus
1096 932 1176 975 est
1205 942 1217 975 :
1246 911 1329 975 illa
1361 912 1555 990 quippe
1585 918 1844 973 sententia
1868 930 1979 971 erat
2014 935 2026 970 :
2057 917 2196 983 Qua-

610 1030 818 1079 cumque
845 999 929 1066 die
969 1012 1284 1067 comederitis
1314 1001 1377 1063 de
1413 1007 1551 1080 lig'uo
1573 1052 1587 1074 ,
1630 999 1910 1062 moriemini
1936 1007 1953 1070 ί
1977 1005 2102 1060 Gen.
2135 1002 2189 1060 9..

612 1106 720 1173 Π).
748 1106 905 1173 Atqui
938 1103 1169 1157 vivebat.
1196 1101 1473 1167 Quomodo
1496 1101 1653 1170 igitur
1674 1111 1917 1153 mortuus
1939 1098 2091 1154 erat?
2113 1098 2192 1153 Ex

607 1194 891 1256 sententia,
925 1204 974 1245 et
1003 1208 1065 1246 ex
1099 1193 1207 1259 ipsa
1239 1191 1314 1244 rei
1342 1200 1549 1244 natura.
1581 1183 1709 1243 Nam
1733 1190 1821 1259 qui
1852 1193 1909 1244 se
1933 1186 2192 1261 Supplicio

608 1285 894 1340 olmoxium
944 1284 1204 1349 reddidit,
1247 1283 1345 1336 sub
1387 1281 1648 1352 supplicio
1689 1291 1803 1347 est;
1836 1280 2041 1337 etiamsi
2085 1297 2188 1335 non

611 1379 801 1447 reipsa,
832 1376 923 1430 sed
954 1392 1017 1430 ex
1047 1376 1330 1430 sententia.
1361 1374 1438 1430 Ne
1465 1374 1749 1445 quisenim
1789 1370 2032 1439 audiens,
2068 1369 2190 1426 Non

607 1468 717 1524 iieui
743 1480 795 1523 ut
812 1472 1041 1541 judicent
1075 1452 1338 1533 mundum,
1370 1483 1429 1524 se
1457 1478 1605 1538 putet
1634 1469 1848 1535 impune
1876 1481 2032 1537 posse
2062 1474 2188 1537 pec;

605 1577 751 1629 care,
778 1562 1008 1631 hincque
1032 1560 1382 1632 negligentior
1410 1559 1619 1623 evadat,
1650 1546 1787 1613 hanc
1811 1556 2024 1628 quoque
2052 1557 2191 1611 tollit

608 1652 889 1726 ignaviam,
922 1651 1125 1713 dicens,
1151 1649 1271 1727 Iam
1291 1638 1550 1718 judicatus
1579 1658 1671 1702 est.
1721 1648 1852 1715 Quia
1883 1648 2022 1703 enim
2047 1646 2190 1716 judi-

605 1746 741 1798 cium
766 1744 999 1798 futurum
1026 1742 1258 1797 nondum
1289 1732 1529 1806 venerat,
1557 1741 1798 1809 supplicii
1828 1740 2071 1795 timorem
2094 1738 2189 1793 ad-

604 1827 784 1889 movet
809 1845 901 1907 ,get
944 1824 1271 1902 punitionem
1307 1834 1417 1902 jam
1457 1832 1687 1903 ostendit
1718 1849 1731 1885 :
1759 1829 1811 1886 id
1836 1819 1978 1902 quod
2010 1820 2188 1885 multa:

603 1934 684 1977 est
716 1913 1059 1992 benignitatis
1084 1965 1097 1987 ,
1133 1937 1237 1976 non
1281 1921 1439 1976 modo
1482 1921 1675 1977 Filium
1703 1920 1831 1975 dare
1855 1962 1869 1983 ,
1902 1921 1994 1975 sed
2025 1917 2185 1974 etiain

601 2014 845 2087 supplicii
878 2008 1089 2086 tempus
1110 2015 1324 2070 ditierre
1347 2056 1361 2079 ,
1396 2024 1452 2068 ut
1478 2014 1681 2083 possint
1709 2017 1990 2082 peccantes
2018 2020 2073 2068 et
2101 2014 2186 2066 in-

601 2108 802 2163 creduli
834 2118 1049 2178 peccata
1076 2122 1170 2162 sua
1201 2106 1438 2161 abluere.
1465 2105 1563 2170 Qui
1584 2106 1740 2158 credit
1765 2106 1817 2157 in
1840 2103 2054 2165 Filium,
2083 2109 2184 2157 u'on

594 2201 876 2271 judicatur.
907 2200 1004 2267 Qui
1051 2199 1258 2265 credit,
1290 2214 1396 2253 non
1426 2198 1515 2268 qui
1555 2198 1763 2270 curiose
1794 2196 2062 2271 inquirit;
2093 2196 2183 2265 qui

601 2291 790 2356 credit,
821 2307 924 2345 non
956 2293 1045 2361 qui
1077 2290 1299 2345 multum
1341 2298 1629 2344 scrutatur.
1661 2274 1796 2356 Quid
1832 2302 1979 2358 ergo,
2009 2288 2050 2341 si
2078 2287 2182 2342 im-

600 2400 726 2454 pura
755 2384 871 2452 ejus
899 2385 1001 2437 vita
1033 2384 1120 2449 sit,
1147 2395 1200 2439 et
1224 2390 1370 2453 gesta
1401 2396 1509 2437 non
1539 2380 1709 2436 bona?
1738 2380 1845 2434 Hos
1871 2379 2051 2449 utique
2076 2392 2181 2433 non

602 2486 724 2529 vere
744 2472 925 2529 fideles
940 2482 1058 2528 esse
1081 2474 1276 2527 Paulus
1297 2473 1371 2525 ait
1396 2491 1407 2525 :
1430 2470 1746 2540 Conﬁtentur
1762 2487 1814 2524 se
1834 2487 1978 2524 nosse
2002 2468 2180 2535 Deum,

601 2566 744 2636 [actis
770 2573 937 2619 autem
967 2574 1148 2634 negant
1184 2563 1317 2634 (Tit.
1356 2565 1408 2618 l.
1442 2564 1563 2633 l6).
1594 2563 1855 2618 C:etertmt
1896 2561 1980 2615 hic
2008 2560 2187 2615 decla-

600 2662 715 2722 rat,
763 2658 908 2725 ipsos
948 2672 1051 2710 non
1098 2658 1195 2711 hac
1233 2655 1299 2711 de
1338 2670 1396 2710 re
1423 2654 1689 2724 judiCari;
1731 2654 1824 2709 sed
1852 2654 1920 2708 ob
1952 2653 2182 2709 facinora

598 2750 826 2818 graviori
876 2749 1078 2803 ultione
1126 2746 1421 2817 puniendos
1471 2761 1591 2802 esse
1633 2763 1647 2801 :
1687 2746 2012 2801 infidelitatis
2055 2761 2183 2801 vero

596 2854 774 2903 causa,
805 2858 872 2895 eo
899 2840 1039 2911 quod
1067 2840 1409 2907 crediderint,
1440 2852 1543 2894 non
1577 2838 1769 2908 puniri.

666 2935 721 2988 2.
754 2933 939 2988 Viden’
961 2932 1228 3003 quomodo
1254 2940 1375 2987 cum
1406 2947 1433 2985 a
1465 2931 1789 2987 terribilibus
1816 2946 1971 2987 orsus
2000 2942 2142 2987 esset
2163 2975 2176 2994 ,

598 3025 649 3079 in
682 3023 868 3080 eadem
896 3031 1077 3079 rursus
1104 3025 1353 3080 desinat?
1380 3024 1535 3078 Initio
1560 3023 1755 3093 quippe
1780 3022 1989 3078 dicebat
2018 3040 2030 3075 :
2062 3022 2179 3077 Nisi

600 3117 707 3184 quis
738 3128 886 3169 natus
913 3117 1061 3186 fuerit
1091 3132 1153 3170 ea:
1181 3132 1310 3185 aqua
1338 3124 1385 3168 et
1413 3110 1631 3183 Spiritu,
1656 3118 1755 3167 non
1786 3114 1991 3167 intrabit
2018 3114 2071 3167 in
2098 3130 2179 3166 νε-

592 3217 747 3276 gnum
781 3206 907 3273 Dei;
938 3208 1021 3262 hic
1048 3220 1175 3261 vero
1200 3214 1433 3270 rursum,
1462 3204 1561 3271 Qui
1587 3220 1685 3258 non
1709 3203 1862 3257 credit
1888 3204 1940 3256 in
1964 3202 2171 3267 Filium,

583 3301 697 3369 jam
730 3297 994 3367 judicatus
1039 3306 1142 3361 est;
1174 3297 1223 3351 id
1262 3306 1377 3363 est,
1419 3296 1497 3352 Ne
1532 3305 1688 3366 putes
1724 3311 1901 3350 moras
1945 3297 2177 3366 peccatis

592 3391 881 3445 olmoxium
904 3391 1110 3459 juvare,
1141 3391 1238 3445 nisi
1274 3390 1575 3460 resipuerit.
1606 3390 1737 3444 Nam
1760 3390 1849 3459 qui
1880 3406 1983 3445 non
2007 3390 2175 3445 credi-

591 3480 729 3537 ilerit
753 3524 766 3546 ,
798 3482 928 3536 nihil
964 3482 1172 3537 differet
1210 3482 1277 3535 ab
1316 3482 1394 3537 eis
1432 3483 1519 3551 qui
1556 3481 1664 3549 jam
1699 3481 1918 3550 judicati
1962 3490 2087 3534 sunt
2124 3490 2177 3535 et

572 3570 903 3641 puniuntur.
934 3573 1021 3629 l9.
1056 3570 1166 3627 Hoc
1191 3582 1262 3627 est
1290 3579 1458 3626 autem
1478 3573 1753 3643 judicium,
1781 3572 1900 3643 quia
1929 3573 2019 3625 luo:
2044 3574 2175 3625 venit

588 3667 640 3718 in
671 3666 935 3731 mundum,
958 3676 1004 3719 et
1030 3666 1311 3719 dilexerunt
1342 3666 1565 3719 ltoinines
1590 3666 1752 3733 magis
1779 3664 2003 3718 tenebras
2024 3682 2173 3735 quant

587 3750 745 3810 lucem
769 3772 789 3821 ;
822 3757 921 3811 hoc
951 3767 1050 3821 est,
1086 3757 1209 3813 ideo
1247 3758 1554 3835 puniuntur,
1585 3757 1707 3826 quia
1741 3757 1986 3812 tenebras
2015 3758 2177 3812 relina

584 3862 748 3914 qnere
786 3856 838 3901 et
880 3846 944 3900 ad
987 3846 1158 3901 lucem‘
1205 3858 1488 3902 accurrere
1526 3849 1832 3902 noluerunt.
1868 3848 1959 3903 llis
1996 3849 2171 3905 verbis

583 3943 797 3994 omhem
823 3940 890 3995 ab
918 3934 1023 3995 illis
1047 3941 1218 3995 aufert
1247 3942 1667 3996 excusationem.
1700 3940 1831 3995 Nam
1863 3943 1905 3995 si
1940 3943 2170 3996 rationes

582 4042 636 4084 ct
680 4044 863 4099 punias
901 4034 1233 4100 expetiturus
1266 4032 1531 4087 venissem
1559 4074 1572 4097 ,
1605 4033 1807 4101 inquit,
1836 4032 2014 4087 dicere
2041 4040 2164 4102 pos-

581 4132 700 4175 sent
734 4140 745 4174 :
780 4121 904 4176 Ideo
948 4122 1269 4177 resiluimus.
1310 4123 1411 4177 Sed
1449 4123 1567 4177 veni
1610 4130 1668 4176 ut
1702 4123 1821 4176 illas
1860 4139 1886 4174 a
1931 4124 2167 4178 tenebris

579 4213 840 4281 eriperem
868 4230 883 4278 ,
914 4223 966 4268 et
996 4212 1099 4267 luci
1126 4213 1487 4267 admoverem.
1521 4213 1649 4280 Quis
1678 4223 1807 4282 ergo
1850 4215 2167 4267 misereatur

578 4302 726 4374 ejus,
754 4306 842 4375 qui
880 4295 909 4359 a
943 4306 1173 4360 tenebris
1210 4306 1276 4359 ad
1320 4306 1496 4359 lucem
1530 4305 1712 4359 venire
1752 4305 2003 4358 recusat?
2030 4305 2162 4357 Cum

577 4395 718 4447 enim
764 4395 907 4447 nulla
938 4395 1005 4448 de
1040 4410 1097 4449 re
1140 4410 1236 4447 nos
1275 4394 1518 4447 incursare
1564 4394 1803 4461 possint,
1840 4394 2041 4463 inquit,
2070 4394 2162 4448 sed

578 4478 722 4539 mille
752 4484 1021 4539 beneficiis
1052 4485 1157 4538 sint
1184 4483 1385 4548 affecti,
1418 4499 1443 4536 a
1478 4484 1629 4537 nobis
1670 4484 1928 4538 resiliunt.
1962 4484 2070 4539 llac
2097 4485 2161 4540 de

578 4590 635 4630 rc
658 4588 868 4645 quoque
900 4574 1018 4628 illos
1044 4575 1166 4627 alibi
1194 4582 1449 4628 aecusans
1469 4574 1699 4635 dicebat,
1728 4573 1860 4627 Odia
1883 4575 2160 4629 habuerunt

577 4686 653 4723 me
680 4676 875 4739 gratis;
902 4676 954 4721 et
979 4681 1209 4733 rursum,
1236 4667 1294 4721 Si
1322 4656 1685 4719 non'veuissem
1712 4674 1756 4719 et
1782 4666 2014 4735 loquutus
2037 4668 2162 4735 [uis-

577 4777 677 4814 sent
717 4761 785 4812 eis
810 4801 823 4824 ,
859 4768 1115 4826 peccatum
1154 4771 1255 4810 non
1295 4757 1524 4810 haberent
1556 4756 1747 4826 (lomt.
1783 4759 1867 4812 15.
1900 4758 1990 4812 25.
2030 4758 2155 4828 2i).

574 4850 672 4917 Qui
701 4849 842 4905 enim
866 4854 1056 4920 expers
1085 4851 1219 4903 lucis
1251 4846 1303 4903 in
1337 4850 1567 4903 tenebris
1594 4848 1774 4912 sedet,
1811 4849 2033 4903 fortasse
2065 4865 2157 4904 ve-

576 4938 714 4995 niam
742 4942 989 5009 impetret
1013 4957 1027 5004 ;
1056 4942 1142 5009 qui
1171 4954 1296 4993 vero
1320 4945 1435 5009 post
1462 4940 1594 4994 l‘ucis
1621 4939 1905 4993 adventum
1930 4940 1979 4993 in
2009 4948 2156 4993 tene-

575 5029 680 5087 bris
710 5032 905 5086 residet
926 5075 939 5097 ,
959 5024 1237 5101 perversa:
1275 5039 1329 5085 et
1365 5031 1658 5100 pervicacis
1688 5032 1971 5084 voluntatis
1999 5046 2154 5099 argu-

567 5126 809 5180 mentum
853 5135 961 5193 prie
1001 5139 1059 5178 se
1103 5123 1223 5178 fert.
1274 5123 1474 5178 Deinde
1510 5123 1630 5193 quia
1673 5122 1722 5175 id
1767 5122 1907 5192 quod
1953 5121 2153 5177 dictum

572 5214 742 5272 fuerat
767 5214 946 5272 multis
976 5216 1281 5271 incredibile
1308 5216 1589 5270 videbatur
1626 5215 1809 5284 (nemo
1836 5215 1976 5269 enim
2006 5224 2154 5269 tene-

570 5301 693 5363 bras
725 5308 827 5362 luei
866 5306 1195 5375 praetulerit),
1224 5318 1437 5361 causam
1469 5307 1613 5375 ponit
1640 5320 1735 5360 cur
1759 5306 1836 5359 sic
1864 5304 2034 5359 affecti.
2063 5316 2149 5358 cs-

567 5396 703 5456 Scnt.
738 5401 991 5467 Qurcnam
1034 5400 1146 5453 haec
1187 5399 1307 5453 est?
1349 5398 1509 5451 Erant
1548 5400 1709 5461 enim,
1743 5398 1947 5467 inquit,
1980 5414 2149 5451 eorum

569 5494 702 5545 υιιιιιι
731 5508 904 5561 opera.
935 5489 1023 5543 90.
1058 5488 1233 5542 Omnis
1261 5500 1425 5541 autem
1463 5490 1546 5555 qui
1590 5489 1720 5540 male
1745 5488 1866 5557 facit
1886 5528 1902 5552 ,
1930 5488 2033 5541 odit
2064 5488 2147 5541 lu-

567 5582 670 5636 cem
693 5626 706 5647 ,
739 5594 783 5637 et
822 5600 919 5635 non
962 5584 1093 5635 venit
1132 5582 1199 5635 ad
1243 5583 1435 5647 lucent.
1466 5592 1518 5632 ut
1561 5598 1658 5633 non
1688 5592 1966 5651 arguantur
1996 5597 2147 5650 opera

564 5675 693 5737 Pius.

645 5764 793 5820 Pieri
826 5784 982 5820 nlOiCS
1015 5768 1226 5820 maxime
1262 5765 1483 5819 homines
1521 5782 1549 5818 (ι
1577 5766 1953 5819 (ῖιινέδίὶηηίεηιο
1996 5780 2135 5818 utter-

1289 349 1343 405 s.
1386 325 1660 405 tomuts
1697 339 2165 402 ettavsosro‘ut
2209 324 2523 400 sucum.
2565 334 3093 402 consummes
3839 344 3922 403 te:

2313 467 2441 513 tunt.
2476 457 2666 513 Nullus
2693 458 2921 530 paganus
2950 476 3064 513 vera
3095 458 3276 512 virtute
3301 460 3552 527 prwditus
3611 458 3923 526 Philosophi

2307 552 2513 619 gentiles
2532 553 2695 605 inanis
2716 546 2893 623 glorior
2905 566 3060 604 causa
3077 552 3305 603 virtutem
3328 550 3658 604 exercebant.
3682 580 3758 588 —
3771 551 3865 604 Cet
3880 562 3922 605 te

2307 658 2411 697 non
2441 643 2504 697 ad
2532 644 2876 711 judicandum
2906 643 2990 697 vel
3016 643 3081 698 ad
3110 643 3483 712 inquirendum
3513 643 3664 697 venit
3690 660 3704 705 ;
3739 643 3837 696 Sed
3874 654 3921 697 ut

2305 739 2514 790 veniam
2542 746 2595 790 et
2622 736 2990 791 remissionem
3022 744 3363 805 peccatorum
3390 734 3564 796 daret.
3600 748 3657 789 et
3683 735 3918 788 salutem

2306 842 2399 895 per
2427 826 2581 881 fidem
2614 827 2912 895 largiretur.
2940 827 3046 881 Cur
3074 832 3205 903 ergo
3231 826 3547 893 fugerunt’?
3575 830 3721 885 Nam
3760 825 3805 879 si
3831 826 3917 894 ju-

2302 917 2572 971 dicaturus
2602 917 2652 971 in
2686 918 2933 971 tribunali
2976 916 3207 971 SedisSet
3228 959 3242 981 ,
3276 918 3507 987 aliquem
3537 920 3917 973 excusationis

2301 1010 2535 1064 colorem
2565 1009 2895 1063 habuissent.
2926 1008 3027 1077 Qui
3063 1009 3207 1063 enim
3236 1011 3498 1063 malorum
3527 1010 3635 1063 sibi
3660 1011 3916 1065 conscius

2299 1111 2382 1155 est
2406 1142 2418 1165 ,
2444 1101 2679 1169 judicem
2712 1095 2896 1171 fugere
2937 1101 3077 1156 solet
3107 1120 3118 1154 :
3149 1103 3357 1155 veniam
3389 1108 3570 1155 autem
3599 1102 3918 1157 coneede'n-

2303 1206 2406 1249 tem
2441 1204 2747 1263 peccatores
2780 1193 2967 1249 omnes
3004 1193 3221 1247 adeunt.
3252 1194 3305 1247 Si
3341 1208 3469 1263 ergo
3496 1193 3911 1249 candonaturus

2300 1287 2466 1350 venit,
2498 1285 2596 1340 hos
2626 1286 2858 1341 maxime
2888 1300 3172 1341 accurrere
3201 1301 3298 1356 par
3328 1294 3461 1351 erat,
3490 1287 3579 1356 qui
3611 1287 3911 1343 multorum

2298 1368 2397 1433 sibi
2430 1377 2627 1433 conscii
2659 1388 2813 1433 erant
2844 1388 3184 1448 peccatorum
3217 1396 3229 1431 :
3263 1378 3403 1447 quod
3434 1379 3596 1434 etiam
3638 1378 3799 1434 multi
3832 1378 3907 1432 fe-

2296 1480 2501 1524 cerunt.
2545 1465 2674 1523 Nam
2722 1479 2777 1528 et
2818 1470 3087 1539 publicani
3130 1480 3184 1525 et
3232 1479 3542 1539 peccatores
3578 1469 3905 1534 venientes,

2296 1574 2417 1615 eum
2447 1559 2569 1617 Jesu
2599 1561 3005 1625 accumbebanl.
3038 1561 3176 1630 Quid
3205 1570 3333 1632 ergo
3358 1562 3457 1615 sibi
3491 1562 3605 1615 vult
3637 1563 3813 1616 illud?
3836 1564 3907 1617 De

2296 1650 2399 1706 illis
2429 1636 2667 1721 loquitur
2691 1651 2780 1722 qui
2807 1650 2872 1713 ,in
2915 1654 3152 1723 nequitia
3191 1653 3409 1707 omnino
3450 1668 3783 1723 permanere
3815 1656 3907 1709 de-

2294 1753 2597 1799 creverunt.
2624 1733 2743 1813 ipse
2766 1758 2996 1813 namque
3028 1740 3150 1799 ideo
3179 1744 3319 1800 venit
3342 1786 3357 1809 ,
3384 1753 3440 1798 ut
3469 1747 3653 1814 priora
3684 1759 3901 1815 peccata

2293 1828 2627 1901 dimitteret,
2670 1844 2725 1890 et
2760 1835 2827 1888 ad
2868 1834 3046 1890 futura
3088 1836 3323 1890 cavenda
3363 1837 3733 1891 confirmaret.
3770 1838 3902 1906 Quia

2294 1940 2423 1979 vero
2461 1923 2675 1994 quidam
2720 1926 2844 1979 sntit
2880 1926 2949 1979 ita
2988 1925 3177 1981 molles
3206 1935 3259 1981 et
3291 1926 3532 1982 dissoluti
3576 1927 3646 1981 ad
3687 1930 3903 1982 virtutis

2292 2014 2633 2072 sustinendos
2674 2017 2884 2072 labores
2908 2060 2921 2081 ,
2952 2027 3009 2071 ut
3044 2017 3107 2071 ad
3136 2026 3434 2073 extremum
3467 2033 3638 2088 usque
3674 2020 3899 2074 halLtuin

2291 2110 2455 2163 velint
2483 2110 2532 2163 in
2566 2110 2798 2177 peccatis
2821 2108 3127 2185 persistere,
3153 2120 3207 2165 et
3234 2127 3522 2183 numquam
3551 2112 3620 2165 ab
3650 2112 3758 2168 illis
3780 2114 3900 2168 abs-

2292 2202 2485 2254 cedere
2508 2242 2523 2266 ,
2556 2200 2675 2254 illos
2706 2200 2791 2254 hic
2821 2201 3092 2255 incessere
3120 2202 3350 2257 videtur.
3381 2202 3512 2270 Quia
3557 2205 3709 2258 enim
3740 2204 3897 2258 Chri-

2289 2292 2602 2347 s‘tianismus
2628 2309 2747 2349 cum
2781 2303 2923 2349 recta
2950 2279 3194 2350 doctrina
3224 2296 3445 2365 probam
3477 2299 3641 2351 vitam
3672 2302 3891 2370 expetit,

2288 2383 2353 2437 ad
2386 2398 2483 2438 nos
2509 2384 2697 2439 venire
2729 2383 3053 2452 formidant,
3093 2386 3301 2456 inquit,
3339 2388 3459 2459 quia
3506 2390 3704 2443 nolunt
3734 2393 3895 2444 vitam

2288 2483 2488 2529 rectam
2530 2475 2806 2530 exhibere.
2849 2476 2979 2530 Nam
3017 2492 3139 2532 eum
3178 2479 3266 2547 qui
3308 2479 3359 2533 in
3398 2481 3682 2549 gentilium
3712 2488 3901 2540 errore

2288 2563 2451 2619 vitam
2478 2564 2623 2621 ducit
2649 2582 2809 2621 nemo
2836 2566 3245 2637 reprehenderit
3271 2586 3284 2623 :
3309 2570 3399 2640 qui
3427 2570 3571 2625 enim
3604 2573 3743 2628 tales
3773 2577 3901 2630 colit

2288 2655 2420 2712 deos
2444 2697 2459 2722 ,
2499 2658 2663 2713 festos
2689 2653 2805 2713 dies
2836 2659 3056 2728 perinde
3096 2672 3281 2730 turpes
3310 2672 3363 2716 et
3400 2661 3663 2720 ridiculos
3691 2708 3708 2730 ,
3742 2679 3903 2737 atque

2287 2745 2359 2801 dii
2397 2746 2493 2817 ipsi
2526 2756 2681 2813 sunt,
2713 2746 2983 2811 celebrat,
3020 2752 3083 2804 ac
3112 2740 3269 2820 digna
3299 2751 3646 2822 dogmatibus
3676 2756 3901 2811 exhibet

2286 2842 2481 2909 Opera;
2510 2836 2598 2911 qui
2632 2854 2757 2895 vero
2795 2838 2960 2896 Deum
2992 2843 3213 2907 colunt,
3246 2844 3288 2897 si
3330 2844 3567 2913 segniter
3598 2847 3829 2915 vivant,
3860 2851 3889 2904 ἑ

2287 2932 2500 2986 nemine
2548 2946 2655 2986 non
2702 2928 3175 3000 reprehenduntur
3224 2939 3279 2988 et
3328 2936 3702 2992 accusantur:
3739 2944 3900 2994 tanta:

2286 3019 2628 3095 admirationi
2681 3019 2840 3077 etiam
2890 3023 3029 3092 apud
3080 3023 3325 3079 inimicos
3370 3035 3496 3080 suos
3541 3038 3630 3081 est
3674 3030 3898 3087 veritas.

2290 3110 2423 3166 Vide
2459 3127 2588 3183 ergo
2627 3128 2785 3182 quam
2818 3122 3067 3168 accurate
3096 3112 3362 3184 loquatur.
3397 3115 3513 3183 Non
3544 3118 3693 3171 enim
3730 3121 3897 3185 dicit,

2284 3202 2373 3269 qui
2408 3217 2567 3271 prava
2597 3214 2869 3273 operatur,
2902 3219 3006 3257 non
3042 3206 3188 3259 venit
3212 3206 3279 3259 ad
3311 3206 3521 3274 lucem;
3555 3210 3677 3273 sed,
3709 3212 3817 3279 Qui
3850 3214 3898 3267 in

2283 3294 2437 3348 malis
2466 3296 2811 3364 perseverat;
2842 3294 2892 3349 id
2922 3305 3039 3363 est,
3070 3296 3168 3364 Qui
3208 3297 3318 3352 vult
3346 3313 3563 3369 semper
3596 3301 3651 3355 in
3687 3307 3897 3371 peccati

2281 3388 2438 3445 coeno
2477 3389 2741 3454 volutari,
2785 3406 2889 3443 non
2932 3389 3044 3443 vult
3075 3404 3133 3445 se
3165 3389 3371 3456 legibus
3411 3393 3547 3447 meis
3579 3394 3896 3465 subjicere;

2281 3481 2375 3537 sed
2398 3489 2547 3536 extra
2576 3494 2800 3535 manens
2828 3481 2994 3536 libere
3023 3479 3339 3549 fornicatur,
3369 3494 3683 3555 creteraque
3711 3491 3895 3545 omnia

2285 3573 2549 3651 prohibita
2589 3574 2921 3644 exsequitur.
2969 3574 3082 3629 Huc
3111 3576 3253 3629 enim
3285 3590 3341 3631 se
3371 3576 3664 3634 conferens
3690 3623 3705 3647 ,
3742 3586 3895 3653 quasi

2281 3664 2366 3719 fur
2398 3660 2447 3718 in
2479 3664 2631 3729 luce,
2663 3665 2843 3720 statim
2874 3666 3194 3721 manifestus
3225 3667 3482 3723 redditur.
3521 3669 3769 3741 Ideoque
3801 3675 3894 3727 im;

2280 3759 2487 3827 perium
2518 3757 2647 3827 fugit
2674 3773 2873 3812 meum.
2905 3758 3067 3813 Certe
3102 3760 3299 3814 multos
3326 3762 3611 3830 gentilium
3642 3764 3893 3820 dicentes

2278 3852 2556 3913 audimus,
2590 3866 2649 3906 se
2677 3846 2797 3905 ideo
2825 3867 2930 3905 non
2973 3867 3134 3922 posse
3160 3853 3227 3908 ad
3260 3854 3415 3909 fidem
3450 3865 3697 3911 nostram
3730 3875 3891 3917 accc-

2277 3941 2435 4007 dere,
2467 3941 2609 4009 quod
2651 3957 2753 3995 non
2794 3953 3014 4011 possent
3054 3938 3122 3996 ab
3161 3943 3453 4009 ebrietate,
3487 3947 3887 4020 fornicatione,

2276 4035 2591 4105 exterisque
2618 4030 2924 4102 hujusmodi
2952 4024 3093 4089 vitiis
3120 4036 3411 4093 abstinere.
3439 4039 3577 4105 Quid
3604 4046 3781 4114 ergo?
3810 4048 3865 4100 in

2274 4126 2428 4193 quies
2469 4143 2481 4176 τ
2524 4141 2704 4181 annon
2747 4135 2871 4181 sunt
2909 4127 3198 4182 Christiani
3241 4144 3347 4184 non
3390 4132 3635 4187 melioris
3678 4136 3885 4207 frugis,

2274 4230 2450 4271 annon
2482 4226 2535 4271 et
2560 4217 2787 4287 gentiles
2827 4215 3197 4289 philosophice
3233 4220 3509 4275 viventes?
3538 4222 3889 4283 Christiane;

2274 4321 2395 4361 esse
2421 4308 2507 4377 qui
2540 4308 2677 4361 mala
2708 4317 3036 4376 perpetrcnt,
3070 4325 3169 4379 ego
3195 4326 3407 4381 quoque
3438 4313 3557 4366 novi
3585 4331 3597 4365 :
3627 4326 3760 4370 num
3792 4330 3886 4371 an-

2276 4405 2379 4452 tem
2424 4399 2649 4468 gcntilcs
2690 4397 2794 4453 sint
2840 4399 2929 4468 qui
2977 4396 3196 4469 probam
3225 4401 3422 4456 ducant
3451 4404 3616 4459 vitam
3639 4446 3654 4467 ,
3687 4406 3739 4461 id
3776 4425 3885 4463 non

2273 4488 2494 4557 perinde
2523 4499 2706 4543 notum
2738 4483 2887 4545 mihi.
2919 4490 2995 4545 Ne
3026 4487 3154 4545 mihi
3188 4493 3307 4546 illos
3332 4492 3554 4563 ohjl‘cias
3576 4499 3667 4566 qtti
3692 4514 3759 4553 ex
3789 4516 3884 4554 na-

2271 4590 2385 4635 tura
2410 4596 2502 4634 sua
2532 4581 2756 4635 modesti
2781 4580 3063 4651 ornatique
3086 4595 3209 4636 sunt
3238 4602 3250 4637 :
3278 4584 3378 4638 hoc
3400 4587 3541 4639 enim
3565 4588 3741 4644 virtus
3770 4608 3879 4649 non

2270 4682 2381 4735 est;
2416 4673 2508 4726 sed
2544 4673 2664 4726 illos
2696 4672 2887 4726 afferas
2909 4715 2922 4735 ,
2958 4675 3044 4741 qui
3074 4674 3351 4728 affectibus
3381 4677 3735 4735 vehementer
3764 4694 3879 4736 tra-

2272 4763 2486 4824 lmntur,
2512 4772 2564 4816 et
2588 4771 2762 4815 tamen
2790 4750 3251 4833 philosophantur.
3280 4766 3345 4819 At
3366 4754 3640 4822 certe-nou
3672 4778 3878 4841 possis.

2267 4855 2399 4909 Nam
2426 4856 2469 4909 si
2497 4856 2643 4925 regni
2675 4856 2977 4923 promissio,
3003 4857 3265 4925 gehenna:
3295 4858 3663 4921 comminatio.
3691 4873 3749 4917 cl.
3768 4867 3875 4919 alia

2270 4947 2569 5015 hujusmodi
2600 4948 2686 5000 vix
2716 4947 2961 5001 homines
2990 4949 3041 5000 in
3072 4948 3282 5001 virtutis
3304 4951 3562 5003 exercitio
3590 4955 3835 5009 retinent
3861 4976 3873 5010 :

2268 5040 2419 5110 longe
2446 5039 2717 5093 difficilius
2747 5039 2887 5091 illam
2917 5040 3243 5094 exercebant
3265 5041 3355 5110 qui
3381 5041 3504 5094 nihil
3536 5056 3729 5098 eorum
3753 5061 3872 5101 cre-

2265 5133 2414 5187 dunt.
2448 5134 2599 5199 Quod
2637 5133 2679 5185 si
2711 5132 2925 5201 quidam
2964 5134 3212 5187 virtutem
3252 5135 3533 5197 simulent,
3585 5137 3636 5189 id
3680 5140 3872 5205 gloria:

2263 5242 2420 5281 causa
2455 5226 2685 5291 faciunt;
2715 5227 2801 5295 qui
2832 5236 3009 5281 autem
3036 5243 3187 5279 vanae
3217 5227 3399 5296 gloria:
3419 5238 3577 5283 causa
3606 5231 3866 5286 virtutem

2262 5328 2538 5380 exercent,
2573 5319 2660 5371 ubi
2698 5317 2862 5372 latere
2896 5328 3167 5387 poterunt,
3197 5336 3301 5373 non
3330 5336 3357 5371 a
3393 5322 3567 5388 pravis
3598 5323 3868 5389 cupidita-

2263 5410 2399 5463 tibus
2441 5408 2799 5463 abstincbunt.
2852 5409 3051 5463 Verum
3089 5426 3158 5464 ne
3197 5411 3513 5464 contentiosi
3557 5412 3864 5482 videantur,

2259 5504 2615 5558 concedamus
2658 5504 2793 5571 apud
2839 5503 3068 5571 gentiles
3114 5516 3233 5555 owe
3275 5504 3534 5570 quosdam
3581 5506 3668 5573 qui
3716 5518 3868 5563 recte

2259 5597 2434 5649 vivant
2480 5613 2490 5647 :
2536 5594 2662 5647 nihil
2712 5596 2851 5648 enim
2904 5594 3004 5646 hoc
3050 5594 3207 5648 dictis
3255 5596 3450 5647 nostris
3490 5595 3677 5649 ofﬁcit.
3729 5599 3862 5653 Nam

2327 5775 2337 5804 ¹
2382 5773 2562 5835 λιυιυρι,
2591 5776 2814 5835 fugerim:
2842 5775 2986 5833 ἐκλείπω·
3014 5774 3076 5821 ml
3103 5773 3359 5833 pcmt'cicm
3386 5787 3538 5823 suum.
