4048 6458
243 395 348 472 tsi
1216 401 1284 461 lN
1319 384 1633 459 totst
1679 387 1910 456 uenit.

239 527 384 599 quod
411 540 560 597 strpe
581 523 864 596 contingit,
891 537 996 576 non
1021 519 1161 592 quod
1186 535 1308 574 raro
1330 492 1548 584 accidit,
1573 517 1660 572 hic
1687 516 1848 573 intel-

241 619 532 690 ligendntn.

312 711 365 768 5.
405 709 540 766 Vide
567 711 728 766 etiam
757 711 865 780 q'uo
913 716 1069 778 pacto
1106 704 1322 760 aliunde
1356 717 1571 776 quoque
1599 699 1709 759 illis
1732 717 1850 759 om-

243 802 365 860 nem
393 803 758 858 excusationis
778 800 995 856 modum
1017 796 1245 860 maferat,
1268 801 1391 852 cum
1413 795 1563 861 dicit,
1594 795 1769 850 lucem
1794 794 1848 848 in

244 893 501 951 tnundum
545 893 779 948 venisse.
824 892 1001 955 Num,
1047 891 1256 961 inquit,
1288 889 1434 944 illam
1475 885 1850 960 quasiernnt?

240 1001 370 1042 unm
406 987 719 1043 laborarunt
758 996 814 1041 ut
848 984 1305 1056 assequerentur?
1334 983 1451 1054 Ipsa
1489 983 1578 1038 lux
1618 983 1685 1036 ad
1727 980 1850 1038 illos

241 1081 428 1146 venit,
463 1095 639 1152 neque
679 1080 757 1135 sic
800 1090 977 1134 tamen
1022 1086 1390 1133 accurrerunt.
1424 1076 1559 1144 Quia
1591 1092 1722 1133 vero
1746 1075 1848 1132 ob-

243 1173 468 1230 tendere
499 1181 756 1244 possunt,
784 1170 1122 1227 Christianos
1150 1186 1271 1226 esse
1296 1169 1558 1240 quosdam
1587 1169 1678 1240 qui
1710 1168 1850 1225 male

241 1267 455 1330 vivant,
491 1263 968 1334 respondebimus,
1001 1263 1088 1318 hic
1127 1277 1236 1333 non
1261 1261 1345 1332 agi
1375 1261 1444 1319 de
1481 1260 1550 1316 iis
1578 1261 1668 1332 qui
1695 1260 1851 1316 Chri—

245 1356 404 1412 Stiani
449 1356 559 1411 nati
601 1365 764 1422 sunt,
792 1356 996 1427 quique
1024 1371 1052 1408 a
1085 1355 1378 1425 majoribus
1407 1355 1549 1427 piam
1591 1361 1850 1423 accepere

243 1446 557 1516 religionem
581 1462 595 1512 ;
621 1446 720 1501 etsi
748 1461 893 1516 saepe
915 1445 991 1501 illi
1014 1461 1078 1501 ex
1110 1457 1272 1516 prava
1300 1447 1406 1500 Vita
1430 1461 1460 1499 a
1483 1460 1608 1501 vera
1641 1443 1847 1500 doctri-

241 1555 311 1594 na
337 1538 550 1596 decussi
578 1539 796 1596 fuerint.
833 1534 1032 1596 Verum
1065 1554 1170 1594 non
1200 1539 1268 1596 de
1294 1539 1361 1594 iis
1390 1548 1520 1610 puto
1548 1554 1690 1595 nunc
1717 1549 1841 1594 ser-

243 1635 460 1688 monem
493 1633 678 1689 haberi
703 1673 718 1697 ,
750 1632 844 1688 sed
873 1632 942 1688 de
973 1633 1038 1687 iis
1065 1632 1345 1703 gentilium
1377 1633 1461 1688 vel
1491 1631 1808 1688 Judazorum
1831 1674 1846 1695 ,

241 1725 330 1797 qui
353 1724 613 1780 deberent
633 1723 700 1779 ad
725 1734 926 1780 rectam
955 1725 1194 1780 converti
1223 1724 1405 1780 ﬁdem.
1428 1723 1842 1781 Ostenditenim

243 1816 514 1870 neminem
535 1829 723 1870 corum
752 1815 840 1884 qui
873 1813 925 1870 in
949 1827 1135 1871 errore
1159 1815 1398 1887 degunt,
1421 1815 1653 1872 velle'ad
1683 1815 1844 1871 tidem

241 1905 532 1972 accedere,
558 1906 660 1961 nisi
682 1907 832 1978 prius
853 1915 1015 1962 recta:
1038 1908 1160 1963 vitae
1192 1923 1436 1963 normam
1467 1907 1570 1964 sibi
1603 1909 1848 1978 praescri-

243 1999 439 2066 pscrit;
470 1997 847 2068 neminemque
874 1998 927 2053 in
955 1999 1331 2054 incredulitate
1359 2014 1670 2055 mansurum
1690 2039 1706 2064 ,
1739 1999 1838 2054 nisi

242 2090 392 2159 prius
420 2089 724 2146 decreverit
753 2093 803 2144 iu
839 2091 1103 2161 pravitate
1141 2093 1455 2161 persistere.
1488 2091 1567 2148 Ne
1597 2091 1731 2148 mihi
1762 2092 1848 2147 di-

243 2182 394 2236 xeris
417 2192 622 2236 castunt
652 2178 802 2238 illum
827 2197 976 2250 esse,
1009 2195 1109 2240 nec
1136 2182 1301 2239 furari
1326 2200 1340 2238 :
1371 2198 1476 2239 non
1503 2183 1648 2239 enim
1678 2185 1732 2239 in
1767 2183 1850 2240 his

243 2283 451 2328 tantum
498 2273 747 2329 consistit
786 2273 980 2330 virtus.
1013 2273 1146 2341 Quae
1193 2276 1336 2329 enim
1383 2275 1620 2343 utilitas,
1655 2276 1700 2331 si
1736 2275 1853 2331 hzcc

243 2366 463 2437 quidem
503 2364 789 2434 observet,
824 2365 920 2423 sed
962 2381 1114 2423 vana:
1141 2368 1327 2439 glorise
1355 2369 1424 2422 sit
1468 2368 1730 2438 cupidus,
1767 2369 1849 2423 vel

241 2459 537 2512 amicorum
560 2457 727 2528 gratia
751 2458 803 2513 in
829 2472 1018 2515 errore
1047 2459 1299 2513 maneat?
1327 2459 1440 2515 Hoc
1459 2461 1605 2514 enim
1629 2475 1734 2515 non
1764 2467 1850 2516 est

241 2560 392 2604 recte
419 2551 621 2606 vivere.
650 2549 786 2606 Nam
823 2551 1013 2623 gloria:
1043 2565 1235 2607 servus
1266 2566 1373 2608 non
1417 2553 1594 2608 minus
1624 2562 1808 2622 peccat
1833 2595 1849 2619 ,

230 2636 403 2710 ﬂuam
433 2639 726 2697 fornicator
750 2662 765 2712 ;
794 2642 902 2698 imo
929 2642 1086 2714 longe
1112 2643 1260 2714 plura
1288 2652 1342 2700 et
1371 2643 1619 2715 graviora
1647 2644 1845 2700 admit-‘-

243 2733 328 2785 tit.
348 2731 546 2787 Verum
571 2731 746 2788 indica
770 2732 901 2788 mihi
919 2734 1206 2806 quemdam
1226 2735 1366 2806 apud
1386 2736 1618 2808 gentiles
1639 2736 1708 2792 ab
1729 2751 1850 2792 om-

239 2823 404 2879 nibus
432 2824 577 2879 vitiis
626 2826 970 2897 peccatisque
1013 2827 1262 2884 liberum.
1298 2827 1601 2900 Numquam
1648 2831 1850 2901 possis.

241 2913 377 2972 Nam
406 2916 496 2988 qui
527 2919 762 2974 maxime
786 2918 929 2988 apud
960 2920 1079 2976 illos
1102 2919 1448 2988 claruerunt,
1470 2921 1561 2992 qui
1606 2933 1660 2978 et
1692 2937 1856 2993 pecu-

241 3008 366 3063 nias
405 3014 464 3064 et
503 3008 643 3080 gula:
693 3009 915 3066 delicias
961 3020 1440 3080 contempserunt,
1488 3021 1549 3068 ut
1594 3014 1781 3077 aiunt,
1813 3012 1852 3070 ii

242 3099 481 3155 maxime
510 3100 752 3155 omnium
794 3100 981 3172 gloria:
1023 3102 1366 3168 servierunt;
1400 3103 1546 3174 quod
1574 3119 1705 3159 sane
1730 3115 1850 3158 om-

246 3191 396 3246 nium
417 3201 500 3247 est
521 3207 684 3247 causa
717 3193 983 3247 maiorum
1030 3192 1119 3248 Sic
1133 3201 1188 3248 et
1209 3191 1378 3249 Judaei
1403 3195 1454 3249 in
1471 3194 1711 3265 nequitia
1731 3210 1855 3266 pcr-

241 3285 515 3339 stiterunt.
547 3284 729 3354 Quare
757 3283 880 3340 illos
907 3299 1138 3355 arguens
1165 3284 1383 3342 dicebat
1409 3303 1422 3339 :
1457 3285 1727 3352 Quomodo
1753 3299 1853 3359 po.

241 3377 384 3432 testis
403 3376 627 3442 credere,
650 3378 739 3449 qui
757 3377 976 3450 gloriam
996 3377 1060 3433 ab
1082 3377 1372 3434 hominibus
1393 3381 1628 3450 accipitis
1650 3379 1848 3451 (loan.

241 3466 296 3525 5.
319 3468 465 3538 4t)?
493 3468 562 3524 Et
581 3484 677 3525 cur
696 3468 1015 3525 Natbauaeli
1039 3511 1053 3538 ,
1080 3473 1168 3526 cui
1192 3473 1472 3528 veritatem
1498 3473 1848 3544 praedicabat,

241 3560 312 3618 de
341 3561 427 3616 his
473 3562 723 3632 loquutus
751 3577 857 3618 non
884 3571 1000 3628 est,
1036 3578 1139 3620 nec
1181 3563 1410 3636 longiori
1450 3578 1538 3622 est
1568 3581 1698 3622 usus
1730 3576 1852 3622 ser-

242 3656 444 3711 mone?
472 3654 606 3724 Quia
632 3655 677 3712 is
696 3671 805 3713 non
835 3671 960 3713 cum
982 3657 1077 3712 illo
1099 3655 1284 3714 studio
1309 3671 1553 3716 venerat.
1588 3659 1685 3716 Hic
1703 3661 1850 3717 enim

243 3749 386 3805 istud
407 3749 512 3806 sibi
535 3749 837 3806 faciendum
862 3751 1257 3820 constituerat,
1289 3761 1342 3809 et
1364 3752 1509 3824 quod
1536 3754 1624 3808 alii
1649 3755 1851 3824 quieti,

243 3843 333 3899 hic
377 3842 662 3900 audiendas
704 3843 969 3901 doctrina
1019 3852 1233 3916 tempus
1279 3845 1545 3902 adhibuit.
1594 3847 1687 3903 llle
1720 3862 1852 3903 vero

241 3936 354 3992 alio
389 3935 654 3992 suadente
692 3937 924 3993 accessit
953 3955 968 3993 :
1003 3953 1104 3993 nec
1146 3947 1324 3994 tamen
1365 3937 1518 3994 illum
1551 3940 1849 4009 praeteriit;

243 4029 418 4098 ipsum
440 4026 585 4084 enim
609 4027 688 4084 sic
711 4027 1035 4099 alloquitur:
1061 4028 1260 4084 Amodo
1281 4029 1512 4084 videbitis
1530 4031 1683 4085 catos
1701 4047 1853 4102 aper-

241 4118 319 4173 los
338 4158 353 4183 ,
378 4126 426 4172 et
465 4115 676 4190 angelos
700 4116 798 4173 Dei
828 4119 1155 4184 ascendentes
1179 4129 1231 4174 e.‘
1256 4119 1618 4176 descendentes
1653 4121 1848 4194 (Joan.

244 4210 298 4266 Ι.
327 4209 455 4282 51).
487 4210 625 4266 lluic
647 4218 829 4266 autem
853 4211 987 4266 nihil
1012 4210 1208 4266 horum
1234 4211 1410 4278 dixit;
1440 4211 1536 4268 sed
1566 4211 1636 4268 de
1669 4214 1841 4268 incar-

242 4303 463 4358 natione
489 4313 542 4359 et
572 4301 641 4358 de
680 4303 789 4358 vita
829 4311 1032 4359 aterna
1065 4304 1238 4374 ipsum
1267 4304 1597 4376 alloquitur,
1629 4303 1850 4362 diverso

242 4395 406 4450 modo
433 4395 660 4466 singulis
689 4410 787 4466 pro
812 4395 1008 4452 affectu
1037 4397 1300 4470 cujusque
1329 4397 1577 4470 loquens.
1613 4399 1694 4456 Illi
1722 4401 1846 4472 qui-

241 4488 365 4543 dem
385 4527 403 4554 ,
425 4491 549 4558 quia
573 4486 865 4558 prophetas
890 4488 1157 4551 callebat,
1191 4505 1368 4559 neque
1400 4491 1472 4544 ita
1499 4491 1681 4562 segnis
1707 4499 1845 4557 erat,

243 4573 360 4636 hare
386 4578 660 4634 audivisse
703 4579 840 4635 satis
884 4588 1043 4635 erat:
1094 4579 1218 4635 huic
1248 4595 1412 4649 vero,
1459 4581 1583 4651 quia
1614 4582 1846 4652 quadam

239 4670 418 4727 adhuc
461 4668 752 4725 formidine
779 4668 1124 4726 detinebatur
1145 4711 1161 4738 ,
1195 4685 1300 4725 non
1334 4679 1505 4726 totum
1545 4672 1728 4727 statim
1756 4689 1846 4728 re-

1951 384 2148 454 XXIX.
2191 398 2262 452 al.
2309 388 2547 454 xxvm.
3471 394 3569 456 ise

1959 515 2194 582 velavit;
2227 515 2323 572 sed
2356 525 2595 571 mentem
2625 515 2745 588 ejus
2773 515 3034 572 excitavit
3056 557 3071 584 ,
3105 518 3167 570 u't
3196 527 3339 572 metu
3368 529 3568 576 metum

1955 609 2300 673 excluderet,
2332 625 2456 664 cum
2487 609 2625 665 dixit
2656 624 2780 665 eum
2810 610 2899 679 qui
2944 624 3051 665 non
3081 609 3332 665 credi-ret
3356 651 3372 678 ,
3412 612 3564 678 judi-

1956 702 2067 758 cari
2090 743 2107 770 ,
2152 711 2207 759 et
2238 717 2344 757 non
2376 702 2603 758 credere
2630 717 2659 756 a
2695 717 2856 771 prava
2909 703 3350 773 concupiscentia
3410 705 3572 774 proli-

1957 794 2112 850 cisci.
2142 791 2278 862 Quia
2307 793 2452 849 enim
2505 793 2783 848 hominum
2813 794 3043 864 gleriam
3089 795 3270 865 magni
3301 793 3570 862 faciebat,

1955 893 2010 941 et
2048 884 2218 955 pluris
2261 897 2422 954 quam
2468 885 2792 955 supplicium
2825 884 3026 959 (Huni
3063 887 3241 954 enim,
3273 888 3477 958 inquit,
3509 906 3575 944 ea:

1957 977 2274 1048 principibus
2314 972 2643 1032 crediderunt
2681 979 2737 1033 in
2783 985 2933 1046 eum,
2977 979 3068 1033 sed
3106 983 3316 1050 propter
3356 980 3574 1038 Judwos

1955 1085 2060 1126 non
2083 1070 2457 1141 conﬁtebantur
2483 1069 2676 1142 (lacn.
2701 1071 2754 1128 5.
2780 1072 2852 1126 44
2872 1071 2891 1143 )
2914 1112 2926 1136 ,
2958 1071 3086 1128 hinc
3113 1072 3264 1128 illum
3293 1076 3569 1144 perstrin-

1953 1163 2066 1233 git.
2097 1161 2476 1233 ostenditque,
2507 1178 2615 1218 non
2659 1175 2818 1234 posse
2845 1179 2970 1218 eum
3013 1164 3104 1236 qui
3136 1165 3188 1219 in
3222 1180 3282 1221 se
3311 1176 3419 1221 non
3448 1183 3572 1223 crc-

1955 1253 2143 1320 deret,
2173 1255 2274 1309 alia
2315 1254 2386 1311 de
2413 1270 2576 1311 causa
2619 1269 2727 1310 non
2776 1256 3039 1324 credere,
3083 1271 3244 1328 quam
3287 1259 3432 1331 quod
3464 1261 3571 1317 vita

1957 1347 2201 1418 impurus
2231 1350 2394 1404 esset.
2432 1349 2497 1404 Et
2529 1351 2580 1403 in
2622 1349 2978 1419 sequentibus
3009 1351 3122 1408 ait:
3159 1341 3272 1424 Ego
3300 1363 3412 1408 sum
3441 1352 3569 1422 lux;

1958 1438 2046 1495 hic
2069 1449 2249 1495 autem
2279 1439 2356 1494 ait
2376 1481 2389 1503 ,
2428 1438 2576 1495 Venit
2619 1434 2710 1496 lux
2739 1440 2791 1495 in
2837 1441 3085 1495 mundum
3116 1440 3308 1514 (Joan.
3339 1445 3393 1501 8.
3439 1446 3508 1501 12
3528 1445 3568 1517 ).

1957 1527 2013 1587 ln
2043 1532 2309 1603 principio
2336 1532 2481 1588 enim
2510 1532 2816 1601 obscurius,
2847 1533 3047 1589 deinde
3077 1535 3280 1592 clarius
3309 1538 3576 1608 loqueba-

1961 1636 2067 1681 tur.
2099 1628 2351 1682 Attamen
2383 1628 2545 1681 homo
2593 1628 2682 1684 ille
2713 1627 3074 1684 multitudinis
3104 1625 3244 1684 fama
3295 1630 3578 1687 dctiueba~

1960 1729 2076 1786 tur;
2095 1719 2422 1790 quapropter
2449 1734 2554 1774 non
2582 1735 2643 1801 ea
2659 1735 2761 1792 qua
2783 1737 2880 1791 par
2896 1731 3012 1776 erat
3031 1722 3280 1779 utebatur
3303 1723 3425 1779 libet
3442 1730 3573 1781 tate.

2038 1803 2187 1867 Vana
2238 1811 2406 1884 gloria
2454 1809 2741 1886 fugienda;
2781 1815 2981 1868 virtutis
3030 1817 3256 1887 frui-(mn
3307 1817 3462 1873 tollit.
3501 1849 3573 1859 ——

1959 1905 2252 1976 Fugiaums
2297 1919 2428 1975 ergo
2479 1905 2693 1960 inanem
2739 1906 3006 1976 gloriam;
3059 1906 3162 1963 hoc
3208 1909 3352 1964 enim
3399 1911 3578 1967 vitio—

1957 2012 2076 2053 rum
2112 1997 2354 2052 omnithn
2407 1996 2941 2052 vehementissimum
2998 2009 3100 2054 est.
3153 1999 3287 2056 lliuc
3339 2003 3571 2057 avaritia

1956 2097 2013 2144 et
2032 2102 2188 2144 amor
2210 2087 2560 2158 pecuniarum
2589 2089 2860 2157 oriuntur,
2885 2088 3015 2146 hinc
3040 2090 3161 2146 odia
3188 2122 3204 2159 δ
3240 2091 3399 2157 bella,
3427 2095 3570 2148 lites.

1955 2179 2091 2236 Nam
2123 2181 2214 2252 qui
2262 2181 2413 2251 plura
2445 2181 2802 2250 eoncupiscit,
2836 2195 3104 2253 nusquam
3137 2185 3438 2239 consistere
3472 2197 3571 2255 po-

1959 2273 2106 2329 terit.
2134 2273 2286 2329 Nulla
2323 2282 2502 2329 autem
2534 2273 2638 2328 alia
2669 2274 2737 2331 de
2766 2291 2930 2332 causa
2961 2286 3155 2332 caitera
3195 2287 3340 2332 amat
3363 2321 3375 2341 ,
3407 2295 3571 2348 quam

1957 2363 2102 2435 quod
2128 2379 2322 2420 vanam
2349 2365 2577 2436 gloriam
2601 2376 2768 2422 amet.
2792 2365 2907 2423 Cur
2931 2369 3076 2423 enim
3100 2410 3116 2437 ,
3146 2385 3332 2439 qu:cso
3354 2410 3369 2436 ,
3399 2384 3572 2426 eunu-

1958 2455 2190 2512 chorum
2227 2472 2452 2528 agmen,
2495 2473 2720 2529 gregem
2769 2473 3053 2515 servorum
3076 2500 3092 2525 ,
3123 2475 3220 2517 cur
3252 2471 3460 2516 tantum
3492 2462 3572 2518 fa.

1958 2556 2102 2602 stum
2133 2546 2286 2601 multi
2325 2546 2626 2603 exhibent?
2649 2548 2769 2604 Non
2794 2550 2898 2604 alia
2924 2564 3085 2606 causa
3110 2592 3125 2617 ,
3157 2551 3259 2605 nisi
3290 2561 3347 2606 ut
3377 2553 3574 2609 multos

1959 2640 2200 2697 habeant
2241 2642 2618 2712 inopportume
2667 2642 3087 2714 magniﬁcentia:
3128 2652 3315 2712 testes.
3347 2643 3402 2698 Si
3436 2645 3575 2702 hanc

1957 2749 2090 2805 ergo
2110 2733 2500 2800 rescindamus,
2525 2750 2647 2791 cum
2669 2735 2843 2808 capite
2865 2736 3027 2790 etiam
3047 2736 3290 2791 membra
3315 2738 3570 2805 nequitiae

1959 2823 2250 2890 tollemus,
2311 2827 2554 2896 nihilque
2610 2826 2963 2897 prohibebit,
3023 2828 3317 2898 quominus
3373 2837 3574 2883 tetram

1958 2921 2110 2989 quasi
2141 2921 2333 2976 αιειιιηι
2379 2919 2698 2975 incolamus.
2754 2919 2945 2991 Neqtte
2985 2921 3130 2976 enim
3161 2920 3230 2976 ad
3273 2921 3571 2991 nequitiam

1962 3021 2166 3068 tantum
2193 3027 2329 3083 quos
2358 3013 2502 3082 capit
2545 3012 2810 3081 impellit,
2843 3011 2939 3067 sed
2965 3021 3020 3067 et
3047 3012 3232 3066 virtuti
3260 3027 3321 3067 se
3347 3011 3576 3070 subdole

1959 3103 2254 3170 admiscet;
2284 3113 2486 3159 etcum
2516 3118 2544 3156 a
2573 3103 2772 3156 rit-tute
2798 3117 2898 3157 nos
2925 3101 3186 3158 decutere
3213 3116 3320 3156 non
3356 3111 3570 3172 potest,

1961 3196 2016 3252 in
2052 3197 2167 3268 ipsa
2200 3197 2287 3251 illa
2315 3195 2518 3251 virtute
2564 3210 2820 3265 maguum
2859 3194 3246 3251 detrimentum
3277 3195 3532 3266 importat
3559 3236 3576 3263 ,

1959 3289 2088 3346 dum
2111 3289 2327 3345 labores
2354 3289 2589 3344 tolerare
2610 3288 2788 3358 cogit,
2812 3297 2868 3343 et
2889 3287 3137 3342 laborum
3167 3287 3344 3342 fructu
3376 3289 3573 3356 privat.

1958 3380 2094 3436 Nam
2122 3380 2214 3453 qui
2245 3379 2313 3436 ad
2342 3395 2535 3434 vanam
2567 3379 2797 3450 gloriam
2843 3377 3066 3449 respicit
3085 3420 3100 3445 ,
3131 3379 3246 3437 sive
3269 3379 3536 3453 jejunium
3559 3419 3574 3448 ,

1959 3474 2077 3530 sive
2100 3473 2425 3539 orationem,
2457 3471 2573 3527 sive
2598 3469 3004 3545 clcemosynam
3031 3472 3288 3529 exerceat
3306 3516 3320 3540 ,
3349 3489 3571 3531 onmem

1959 3567 2160 3622 amittit
2184 3564 2516 3621 mercedem.
2548 3564 2668 3632 Quo
2694 3564 2896 3620 damno
2919 3563 3046 3638 quid
3070 3567 3438 3622 miserabilius
3461 3569 3577 3625 lue-

1959 3658 2070 3714 rit?
2098 3657 2318 3729 quando
2346 3673 2542 3729 nempe
2569 3657 2692 3728 quis
2720 3673 2780 3712 se
2809 3655 3008 3713 frustra
3042 3670 3320 3727 macerat,
3369 3661 3576 3718 ridicu-

1960 3749 2151 3820 Iusque
2170 3749 2372 3814 evadit,
2397 3760 2454 3804 et
2473 3764 2503 3804 a
2520 3763 2756 3820 superna
2783 3738 2957 3820 gloria
2978 3751 3204 3806 excidit.
3226 3749 3414 3823 Neque
3430 3757 3576 3808 enim

1960 3849 2140 3912 potest
2167 3841 2259 3911 qui
2311 3850 2595 3910 utramque
2624 3839 2905 3896 desiderat
2925 3881 2941 3908 ,
2972 3851 3261 3913 utramque
3290 3846 3572 3916 consequi.

1958 3931 2254 3987 Possumus
2285 3940 2462 3987 tamen
2495 3942 2780 4002 utramque
2813 3934 3118 4006 consequi,
3149 3936 3196 3990 si
3227 3950 3335 3991 nou
3367 3947 3580 3992 utram-

1958 4039 2065 4094 que
2095 4023 2324 4094 gloriam
2369 4026 2822 4095 concupiscamus
2843 4066 2860 4091 ,
2889 4026 2987 4082 scd
3018 4027 3291 4082 czelestcm
3325 4037 3576 4097 tantum;

1957 4116 2050 4185 qui
2085 4124 2213 4170 Vero
2244 4126 2529 4186 unamque
2555 4126 2737 4184 amat,
2768 4133 2875 4172 non
2905 4126 3190 4190 utramque
3216 4119 3446 4190 adipisci
3476 4136 3576 4190 po-

1960 4215 2083 4264 test.
2113 4207 2478 4276 Quamobrem
2509 4211 2554 4264 si
2588 4211 2818 4265 velimus
2851 4212 3081 4281 gloriam
3111 4213 3376 4285 adipisci,
3407 4213 3581 4285 fugia-

1959 4317 2079 4357 mus
2110 4300 2401 4357 humanam
2434 4304 2702 4374 gloriam,
2732 4313 2787 4360 et
2814 4320 2935 4360 eam
2978 4322 3100 4376 qua:
3126 4326 3154 4360 a
3185 4308 3305 4363 solo
3346 4309 3460 4365 Deo
3492 4320 3577 4364 est

1957 4392 2370 4460 desideremus;
2403 4405 2458 4450 et
2500 4396 2578 4450 sic
2608 4404 2836 4467 utraque
2883 4399 3171 4467 potiemur.
3207 4399 3421 4455 Utinam
3453 4417 3580 4457 vero

1959 4484 2061 4542 hac
2083 4484 2346 4554 fruamur,
2369 4487 2543 4557 gratia
2569 4496 2625 4542 et
2647 4487 2978 4559 benignitate
3007 4489 3218 4545 Domini
3251 4494 3422 4546 nostri
3444 4492 3576 4549 Jesu

1955 4579 2158 4637 Christi
2185 4613 2201 4648 δ
2234 4597 2331 4652 per
2359 4597 2518 4652 quem
2551 4593 2608 4637 et
2637 4598 2760 4637 cum
2806 4598 2917 4654 quo
2965 4583 3108 4638 Patri
3154 4585 3326 4654 gloria
3359 4601 3576 4657 unaque

1957 4682 2146 4729 sancto
2172 4673 2398 4745 Spiritui
2423 4715 2439 4740 ,
2473 4675 2526 4728 in
2557 4675 2754 4728 sarcula
2780 4677 3133 4730 steculorum.
3162 4679 3360 4732 Amen.

312 4805 3577 4834 Μ

1573 4884 1926 4948 HOMILIA
1969 4886 2218 4948 XXIX.

241 5029 330 5086 22.
387 5028 534 5085 Venit
572 5040 740 5085 autem
784 5031 838 5084 in
866 5028 1109 5085 Indicam
1137 5039 1327 5084 terram
1356 5031 1468 5100 ipse
1517 5040 1564 5084 et
1607 5028 1852 5101 discipuli

365 5124 498 5193 ejus,
525 5133 570 5177 et
593 5122 700 5178 illic
726 5123 1085 5177 demorabatur
1106 5139 1223 5178 cum
1248 5123 1340 5188 eis,
1364 5134 1410 5178 et
1430 5122 1742 5193 baptizabat.

322 5215 370 5268 l.
407 5212 556 5268 Nihil
590 5215 798 5269 veritate
836 5215 1044 5280 clarius,
1089 5215 1220 5269 nihil
1264 5215 1532 5270 mendacio
1569 5216 1850 5284 inﬁrmius.

243 5305 349 5362 Cur
376 5305 610 5364 Christus
630 5323 732 5362 non
760 5308 1054 5378 baptizavit,
1086 5308 1176 5362 sed
1200 5307 1461 5379 discipuli.
1490 5336 1562 5349 —-
1587 5308 1729 5368 Nihil
1756 5325 1851 5365 vc-

243 5401 406 5458 ritate
430 5401 650 5465 clarius,
688 5400 825 5456 nihii
867 5401 1077 5465 fortius,
1126 5409 1183 5454 ut
1222 5401 1505 5458 mendacio
1536 5402 1665 5459 nihil
1696 5403 1852 5458 infir-

245 5493 409 5557 mius,
441 5493 650 5548 etiamsi
684 5493 982 5549 innumeris
1025 5508 1084 5548 se
1125 5502 1269 5564 tegat
1307 5494 1681 5566 operimentis.
1716 5495 1850 5552 Nam

246 5585 400 5640 facile
429 5585 872 5654 deprehenditur,
904 5593 959 5641 et
996 5583 1152 5642 facile
1176 5585 1390 5642 difﬂuit.
1422 5585 1642 5642 Veritas
1664 5597 1848 5643 contra

248 5678 391 5734 unda
425 5688 630 5748 prostat
672 5680 942 5744 omnibus,
988 5679 1078 5749 qui
1125 5681 1312 5734 volunt
1349 5685 1467 5748 ejus
1497 5680 1850 5751 pulchritudi-

249 5783 370 5828 nem
404 5773 628 5836 iutuet-i;
659 5789 766 5828 non
807 5775 922 5828 vult
968 5774 1156 5839 latere,
1210 5790 1314 5828 non
1345 5774 1642 5842 periculum
1673 5774 1850 5840 timet,

202 5918 211 5926 .
251 5873 356 5922 non
388 5866 628 5932 insidias,
657 5880 762 5924 nou
807 5866 1034 5940 gloriam
1078 5866 1438 5923 multitudinis
1477 5867 1667 5936 ambit,
1719 5865 1854 5925 nulli

1970 5029 2326 5086 humanarum
2363 5047 2544 5088 rerum
2582 5033 2864 5104 subiacet;
2893 5032 2989 5092 sed
3020 5035 3274 5094 omnibus
3309 5038 3580 5109 superior,

1964 5124 2160 5178 multas
2187 5125 2388 5195 excipit
2426 5126 2666 5194 insidias,
2700 5138 2882 5185 manet
2916 5138 3096 5186 autem
3126 5131 3345 5199 invicta,
3373 5149 3581 5204 eosque

1962 5217 2054 5287 qui
2081 5216 2146 5272 ad
2175 5232 2235 5273 se
2259 5219 2594 5289 confugiunt,
2639 5221 2789 5290 quasi
2828 5220 3101 5278 tutissimo
3147 5239 3304 5280 muro
3341 5225 3584 5280 nniuitos

1963 5316 2165 5376 servat,
2199 5309 2362 5380 idque
2391 5325 2456 5365 ex
2503 5313 2760 5381 potentia:
2806 5328 2919 5379 sua:
2946 5314 3355 5386 magnitudine;
3383 5327 3438 5373 et
3480 5333 3577 5372 oc-

1965 5403 2140 5458 cultos
2168 5403 2397 5459 iusultus
2424 5408 2639 5471 evertit,
2671 5421 2766 5462 sua
2789 5422 2918 5462 vero
2949 5409 3129 5478 palam
3158 5412 3411 5465 omnium
3451 5419 3578 5480 ιδηιι

1965 5496 2120 5567 ponit
2145 5513 2158 5550 :
2187 5496 2332 5565 quod
2354 5507 2409 5552 et
2437 5498 2684 5555 Christus
2704 5499 2880 5555 Pilato
2902 5499 2986 5556 his
3012 5502 3194 5558 verbis
3215 5503 3537 5573 signiﬁcavit
3561 5520 3577 5559 ι

1966 5591 2081 5662 Ego
2111 5590 2281 5658 palam
2313 5591 2549 5662 loquutus
2575 5609 2688 5646 sum
2713 5593 2926 5658 mundo,
2959 5603 3008 5648 et
3035 5595 3089 5648 in
3117 5595 3313 5649 occulto
3340 5596 3579 5663 loquutus

1965 5698 2079 5738 sitm
2108 5683 2239 5738 nihil
2270 5683 2450 5754 (Joan.
2490 5687 2578 5741 18.
2611 5683 2725 5757 20).
2758 5687 2912 5755 Quod
2953 5698 3079 5746 tunc
3107 5688 3240 5742 dixit
3262 5688 3438 5748 lusus,
3474 5687 3579 5744 hoc

1969 5792 2112 5832 nunc
2143 5776 2289 5832 fecit.
2337 5775 2462 5832 Post
2495 5780 2623 5846 Ita'c,
2659 5780 2852 5852 inquit,
2887 5784 3018 5836 venit
3047 5783 3098 5836 in
3125 5781 3366 5836 Iudicum
3389 5793 3578 5837 terram

1965 5869 2075 5940 ipse
2102 5879 2146 5925 et
2177 5871 2414 5943 discipuli
2443 5875 2573 5944 ejus,
2607 5883 2652 5927 ct
2682 5875 2788 5929 illic
2806 5875 3185 5947 demorabatur,
3207 5887 3252 5933 ct
3271 5875 3579 5939 baptisabztt.
