4048 6454
522 347 623 415 lli?

522 470 574 521 in
602 468 1027 524 salemnitatibds
1057 468 1107 521 in
1130 467 1412 523 civitatem
1452 466 1795 531 ascendebat,
1825 474 1882 519 ut
1906 465 1958 519 in
1989 478 2101 518 me-

520 560 609 613 dio
649 560 943 614 doctrinam
984 559 1088 613 illis
1134 570 1476 626 proponeret,
1523 568 1687 628 utque
1730 573 1793 611 ex
1835 556 2103 611 miraculis

525 652 800 704 utilitatem
851 658 1123 716 caperent.
1150 648 1402 703 'Peractis
1430 657 1604 702 autem
1630 647 1817 701 diebus
1855 646 2022 707 festis,
2050 644 2101 697 in

519 741 806 794 Jordanem
845 753 987 808 smpe
1026 740 1304 805 veniebat,
1346 741 1467 809 quia
1504 738 1594 793 illo
1634 738 1783 792 multi
1816 750 2105 795 concurre-

523 834 667 886 baut.
695 831 785 885 illa
811 832 953 885 enim
984 848 1103 903 qua:
1132 832 1299 902 magis
1322 830 1795 897 frequentabantur
1818 830 1933 885 loca
1964 843 2105 882 sem-

522 937 615 1015 per
644 920 889 989 petebat;
938 935 1043 975 non
1071 920 1441 975 ostentationis
1478 932 1635 973 causa
1664 920 1747 974 vel
1777 917 2101 981 ambitionis,

518 1009 614 1066 sed
647 1019 704 1064 ut
732 1009 969 1079 pluribus
1000 1010 1292 1079 prodesset.
1322 1010 1479 1079 Atqui
1510 1010 1610 1064 sub
1639 1009 1753 1063 haec
1787 1010 1913 1064 dicit
1942 1024 2106 1064 evan~

517 1104 727 1171 gelista,
762 1118 864 1155 non
889 1100 1068 1156 Jesum
1104 1102 1143 1165 ⁸,
1172 1101 1265 1156 sed
1291 1101 1581 1170 discipulos
1626 1101 1742 1170 ejus
1770 1100 2101 1170 baptizasse;

522 1194 662 1248 tunde
692 1194 862 1262 palam
896 1202 977 1245 est
1022 1192 1124 1247 hoc
1151 1191 1309 1247 etiam
1344 1192 1393 1245 in
1426 1192 1546 1247 loco
1579 1193 1647 1246 ita
1683 1191 1924 1261 intelligi,
1963 1192 2106 1259 ipsos

524 1300 714 1355 nempe
741 1286 883 1339 solos
910 1284 1280 1354 baptizavisse.
1315 1285 1378 1339 Et
1407 1300 1522 1351 cur,
1554 1285 1781 1354 inquies,
1808 1298 1910 1337 non
1938 1282 2107 1352 bapti-

522 1378 713 1433 labat?
737 1376 852 1432 Jam
879 1376 1024 1446 prius
1046 1374 1260 1432 dixerat
1288 1377 1519 1432 Joannes
1546 1398 1558 1429 :
1583 1373 1701 1446 Ipse
1730 1392 1813 1430 vos
1833 1374 2107 1445 baptizabit

521 1471 571 1524 in
600 1470 799 1541 Spiritu
829 1480 1001 1523 sancto
1023 1480 1067 1522 ct
1096 1470 1220 1540 igni.
1245 1469 1501 1539 Spiritum
1530 1484 1655 1523 vero
1679 1467 1911 1522 nondum
1942 1466 2105 1522 dede-

526 1572 624 1616 rat.
653 1562 781 1617 Jure
811 1577 938 1631 ergo
969 1577 1070 1615 non
1101 1561 1434 1630 baptizabat;
1480 1561 1573 1616 sed
1604 1560 1847 1628 discipuli
1880 1568 2103 1623 tantum,

524 1652 665 1722 quod
696 1652 896 1707 Vellent
919 1652 1175 1721 plurimos
1199 1650 1263 1705 ad
1294 1652 1581 1705 salutarem
1618 1651 1915 1705 doctrinam
1946 1660 2109 1704 attra-

526 1744 672 1796 here.
704 1740 771 1795 Et
792 1754 975 1810 quare,
999 1740 1273 1810 discipulis
1292 1740 1419 1795 Jesu
1441 1740 1850 1812 baptizantibus,
1873 1739 2108 1795 Joannes

526 1831 794 1901 baptizare
821 1846 926 1887 non
949 1832 1171 1896 destitit,
1195 1831 1367 1886 donec
1393 1833 1445 1887 in
1472 1848 1744 1889 carcerem
1768 1831 2107 1887 traderetur?

528 1920 658 1975 Nam
688 1936 808 1977 cum
837 1921 1051 1987 dicitur,
1096 1919 1221 1975 Erat
1258 1921 1483 1976 Ioannes
1527 1922 1786 1990 baptizari:
1818 1923 1873 1976 in
1898 1920 2108 1986 [Euam

524 2012 897 2083 adjiciturque,
934 2012 1035 2066 24³
1067 2012 1309 2066 Nondum
1348 2014 1531 2069 minus
1563 2017 1727 2083 fuerat
1755 2014 1806 2067 in
1836 2029 2106 2077 carcerem,

524 2102 786 2172 significat
836 2104 1015 2173 utique
1068 2103 1214 2156 illum
1261 2118 1367 2157 non
1414 2102 1670 2158 hactenus
1708 2101 1997 2158 destitisse.
2045 2100 2108 2155 Et

523 2210 617 2248 cur
641 2194 707 2249 ad
736 2194 861 2249 illud
895 2209 1059 2259 usque
1089 2202 1298 2262 tempus
1324 2193 1653 2264 baptizavit?
1681 2209 1800 2247 nam
1835 2193 2106 2263 digniores

524 2285 648 2341 Jcsu
676 2286 963 2356 discipulos
984 2285 1332 2353 declarasset,
1362 2285 1405 2339 si
1437 2285 1538 2340 illis
1571 2284 1963 2353 incipientibus,
1995 2286 2108 2353 ipse

526 2379 837 2433 destitisset.
877 2377 985 2433 Cur
1018 2394 1146 2450 ergo
1178 2376 1515 2449 baptizabat?
1557 2376 1634 2433 Ne
1671 2376 1958 2445 discipulus
1982 2389 2109 2429 suos

527 2471 578 2523 in
608 2470 861 2539 majorem
883 2468 1130 2524 invidiam
1151 2480 1204 2525 et
1223 2468 1622 2524 contentionem
1646 2467 1951 2536 conjiceret.
1977 2466 2109 2520 Nam

525 2561 569 2615 si
616 2576 757 2629 sape
801 2559 1099 2627 clamando,
1154 2561 1458 2631 primasque
1485 2558 1699 2614 Christo
1741 2557 2106 2623 concedendo,

524 2667 748 2721 seseque
778 2651 1035 2706 minorem
1080 2650 1419 2720 pnrdicando
1463 2665 1567 2704 non
1621 2648 1881 2719 persuasit
1925 2648 2110 2702 illisut

528 2742 593 2796 ad
623 2758 743 2795 eum
773 2741 1134 2797 accederent:
1169 2742 1214 2795 si
1258 2742 1358 2795 hoc
1405 2742 1568 2796 etiam
1610 2739 1911 2809 adiecisset,
1955 2739 2112 2810 longe

524 2832 965 2887 contentiosiores
1012 2832 1133 2886 iilos
1172 2831 1514 2887 reddidisset.
1548 2831 1671 2886 Ideo
1698 2830 1945 2886 Christus
1984 2841 2109 2885 tunc

524 2922 753 2975 maxime
778 2920 1067 2990 praadicare
1090 2922 1274 2990 cmpit,
1301 2936 1422 2976 cum
1462 2921 1528 2976 de
1557 2921 1733 2976 medio
1759 2922 1998 2977 sublatus
2028 2930 2111 2977 est

523 3011 775 3071 Joannes.
806 3012 940 3068 Puto
961 3020 1140 3067 autem
1168 3013 1288 3068 ideo
1317 3013 1474 3068 citius
1494 3012 1751 3068 Joannem
1782 3022 1955 3069 morte
1980 3014 2110 3069 sub-

527 3105 688 3158 latum
732 3104 910 3170 fuisse,
958 3113 1015 3158 ut
1044 3106 1205 3159 totius
1253 3104 1606 3159 multitudinis
1647 3104 1809 3159 animi
1855 3105 1923 3159 ad
1957 3103 2112 3161 Chri-

525 3203 665 3249 stum
706 3202 1194 3261 converterentur,
1247 3210 1420 3266 neque
1464 3195 1691 3266 amplius
1736 3196 1877 3250 circa
1924 3196 2110 3251 ambos

527 3287 914 3342 scindereutur.
950 3288 1212 3345 Praeterea
1242 3287 1370 3343 dum
1399 3288 1700 3359 baptizabat
1723 3288 1979 3353 Joannes,
2006 3303 2109 3343 non

527 3379 683 3430 linem
712 3377 935 3432 faciebat
959 3377 1211 3433 monendi
1243 3387 1297 3434 et
1340 3394 1530 3451 magna
1555 3380 1623 3434 de
1651 3379 1777 3435 Jesu
1813 3380 2108 3449 prtedican-

524 3467 575 3519 di
629 3467 936 3535 Baptizabat
964 3483 1093 3523 vero
1120 3479 1321 3524 tantum
1358 3470 1408 3524 in
1435 3462 1557 3524 eum
1588 3472 1676 3541 qui
1718 3480 1838 3541 post
1879 3486 1938 3527 sc
1982 3488 2110 3528 ren-

528 3566 676 3611 turus
699 3567 838 3624 erat,
868 3568 924 3612 ut
949 3560 1000 3612 in
1030 3574 1149 3615 eum
1193 3560 1492 3615 crederent.
1520 3562 1619 3628 Qui
1650 3562 1809 3631 igitur
1837 3561 1937 3617 hoc
1965 3578 2107 3633 pra)-

526 3648 753 3715 dicahat,
798 3649 1065 3719 quotmdo
1102 3650 1483 3721 discipulorum
1518 3651 1711 3708 Christi
1745 3655 2106 3724 przestanziam

526 3739 964 3806 demonstrasset,
1011 3742 1055 3797 si
1095 3758 1123 3797 a
1170 3744 1487 3815 baptismate
1522 3745 1853 3800 destitisset?
1903 3746 2032 3800 Nam
2080 3762 2110 3802 ο

525 3832 790 3885 contrario
818 3832 991 3887 visum
1018 3826 1223 3900 fuisset,
1254 3834 1426 3903 ipsum
1455 3851 1518 3892 ex
1547 3836 1740 3891 invidia
1765 3837 1845 3891 vel
1892 3838 1966 3891 ira
1995 3853 2111 3893 ces-

524 3938 645 3977 sare
678 3940 692 3977 :
738 3924 1071 3991 persistendo
1110 3936 1311 3993 autem,
1356 3927 1471 3982 bmc
1504 3927 1743 3995 firmiora
1783 3929 2105 3986 declarabat.

526 4013 638 4067 Non
670 4016 811 4069 enim
837 4016 937 4070 sibi
968 4018 1190 4083 gloriam
1225 4020 1590 4089 comparabat,
1619 4021 1711 4076 sed
1744 4022 2014 4077 auditores
2041 4023 2105 4078 ad

524 4105 791 4161 Christum
820 4110 1080 4175 mittebat,
1109 4126 1207 4165 nec
1238 4114 1411 4166 minus
1436 4128 1597 4182 quam
1625 4112 1870 4184 discipuli
1899 4115 1964 4169 ad
1986 4130 2103 4170 eam

528 4213 636 4253 rem
667 4200 983 4267 praesumat;
1018 4202 1125 4256 imo
1155 4203 1270 4271 plus
1299 4218 1457 4273 quam
1492 4203 1586 4258 illi.
1621 4204 1753 4259 Nam
1781 4215 1982 4275 quanto
2012 4207 2111 4260 mi-

528 4305 624 4342 nus
645 4301 951 4360 suspectum
987 4304 1103 4348 erat
1142 4286 1260 4363 ejus
1298 4296 1684 4359 testimonium,
1718 4305 1866 4351 tutuo
1908 4298 2109 4367 majore

524 4396 681 4447 quam
714 4382 811 4449 ipsi
842 4382 980 4435 fama
1010 4383 1219 4437 valebat
1246 4383 1383 4452 apud
1410 4399 1619 4439 omnes.
1645 4385 1757 4441 Hoc
1786 4389 2107 4458 evangelista

524 4468 866 4524 subiudicans
896 4471 1107 4526 dicebat
1140 4490 1152 4525 :
1186 4472 1408 4527 Exibunt
1450 4486 1495 4528 et
1538 4476 1921 4545 baptizabantur
1963 4479 2024 4531 ab
2052 4496 2109 4534 eo

524 4562 684 4614 omnis
722 4560 909 4616 Iudaea
942 4570 988 4616 et
1023 4563 1161 4634 regio
1201 4564 1336 4618 circa
1382 4564 1661 4620 Iordanem
1690 4567 1899 4637 (Matth.
1942 4571 1995 4623 '5.
2025 4570 2104 4639 5).

528 4652 802 4721 Iliscipnlis
830 4653 1241 4723 baptizantibus,
1290 4673 1394 4712 non
1425 4660 1705 4715 cessabant
1743 4662 1891 4716 multi
1919 4663 1981 4716 ad
2010 4662 2106 4717 Jo-

526 4756 716 4795 anncm
747 4758 1045 4801 accurerre.
1066 4745 1217 4812 Quod
1240 4748 1284 4801 si
1302 4749 1420 4817 quis
1447 4760 1811 4819 percontetur,
1842 4753 1965 4822 quid
1988 4756 2108 4823 plus

529 4832 771 4888 habuerit
800 4835 1206 4905 discipulorum,
1238 4856 1396 4909 quam
1441 4841 1665 4897 Joannis
1696 4844 1955 4913 baptisma
1977 4848 2000 4899 ‘t
2021 4846 2104 4900 di-

524 4938 726 4990 cemus,
757 4925 907 4980 nihil.
935 4927 1063 4983 Nam
1095 4942 1379 5002 utrumque
1406 4932 1665 5002 baptisma
1683 4934 1913 5004 Spiritus
1934 4940 2103 5007 gratia

530 5029 751 5069 vacuum
780 5027 913 5083 erat,
944 5029 995 5073 et
1023 5037 1124 5074 una
1154 5023 1427 5093 utriusque
1457 5026 1754 5095 baptizandi
1783 5044 1940 5083 causa
1968 5041 2103 5097 erat,

525 5116 583 5160 ιιι
608 5108 896 5177 baptizatos
922 5111 987 5165 ad
1016 5110 1285 5167 Christum
1317 5118 1701 5183 pertraherent.
1731 5120 1807 5175 Ne
1836 5122 1978 5176 enim
2003 5124 2107 5177 cir-

525 5211 927 5258 eumcursantes
956 5206 1269 5276 colligerent
1298 5223 1392 5263 eos
1435 5210 1523 5278 qui
1552 5212 1801 5266 credituri
1833 5224 2005 5281 erant,
2048 5227 2106 5272 ut

528 5292 796 5347 Simonem
827 5295 1007 5363 frater,
1034 5299 1414 5357 Nathanaelem
1444 5302 1718 5373 Philippus
1747 5306 2100 5378 adduxerunt,

528 5383 795 5451 baptizare
842 5389 1256 5455 constituerunt,
1319 5403 1373 5446 ut
1428 5408 1522 5463 per
1560 5394 1876 5464 baptismum
1918 5414 2103 5457 omnes

589 5537 694 5614 thin
720 5535 890 5614 libello
910 5544 1231 5614 Qumstionum
1259 5551 1577 5614 ln‘Joannem,
1606 5552 1761 5614 iuqmt
1803 5555 2016 5609 Saviltus.
2041 5560 2100 5607 ita

524 5597 804 5676 lﬁti'itlufhhie
829 5597 963 5676 lpcus
988 5603 1209 5676 pluribus
1230 5610 1395 5676 verbis
1420 5624 1429 5657 :
1453 5597 1686 5676 donante—is.
1696 5597 2101 5676 inﬁnita/ii;

524 5657 929 5735 dicatideghrt'sto
955 5700 970 5723 ,
990 5657 1123 5735 quod
1140 5657 1403 5735 baptimret
1425 5706 1436 5729 ,
1462 5657 2101 5735 tibé’aiéiifhfdiii’éii'iiziiii.

517 5730 608 5795 IN?!“
640 5734 701 5795 ipse
732 5721 990 5795 baptizare
1009 5721 1327 5795 "signi/iiuna.
1355 5721 1439 5781 sed
1462 5721 2097 5795 ntagisti’o'tribncnsdis-ri:

519 5798 549 5841 ῃ
576 5779 614 5825 τί.
625 5794 741 5830 vrum
762 5779 949 5837 manus.
976 5779 1167 5840 Etcn'im'
1179 5791 1264 5841 sub
1279 5779 1392 5843 nix-£5
1406 5779 1518 5843 duit
1531 5779 1642 5846 7:63
1658 5779 1859 5859 3.23mi)”
1869 5779 1973 5851 δεῖ

1329 352 1387 409 s.
1415 338 1688 409 tonsis
1724 336 2199 407 CIIRYSOSTOMI
2240 344 2555 403 anctuer.
2598 340 3127 402 consumma».

3720 334 3829 397 {63'

2218 461 2332 516 sine
2348 461 2529 515 labore
2550 462 2938 529 pertraherent,
2960 469 3013 515 et
3031 462 3215 513 futura:
3232 458 3353 513 lidei
3376 458 3516 513 viam
3536 468 3812 528 pararent.

2210 552 2361 619 Quod
2391 562 2567 605 autem
2598 552 2713 606 haec
2739 552 3054 621 bapti~mata
3086 550 3313 605 alterum
3340 552 3510 605 altero
3534 549 3670 604 nihil
3698 550 3818 619 plus

2215 643 2470 696 baberent
2496 643 2770 712 sequentia
2806 643 3061 697 indicant.
3089 642 3345 710 Quaenam
3368 641 3498 694 illa?
3524 640 3617 694 25.
3650 640 3815 693 Facta

2211 746 2304 799 est,
2341 734 2526 804 inquit,
2568 734 2780 798 quamio
2826 751 2888 787 ea:
2926 734 3191 802 discipuli:
3217 731 3435 787 Ioannis
3472 749 3593 786 cum
3618 730 3817 785 Iudam

2213 826 2277 879 de
2321 826 2693 895 puriﬁcatione.
2738 824 3045 880 luvidebant
3086 826 3280 895 quippe
3318 832 3533 893 semper
3560 822 3815 892 discipuli

2213 916 2433 973 Joannis
2471 916 2667 973 Christi
2702 918 2995 989 discipulis.
3026 919 3133 972 imo
3165 919 3260 987 ipsi
3288 917 3543 981 Christo;
3594 926 3653 970 et
3691 932 3816 969 cum

2217 1008 2457 1062 vidi-rent
2506 1010 2624 1063 illos
2657 1010 2945 1075 baptizare,
2980 1024 3074 1064 eos
3105 1009 3193 1077 qui
3238 1008 3646 1077 baptizabantur
3675 1006 3815 1060 allo—

2214 1098 2302 1167 qui
2335 1109 2632 1167 cmperuat,
2660 1099 2808 1168 quasi
2840 1098 3103 1167 baptisma
3148 1115 3301 1152 suum
3327 1097 3453 1167 quid
3481 1097 3604 1168 plus
3643 1098 3813 1150 liabe-

2216 1200 2318 1255 ret,
2352 1208 2509 1260 quam
2558 1193 2816 1262 baptisma
2865 1191 3249 1261 discipulorum
3284 1192 3481 1246 Christi
3510 1210 3525 1246 :
3556 1200 3720 1261 atque
3748 1204 3817 1244 ex

2217 1278 2494 1349 baptizatis
2546 1282 2778 1351 aliquem
2817 1281 3012 1347 adorti,
3050 1282 3097 1337 id
3149 1284 3223 1337 illi
3267 1283 3591 1351 persuadere
3634 1284 3816 1335 conati

2214 1381 2358 1438 sunt,
2389 1387 2487 1426 nec
2509 1380 2813 1441 potuerunt.
2843 1372 2995 1439 Quod
3034 1382 3211 1428 autem
3252 1374 3347 1438 illi,
3377 1388 3481 1425 non
3511 1381 3691 1427 autem
3716 1372 3813 1426 Ju-

2214 1459 2363 1516 dznus
2410 1463 2518 1528 illc,
2561 1464 2914 1531 quarstionem
2961 1472 3259 1529 moverint,
3302 1463 3423 1518 audi
3453 1463 3733 1534 quomodo
3767 1463 3821 1517 id

2215 1556 2536 1625 evangelista
2564 1556 2883 1613 subindicet.
2916 1557 3031 1612 Non
3065 1558 3208 1613 enim
3238 1558 3392 1621 dixit,
3420 1556 3670 1611 Judaeum
3712 1556 3816 1610 ali-

2215 1663 2373 1716 quem
2402 1648 2469 1701 ah
2500 1648 2605 1704 illis
2650 1649 2981 1718 qtrazsivisse,
3013 1649 3108 1704 sed
3158 1665 3224 1704 ex
3263 1649 3487 1705 Joannis
3532 1648 3820 1717 discipulis

2216 1738 2562 1807 qumstionem
2587 1748 2784 1794 motam
2814 1740 2979 1795 fuisse
3006 1755 3127 1795 cum
3158 1740 3342 1796 Judaro
3361 1740 3593 1810 quodam
3623 1740 3693 1795 de
3717 1756 3819 1809 pn-

2218 1828 2531 1883 riiicatioue.

2287 1918 2341 1972 2.
2383 1918 2703 1976 Consideres
2736 1930 2914 1977 autem
2947 1922 3106 1977 velim
3140 1922 3483 1992 cvangelistae
3512 1922 3813 1976 lenitatem.

2219 2009 2331 2064 Non
2359 2012 2501 2065 cnim
2545 2012 2595 2065 in
2626 2012 2911 2089 adversum
2956 2013 3225 2067 invehitur
3247 2055 3260 2079 ,
3294 2013 3388 2067 sed
3435 2028 3531 2082 pro
3563 2014 3820 2067 facultate

2215 2105 2424 2173 culpam
2467 2106 2691 2172 minuit,
2738 2107 3200 2177 qumstionemqne
3240 2107 3405 2162 fuisse
3443 2107 3820 2161 unitummodo

2214 2195 2363 2251 dicit.
2394 2196 2530 2251 Nam
2554 2199 2692 2267 quod
2720 2215 2782 2254 ex
2814 2199 3013 2254 invidia
3045 2200 3118 2255 illi
3149 2201 3351 2271 loquuti
3377 2201 3506 2267 sint,
3532 2202 3819 2271 sequentia

2218 2288 2470 2354 indicant,
2496 2306 2613 2359 qua:
2638 2292 2797 2345 etiam
2826 2292 2917 2348 ille
2942 2292 3217 2347 moderate
3244 2295 3473 2348 narravit
3501 2312 3515 2358 ;
3548 2312 3674 2349 nam
3703 2297 3777 2349 ait
3802 2314 3815 2351 :

2214 2379 2304 2433 26.
2342 2378 2594 2435 Venerunt
2612 2382 2681 2434 ad
2700 2382 2951 2437 Joannem
2972 2393 3019 2437 et
3040 2385 3270 2437 dixtrunt
3291 2386 3338 2439 ei
3356 2401 3373 2439 :
3397 2384 3579 2449 Rabbi,
3601 2390 3693 2456 qui
3714 2397 3825 2441 erat

2218 2480 2378 2523 tecum
2406 2480 2546 2524 trans
2570 2470 2851 2525 Iordanem
2871 2513 2886 2539 ,
2916 2474 2998 2526 cui
3024 2483 3077 2527 tu
3107 2476 3444 2528 testimonium
3473 2477 3777 2545 pet'ltibuisti
3801 2518 3815 2541 ,

2219 2579 2329 2616 ecce
2371 2564 2452 2616 hic
2486 2563 2740 2633 bnptisat,
2776 2574 2820 2617 et
2866 2581 3040 2620 anmes
3078 2568 3279 2619 veniunt
3319 2568 3388 2620 ad
3427 2584 3580 2629 eum;
3615 2570 3665 2623 id
3697 2579 3781 2624 est
3802 2611 3816 2633 ,

2217 2654 2385 2723 Quem
2431 2665 2486 2709 tu
2531 2657 2839 2724 baptizasti;
2874 2673 2994 2712 nam
3036 2658 3163 2711 illud
3190 2699 3204 2723 ,
3249 2658 3342 2712 Cui
3381 2667 3433 2711 tu
3472 2661 3818 2714 testimonimn

2218 2745 2532 2813 perhibuisti,
2564 2746 2665 2801 hoc
2695 2747 2929 2815 indicat,
2964 2763 3026 2803 ac
3054 2750 3097 2802 si
3123 2749 3384 2815 dicerent,
3412 2751 3582 2818 Quem
3611 2752 3821 2807 ciarum

2216 2848 2268 2893 et
2288 2839 2633 2909 conspicuum
2654 2840 2901 2908 effecisti,
2927 2843 3040 2899 lucc
3062 2860 3180 2913 qua:
3208 2854 3262 2898 tu
3290 2844 3419 2898 facis
3439 2846 3605 2902 audet
3628 2862 3821 2919 aggre-

2215 2930 2290 2984 di.
2334 2929 2450 2985 Non
2493 2930 2776 2999 dixerunt,
2808 2932 2978 3001 Quem
3022 2944 3074 2988 tu
3121 2935 3400 3005 baptizasti
3434 2954 3447 2990 :
3476 2953 3603 2992 nam
3644 2941 3819 2993 coacti

2218 3021 2440 3077 fuissent
2456 3037 2640 3078 vocem
2666 3024 2807 3078 illam
2830 3040 3115 3094 supernam
3135 3042 3582 3096 commemorare,
3604 3047 3821 3085 necnon

2216 3112 2446 3184 Spiritus
2472 3116 2642 3170 sancti
2670 3116 2987 3172 descensum
3014 3135 3027 3172 :
3051 3118 3144 3173 sed
3172 3118 3300 3188 quid
3329 3120 3551 3175 dicunt?
3582 3121 3685 3187 Qui
3711 3135 3821 3177 erat

2217 3213 2377 3257 tecum
2403 3215 2544 3259 trans
2572 3205 2883 3275 Iordanem,
2912 3208 2993 3261 cui
3020 3218 3073 3262 tu
3106 3210 3445 3264 testimonium
3473 3213 3779 3281 perltibuisti
3802 3230 3819 3267 :

2217 3294 2267 3348 id
2299 3305 2400 3361 est,
2429 3296 2529 3363 Qui
2554 3297 2605 3352 in
2632 3297 3013 3370 discipulorum
3040 3300 3229 3356 ordine
3253 3311 3388 3367 erat,
3412 3304 3501 3373 qui
3528 3304 3664 3357 nihil
3699 3306 3819 3374 plus

2218 3386 2445 3442 habebat
2471 3405 2630 3459 quam
2664 3405 2795 3456 nos,
2834 3392 2877 3445 is
2907 3407 2967 3447 se
2996 3391 3091 3447 abs
3123 3402 3173 3448 te
3200 3408 3486 3465 segregans
3506 3435 3521 3460 ,
3558 3395 3816 3466 baptizat.

2216 3479 2332 3535 Non
2362 3480 2464 3537 hoc
2492 3494 2668 3537 autem
2698 3484 2868 3538 solum
2899 3483 3060 3539 modo
3088 3486 3341 3553 putabant
3368 3501 3427 3541 se
3457 3486 3607 3541 illum
3635 3490 3822 3543 eonci‘

2219 3582 2332 3627 tare
2355 3588 2529 3643 posse,
2551 3574 2644 3629 sed
2667 3575 2807 3645 quod
2827 3574 2987 3629 etiam
3007 3589 3100 3629 sua
3114 3576 3223 3645 jam
3248 3576 3424 3630 minus
3442 3576 3586 3631 clara
3606 3587 3663 3633 et
3682 3594 3811 3633 eon-

2219 3664 2402 3732 Spicua
2433 3666 2608 3720 forent
2637 3683 2649 3719 :
2684 3666 2870 3720 Omnes
2896 3668 3028 3721 enim
3052 3669 3252 3721 veniunt
3283 3668 3351 3720 ad
3379 3685 3511 3733 eum,
3544 3670 3817 3740 inquiunt.

2223 3753 2373 3809 Unde
2401 3756 2570 3824 palam
2604 3767 2681 3811 est
2714 3771 2807 3811 cos
2839 3773 2937 3812 nec
2965 3757 3228 3823 Judazum,
3262 3759 3475 3829 quicum
3506 3761 3822 3831 disputare.

2220 3858 2339 3902 rant
2362 3889 2376 3910 ,
2410 3848 2474 3902 ad
2506 3863 2655 3903 suam
2685 3851 3004 3904 sententiam
3041 3850 3349 3906 adduxisse.
3382 3853 3505 3908 lltec
3537 3869 3705 3924 porro
3729 3857 3819 3911 di-

2216 3940 2442 4007 cebant,
2470 3941 2610 4010 quod
2636 3941 2811 3997 adhuc
2839 3943 3283 4011 imperfectiores,
3315 3961 3413 4001 nec
3444 3962 3667 4016 prorsus
3698 3966 3821 4006 am-

2217 4031 2417 4087 bitione
2461 4035 2609 4087 vacui
2653 4042 2851 4088 essent.
2899 4034 3036 4102 Quid
3076 4051 3204 4106 ergo
3234 4036 3505 4094 Joannes?
3546 4039 3659 4095 Nec
3701 4044 3821 4113 ipse

2219 4126 2339 4180 illos
2366 4127 2713 4182 vehementer
2743 4128 2935 4198 arguit,
2966 4145 3032 4182 ne
3057 4144 3117 4184 se
3149 4130 3337 4185 relicto
3364 4131 3508 4185 aliud
3536 4134 3818 4203 quidpiam

2218 4217 2343 4271 mali
2374 4219 2821 4287 aggrederentur;
2856 4218 2948 4273 sed
2977 4219 3103 4289 quid
3134 4219 3304 4275 dicit?
3332 4220 3421 4277 27.
3461 4222 3624 4277 Nemo
3655 4236 3822 4294 potest

2218 4312 2445 4379 accipere
2480 4312 2776 4381 quidquam,
2809 4312 2907 4365 nisi
2936 4312 3088 4378 fuerit
3115 4314 3161 4367 ei
3187 4316 3359 4367 datum
3388 4316 3449 4369 de
3478 4318 3627 4371 uelo.
3659 4320 3817 4385 Quod

2218 4404 2260 4455 si
2294 4402 2543 4456 lunnilins
2570 4403 2817 4472 loquatur
2840 4404 2907 4458 de
2933 4402 3178 4471 Christo,
3208 4421 3276 4460 ne
3302 4408 3545 4474 mireris;
3578 4426 3685 4464 non
3719 4428 3819 4479 po-

2220 4503 2357 4548 terat
2401 4495 2489 4548 tali
2518 4493 2709 4549 affectu
2742 4505 3145 4566 praeoccupatos
3175 4498 3354 4552 statim
3385 4500 3562 4553 omnia
3594 4500 3817 4559 docere.

2215 4585 2317 4639 Sed
2355 4586 2467 4638 vult
2501 4586 2712 4639 interim
2756 4587 2878 4641 illos
2919 4594 3125 4642 terrere
3148 4628 3166 4655 ,
3208 4589 3445 4659 ipsisque
3483 4594 3777 4650 ostendere
3802 4640 3817 4661 ,

2218 4674 2362 4743 ipsos
2395 4690 2498 4728 non
2544 4676 2633 4729 alii
2674 4691 2830 4744 quam
2876 4676 2987 4731 Deo
3032 4678 3129 4747 ipsi
3165 4678 3457 4745 adversari,
3498 4682 3624 4737 dum
3668 4686 3817 4740 illum

2217 4765 2619 4834 impugnarent;
2666 4768 2805 4837 quod
2856 4769 3029 4839 ipsum
3073 4770 3285 4826 dieebat
3332 4771 3591 4829 Gamaliel
3637 4794 3651 4829 :
3695 4777 3818 4831 Non

2217 4858 2442 4926 poteritis
2482 4859 2753 4913 dissolvere
2793 4861 2924 4914 illud
2948 4903 2962 4929 ,
2994 4864 3261 4932 nequando
3299 4875 3347 4918 et
3384 4864 3491 4919 Deo
3527 4884 3819 4939 repugnare

2217 4950 2539 5018 reperiamini
2564 4952 2577 4981 ¹
2608 4952 2747 5018 (Act.
2779 4953 2830 5006 5.
2862 4953 2976 5022 59).
3012 4954 3120 5009 llnc
3144 4964 3198 5009 et
3224 4956 3337 5025 ipse
3364 4959 3697 5015 subobscure
3722 4962 3817 5015 ad-

2215 5042 2389 5094 struit.
2431 5041 2564 5096 Cum
2607 5044 2748 5097 enim
2789 5044 2955 5109 dicit,
3000 5044 3166 5099 Nemo
3205 5058 3366 5116 potest
3404 5049 3673 5118 accipere,
3718 5054 3819 5105 nisi

2214 5134 2362 5202 fuerit
2401 5136 2445 5187 ei
2492 5136 2667 5189 datum
2707 5136 2770 5190 de
2797 5138 2957 5201 ca'lo;
2988 5138 3118 5191 nihil
3141 5140 3282 5193 aliud
3315 5141 3579 5213 signiﬁcat
3604 5185 3621 5209 ,
3650 5160 3815 5214 quam

2216 5224 2359 5292 ipsos
2398 5226 2744 5295 impossibilia
2776 5229 2990 5298 aggredi
3018 5272 3032 5293 ,
3068 5231 3298 5300 hincque
3331 5231 3441 5287 Deo
3468 5232 3814 5290 adversarios

2214 5315 2563 5385 deprehendi.
2586 5319 2720 5385 Quid
2749 5321 2907 5389 igitur
2924 5322 2946 5360 ν
2978 5322 3227 5378 Theudas
3253 5340 3431 5379 nonne
3457 5340 3485 5379 a
3514 5327 3695 5397 seipso
3719 5344 3811 5383 ae-

2213 5409 2465 5476 ceperat?
2510 5410 2803 5477 Acceperat
2846 5412 3097 5480 quidem,
3144 5415 3237 5468 scd
3288 5416 3465 5469 statim
3512 5426 3811 5485 prostratus

2215 5500 2369 5566 periit
2400 5517 2411 5549 :
2441 5516 2525 5553 res
2572 5511 2747 5554 autem
2793 5504 2989 5556 Christi
3032 5520 3137 5557 non
3184 5507 3281 5559 sic.
3335 5508 3467 5559 liiuc
3515 5522 3609 5561 eos
3647 5510 3809 5563 etiam

2212 5590 2412 5643 sensim
2467 5592 2807 5658 consolatur,
2858 5596 3149 5649 ostendens
3194 5613 3298 5649 non
3350 5598 3663 5663 hominem,
3714 5599 3808 5653 sed

2215 5684 2376 5737 Deum
2418 5699 2538 5737 esse
2567 5686 2653 5754 qui
2688 5686 2829 5755 ipsos
2859 5687 3023 5757 gloria
3065 5700 3362 5759 superaret.
3397 5692 3735 5760 Quapropter
3763 5692 3805 5745 si

2280 5811 2291 5837 ³
2320 5808 2489 5859 Morel
2524 5808 2665 5871 legit.
2694 5828 3007 5877 rrprmmmr,
3038 5832 3141 5880 pro,
3159 5819 3483 5881 i'cptruunim'.
