4048 6456
197 433 317 492 Ἠέῢ

216 540 518 615 splendida:
558 550 644 592 res
684 532 801 602 ejus
827 535 1047 593 essent,
1081 527 1125 581 si
1166 537 1355 578 omnes
1397 519 1543 574 illum
1574 515 1823 576 adirent,

214 605 324 690 non
357 628 660 686 mirandum
692 638 848 686 esse;
883 616 1188 689 hujusmodi
1218 614 1361 669 enim
1393 620 1519 666 sunt
1556 622 1643 663 res
1690 605 1829 659 divi-

213 738 335 788 me;
374 733 426 777 et
461 721 626 774 Deum
667 731 786 770 esse
824 714 914 784 qui
957 711 1106 765 istam
1147 712 1473 776 appararet:
1511 700 1644 753 alias
1682 695 1826 751 enim

213 833 324 872 non
361 821 569 870 tantum
614 806 962 864 invaluissent
984 805 1026 854 ί.
1062 801 1304 855 Humana
1328 796 1526 866 quippe
1557 790 1711 846 facile
1737 788 1831 843 de-

216 906 656 978 prehenduntur,
679 911 732 955 ct
756 897 894 951 fluxa
920 903 1067 958 sunt,
1092 893 1199 947 cito
1222 888 1470 944 difﬂuunt
1490 895 1543 939 et
1570 889 1827 952 pereunt;

217 973 336 1055 haec
377 1012 542 1069 porro
581 1011 684 1048 non
725 993 886 1054 item;
929 1002 1103 1056 neque
1132 985 1291 1054 igitur
1322 981 1554 1034 Immana
1586 982 1732 1029 sunt.
1767 973 1832 1026 Et

216 1065 592 1144 animadverte
619 1080 889 1152 quomodo
921 1093 1041 1132 cum
1074 1076 1347 1136 dicerent,
1379 1070 1474 1126 Cui
1513 1079 1569 1121 tu
1608 1065 1836 1119 testimo-

219 1181 365 1235 nium
390 1175 688 1250 perltibuisti
714 1215 726 1235 ,
758 1179 1113 1242 putarentque
1144 1165 1272 1247 illud
1297 1164 1364 1218 ad
1397 1161 1668 1217 Lhristum
1700 1157 1835 1225 dejio

222 1242 472 1328 ciendum
495 1267 820 1330 conducere,
840 1263 941 1317 hoc
962 1262 1138 1330 ipsum
1151 1242 1212 1312 in
1238 1257 1357 1311 illos
1374 1261 1675 1310 convertat.
1700 1249 1832 1304 Nam

223 1365 373 1435 prius
401 1377 522 1418 cum
555 1357 916 1420 ostendisset,
950 1370 1057 1409 non
1088 1367 1154 1408 ex
1194 1349 1506 1405 testimonio
1545 1360 1642 1399 suo
1671 1342 1833 1397 Chri-

225 1432 370 1511 stum
397 1453 603 1508 clarum
631 1449 869 1504 evasisse
893 1487 907 1510 ,
944 1445 1067 1498 hinc
1097 1451 1278 1512 postea
1311 1441 1453 1509 ipsos
1485 1435 1727 1505 reprimit
1755 1432 1838 1485 di-

226 1561 362 1602 cens
386 1563 398 1598 :
425 1543 546 1598 Non
568 1549 724 1612 potest
754 1539 902 1591 homo
927 1555 956 1589 ιι
982 1537 1146 1604 seipse
1170 1535 1398 1603 accipere
1418 1529 1717 1600 quidquam,
1743 1525 1840 1578 nisi

201 1640 327 1707 ipsi
366 1638 541 1691 datum
584 1633 736 1703 fuerit
779 1631 842 1683 de
884 1629 1028 1684 catlo.
1079 1626 1216 1692 Quid
1259 1626 1360 1678 hoc
1403 1623 1522 1676 est?
1564 1620 1618 1675 Si
1662 1633 1838 1672 meum

231 1742 452 1800 prorsus
488 1724 850 1780 testimonium
881 1719 1121 1788 accipitis
1141 1761 1154 1781 ,
1187 1726 1242 1770 et
1271 1732 1456 1770 verum
1488 1714 1720 1784 putatis,
1757 1709 1842 1763 vel

231 1839 300 1877 ex
345 1837 411 1874 eo
450 1820 674 1881 discite,
704 1833 808 1869 non
854 1829 978 1877 me,
1017 1812 1110 1867 sed
1151 1811 1296 1865 illum
1335 1807 1594 1876 potiorem
1646 1804 1846 1856 haben—

231 1914 359 1968 dum
387 1926 526 1967 esse.
557 1908 694 1979 Quid
726 1907 867 1962 enim
903 1905 1222 1959 testiﬁcatus
1249 1899 1407 1953 sum?
1438 1897 1546 1952 Vos
1572 1910 1739 1950 evoco
1771 1894 1844 1948 rei

235 2016 422 2061 testes.
457 2004 580 2058 Ideo
609 2002 755 2055 addit
782 2017 794 2052 :
825 1998 916 2054 28.
954 1996 1062 2067 Ipsi
1091 2010 1177 2048 vos
1207 1992 1329 2045 nti/ti
1359 1988 1703 2044 testimonium
1733 2003 1849 2054 per-

232 2098 436 2160 hibetis,
461 2095 595 2166 quod
619 2091 857 2152 dixerint,
889 2087 1008 2142 Non
1031 2103 1143 2142 sum
1166 2100 1256 2155 ego
1280 2083 1530 2142 Christus,
1556 2080 1642 2133 sed
1667 2078 1849 2132 missus

234 2206 346 2243 sum
371 2197 488 2241 ante
509 2185 677 2239 illum.
703 2183 758 2238 Si
781 2195 912 2251 ergo
934 2194 1054 2234 meo
1079 2177 1348 2232 hatrentes
1375 2173 1704 2235 testiumuio,
1734 2169 1850 2224 haec

233 2283 366 2340 mihi
407 2279 638 2351 objicitis
674 2278 916 2332 dicentes
940 2315 953 2339 ,
987 2271 1080 2327 Cui
1123 2269 1464 2325 testimonium
1505 2263 1808 2336 perhibuisti
1834 2278 1851 2316 :

235 2391 342 2432 non
374 2373 533 2429 modo
561 2387 662 2425 non
695 2370 782 2424 ille
810 2367 1124 2422 imminutus
1147 2363 1245 2418 fuit
1269 2378 1334 2417 ex
1363 2358 1672 2415 testimonio
1701 2371 1844 2423 meo,

236 2466 333 2523 sed
376 2481 440 2520 ex
489 2465 579 2519 illo
621 2463 908 2534 plurimum
951 2467 1174 2528 augetur
1212 2455 1491 2524 :alioquin
1532 2462 1709 2505 autem
1745 2467 1850 2504 non

239 2573 444 2624 meum,
474 2555 568 2610 sed
605 2555 695 2609 Dei
725 2563 840 2608 erat
869 2550 1255 2607 testinmuium.
1286 2545 1650 2614 Quamobrem
1678 2544 1721 2596 si
1753 2541 1857 2597 ﬁde

249 2651 445 2720 dignus
474 2647 624 2702 vobis
654 2647 836 2702 videar
866 2659 986 2700 0558
1012 2686 1027 2709 ,
1063 2646 1163 2696 hoc
1191 2641 1350 2694 etiam
1386 2639 1525 2692 inter
1552 2635 1656 2690 alia
1689 2634 1856 2689 multa

245 2743 360 2799 dixi
387 2782 403 2808 ,
437 2757 523 2795 me
553 2741 778 2794 missum
822 2737 984 2790 fuisse
1014 2744 1138 2788 ante
1171 2733 1342 2787 illum.
1372 2729 1561 2784 Viden‘
1587 2727 1860 2798 quomodo

247 2835 511 2907 paulatim
560 2831 808 2887 ostendat
849 2843 1033 2882 vocem
1083 2826 1227 2878 illam
1268 2837 1389 2878 esse
1430 2819 1706 2874 divinam?
1749 2818 1863 2872 Iloc

251 2928 396 2982 enim
440 2925 552 2979 vult
600 2923 902 2992 signiﬁcare
935 2938 946 2971 :
982 2918 1222 2972 MittiSter
1261 2929 1379 2968 sum
1405 2953 1423 2977 ,
1465 2920 1518 2966 et
1559 2925 1621 2964 ea
1673 2909 1863 2977 loquor

256 3034 375 3088 qua:
399 3017 464 3072 ad
494 3016 792 3070 mittentem
823 3027 909 3066 me
934 3016 1212 3078 spectant:
1244 3020 1350 3060 non
1383 3004 1674 3056 humanam
1700 3014 1864 3052 aucu-

256 3126 356 3181 por
394 3111 619 3181 gratiam
647 3149 661 3174 ,
695 3104 788 3160 sed
840 3103 1011 3158 Patris
1049 3100 1167 3170 ejus
1196 3097 1286 3168 qui
1323 3112 1410 3150 me
1441 3094 1584 3149 misit
1618 3091 1864 3146 ministe-

258 3205 397 3259 rium
427 3201 675 3256 exhibeo.
708 3197 822 3252 Non
851 3211 979 3266 ergo
1010 3193 1075 3248 ad
1101 3192 1327 3263 gratiam
1360 3188 1678 3242 testiﬁcatus
1708 3198 1829 3238 sum
1849 3224 1862 3247 ,

262 3294 357 3352 sed
390 3296 440 3350 id
472 3294 578 3348 dixi
606 3334 620 3360 ,
653 3289 794 3361 quod
828 3297 884 3342 ut
913 3288 1148 3342 dicerem
1177 3283 1374 3336 missus
1404 3295 1543 3334 sunt.
1579 3277 1656 3332 Ne
1688 3277 1868 3346 itaque

257 3406 344 3445 me
370 3404 431 3443 ea
456 3390 520 3442 de
543 3399 703 3440 causa
731 3395 979 3451 maguum
1006 3393 1127 3433 esse
1155 3373 1356 3445 putetis
1381 3390 1395 3423 τ
1423 3372 1524 3425 hoc
1551 3370 1694 3425 enim
1726 3368 1869 3422 illius

270 3479 506 3537 ostendit
535 3473 976 3546 magnitudinem.
1013 3470 1105 3526 Ille
1138 3481 1368 3536 namque
1397 3479 1577 3519 rerum
1614 3460 1870 3516 Dominus

258 3583 376 3637 est;
406 3570 456 3625 id
484 3568 623 3640 quod
657 3580 868 3620 rursum
895 3561 1160 3633 signiﬁcat
1192 3559 1274 3613 his
1305 3557 1501 3611 additis
1525 3554 1701 3609 verbis
1731 3571 1742 3606 :
1777 3551 1866 3607 ‘29.

267 3664 375 3729 Qui
399 3661 544 3715 habet
571 3675 829 3730 sponsam,
859 3671 1075 3726 sponsus
1104 3661 1176 3706 est
1201 3667 1218 3705 :
1239 3651 1433 3704 amicus
1461 3657 1630 3701 autent
1657 3645 1868 3716 sponsi,

260 3755 348 3824 qui
391 3763 485 3807 stat
529 3761 574 3805 et
621 3750 764 3804 audit
809 3764 919 3802 eum
947 3788 961 3812 ,
1002 3745 1188 3817 gaudio
1229 3741 1413 3813 gaudet
1457 3749 1666 3810 prapter
1703 3753 1874 3791 vocent

270 3845 466 3916 sponsi.
500 3843 678 3910 Quare
706 3840 796 3910 qui
822 3840 918 3907 ait,
946 3836 1068 3891 Non
1097 3851 1210 3889 sum
1239 3833 1445 3903 dignus,
1471 3840 1522 3884 ut
1549 3829 1740 3884 solvam
1768 3829 1876 3899 ejus

265 3938 537 4007 corrigiam
581 3931 906 3988 calceamenti
930 3972 942 3996 ,
981 3945 1040 3984 se
1083 3931 1312 3982 amicum
1359 3923 1477 3994 ejus
1521 3935 1664 3976 nunc
1708 3919 1877 3975 dicit?

265 4026 384 4083 Non
435 4035 494 4080 ut
538 4024 760 4080 extollat
815 4031 867 4076 et
926 4019 1107 4074 laudet
1153 4032 1252 4081 se,
1301 4015 1416 4070 haec
1460 4013 1626 4078 dicit;
1675 4011 1769 4067 sed
1822 4018 1880 4066 ut

267 4119 522 4175 ostendat
564 4118 614 4172 id
645 4132 702 4171 se
740 4114 979 4169 maxime
1020 4126 1247 4176 curare,
1292 4123 1470 4179 neque
1507 4123 1567 4162 se
1604 4107 1769 4160 invito
1798 4107 1879 4160 vel

272 4211 495 4267 nolente
522 4208 642 4263 Iure
669 4206 786 4262 ﬁeri
814 4247 828 4271 ,
860 4205 954 4260 sed
984 4203 1269 4259 admodum
1298 4201 1547 4270 cupiente
1576 4207 1631 4254 et
1661 4213 1880 4267 promo-

268 4314 449 4368 vente,
476 4313 530 4356 et
561 4301 662 4356 hac
685 4299 754 4354 de
783 4312 945 4352 causa
973 4311 1033 4351 se
1059 4296 1237 4349 omnia
1267 4292 1490 4358 iecisse;
1525 4291 1666 4360 quod
1693 4289 1882 4345 admo-

267 4397 395 4452 dum
430 4394 720 4464 prudenter
751 4391 910 4446 amici
952 4389 1170 4444 nomine
1207 4383 1548 4456 significavit.
1585 4383 1701 4438 Non
1734 4385 1880 4439 enim

276 4491 351 4543 ita
385 4487 527 4542 servi
556 4484 760 4555 sponsi,
789 4491 847 4537 ut
876 4481 1030 4536 amici
1058 4479 1310 4551 gaudent,
1341 4487 1500 4548 atque
1531 4477 1616 4531 his
1642 4478 1694 4531 in
1721 4476 1882 4532 rebus

280 4579 552 4634 laetantur.
582 4573 700 4631 Non
728 4588 856 4643 ergo
887 4587 945 4628 se
975 4571 1182 4626 honore
1214 4569 1474 4639 azqualem
1504 4567 1671 4634 dicit,
1703 4569 1836 4622 absit
1865 4587 1879 4634 ;

275 4669 372 4725 sed
407 4679 464 4723 ut
493 4666 670 4739 gaudii
696 4668 778 4722 sui
809 4663 1228 4736 magnitudinem
1260 4660 1517 4728 declaret,
1546 4670 1709 4730 atque
1741 4670 1797 4714 ut
1826 4677 1885 4716 se

273 4777 461 4818 eorum
490 4758 790 4816 inﬁrmitati
818 4765 1162 4827 attemperet,
1191 4756 1425 4810 amicum
1456 4769 1515 4810 se
1541 4753 1691 4810 dicit.
1726 4754 1884 4810 Mini-

274 4855 497 4910 stet-ium
538 4852 736 4922 quippe
770 4848 1164 4913 subindicavit,
1194 4861 1318 4902 cum
1360 4845 1540 4912 dixit,
1573 4860 1632 4901 se
1661 4845 1884 4899 missum

275 4946 444 5002 fuisse
469 4954 593 5000 ante
620 4943 793 4998 illum.
825 4942 1031 4997 Idcirco
1053 4938 1196 5012 quod
1221 4947 1437 5010 putaret
1461 4939 1584 4994 illos
1608 4937 1724 4994 hrcc
1745 4955 1887 5010 :rgre

277 5039 422 5094 ferre
454 5039 477 5070 ²
502 5080 516 5106 ,
550 5052 609 5093 se
647 5037 880 5091 amicum
925 5036 1109 5105 sponsi
1145 5033 1278 5091 dicit
1316 5047 1438 5089 esse
1464 5075 1478 5099 ,
1509 5033 1800 5089 ostendens
1828 5048 1888 5090 se

278 5146 388 5203 non
430 5128 591 5184 modo
632 5143 737 5183 non
779 5142 922 5197 :egre
960 5127 1107 5182 ferre
1130 5167 1144 5192 ,
1188 5124 1282 5180 sed
1310 5125 1601 5180 admodum
1630 5124 1884 5196 gaudere.

279 5222 412 5290 Quia
446 5221 604 5290 igitur
645 5222 748 5274 hoc
780 5218 1115 5289 perfecturus
1143 5216 1339 5273 adveni
1365 5258 1380 5285 ,
1415 5225 1624 5271 tantum
1652 5216 1806 5272 abest
1833 5229 1892 5274 ut

287 5316 350 5372 de
388 5315 551 5385 gestis
597 5313 811 5367 doleam
835 5353 850 5377 ,
884 5319 942 5365 ut
981 5311 1216 5366 maximo
1256 5324 1490 5366 maerore
1527 5308 1772 5364 afficerer
1797 5352 1812 5376 ,
1845 5310 1891 5364 si

289 5420 391 5462 non
425 5404 632 5459 ﬁerent.
680 5404 736 5458 Si
777 5417 974 5472 Sponsa
1015 5401 1080 5456 ad
1125 5416 1382 5471 sponsum
1415 5416 1520 5455 non
1563 5400 1888 5467 accederet,

288 5506 414 5551 tunc
442 5495 680 5549 dolerem
705 5511 718 5558 ;
750 5509 855 5548 non
889 5509 1016 5548 vero
1050 5507 1190 5548 nunc
1215 5533 1230 5558 ,
1264 5507 1385 5546 cum
1413 5501 1595 5547 nostra
1623 5494 1890 5561 completa

288 5596 432 5644 sunt.
465 5587 595 5642 Nam
632 5603 753 5644 eum
787 5601 876 5642 res
911 5586 1030 5658 ejus
1071 5595 1216 5642 recte
1258 5585 1559 5655 procedunt
1583 5627 1596 5650 ,
1627 5594 1754 5640 tunc
1796 5600 1894 5640 nos

355 5706 372 5774 ξ
411 5710 461 5774 tn
485 5703 627 5774 sav'tl.
664 5704 989 5774 legitur.......
1016 5702 1100 5774 qui
1135 5705 1267 5774 inec
1298 5713 1562 5770 appararet
1589 5719 1604 5756 :
1634 5717 1894 5764 nwnqumn

288 5765 418 5818 enim
443 5765 582 5828 homo
605 5765 738 5816 tanta
762 5772 995 5828 potestate
1020 5765 1258 5817 ualuisset.

357 5832 376 5860 ³
412 5826 553 5876 Savil.
590 5835 640 5892 et
670 5826 850 5878 mis‘ius
873 5829 1138 5891 legendum
1165 5837 1331 5891 putant
1360 5844 1370 5878 :
1406 5827 1738 5892 Idcircoquod
1759 5826 1896 5878 illum

297 5892 403 5941 Iltl'f»
421 5901 555 5955 τεῳ-ι’
576 5890 703 5951 ferre
730 5890 971 5951 putarent.

1246 406 1321 464 1N
1351 397 1663 459 «ιολΝΝΕὶι
1706 393 1938 452 llOMIL.
1979 393 2177 452 XXIX.
2215 391 2282 448 al.
2326 391 2568 448 XXVIII.

3455 391 3547 450 1ῗῆ

1947 526 2202 583 prospere
2246 511 2491 581 agimus;
2534 509 2656 580 quia
2699 509 2842 579 quod
2890 511 3205 568 volebamus
3242 516 3456 582 evenit,
3498 527 3551 570 et

1938 617 2135 672 spOusa
2166 617 2424 671 sponsum
2451 603 2712 671 agnoscit.
2745 601 2808 656 Et
2835 617 2931 657 vos
2966 603 3064 674 ipsi
3098 604 3197 659 hoc
3231 607 3555 662 testiﬁi-ami-

1940 694 1991 746 Iti
2022 708 2144 747 cum
2176 692 2352 747 dicitis
2377 733 2391 756 ,
2425 693 2613 746 Omnes
2643 695 2848 746 veniunt
2877 693 2944 747 ad
2971 712 3106 748 eum.
3142 696 3256 750 Hoc
3280 697 3422 752 enim
3457 714 3550 752 cu-

1941 787 2125 840 rabant
2148 829 2162 852 ,
2194 796 2247 840 et
2273 802 2336 841 ea
2367 786 2436 841 de
2469 801 2629 840 causa
2676 787 2856 841 omnia
2904 786 3028 843 feci.
3062 787 3242 855 Quare
3271 804 3392 844 eum
3427 791 3554 846 illud

1937 878 2046 948 jam
2074 879 2324 932 evenisse
2351 879 2560 933 videam
2582 922 2596 945 ,
2625 879 2833 949 gaudeo
2859 890 2910 933 et
2937 881 3167 934 exsulto.

2015 972 2068 1026 '5.
2117 968 2348 1022 Ecclesia
2391 969 2646 1040 quomodo
2688 986 2880 1040 sponsa
2929 970 3122 1025 Christi
3161 971 3273 1040 fiat.
3327 971 3558 1026 Joannes

1943 1063 2178 1131 Baptista
2207 1063 2270 1113 de
2295 1061 2496 1114 Christo
2527 1063 2870 1116 testimonium
2896 1064 3099 1132 sapiens
3137 1075 3182 1116 et
3211 1065 3557 1120 ineluctabile.

1957 1157 2114 1213 Vana:
2138 1158 2316 1230 gloria:
2339 1159 2560 1222 damna;
2580 1159 2832 1227 quomodo
2851 1162 2914 1212 sit
2931 1161 3257 1229 [ngattda.—-
3273 1161 3410 1226 Quid
3434 1177 3563 1219 vero

1945 1250 2211 1320 signiﬁcat
2242 1249 2370 1304 illud
2397 1293 2412 1317 ,
2447 1250 2548 1316 Qui
2569 1259 2665 1304 stat
2698 1259 2744 1304 et
2774 1252 2920 1303 audit
2969 1267 3080 1304 eum
3102 1293 3114 1313 ,
3147 1252 3336 1322 gaudio
3372 1253 3562 1326 gaudet

1947 1354 2152 1415 prapter
2183 1360 2352 1397 uocent
2405 1345 2618 1415 sponsi?
2648 1345 2724 1398 Ex
2758 1344 3009 1412 parabola
3052 1345 3119 1400 ad
3164 1362 3276 1401 rem
3314 1352 3562 1417 promisi-

1949 1443 2054 1488 tam
2078 1449 2384 1489 sermonem
2411 1435 2700 1490 transtulit.
2724 1435 2857 1503 Quia
2881 1437 3022 1490 enim
3048 1452 3304 1506 sponsum
3330 1450 3382 1494 et
3403 1455 3563 1512 θροη-

1950 1539 2064 1578 sam
2114 1527 2470 1590 memoravit,
2496 1527 2732 1581 ostendit
2776 1530 3052 1597 quomodo
3089 1531 3359 1599 sponsalia
3392 1531 3517 1588 ﬁant
3548 1551 3563 1594 :

1950 1633 2046 1687 per
2076 1633 2261 1671 vocem
2284 1634 2478 1685 nempe
2503 1627 2664 1687 atque
2686 1618 2989 1673 doctrinam
3017 1639 3030 1674 :
3067 1621 3135 1674 ita
3158 1623 3299 1676 enim
3326 1624 3566 1681 Ecclesia

1951 1709 2318 1778 despondetur
2361 1711 2489 1764 Deo.
2535 1711 2740 1766 Idcirco
2783 1711 2978 1766 Paulus
3026 1711 3275 1767 dicebat:
3316 1714 3472 1770 Fides
3503 1736 3567 1773 ea:

1953 1803 2155 1868 auditu,
2193 1803 2404 1855 auditus
2433 1816 2605 1856 autem
2637 1819 2725 1871 per
2749 1804 2952 1856 rcrbton
2976 1803 3072 1859 Dei
3101 1805 3281 1875 (Rom.
3321 1808 3405 1863 10.
3441 1811 3505 1863 l't'
3527 1811 3567 1879 ).

1955 1895 2067 1949 Ilac
2099 1911 2197 1965 ego
2229 1911 2359 1950 voce
2389 1896 2618 1965 gaudeo.
2654 1896 2790 1951 Illud
2819 1913 2945 1952 vero
2970 1939 2988 1968 ,
3020 1900 3120 1967 Qui
3148 1911 3281 1965 stat,
3319 1920 3424 1956 non
3454 1907 3571 1961 sine

1954 2000 2117 2040 causa
2152 1988 2348 2054 posuit,
2380 1987 2474 2041 sed
2506 1997 2561 2041 ut
2590 1988 2924 2055 ostenderet,
2961 2006 3050 2064 res
3078 2007 3204 2047 suas
3226 1997 3527 2051 ces~avisse
3551 2040 3564 2061 ,

1963 2086 2017 2130 et
2049 2077 2150 2131 sibi
2177 2077 2287 2148 jam
2320 2079 2569 2133 Standum
2615 2089 2670 2134 et
2715 2080 3044 2135 audiendum
3073 2097 3196 2138 esse
3221 2125 3236 2150 ,
3265 2100 3329 2139 ac
3372 2101 3573 2156 sponso

1959 2170 2276 2225 tradendam
2307 2187 2431 2226 esse
2454 2186 2707 2241 spOnsam
2733 2190 2745 2225 :
2768 2187 2932 2243 seque
2957 2175 3260 2230 ministrum
3284 2187 3336 2230 et
3358 2194 3572 2233 servum

1959 2278 2113 2326 esse,
2147 2265 2343 2319 bonam
2373 2280 2522 2335 spem
2566 2281 2717 2320 suam
2748 2277 2908 2337 atque
2941 2267 3181 2323 Itelitiam
3213 2271 3264 2324 in
3309 2287 3444 2343 Opus
3464 2274 3574 2343 jam

1960 2356 2176 2412 cxiisse.
2230 2357 2353 2412 Ideo
2401 2357 2478 2412 sic
2527 2358 2742 2428 pergit:
2778 2358 2893 2413 [Ioc
2945 2377 3066 2432 ergo
3111 2363 3359 2433 gaudium
3411 2353 3578 2420 meum

1961 2445 2225 2516 impletum
2255 2459 2351 2514 est;
2382 2449 2433 2504 id
2467 2458 2569 2515 est,
2603 2449 2910 2506 Perfectum
2942 2461 3025 2506 est
3056 2469 3192 2524 Opus
3220 2472 3421 2521 meum,
3449 2458 3580 2512 nihil

1965 2538 2103 2593 ultra
2147 2540 2288 2610 quod
2337 2541 2593 2595 faciamus
2624 2542 2908 2598 habemus.
2956 2546 3158 2603 Deinde
3202 2566 3305 2602 non
3342 2567 3584 2619 prtesens

1966 2633 2250 2698 modo,sed
2270 2634 2429 2689 etiam
2451 2633 2688 2690 futurum
2708 2637 2913 2692 doloris
2933 2650 3278 2709 augmentum
3297 2643 3582 2712 cohibens,

1967 2724 2033 2777 de
2073 2726 2265 2779 futuris
2309 2728 2620 2795 pronuntiat
2666 2744 2726 2783 ea
2761 2745 2882 2799 qua:
2931 2747 2998 2785 ex
3027 2732 3185 2787 dictis
3232 2743 3286 2789 et
3330 2751 3392 2789 ex
3429 2735 3584 2791 factis

1967 2819 2252 2872 eoulirmat
2281 2817 2363 2872 his
2397 2820 2576 2873 verbis
2610 2837 2624 2874 :
2657 2820 2747 2875 50.
2800 2821 2963 2876 Illum
2996 2836 3193 2891 OpOt'lt’l
3221 2843 3464 2894 crescere,
3505 2847 3583 2882 nte

1967 2925 2136 2963 autem
2162 2911 2322 2962 minui
2349 2926 2366 2963 :
2398 2909 2500 2964 hoc
2530 2919 2632 2984 est,
2666 2912 2857 2967 Nostra
2887 2927 3240 2970 cessaverunt
3265 2937 3277 2971 :
3307 2935 3426 2987 qua:
3459 2937 3588 2975 vero

1971 3003 2110 3058 illius
2151 3013 2276 3059 sunt
2325 3013 2612 3074 augentur.
2648 3005 2759 3061 lloe
2805 3008 2986 3078 itaque
3033 3009 3173 3079 quod
3210 3009 3448 3077 timetis,
3481 3030 3588 3068 non

1973 3095 2132 3148 modo
2165 3111 2307 3150 nunc
2335 3095 2532 3162 aderit,
2558 3097 2650 3152 sed
2683 3098 2856 3167 majus
2881 3101 3043 3154 etiam
3077 3101 3128 3155 in
3158 3104 3278 3157 dies
3312 3106 3418 3159 tiet.
3457 3104 3589 3162 Illud

1973 3188 2120 3244 enim
2167 3193 2401 3244 maxime
2455 3200 2539 3244 est
2590 3191 2735 3261 quod
2788 3208 2878 3246 res
2929 3203 3145 3250 nostras
3198 3198 3592 3266 splendidiores

1973 3283 2226 3336 ostendit.
2265 3283 2388 3337 Ideo
2408 3284 2555 3347 veni,
2579 3291 2636 3338 et
2655 3283 2864 3352 gaudeo
2891 3284 2957 3339 de
2982 3294 3128 3340 tanto
3151 3303 3330 3344 rerum
3353 3291 3417 3344 ad
3439 3291 3596 3348 Chri-

1975 3383 2115 3428 stum
2151 3376 2536 3443 pertinentium
2566 3375 2925 3443 ineremento,
2959 3387 3014 3432 et
3038 3381 3178 3448 quod
3209 3396 3270 3434 ea
3290 3353 3592 3451 evenerint,

1975 3482 2204 3536 quorum
2228 3468 2396 3537 gratia
2427 3478 2609 3523 neatra
2643 3481 3054 3537 prmcesserunt.
3083 3470 3273 3528 Viden‘
3291 3491 3450 3544 quam
3483 3482 3593 3547 pla-

1977 3559 2118 3623 cide,
2143 3575 2300 3628 quant
2325 3561 2598 3629 sapienter
2621 3561 2832 3615 illorum
2857 3561 3010 3616 ulcus
3032 3565 3346 3632 emollierit,
3371 3568 3594 3624 livorem

1979 3653 2322 3716 exstinxerit,
2350 3652 2602 3722 ipsosque
2628 3653 2982 3723 impossibilia
3011 3657 3225 3726 aggredi
3255 3659 3598 3717 demonstra-

1983 3744 2162 3798 verit?
2191 3761 2294 3813 qua
2325 3761 2382 3799 re
2415 3747 2648 3800 maxime
2689 3749 2826 3803 solet
2859 3749 3098 3820 nequitia
3140 3753 3341 3808 sedari.
3367 3755 3599 3827 Ideoque

1981 3837 2255 3906 provisum
2283 3845 2386 3902 cst,
2417 3848 2475 3892 ut
2499 3839 2592 3893 illo
2620 3839 2798 3896 adhuc
2825 3843 3040 3897 vivente
3065 3853 3119 3898 et
3147 3846 3449 3914 baptizante
3483 3850 3596 3904 Ita-c

1985 3931 2196 3996 ﬁerent,
2233 3941 2288 3985 ut
2320 3933 2468 3986 illum
2503 3942 2663 3986 tantm.
2687 3935 3070 4004 magnitudinis
3101 3946 3289 3992 testem
3314 3939 3596 4007 haberent,

1985 4032 2039 4078 ct
2067 4023 2265 4078 nullam
2291 4027 2714 4086 excusationem.
2735 4027 2777 4080 si
2803 4042 2909 4082 non
2935 4029 3393 4099 obtemperarent.
3419 4032 3600 4103 Neque

1986 4132 2129 4172 enim
2157 4136 2185 4170 a
2214 4119 2395 4188 seipso
2424 4119 2489 4173 ad
2523 4119 2574 4173 id
2599 4120 2883 4176 dicendum
2906 4122 3170 4192 impul~us
3199 4136 3282 4180 est
3302 4167 3314 4187 .
3345 4141 3451 4180 non
3483 4129 3602 4181 aliis

1989 4208 2382 4264 sciscitantibus
2414 4211 2616 4278 (iidem
2645 4212 2787 4267 enim
2816 4223 2970 4268 erant
2997 4215 3278 4270 audientes
3298 4225 3354 4271 et
3375 4218 3603 4274 interro:-

1987 4304 2199 4373 gantes)
2223 4321 2235 4356 :
2269 4317 2440 4372 neque
2459 4319 2524 4358 ex
2554 4318 2612 4359 se
2631 4305 2865 4375 loquenti
2900 4312 2968 4360 Ita
2992 4307 3368 4378 credid's-ent,
3392 4322 3451 4366 ut
3473 4313 3603 4382 ipsis

1989 4396 2434 4465 percontantibus
2473 4412 2531 4451 se
2567 4396 2937 4452 confutantetr.
2971 4399 3348 4467 respondentis
3379 4415 3601 4460 semen-

1991 4487 2118 4542 tiam
2150 4497 2524 4557 exceperunt;
2557 4490 3013 4559 quemadmodum
3046 4503 3100 4547 et
3133 4493 3306 4550 Judaei
3329 4538 3344 4561 ,
3371 4499 3607 4555 maxime

1990 4583 2060 4636 ob
2090 4581 2141 4636 id
2174 4622 2187 4644 ,
2228 4581 2372 4650 quod
2411 4581 2478 4636 ad
2529 4584 2678 4637 illum
2731 4585 3029 4652 miserunt,
3068 4588 3368 4659 talibusque
3412 4593 3609 4648 auditis

1992 4689 2098 4728 non
2141 4673 2530 4742 crediderunt,
2581 4692 2797 4732 omnem
2845 4678 2945 4732 sibi
2979 4684 3188 4734 veniam
3226 4682 3606 4750 prmeideruut.

1991 4766 2130 4835 Quid
2156 4764 2324 4837 igitur
2349 4767 2474 4822 hinc
2501 4768 2803 4824 docemur?
2823 4767 3076 4826 Omnium
3101 4772 3364 4829 malorum
3390 4790 3608 4832 causam

1994 4874 2116 4915 esse
2140 4874 2332 4914 vanam
2364 4861 2612 4932 gloriam.
2641 4861 2733 4917 Illa
2768 4865 2910 4917 enim
2944 4863 3090 4934 ipsos
3121 4865 3171 4918 in
3219 4865 3445 4923 livorem
3476 4884 3611 4926 con-

1989 4951 2121 5022 jecit
2151 4969 2166 5008 :
2197 4951 2315 5009 hac
2340 4954 2458 5008 illos
2487 4956 2812 5019 concitavit,
2841 4967 2898 5009 ut
2923 4957 3107 5012 .Iesum
3137 4959 3348 5015 adirent
3373 4977 3436 5018 ac
3463 4963 3611 5019 dice-

1994 5057 2115 5102 rent
2147 5065 2160 5102 :
2194 5047 2366 5114 Quare
2395 5049 2636 5118 discipuli
2661 5051 2736 5103 tui
2766 5052 3130 5120 nowjejunant
3159 5051 3376 5124 (Matth.
3406 5056 3460 5111 9.
3497 5059 3615 5128 14)!

1997 5141 2111 5196 IIoc
2139 5156 2267 5227 ergo
2295 5143 2507 5205 vitium,
2536 5142 2739 5209 dilecti,
2770 5141 3057 5212 fugiamus.
3085 5143 3141 5198 Si
3175 5146 3276 5199 hoc
3304 5145 3570 5218 fugiamus
3596 5193 3610 5218 ,

1997 5249 2026 5288 a
2056 5233 2301 5304 gehenna
2344 5232 2711 5289 Iiberabimnr.
2745 5235 2855 5289 lloc
2881 5235 3026 5289 enim
3049 5237 3128 5290 eis
3173 5237 3406 5293 maxime
3437 5239 3612 5310 ignem

1999 5326 2234 5380 incendit
2255 5341 2268 5379 :
2288 5324 2388 5380 hoc
2416 5325 2612 5396 ubique
2639 5325 2973 5380 dominatum
3001 5336 3222 5383 exercet
3245 5343 3423 5398 suum,
3456 5340 3615 5402 atque

2000 5429 2209 5475 aetatem
2237 5428 2290 5475 et
2316 5419 2628 5490 dignitatem
2656 5435 2873 5475 omnem
2904 5421 3182 5492 tyrannica
3207 5436 3434 5494 occupat
3468 5443 3480 5479 :
3515 5423 3618 5481 hoc

2002 5513 2269 5569 Ecclesias
2282 5513 2563 5581 subvertit,
2578 5528 2668 5568 res
2680 5514 2864 5568 civiles
2876 5512 3182 5581 labefactat,
3197 5515 3386 5571 domos
3403 5518 3616 5582 evertit,

2005 5603 2266 5669 civitates,
2300 5604 2546 5674 populos.
2573 5614 2777 5675 gentes.
2815 5604 3019 5676 Ecquid
3050 5606 3284 5672 miraris,
3315 5607 3531 5676 quando
3559 5609 3612 5662 in

2005 5697 2278 5753 desertum
2330 5699 2513 5758 venit,
2570 5711 2925 5767 magnamque
2975 5696 3048 5751 ibi
3092 5704 3415 5769 potestatem
3460 5713 3613 5755 suam

2005 5789 2292 5844 exhibuit?
2335 5788 2468 5843 Nam
2514 5790 2604 5860 qui
2665 5788 2867 5845 divitiis
2919 5791 3038 5844 vale
3086 5790 3373 5856 dixerant,
3430 5793 3614 5847 mundi

2002 5878 2207 5940 fastum
2238 5891 2456 5936 munem
2483 5882 2792 5952 altjecerant
2819 5923 2830 5940 .
2865 5893 2917 5936 et
2947 5881 3238 5938 humanam
3270 5879 3614 5937 consuetudi-
