4048 6498
488 471 580 526 ιη
959 499 961 501 ι
1210 458 1265 514 S.
1307 455 1582 513 JOANNIS
1618 447 2092 508 CllRYSOSTOlll
2137 446 2450 503 ARCIIIEP.
2483 447 3009 503 C(lNS1'.\NTlNOP.
3195 513 3199 518 ἡ
3666 446 3774 500 1τὶ

486 599 631 648 nem,
648 582 734 651 qui
760 578 1009 632 violentas
1026 582 1307 642 corporum
1326 569 1642 640 cupiditates
1662 573 2060 637 superaverant:

490 679 542 731 hi
569 689 708 742 sarpe
737 687 764 724 a
798 683 930 722 vana
954 665 1120 737 gloria
1141 665 1280 733 capti
1300 664 1478 716 omnia
1511 661 1874 732 perdiderunt.
1902 657 2065 725 llnjns

492 767 601 820 vitii
628 777 806 824 causa,
839 760 926 829 qui
963 757 1188 812 multum
1218 755 1551 809 laboraverat
1579 795 1593 817 ,
1627 751 1696 804 ab
1722 765 1786 804 eo
1817 750 1904 817 qui
1938 747 2063 799 nihil

486 856 679 911 laboris
703 893 718 917 ,
762 851 856 905 sed
883 850 1047 906 multa
1094 854 1309 916 peccata
1340 843 1666 905 admiserat,
1701 838 1996 894 Pharisa-us
2035 851 2062 888 a

484 946 762 1016 publicano
791 943 959 998 victus
1004 949 1102 993 est.
1154 940 1221 991 At
1254 935 1353 989 hoc
1396 948 1646 987 accusare
1689 931 1873 983 vitium
1918 927 2064 981 nullo

483 1040 666 1094 labore
698 1047 980 1104 possumus
1011 1031 1028 1099 (
1059 1042 1242 1082 onmes
1269 1026 1411 1080 enim
1447 1023 1694 1078 eumdem
1729 1021 1901 1091 ipsum
1939 1016 2054 1071 cal-

484 1130 661 1183 culum
697 1127 867 1180 feruut
900 1123 918 1192 )
945 1138 958 1186 ;
989 1117 1127 1189 quod
1158 1118 1413 1187 qmrritur
1442 1124 1619 1169 autem
1652 1124 1763 1178 cst,
1797 1109 2064 1180 quomodo

484 1223 654 1290 ipsum
696 1227 947 1284 superare
985 1211 1268 1280 possimus.
1293 1206 1572 1274 Quomodo
1600 1218 1727 1274 ergo
1759 1200 2063 1272 proﬁigabi-

483 1310 633 1365 mus?
660 1307 713 1362 Si
742 1305 963 1377 gloriam
991 1302 1173 1372 gloria:
1194 1313 1543 1368 opponamus.
1573 1295 1642 1351 Ut
1664 1295 1803 1348 enim
1829 1301 2064 1346 terrenas

478 1400 689 1454 divitias
719 1396 1150 1458 contemnimus,
1205 1388 1419 1461 quando
1463 1387 1529 1441 ad
1575 1387 1706 1440 alias
1749 1383 2065 1453 respicimus

478 1491 691 1546 divitias
715 1531 729 1554 ,
761 1498 814 1542 et
845 1487 980 1540 hanc
1018 1486 1180 1538 vitam
1226 1481 1552 1551 despicimus
1577 1519 1591 1545 ,
1623 1493 1742 1533 cum
1771 1477 2064 1546 cogitamus

477 1583 632 1636 aliam
661 1581 760 1634 hac
781 1581 933 1647 longe
956 1576 1264 1639 meliorem;
1296 1574 1371 1628 sic
1390 1582 1443 1628 ct
1460 1572 1680 1642 gloriam
1705 1570 1861 1640 hujus
1883 1566 2062 1622 mutuli

479 1687 732 1742 respuere
763 1670 1054 1741 poterimus
1080 1710 1092 1732 ,
1125 1682 1245 1721 cum
1285 1666 1442 1720 aliam
1475 1664 1630 1733 longe
1658 1663 1756 1716 hac
1783 1662 2061 1716 clariorem

483 1766 847 1835 Spectaliimus
867 1804 879 1827 ,
912 1775 1136 1832 qua:th
1168 1773 1294 1814 vere
1323 1758 1486 1827 gloria
1518 1765 1617 1811 cst.
1653 1754 1784 1809 Nam
1817 1755 1965 1817 hmc,
1998 1753 2064 1807 de

478 1872 582 1925 qua
615 1854 896 1924 loquimur,
927 1866 1060 1904 vana
1090 1848 1368 1919 inanisque
1391 1856 1495 1912 est,
1524 1861 1622 1905 nec
1650 1846 1750 1901 nisi
1782 1860 1979 1900 nomen
2007 1859 2063 1898 re

476 1961 699 2000 vacuum
729 1944 921 2007 habet;
952 1942 1039 1996 illa
1069 1951 1248 1996 autem
1276 1937 1504 1994 ctelestis
1530 1952 1652 1992 vera
1677 1947 1779 2000 est,
1811 1951 1929 2005 qum
1955 1951 2059 1988 non

475 2037 740 2099 homines,
771 2033 864 2090 sed
887 2032 1128 2104 angelos,
1150 2029 1519 2099 archangelos,
1545 2037 1598 2083 et
1618 2025 2058 2096 archangelorum

2174 561 2482 630 Dominum,
2507 563 2614 617 imo
2639 565 2798 617 etiam
2823 563 3066 616 homines
3090 563 3232 630 ipSOs
3253 560 3554 615 laudatores
3578 560 3771 614 habet.

2171 653 2225 708 Si
2258 654 2322 708 ad
2351 655 2477 710 illud
2508 655 2771 709 theatrmn
2797 655 3117 722 respexeris,
3151 653 3194 707 si
3224 667 3451 705 coronas
3481 653 3598 706 illas
3621 652 3776 707 didi-

2171 747 2330 815 ceris,
2360 747 2401 801 si
2427 748 2492 801 ad
2522 747 2638 801 illos
2664 747 2880 816 plausus
2905 756 2952 800 te
2978 744 3343 799 transtuleris:
3371 753 3578 797 terrena
3604 761 3777 798 num-

2171 853 2327 906 quam
2359 848 2410 892 te
2433 837 2764 897 dctinebunt.
2807 853 2909 890 non
2948 851 3135 905 magna
3160 835 3442 904 pra:sentia
3465 835 3772 903 reputabis,

2173 944 2276 983 non
2301 929 2538 984 absentia
2569 945 2796 1000 qnzeres.
2825 928 2879 982 lu
2905 928 3002 982 hac
3025 929 3223 998 quippe
3248 928 3392 998 regia
3419 943 3580 983 nemo
3600 931 3773 984 satel-

2173 1018 2323 1075 litum
2357 1021 2622 1088 regiorum
2650 1061 2666 1084 ,
2696 1034 2800 1072 non
2831 1033 3025 1072 curans
3068 1018 3313 1072 diadema
3339 1019 3600 1087 gestantis
3629 1030 3689 1074 et
3719 1019 3774 1074 in

2170 1111 2308 1166 solio
2355 1111 2589 1166 sedentis
2618 1110 2842 1180 gratiam
2869 1151 2884 1173 ,
2915 1110 3252 1180 graculorum
3285 1125 3441 1165 voces
3482 1111 3732 1164 imitatur
3755 1151 3772 1172 ,

2173 1215 2476 1256 muscarum
2521 1210 2574 1253 et
2620 1201 2846 1253 culicum
2898 1199 3192 1254 volantium
3240 1199 3525 1254 stridorem
3571 1219 3584 1253 :
3629 1201 3774 1255 nihil

2169 1292 2310 1344 enim
2341 1292 2587 1346 meliores
2613 1291 2678 1343 iis
2709 1299 2830 1344 sunt
2873 1289 3147 1344 hominum
3181 1290 3382 1346 laudes.
3402 1290 3626 1360 Cognita
3657 1291 3772 1345 ita-

2167 1399 2272 1453 que
2295 1384 2644 1438 humanarum
2675 1399 2853 1437 rerutn
2885 1383 2900 1413 ¹
2928 1382 3150 1447 vilitate,
3180 1383 3358 1436 omnia
3385 1382 3436 1436 in
3461 1384 3771 1439 tutissimos

2168 1474 2507 1530 conferamus
2550 1475 2865 1541 thesauros,
2911 1483 2965 1528 et
3011 1486 3317 1530 manentem
3364 1489 3771 1545 percunctnquc

2170 1569 2391 1637 gloriam
2432 1581 2737 1638 qumramus
2767 1582 2781 1621 :
2810 1582 2967 1636 quam
3002 1567 3203 1620 utinam
3237 1581 3332 1621 nos
3356 1581 3544 1622 omnes
3566 1582 3772 1622 conse—
3821 1559 3826 1562 ’

2168 1674 2432 1727 quanmr,
2466 1658 2634 1728 gratia
2683 1666 2737 1711 et
2782 1657 3107 1726 benignitate
3159 1657 3366 1711 Domini
3413 1658 3581 1711 nostri
3627 1656 3787 1712 .lcsu-

2165 1750 2366 1805 Christi
2392 1792 2407 1815 ,
2441 1765 2533 1818 per
2583 1765 2740 1818 quem
2769 1757 2821 1802 et
2850 1763 2968 1801 cum
2997 1764 3102 1817 quo
3133 1748 3274 1802 Patri
3301 1748 3467 1818 gloria
3495 1791 3509 1814 ,
3544 1764 3771 1818 unaque

2166 1851 2352 1896 sancto
2383 1839 2624 1909 Spiritui,
2666 1854 2806 1895 nunc
2830 1848 2883 1893 et
2913 1853 3126 1908 semper
3154 1850 3206 1893 et
3233 1839 3284 1894 in
3311 1838 3503 1900 sa-cula
3535 1840 3768 1896 Sucula-

2165 1949 2301 1989 runt.
2337 1934 2525 1987 Amen.

2235 2034 2250 2064 ί
2290 2031 2452 2081 Morel.
2486 2031 2628 2094 legit,
2653 2028 2914 2091 hominum,
2948 2044 3055 2094 pro,
3076 2030 3395 2080 humanarum
3416 2043 3597 2080 rerum.

475 2141 3724 2168 ___________________.________.________________

1818 2205 2165 2267 HOMILIA
2208 2205 2395 2266 XXX

472 2362 563 2417 3|.
605 2360 704 2429 Qui
745 2360 808 2414 de
831 2373 1031 2412 sursum
1057 2355 1219 2422 venit,
1253 2369 1403 2425 super
1427 2369 1597 2408 omnes
1633 2361 1748 2406 est:
1769 2350 1854 2418 qui
1888 2359 1960 2403 est
1989 2347 2051 2402 de

706 2463 858 2517 terra,
884 2451 945 2504 de
974 2459 1105 2503 terra
1131 2456 1234 2513 est,
1258 2455 1304 2500 et
1323 2445 1386 2499 de
1415 2453 1546 2498 terra
1575 2443 1816 2513 loquitur.

542 2545 594 2598 1.
626 2541 799 2597 Grave
825 2538 1075 2609 quiddam
1104 2547 1186 2592 cst
1215 2535 1401 2607 gloria:
1428 2549 1599 2599 amor,
1632 2547 1794 2602 grave
1820 2539 1873 2584 et
1899 2530 2054 2590 malis

471 2636 652 2692 multis
701 2635 954 2689 refertum
985 2648 998 2683 :
1027 2629 1182 2700 spina
1228 2640 1311 2682 ρει
1357 2643 1475 2697 qu;e
1505 2625 1723 2690 difﬁcile
1766 2623 2012 2678 avellitur
2037 2663 2051 2688 ,

471 2727 581 2782 fera
626 2741 743 2796 qua:
794 2720 1134 2777 mansuefieri
1183 2717 1387 2787 nequit,
1439 2717 1619 2771 multis
1666 2715 1926 2784 capitibus
1978 2713 2058 2766 in-

469 2827 691 2880 structa,
744 2814 794 2869 iu
837 2827 930 2868 eos
971 2812 1113 2880 ipsos
1141 2809 1231 2879 qui
1270 2823 1331 2863 se
1362 2807 1598 2861 nutriunt
1645 2815 1866 2860 armata.
1910 2802 2058 2858 Sicut

464 2907 610 2963 enim
643 2902 836 2959 vermis
876 2902 1015 2971 ligna
1046 2915 1074 2952 a
1103 2899 1292 2969 quibus
1318 2898 1550 2968 gignitur
1579 2895 1814 2951 corrodit
1838 2936 1852 2961 ,
1885 2903 1938 2949 et
1969 2910 2057 2948 ru-

468 2997 592 3066 bigo
641 2996 836 3049 ferrum
891 3007 957 3046 ex
1002 3005 1107 3060 quo
1155 2989 1390 3043 nascitur
1433 2988 1720 3053 consumit,
1775 2996 1830 3041 et
1882 2987 2054 3040 lanam

470 3090 627 3142 tinea:
658 3127 670 3138 .
704 3085 774 3138 ita
806 3082 976 3137 inanis
1003 3080 1170 3150 gloria
1200 3080 1438 3134 altricem
1468 3093 1620 3134 suam
1653 3078 1884 3131 animam
1929 3092 2053 3146 per-

467 3178 564 3232 dit.
599 3175 720 3229 ldeo
748 3173 915 3228 multa
943 3171 1096 3224 nobis
1137 3184 1270 3239 Opus
1307 3179 1390 3224 est
1427 3169 1730 3239 diligentia,
1776 3177 1833 3222 ut
1873 3168 2055 3222 vitium

469 3268 572 3322 hoc
619 3266 885 3320 tollamus.
935 3261 1068 3316 Vide
1094 3276 1222 3331 ergo
1270 3268 1465 3329 quanta
1520 3259 1768 3314 decantet
1818 3257 2054 3312 Joannes

466 3358 741 3429 discipulis
783 3356 893 3411 suis
937 3355 1037 3409 hoc
1081 3353 1268 3408 morbo
1311 3352 1713 3414 laborantibus,
1757 3367 1820 3406 ac
1845 3351 1930 3405 vix
1960 3365 2055 3406 eos

468 3451 657 3506 sedare
686 3457 874 3518 potest.
907 3445 1036 3500 Nam
1066 3453 1186 3515 post
1217 3445 1390 3514 priora
1418 3444 1505 3498 illa
1529 3443 1610 3498 his
1630 3443 1789 3499 etiam
1819 3443 1937 3498 dlos
1961 3444 2052 3498 dc-

467 3541 663 3597 mulcet
692 3536 1025 3593 sermonibus
1055 3553 1067 3588 :
1103 3535 1202 3602 Qui
1231 3533 1292 3587 de
1313 3551 1512 3588 sursum
1540 3535 1689 3598 venit,
1713 3550 1866 3604 super
1883 3549 2054 3588 omnes

468 3642 539 3686 est
570 3647 586 3684 :
612 3630 698 3700 qui
725 3629 880 3683 estde
905 3637 1038 3680 terra
1058 3667 1070 3691 ,
1105 3626 1166 3680 de
1191 3635 1323 3680 terra
1353 3634 1447 3692 est,
1478 3635 1524 3679 et
1555 3626 1616 3679 de
1648 3636 1780 3678 terra
1811 3624 2049 3694 loquitur.

468 3723 623 3790 Quia,
647 3719 837 3788 inquit,
869 3718 1229 3772 testimonium
1253 3732 1429 3771 meum
1459 3717 1652 3786 ubique
1673 3715 2052 3781 eireumfertis,

468 3820 523 3865 et
572 3825 659 3864 me
713 3809 814 3863 ﬁde
869 3807 1238 3878 dignissimum
1295 3807 1639 3877 praedicatis;
1695 3806 1822 3861 illud
1877 3806 2056 3861 sciatis

469 3909 711 3971 oportet,
767 3914 870 3954 non
929 3898 1090 3954 licere
1132 3914 1265 3971 ﬁcum
1297 3900 1384 3968 qui
1443 3899 1509 3954 de
1556 3899 1689 3955 caelo
1736 3900 1898 3965 venit,
1950 3897 2056 3954 ﬁde
2095 3882 2105 3928 ί

470 3995 691 4062 dignum
720 3990 865 4045 reddi
890 3991 955 4046 ab
985 4005 1049 4046 eo
1074 3990 1162 4061 qui
1194 3991 1244 4044 in
1274 3998 1413 4045 terra
1445 3989 1662 4045 habitat.
1696 3989 1829 4045 illud
1851 4001 2051 4055 autem,

469 4087 644 4154 Supra
676 4100 846 4138 omnes
874 4093 964 4148 est,
999 4082 1122 4152 quid
1165 4083 1463 4152 signiﬁcat?
1495 4082 1627 4137 Eum
1673 4082 1817 4138 nullo
1855 4097 2050 4153 egere,

465 4175 566 4228 sibi
605 4173 872 4238 sufﬁcere,
921 4183 972 4227 et
1001 4173 1118 4227 sine
1155 4173 1554 4243 comparatione
1595 4156 1831 4227 omnium
1879 4172 2047 4228 maxi-

469 4283 616 4320 mum
643 4279 789 4324 esse.
818 4265 888 4318 Se
917 4278 1042 4318 vero
1069 4263 1136 4317 de
1175 4273 1313 4318 terra
1354 4277 1473 4318 esse
1496 4271 1548 4318 et
1574 4263 1717 4333 loqui
1742 4263 1869 4316 dicit
1893 4305 1905 4325 ,
1944 4277 2051 4316 non

467 4357 608 4425 quod
645 4372 707 4410 ex
752 4356 959 4424 propria
991 4363 1167 4408 mente
1196 4355 1538 4422 loqueretur,
1581 4354 1674 4407 sed
1717 4363 1773 4406 ιιι
1813 4352 2053 4407 Christus

471 4451 545 4502 ait
573 4467 585 4500 :
616 4448 674 4501 Si
707 4457 900 4499 terrena
931 4445 1036 4497 diari
1082 4444 1238 4509 t'obis,
1292 4454 1336 4496 et
1386 4460 1484 4496 non
1543 4445 1742 4498 creditis
1789 4442 1962 4513 (Joan.
1996 4445 2050 4499 5.

472 4538 583 4606 12).
613 4537 877 4606 Baptism-i
910 4536 985 4589 sic
1011 4536 1258 4603 appellat,
1293 4551 1395 4588 non
1425 4535 1563 4605 quod
1597 4546 1862 4591 terrenum
1888 4546 2050 4602 eset,

469 4630 563 4685 sed
593 4629 712 4698 quia
742 4627 876 4681 illud
911 4643 1030 4680 cum
1064 4626 1310 4681 ineffabili
1343 4628 1686 4696 generatione
1715 4644 1807 4683 sua
1830 4645 2048 4700 compa-

473 4721 656 4784 rabat;
685 4720 762 4774 sic
789 4728 842 4772 ct
866 4718 970 4772 hoc
1000 4719 1116 4772 loco
1142 4733 1201 4772 se
1225 4718 1292 4772 de
1317 4729 1451 4773 terra
1477 4720 1616 4790 loqui
1643 4720 1774 4774 dixit
1795 4721 2048 4787 Joannes,

472 4827 621 4865 suam
651 4825 768 4863 cum
800 4807 997 4861 Cltristi
1028 4807 1266 4862 doctrina
1307 4811 1691 4878 comparando.
1734 4810 1875 4864 Nihil
1908 4813 2049 4866 enim

471 4899 614 4955 aliud
661 4900 920 4968 significat
968 4897 1112 4961 illud,
1153 4897 1225 4951 De
1256 4909 1387 4952 terra
1417 4901 1638 4969 loquitur
1661 4943 1675 4965 ,
1708 4917 1864 4970 quant
1911 4903 2052 4971 quod

468 5007 563 5046 sua
620 4990 830 5058 exigua,
888 4988 1104 5042 humilia
1155 4998 1208 5042 et
1259 4989 1383 5043 vilia
1428 4993 1554 5052 sint,
1609 4992 1651 5044 si
1705 5007 1824 5045 cum
1855 4992 2050 5048 Christi

469 5083 834 5151 magnitudine
866 5090 1274 5149 comparentur,
1306 5098 1367 5135 ac
1399 5091 1625 5137 terrenae
1669 5095 1873 5138 naturae
1903 5085 2053 5154 quasi

468 5174 659 5228 similia
700 5175 822 5226 sint.
857 5172 1009 5241 Apud
1039 5172 1181 5226 illum
1214 5174 1353 5227 οιιὶιιι
1387 5173 1573 5228 Omnes
1599 5177 1823 5229 thesauri
1850 5179 2052 5244 sapien-

470 5267 554 5318 tia:
584 5265 920 5319 reconduntur
953 5262 1085 5333 (Col.
1119 5264 1173 5318 2.
1205 5267 1280 5333 5).
1313 5266 1462 5331 Quod
1496 5277 1671 5322 autem
1713 5269 1780 5323 de
1813 5270 2054 5324 Immanis

471 5358 762 5413 ratiociniis
795 5373 897 5409 non
928 5357 1203 5426 loquatur,
1237 5357 1360 5412 hinc
1391 5360 1562 5427 palam
1593 5371 1692 5414 est.
1729 5361 1827 5427 Qui
1877 5373 1947 5414 cst
1994 5379 2057 5417 ea:

474 5462 629 5512 terra,
662 5466 724 5501 ex
751 5459 882 5501 terra
906 5459 997 5501 est.
1027 5450 1184 5518 Atqui
1219 5467 1320 5504 non
1354 5462 1470 5506 erat
1496 5463 1641 5508 totus
1668 5453 1733 5507 de
1764 5463 1927 5519 terra,
1962 5455 2054 5510 sed

473 5541 735 5612 prtecipna
775 5540 1008 5593 cmlcstia
1048 5550 1200 5594 erant
1233 5558 1245 5605 ;
1287 5542 1518 5598 animam
1559 5546 1754 5614 quippe
1793 5545 2050 5613 habebat,

473 5645 526 5687 et
565 5632 781 5701 spiritus
821 5632 1085 5700 particeps
1123 5642 1272 5698 erat,
1315 5651 1432 5705 qua:
1478 5652 1580 5691 non
1632 5646 1757 5691 sunt
1786 5639 1851 5692 de
1892 5649 2048 5694 terra.

477 5712 753 5791 Quomodo
792 5739 919 5793 ergo
967 5737 1026 5778 se
1065 5724 1131 5778 de
1172 5734 1308 5779 terra
1362 5742 1479 5783 esse
1518 5729 1698 5783 dicit?
1735 5729 1873 5784 Nihil
1914 5732 2054 5786 aliud

478 5818 559 5871 his
593 5817 922 5886 signiﬁcatur
959 5830 1117 5886 quam
1145 5858 1157 5880 ,
1202 5818 1399 5875 Parvus
1437 5835 1554 5876 sutn
1595 5831 1650 5877 et
1689 5824 1882 5880 nullius
1923 5839 2046 5894 prc-

2169 2346 2223 2399 tii
2249 2387 2264 2414 ,
2311 2355 2492 2416 utpote
2532 2350 2621 2417 qui
2663 2351 2807 2400 hmnt
2858 2362 3037 2416 rcpam
3070 2355 3121 2400 ct
3150 2346 3201 2400 in
3237 2355 3374 2400 terra
3409 2356 3566 2401 natus
3612 2347 3718 2402 sint
3748 2390 3762 2414 ,

2166 2436 2414 2494 Christus
2440 2452 2616 2493 autem
2645 2439 2709 2492 ad
2739 2456 2836 2494 nos
2866 2440 2933 2495 de
2971 2439 3103 2494 Ctelo
3149 2440 3312 2496 venit.
3347 2436 3477 2501 Cum
3518 2455 3612 2508 per
3641 2438 3764 2499 hmc

2167 2530 2345 2585 omnia
2392 2545 2577 2586 eorum
2617 2531 2860 2585 morbum
2890 2531 3262 2596 restinxisset,
3295 2545 3416 2587 cum
3462 2530 3667 2599 majore
3697 2533 3765 2583 li-

2167 2623 2318 2677 ducia
2361 2623 2428 2678 dc
2457 2621 2672 2678 Christo
2721 2625 2973 2699 loquitur.
3023 2626 3194 2679 Antea
3239 2623 3381 2690 enim
3425 2623 3762 2699 superﬂuunt

2165 2711 2349 2766 fuisset
2381 2712 2540 2767 verba
2587 2697 2908 2784 profundere
2933 2755 2947 2782 ,
2986 2729 3106 2773 cum
3150 2715 3262 2768 haec
3301 2714 3353 2768 in
3388 2697 3568 2773 mente
3597 2713 3762 2773 audi-

2164 2813 2336 2858 torum
2381 2803 2555 2858 locum
2604 2807 2849 2864 ilthnit‘e
2888 2821 2994 2871 non
3039 2817 3256 2878 possent
3290 2825 3302 2861 :
3336 2816 3615 2884 postquam
3662 2824 3765 2872 au-

2162 2901 2267 2947 tem
2318 2897 2497 2962 spinas
2546 2896 2757 2958 evulsit,
2802 2897 2911 2973 jam
2948 2896 3281 2976 coalidenter
3325 2897 3530 2962 sentina
3572 2899 3766 2966 jacere

2164 2983 2347 3052 incipit
2377 2984 2458 3038 his
2491 2986 2700 3040 verbis:
2730 2986 2826 3060 Qui
2849 2987 2912 3046 de
2943 2987 3064 3041 ca'lo
3086 2988 3239 3053 venit,
3272 3005 3425 3056 super
3451 3004 3622 3042 omnes
3647 3000 3764 3055 est;

2163 3071 2250 3126 59..
2283 3082 2330 3125 et
2356 3075 2489 3149 quod
2528 3075 2647 3127 uidit
2676 3085 2720 3127 et
2751 3077 2962 3141 andit'll,
2995 3077 3087 3130 hoc
3117 3079 3433 3145 testi/iretur,
3458 3089 3504 3131 et
3527 3081 3762 3131 testimo-

2162 3166 2300 3217 nium
2329 3167 2438 3233 ejns
2468 3183 2613 3220 nemo
2642 3168 2845 3236 accipit.
2881 3167 3123 3237 Magnum
3161 3167 3287 3238 quid
3332 3176 3387 3223 et
3424 3169 3658 3225 sublime
3686 3169 3764 3226 de

2160 3255 2276 3335 ipso
2305 3257 2552 3327 loquutus
2578 3298 2590 3320 ,
2625 3272 2811 3311 rursus
2857 3257 2923 3312 ad
2953 3241 3237 3312 humiliora
3287 3259 3458 3329 pergit
3486 3278 3498 3314 ε
3530 3275 3652 3314 nam
3687 3260 3759 3315 il-

2160 3346 2250 3401 lud
2271 3389 2286 3412 ,
2324 3347 2471 3412 Quod
2495 3349 2685 3401 audiuit
2711 3359 2757 3401 et
2783 3350 2936 3414 vidit,
2971 3348 3255 3405 humanius
3281 3349 3482 3405 dictum
3508 3361 3611 3406 est.
3644 3351 3758 3408 Nc-

2158 3453 2260 3508 quc
2285 3439 2425 3493 enim
2449 3455 2512 3494 ex
2548 3441 2663 3494 visu
2692 3441 2773 3496 vel
2809 3440 2992 3494 auditu
3025 3441 3112 3495 illa
3139 3458 3258 3512 qua:
3300 3442 3504 3498 sciebat
3528 3459 3764 3523 accepe-

2159 3537 2242 3583 rat
2276 3546 2290 3596 ;
2333 3531 2426 3584 sed
2460 3531 2510 3585 in
2539 3541 2725 3586 natura
2758 3541 2928 3587 totum
2977 3532 3228 3597 habebat,
3269 3533 3358 3602 qui
3387 3534 3662 3603 perfectus
3687 3551 3760 3592 ex

2161 3619 2280 3673 sinu
2314 3629 2534 3690 paterno
2565 3621 2801 3688 exierat,
2847 3610 3160 3694 neclegebat
3187 3622 3409 3680 doctore
3440 3641 3452 3677 :
3487 3642 3610 3680 nam
3640 3628 3715 3691 ait
3739 3668 3759 3694 ,

2162 3709 2308 3767 Sicut
2348 3715 2481 3766 novit
2525 3729 2603 3766 me
2644 3712 2829 3779 Pater,
2877 3716 2947 3768 ita
2992 3726 3038 3768 et
3086 3733 3176 3786 ego
3224 3733 3469 3788 cognosco
3519 3717 3756 3773 Patrem.

2159 3805 2295 3873 Quid
2331 3821 2459 3875 ergo
2505 3807 2768 3876 significat
2806 3808 2954 3873 illud,
2998 3809 3148 3875 Quod
3184 3811 3398 3876 audivit,
3429 3811 3674 3884 loquitur,
3707 3826 3759 3868 et

2158 3899 2292 3966 quod
2332 3897 2474 3962 uidit,
2508 3901 2767 3953 testatur?
2803 3900 2932 3967 Quia
2969 3917 3064 3971 per
3091 3902 3190 3957 hos
3227 3919 3417 3959 sensus
3447 3885 3545 3960 nos
3571 3907 3760 3966 omnia

2158 3988 2416 4044 discimus
2455 4000 2702 4045 accurate
2734 4034 2748 4056 ,
2782 4001 2833 4046 et
2876 3991 2977 4046 fide
3008 3991 3152 4063 digni
3197 3997 3438 4067 magistri
3467 3997 3758 4068 habemur,

2158 4082 2300 4138 circa
2328 4096 2389 4137 ea
2419 4097 2538 4152 qua:
2580 4083 2659 4137 vel
2693 4083 2806 4140 visu
2842 4085 2921 4138 vel
2948 4086 3131 4143 auditu
3164 4089 3533 4160 percepimus,
3568 4102 3762 4160 utpote

2160 4175 2250 4250 qui
2294 4189 2393 4228 nec
2443 4175 2740 4244 ﬁngamus,
2794 4192 2892 4230 nec
2930 4177 3060 4231 falsa
3089 4179 3349 4233 dicamus.
3387 4179 3440 4234 ld
3471 4181 3762 4238 adstruere

2161 4267 2347 4326 volens
2377 4266 2610 4320 Joannes
2639 4267 2801 4334 dixit,
2841 4269 2967 4338 Qua:
2997 4270 3188 4322 audirit
3217 4282 3264 4323 et
3303 4271 3446 4341 vidit,
3480 4283 3538 4326 ut
3566 4285 3758 4330 osten—

2161 4357 2254 4412 dat
2298 4359 2428 4412 nihil
2461 4359 2512 4413 in
2547 4359 2639 4414 illo
2675 4362 2960 4430 mendacii,
2994 4362 3087 4416 sed
3119 4364 3295 4418 omnia
3325 4382 3447 4425 vera
3481 4382 3618 4422 esse.
3663 4370 3761 4425 Sic

2161 4459 2216 4503 et
2256 4464 2353 4504 nos
2380 4465 2522 4520 smpe
2553 4451 2763 4506 curiose
2789 4452 3167 4523 perquirimus,
3203 4455 3355 4509 Tune
3383 4457 3598 4524 audisti,
3627 4471 3762 4516 tunc

2158 4540 2337 4595 vidisti
2365 4542 2386 4594 ?
2413 4543 2458 4596 si
2501 4541 2549 4595 id
2597 4527 2912 4606 affirmetur,
2961 4554 3086 4599 tunc
3127 4555 3334 4600 certum
3382 4549 3757 4607 testimonium

2161 4633 2498 4688 liabetur.Sic
2512 4643 2562 4688 ct
2583 4636 2694 4704 ipsc
2709 4649 2828 4688 cum
2847 4635 2994 4700 dicit,
3019 4637 3164 4692 Sicut
3180 4640 3548 4709 audio,judico
3569 4641 3728 4711 (Joan
3741 4684 3754 4697 .

2160 4726 2210 4778 5.
2242 4725 2362 4794 50),
2391 4735 2463 4794 et,
2488 4726 2614 4790 Quae
2655 4728 2824 4780 audivi
2868 4745 2897 4780 a
2926 4727 3084 4784 Patre
3113 4748 3239 4796 meo,
3273 4734 3466 4802 loquor,
3516 4745 3590 4799 ct,
3626 4736 3762 4802 Quae

2160 4817 2378 4870 uidimus
2403 4859 2416 4880 ,
2451 4818 2704 4886 loquimur
2735 4819 2752 4887 (
2783 4818 2869 4871 Id.
2901 4821 2952 4874 8.
2993 4820 3082 4876 26.
3126 4833 3169 4876 et
3201 4823 3253 4877 5.
3288 4825 3344 4876 Η
3377 4823 3431 4892 ),
3479 4834 3533 4879 et
3561 4827 3757 4882 similia

2160 4908 2259 4961 alia
2308 4909 2563 4986 loquitur,
2615 4924 2718 4964 non
2762 4912 2828 4964 ita
2881 4911 3028 4976 dicit,
3085 4922 3141 4968 ut
3183 4914 3452 4971 discamus
3500 4918 3648 4972 illuni
3693 4937 3756 4974 ea

2161 5001 2432 5068 accepisse
2477 5018 2595 5070 qua:
2639 5003 2766 5058 dicit
2811 5003 2904 5073 (id
2950 5007 3096 5059 enim
3133 5019 3317 5078 putare
3366 5019 3621 5065 extrema:
3655 5013 3760 5070 de-

2162 5092 2373 5145 mentia:
2402 5104 2544 5147 esset
2582 5094 2638 5165 );
2673 5096 2766 5152 sed
2814 5114 2878 5151 ne
2907 5098 3030 5166 quid
3063 5116 3124 5152 ex
3155 5099 3311 5160 dietia
3342 5102 3457 5169 ejus
3496 5104 3550 5174 in
3580 5107 3758 5174 suspi-

2161 5183 2367 5238 cionem
2397 5197 2674 5242 vocaretur
2703 5190 2768 5254 ab
2795 5190 3188 5259 impudentibus
3208 5193 3424 5248 Juda-is.
3455 5197 3588 5263 Quia
3608 5200 3755 5259 enim

2162 5274 2396 5329 nondum
2421 5293 2536 5331 eam
2570 5296 2726 5355 quam
2761 5297 2854 5349 par
2885 5293 3000 5336 erat
3040 5283 3105 5339 de
3131 5285 3221 5339 illo
3248 5287 3552 5354 opinionem
3583 5289 3753 5344 habe-

2164 5365 2310 5436 bant,
2343 5369 2653 5439 frequcnter
2679 5373 2742 5426 ad
2773 5374 2986 5430 Patrem
3018 5378 3274 5447 confugit,
3315 5379 3545 5450 hincque
3576 5385 3759 5440 verbis

2163 5459 2272 5512 suis
2307 5460 2462 5514 fidem
2493 5462 2634 5524 facit.

2233 5553 2286 5606 2.
2332 5553 2398 5607 Et
2428 5554 2551 5624 quid
2583 5556 2792 5611 miraris
2823 5559 2866 5612 si
2894 5557 2957 5612 ad
2991 5560 3200 5615 Patrem
3234 5561 3521 5634 confugiat,
3551 5581 3674 5621 cum
3705 5582 3754 5624 et

2160 5646 2226 5699 ad
2282 5645 2568 5715 prophetas
2610 5657 2664 5702 et
2707 5648 2772 5702 ad
2821 5651 3124 5720 Scripturas
3167 5669 3312 5724 sa-pe
3356 5663 3651 5714 recurrat?
3701 5676 3755 5718 ut

2163 5735 2374 5807 quando
2403 5735 2558 5804 dicit,
2589 5737 2706 5792 Illa:
2731 5751 2846 5793 sunt
2887 5758 3001 5810 qua:
3025 5745 3363 5800 testimonium
3403 5750 3664 5816 perhibent
3697 5758 3762 5806 de

2164 5845 2240 5881 me
2288 5827 2461 5896 (Ibid.
2501 5829 2552 5884 5.
2585 5829 2709 5902 39).
2745 5831 2878 5887 Num
2919 5849 3046 5906 ergo
3088 5837 3361 5908 prephetis
3403 5840 3550 5896 illum
3583 5844 3752 5900 mino-
