4024 6456
195 443 301 498 173

188 574 304 613 rem
331 569 452 612 esse
490 553 764 617 dicemus,
797 551 918 621 quia
952 549 1076 604 inde
1118 549 1420 602 testimonia
1463 555 1736 601 mutuatur
1764 545 1789 598 ἵ

186 648 364 704 Absit.
387 646 489 702 Sed
516 654 734 715 propter
759 642 1062 696 auditorum
1087 639 1450 693 inﬁrmitatem
1473 637 1552 692 sic
1576 651 1789 692 sermo-

185 756 312 794 nem
357 745 650 805 temperat,
679 743 735 790 et
773 749 838 788 ex
880 732 1038 786 Patre
1069 728 1249 784 audita
1291 743 1351 784 se
1382 743 1604 782 narrare
1635 727 1785 793 dicit,

185 846 294 884 non
328 828 478 898 quasi
509 826 730 881 doctore
759 831 943 894 egeat,
978 820 1072 876 sed
1107 831 1164 875 ut
1200 821 1274 876 illi
1303 819 1547 885 credant,
1583 818 1718 873 nihil
1756 832 1786 873 a

185 937 244 975 se
289 921 485 974 falsum
524 919 648 973 dici.
684 915 835 983 Quod
868 924 1046 969 autem
1076 912 1209 968 dicit
1236 912 1494 976 Joannes,
1525 912 1605 966 sic
1633 909 1792 964 intel-

185 1012 292 1081 lige
325 1030 339 1064 :
369 1011 493 1065 Mihi
525 1023 660 1080 opus
685 1018 765 1062 est
795 1007 978 1060 audire
1005 1005 1074 1059 ab
1106 1005 1220 1058 illo.
1263 1003 1398 1058 Nam
1437 1002 1505 1057 de
1533 1003 1668 1058 cutio
1699 1016 1792 1056 ve-

184 1103 295 1168 nit,
340 1111 393 1156 et
419 1099 654 1155 caelestia
686 1097 929 1163 nuntiat,
960 1111 1080 1167 qute
1107 1095 1259 1150 solus
1287 1094 1400 1163 ipse
1424 1093 1568 1147 clare
1591 1091 1740 1146 novit
1768 1107 1784 1156 ;

185 1209 311 1247 nam
347 1192 494 1258 illud,
528 1189 733 1244 Audiuit
771 1198 819 1244 et
853 1189 997 1254 vidit,
1027 1187 1132 1242 hoc
1154 1185 1438 1257 signiﬁcat.
1470 1182 1538 1237 Et
1565 1183 1789 1238 testium-

184 1286 331 1338 nium
358 1286 469 1354 ejus
494 1299 637 1336 nemo
663 1282 868 1351 accipit.

253 1373 479 1429 Joannis
515 1372 755 1440 discipuli
793 1370 995 1425 Christo
1035 1385 1136 1424 non
1165 1367 1509 1423 crediderant.
1529 1396 1602 1407 —
1625 1365 1787 1435 Atqui

182 1465 485 1535 discipulos
517 1463 702 1518 habuit
741 1471 796 1518 et
834 1461 987 1517 multi
1034 1461 1195 1515 dictis
1239 1460 1355 1531 ejus
1385 1459 1783 1524 attendebant;

182 1573 286 1611 cur.
327 1571 455 1626 ergo
497 1554 660 1618 dicit,
693 1551 861 1607 Nemo
903 1551 1132 1621 accipit?
1160 1550 1274 1606 Hoc
1304 1558 1409 1616 est,
1439 1549 1599 1604 Pauci
1645 1548 1788 1604 acci-

183 1648 360 1715 piunt.
399 1646 530 1701 Nam
563 1646 605 1699 si
651 1644 919 1700 neminem
949 1644 1210 1710 dixisset,
1241 1657 1339 1698 cur
1369 1642 1740 1712 subjunxisset
1769 1659 1782 1696 :

180 1741 272 1795 53.
309 1739 411 1805 Qui
448 1739 640 1807 accepit
678 1739 787 1808 ejus
831 1738 1197 1804 testimonium,
1238 1738 1456 1806 signavit
1499 1736 1619 1806 quia
1647 1734 1787 1789 Deus

181 1851 342 1888 verax
367 1845 439 1888 est
467 1834 493 1886 .9
529 1832 626 1887 llic
650 1831 944 1901 discipulos
973 1845 1101 1886 suos
1132 1829 1482 1901 perstringit,
1518 1843 1582 1884 ac
1607 1829 1649 1883 si
1678 1843 1784 1882 non

179 1926 412 1980 multum
451 1924 500 1978 ei
539 1921 792 1978 credituri
821 1929 1022 1978 essent.
1046 1921 1198 1990 Quod
1227 1920 1370 1976 enim
1400 1935 1574 1990 neque
1600 1928 1784 1990 postea

178 2017 282 2086 ipsi
334 2014 696 2081 crediderint,
731 2013 902 2083 palam
947 2025 1033 2068 est
1074 2028 1138 2068 ex
1178 2011 1549 2083 sequentibus.
1581 2010 1786 2066 Idcirco

178 2108 305 2163 illos
337 2110 388 2162 in
427 2121 644 2163 carcere
673 2106 911 2160 inclusus
950 2106 1093 2161 misit
1121 2106 1187 2161 ad
1214 2121 1337 2160 eum
1361 2146 1376 2172 ,
1408 2113 1465 2160 ut
1490 2103 1639 2174 ipsos
1666 2119 1783 2158 mn-

175 2201 262 2269 gis
303 2197 405 2269 ipsi
443 2206 806 2252 connecteret.
843 2197 920 2252 lIli
961 2211 1090 2251 vero
1123 2207 1249 2252 tunc
1290 2196 1452 2250 etiam
1485 2197 1573 2250 vix
1603 2195 1783 2251 credi—

174 2291 379 2347 derunt
400 2332 414 2357 ,
445 2288 586 2360 quod
614 2288 964 2345 subindicans
994 2289 1238 2344 Christus
1279 2287 1434 2354 dixit,
1467 2286 1660 2342 Beatus
1696 2287 1785 2357 qui

174 2401 280 2438 non
309 2384 464 2453 fuerit
490 2383 867 2436 scandalizatus
897 2382 948 2436 in
981 2398 1057 2435 me
1089 2381 1107 2454 (
1136 2380 1323 2435 Matth.
1358 2381 1448 2436 11.
1478 2380 1510 2435 6
1540 2382 1581 2449 ).
1626 2379 1782 2434 Nulla

174 2477 341 2546 igitur
385 2475 492 2530 alia
537 2473 608 2530 de
635 2489 800 2530 (musa
827 2474 986 2540 dicit,
1017 2471 1088 2526 Et
1115 2473 1458 2526 testimonium
1499 2473 1608 2541 ejus
1636 2486 1782 2526 nemo

171 2572 387 2641 accipit,
431 2586 589 2642 quam
620 2580 677 2625 ut
701 2568 998 2640 discipulos
1027 2581 1157 2624 suos
1187 2565 1418 2630 erudiat,
1453 2580 1517 2620 ac
1542 2565 1588 2620 si
1629 2564 1779 2620 dice-

172 2671 262 2718 ret
295 2679 308 2714 :
349 2662 426 2717 Ne
463 2662 658 2732 putetis
687 2661 809 2732 quia
846 2659 998 2730 pauci
1029 2657 1288 2714 credituri
1319 2665 1474 2724 sunt,
1506 2656 1625 2712 ideo
1649 2656 1781 2710 falsa

173 2754 267 2808 illa
315 2767 436 2808 esse
464 2768 584 2822 quae
612 2752 885 2808 dicuntur.
917 2750 1048 2806 Nam
1091 2750 1220 2817 Qua
1248 2750 1393 2814 vidit,
1433 2756 1665 2813 testatur,
1695 2748 1780 2802 in-

168 2845 314 2916 quit.
346 2843 474 2898 Hu'c
506 2857 668 2913 porro
697 2842 849 2908 dicit,
885 2851 942 2897 ut
976 2841 1136 2897 simul
1162 2840 1472 2896 Juda'orum
1505 2839 1776 2910 ignaviam

169 2937 537 3006 perstringat;
570 2942 626 2988 ut
664 2936 715 2988 in
757 2934 1023 3004 principio
1049 2932 1325 3003 Evangelii
1357 2933 1506 3002 ipsos
1535 2932 1779 3002 coarguit

171 3031 258 3085 his
289 3029 467 3084 verbis
501 3047 514 3082 :
543 3027 611 3082 1η
638 3029 847 3097 propria
890 3028 1041 3092 venit,
1070 3037 1118 3082 et
1160 3026 1241 3080 sui
1281 3041 1398 3081 eum
1440 3041 1543 3079 non
1571 3040 1776 3094 recepe-

165 3131 312 3174 rstut.
343 3119 456 3174 lloe
480 3129 659 3175 autem
689 3133 796 3172 non
823 3117 1112 3181 venientis,
1140 3115 1237 3172 scd
1267 3130 1371 3170 non
1398 3115 1775 3185 recipientium

169 3223 454 3284 peccatum
486 3220 590 3268 est.
626 3210 727 3277 Qui
748 3211 941 3280 accepit
970 3212 1080 3281 ejus
1109 3208 1470 3274 testimonium,
1495 3209 1775 3280 obsignavit

164 3307 291 3373 quia
327 3304 464 3358 Deus
504 3319 659 3358 verax
686 3312 781 3357 est.
810 3301 909 3357 Hic
940 3303 1060 3357 illos
1086 3310 1352 3368 exterret,
1385 3316 1510 3355 cum
1541 3299 1778 3355 ostendit

163 3413 292 3453 eum
322 3397 411 3467 qui
449 3395 668 3449 Christo
695 3409 798 3448 non
825 3392 1020 3460 credit,
1061 3407 1166 3446 non
1194 3391 1356 3446 modo
1383 3406 1490 3446 non
1528 3391 1650 3461 ipsi,
1678 3389 1772 3445 sed

165 3503 346 3559 neque
376 3487 518 3542 Patri
541 3486 764 3541 credere
792 3503 806 3548 ς
835 3485 1186 3556 quamobrem
1213 3482 1398 3553 adjicit
1427 3502 1441 3538 :
1477 3483 1566 3538 54.
1610 3482 1772 3550 Quem

163 3581 304 3634 enim
351 3579 488 3632 misit
527 3576 685 3644 Deus,
716 3578 868 3631 verba
892 3574 989 3631 Dei
1014 3575 1258 3645 loquitur.
1289 3573 1423 3642 Quia
1452 3589 1581 3644 ergo
1607 3572 1771 3628 verba

163 3671 286 3739 ejus
333 3671 586 3740 loquitur,
618 3677 672 3723 et
721 3667 949 3724 credens
1002 3666 1076 3721 illi
1126 3666 1318 3732 credit,
1352 3675 1406 3720 et
1456 3664 1770 3719 incredulus

164 3764 244 3818 illi
276 3779 385 3817 non
415 3761 608 3818 credit.
651 3761 789 3816 Illud
832 3771 1036 3828 autem,
1071 3760 1392 3831 Obsiguavit,
1436 3759 1489 3814 id
1529 3768 1632 3824 est,
1663 3757 1768 3814 Os-

166 3854 360 3912 tendit.
403 3854 693 3924 Postquam
741 3853 855 3910 liaec
898 3855 1035 3909 dixit
1059 3861 1114 3909 et
1141 3853 1390 3908 timorem
1419 3851 1600 3916 auxit,
1635 3850 1772 3920 adji-

161 3947 238 4000 cit
266 3964 278 3998 :
315 3945 449 4012 Quia
476 3944 613 3999 Deus
638 3961 790 4000 verax
814 3955 926 4012 est;
953 3943 1282 4016 signiﬁcans,
1313 3942 1586 3997 neminem
1611 3956 1769 4011 posse

162 4038 241 4093 illi
287 4051 393 4091 non
425 4037 668 4102 credere,
703 4038 802 4091 nisi
832 4036 1094 4091 mendacii
1125 4043 1311 4105 arguat
1343 4033 1509 4088 Deum
1551 4032 1640 4104 qui
1669 4033 1769 4087 mi-

161 4130 236 4184 sit
282 4129 478 4200 ipsum.
521 4127 784 4196 Quoniam
817 4127 976 4197 igitur
1016 4127 1147 4181 nihil
1190 4134 1338 4181 extra
1367 4141 1431 4180 ea
1479 4139 1600 4195 quae
1644 4132 1772 4180 sunt

163 4222 346 4278 Patris
375 4220 506 4275 dicit
531 4219 798 4284 Christus,
841 4219 936 4274 sed
981 4219 1160 4273 omnia
1191 4219 1336 4273 illius
1362 4226 1487 4272 sunt
1517 4233 1532 4282 ;
1565 4218 1655 4287 qui
1689 4217 1770 4288 ip-

161 4330 287 4369 sum
315 4329 422 4368 non
457 4312 622 4378 audit,
659 4313 960 4366 mittentem
1002 4310 1214 4366 Patrem
1243 4326 1348 4365 non
1380 4310 1548 4366 audit.
1576 4309 1767 4366 Viden‘

159 4406 438 4478 quomodo
474 4405 620 4475 ipsos
660 4420 758 4474 per
800 4403 915 4459 luec
954 4405 1117 4460 etiam
1157 4403 1464 4475 percellat?
1495 4404 1767 4460 Hactenus

161 4498 311 4554 enim
343 4497 472 4550 nihil
501 4511 665 4567 grave
695 4495 955 4566 putabant
977 4509 1099 4550 esse
1125 4496 1396 4550 Christum
1421 4510 1528 4551 non
1556 4495 1764 4551 audire.

165 4589 295 4646 Ideo
327 4598 532 4643 tantum
581 4588 874 4657 periculum
908 4587 1198 4643 incredulis
1230 4587 1546 4658 impendere
1575 4597 1766 4642 osten-

159 4683 366 4750 dit,ut
415 4680 626 4735 discant
665 4678 937 4734 Christum
985 4694 1090 4733 non
1135 4679 1323 4734 audire
1369 4677 1601 4749 idipsum
1644 4693 1768 4735 esse

160 4776 309 4846 quod
343 4775 508 4830 Deum
550 4789 654 4827 non
689 4772 894 4827 audire.
935 4771 1141 4827 Deinde
1185 4772 1549 4842 prosequitur,
1592 4771 1766 4827 imbe-

160 4867 371 4924 cillitati
417 4867 840 4925 mentiseorum
874 4881 933 4921 se
961 4875 1358 4937 attemperans,
1405 4866 1490 4922 his
1539 4866 1762 4922 verbis:

163 4964 219 5020 Ν
224 4981 290 5018 οη
323 4965 458 5019 enim
495 4964 564 5016 ad
591 4979 878 5017 mensuram
917 4962 1004 5014 dat
1042 4960 1180 5016 Deus
1223 4944 1500 5031 Spirilu'tt.
1535 4960 1762 5026 Rursus,

161 5065 222 5110 ut
251 5055 383 5119 dixi,
406 5054 674 5108 humiliori
704 5054 863 5109 modo
885 5053 1142 5123 loquitur,
1174 5053 1252 5107 sic
1285 5052 1501 5106 varians
1529 5051 1594 5106 ad
1629 5051 1764 5107 laci-

162 5148 354 5203 liorem
382 5145 686 5200 auditorum
733 5155 946 5214 captum
981 5160 996 5210 ;
1049 5159 1153 5198 non
1184 5144 1327 5200 enim
1361 5152 1571 5215 poterat
1606 5143 1768 5202 aliter

163 5225 365 5292 metum
392 5251 610 5307 augere.
643 5236 774 5291 Nam
805 5237 848 5290 si
872 5235 997 5307 quid
1026 5234 1094 5290 de
1124 5235 1241 5305 ipso
1269 5249 1520 5306 magnum
1550 5242 1605 5290 et
1627 5233 1762 5289 sub-

162 5331 292 5387 lime
333 5330 590 5394 dixisset,
625 5344 729 5384 non
775 5329 1160 5395 credidissent,
1191 5326 1286 5383 sed
1337 5327 1388 5382 id
1425 5327 1577 5382 nihili
1608 5327 1766 5383 fecis-

163 5432 308 5478 sent.
337 5421 461 5477 Ideo
485 5422 550 5477 ad
573 5422 783 5476 Patrem
804 5431 974 5475 totum
998 5419 1184 5488 refert,
1211 5419 1278 5474 de
1307 5418 1525 5474 Christo
1551 5420 1761 5474 interim

163 5517 316 5586 quasi
347 5514 416 5571 de
445 5514 662 5570 homine
684 5517 929 5583 loquens.
961 5513 1098 5580 Quid
1133 5528 1262 5569 vero
1291 5513 1555 5584 signiﬁcat
1583 5514 1711 5568 illud
1746 5533 1760 5569 :

167 5607 290 5662 Non
333 5609 402 5661 ad
449 5624 736 5661 mensuram
777 5609 864 5660 dat
911 5607 1045 5660 Deus
1077 5609 1378 5677 Spiritum?
1406 5607 1513 5661 Nos
1549 5623 1758 5671 omnes,

161 5702 236 5755 ait
261 5741 274 5764 ,
309 5698 373 5753 ad
415 5715 719 5754 mensuram
747 5699 977 5770 Spiritus
1004 5701 1375 5768 operationem
1404 5701 1710 5767 accepimus
1739 5721 1755 5764 ς

167 5810 264 5862 per
292 5792 547 5862 Spiritum
593 5793 736 5848 enim
783 5792 866 5846 ltic
908 5795 1273 5862 operationem
1312 5792 1562 5861 intelligit
1602 5811 1614 5846 :
1649 5793 1763 5846 haec

167 5887 364 5956 quippe
418 5899 478 5939 ea
527 5894 611 5937 est
658 5899 777 5952 qua:
830 5884 1169 5938 distribuitur
1214 5902 1227 5937 :
1282 5883 1371 5938 hic
1420 5898 1550 5940 vero
1595 5892 1757 5939 totam

483 5992 756 6055 ΡΑτηοῐ..
808 5997 852 6055 C
868 6017 923 6056 η.
977 5999 1135 6059 LIX.

1227 433 1292 488 IN
1330 430 1642 490 JOANNEM
1683 430 1916 488 IIOMIL.
1961 429 2130 487 XXX.
2171 430 2244 485 al.
2287 429 2483 486 XXIX.

3411 430 3512 485 174

1909 544 2057 600 illam
2103 545 2219 601 sine
2276 560 2530 601 mensura
2580 544 2745 601 habet
2787 544 3183 615 operationem.
3235 545 3289 602 Si
3329 556 3510 602 autem

1900 637 2144 706 operatio
2168 637 2288 708 ejus
2315 639 2580 693 immensa
2607 648 2692 694 est
2719 638 2888 693 multo
2915 638 3088 709 magis
3115 638 3235 708 ejus
3260 638 3510 692 substan-

1902 727 1994 781 tia.
2028 727 2214 782 Viden‘
2236 727 2502 798 Spiritum
2531 730 2694 785 etiam
2719 729 3044 785 immensum
3067 727 3230 784 esse?
3253 727 3354 794 Qui
3382 744 3514 798 ergo

1900 825 2066 872 totam
2119 818 2352 888 Spiritus
2397 821 2770 890 operationem
2818 821 3071 890 accepit;
3119 820 3210 889 qui
3258 836 3343 887 ea,
3391 835 3513 891 qua:

1899 919 2025 964 sunt
2069 909 2196 976 Dei,
2247 914 2434 978 novit;
2484 914 2574 984 qui
2625 912 2757 969 dicit
2789 937 2800 965 -.
2837 913 2988 980 Quod
3025 914 3314 968 audivimus
3345 914 3514 982 loqui.

1897 1016 2033 1067 mur,
2081 1010 2127 1055 et
2163 1003 2301 1072 quod
2329 1004 2547 1059 vidimus
2591 1012 2836 1058 testamur
2859 1019 2879 1066 ;
2907 1003 3182 1074 quomodo
3212 1006 3383 1072 possit
3413 1019 3509 1059 su-

1895 1098 2113 1159 spectus
2159 1092 2393 1148 haberi?
2429 1093 2575 1149 Nihil
2601 1094 2748 1150 enim
2789 1094 2921 1150 dicit
2960 1093 3104 1165 quod
3149 1109 3258 1149 non
3288 1094 3357 1150 sit
3388 1095 3506 1160 Dei,

1897 1180 2032 1235 nihil
2070 1181 2217 1247 quod
2260 1198 2367 1238 non
2408 1184 2480 1238 sit
2521 1184 2778 1254 Spiritus.
2822 1186 3000 1256 Atque
3028 1185 3244 1241 interim
3271 1185 3408 1241 nihil
3439 1186 3509 1242 de

1897 1271 2010 1328 Deo
2022 1272 2200 1328 Verbo
2233 1275 2492 1345 loquitur,
2518 1277 2616 1332 sed
2633 1292 2702 1332 ex
2724 1277 2883 1332 Patre
2901 1286 2956 1332 et
2979 1293 3044 1332 ex
3069 1277 3273 1347 Spiritu
3300 1278 3505 1335 doctri-

1895 1379 1978 1420 na:
2019 1379 2132 1420 suae
2179 1365 2341 1422 ﬁdem
2370 1369 2646 1427 conciliat.
2677 1367 2832 1437 Quod
2863 1368 3003 1424 Deus
3033 1377 3180 1424 esset
3209 1379 3506 1438 noverant,

1893 1455 2038 1548 quod
2067 1455 2302 1526 Spiritus
2340 1466 2487 1514 esset
2525 1459 2805 1524 sciebant,
2835 1458 2938 1548 etii
2975 1475 3085 1514 non
3116 1471 3507 1530 congruentem

1894 1545 1962 1603 de
1991 1547 2082 1604 illo
2107 1551 2418 1619 opinionem
2447 1551 2711 1607 haberent
2741 1570 2755 1605 :
2782 1545 2926 1622 quod
2955 1561 3136 1607 autem
3169 1551 3340 1608 Filius
3362 1563 3511 1609 esset

1893 1642 2228 1698 nesciebant.
2272 1643 2400 1700 Ideo
2428 1658 2645 1713 semper
2684 1644 2752 1700 ad
2784 1644 2998 1699 Patrem
3045 1654 3102 1699 et
3137 1644 3203 1699 ad
3247 1644 3506 1715 Spiritum

1892 1733 2168 1804 confugit,
2201 1745 2260 1791 ut
2285 1735 2445 1792 dictis
2485 1735 2647 1792 ﬁdem
2681 1737 2956 1792 conciliet.
2990 1736 3124 1790 Nam
3157 1738 3200 1791 si
3243 1738 3364 1807 quis
3407 1735 3508 1790 hac

1891 1826 2100 1882 sublata
2144 1843 2338 1895 causa,
2389 1843 2698 1886 sermonem
2751 1843 2848 1900 per
2878 1843 2948 1884 se.
2978 1827 3314 1910 consideret,
3346 1826 3506 1897 longe

1892 1917 2046 1974 abest
2073 1934 2103 1974 a
2133 1917 2398 1989 dignitate
2437 1917 2657 1974 Christi.
2689 1919 2805 1975 Non
2837 1919 2980 1974 enim
3015 1918 3137 1974 ideo
3164 1917 3270 1975 ﬁde
3310 1917 3502 1988 dignus

1893 2010 2024 2081 ipsis
2054 2019 2190 2077 erat,
2213 2011 2356 2082 quod
2384 2009 2616 2082 Spiritus
2646 2011 3017 2081 operationem
3043 2009 3265 2067 haberet
3300 2031 3315 2067 :
3346 2011 3506 2081 quip-

1892 2116 1959 2170 pe
1986 2101 2075 2172 qui
2109 2117 2216 2156 non
2247 2113 2403 2173 egeat
2432 2103 2632 2158 auxilio
2656 2101 2822 2167 illius,
2852 2101 2946 2158 sed
2976 2102 3075 2156 sibi
3106 2102 3222 2172 ipse
3247 2101 3500 2158 sufﬁciat.

1891 2191 2110 2249 Interim
2138 2210 2269 2249 vero
2297 2194 2597 2251 secundum
2628 2194 3018 2264 simpliciorum
3063 2195 3374 2263 opinionem
3417 2195 3506 2249 lo-

1890 2287 2095 2357 quitur,
2125 2297 2182 2342 ut
2201 2287 2272 2342 ab
2301 2287 2680 2342 humilioribus
2711 2287 2968 2356 paulatim
2999 2286 3120 2342 illos
3151 2288 3344 2357 erigat.
3376 2286 3505 2341 Haec

1890 2387 2070 2434 autem
2099 2379 2223 2435 dico
2244 2420 2258 2446 ,
2287 2387 2346 2434 ut
2377 2395 2448 2434 ne
2483 2379 2661 2435 obiter
2691 2379 2988 2451 Scriptura:
3011 2378 3152 2434 dicta
3183 2387 3507 2449 prmtercnr-

1887 2487 2090 2539 ramus,
2121 2473 2215 2528 sed
2249 2481 2306 2530 et
2331 2472 2565 2529 dicentis
2594 2487 2820 2544 scopum
2849 2481 2916 2562 et’
2930 2470 3238 2529 auditorum
3266 2472 3500 2528 imbecilo

1890 2566 2095 2623 litatem
2144 2569 2358 2640 aliaque
2411 2571 2578 2627 multa
2643 2570 2976 2641 explora..da
3029 2584 3152 2626 esse
3203 2569 3502 2625 discamus.

1890 2658 2154 2716 Doctores
2194 2662 2339 2717 enim
2383 2677 2491 2717 non
2522 2662 2701 2717 omnia
2747 2671 2806 2718 ut
2831 2662 3036 2717 vellent
3062 2661 3166 2732 ipsi
3196 2660 3502 2732 proferunt,

1887 2752 1982 2807 sed
2018 2752 2275 2824 pleraque
2314 2755 2382 2809 ad
2423 2754 2733 2809 auditorum
2773 2765 2989 2823 captum
3024 2752 3502 2820 inﬁrmitatemque

1889 2851 2212 2913 temperant.
2261 2843 2388 2899 Ideo
2432 2845 2632 2901 Paulus
2681 2846 2758 2900 ait
2798 2863 2812 2899 :
2848 2844 2970 2899 Non
3018 2845 3162 2916 potui
3191 2843 3327 2899 vobis
3363 2843 3501 2914 loqui

1884 2937 2033 3005 quasi
2059 2937 2435 3008 spiritualibus,
2460 2939 2552 2994 sed
2578 2939 2730 3011 quasi
2763 2939 3076 2994 carnalibus.
3106 2937 3211 2993 Lac
3238 2940 3375 2994 vobis
3408 2955 3500 3007 po-

1884 3038 1992 3083 tum
2019 3024 2158 3098 dedi,
2183 3047 2287 3086 non
2313 3031 2480 3085 cibum
2508 3033 2585 3106 (I.
2606 3031 2726 3088 Cor.
2751 3033 2807 3088 3.
2829 3034 2876 3088 l.
2898 3031 2980 3102 2).
3003 3031 3284 3099 Volebam,
3305 3031 3498 3101 inquit,

1883 3121 2038 3178 vobis
2067 3132 2124 3178 ut
2149 3123 2520 3192 Spiritualibus
2561 3125 2729 3196 loqui,
2775 3139 2874 3180 nec
2913 3124 3083 3194 potui.
3124 3124 3304 3193 Quare
3331 3123 3356 3175 l
3381 3122 3497 3177 Non

1882 3214 2025 3284 quod
2067 3214 2156 3270 ille
2189 3231 2295 3270 non
2326 3223 2546 3285 posset,
2576 3215 2672 3272 sed
2713 3215 2838 3287 quia
2883 3215 2959 3270 illi
2989 3230 3097 3271 non
3131 3221 3383 3285 poterant
3419 3213 3500 3269 sic

1881 3305 2092 3360 audire.
2119 3305 2214 3361 Sic
2228 3317 2285 3360 et
2307 3304 2546 3361 Joannes
2571 3306 2790 3362 volebat
2814 3321 3007 3377 magna
3026 3305 3272 3377 quaedam
3296 3304 3498 3360 docere

1880 3397 2199 3468 discipulos,
2231 3397 2326 3454 sed
2373 3398 2424 3453 id
2458 3398 2534 3453 illi
2565 3399 2804 3454 nondum
2831 3413 3028 3468 capere
3060 3405 3332 3469 poterant.
3367 3395 3495 3452 Ideo

1880 3487 1934 3543 in
1959 3488 2336 3545 humilioribus
2364 3489 2600 3546 maxime
2629 3501 2898 3546 versatur.

1951 3581 2003 3637 5.
2049 3581 2344 3652 Diligenter
2375 3582 2536 3654 igitur
2572 3582 2754 3638 omnia
2798 3590 2924 3637 sunt
2973 3580 3327 3652 exploranda.
3361 3579 3493 3636 Nam

1878 3673 2171 3744 Scriptura:
2207 3673 2352 3729 dicta
2399 3675 2699 3746 spiritualia
2743 3690 2895 3731 arma
2938 3685 3085 3731 sunt.
3125 3675 3325 3733 Verum
3352 3677 3399 3730 si
3429 3691 3492 3731 ea

1875 3765 2132 3836 adaptare
2157 3776 2209 3824 et
2237 3767 2534 3838 discipulos
2565 3769 2732 3840 probe
2758 3785 2972 3825 armare
2999 3769 3329 3836 nesciamus,
3377 3771 3496 3840 ipsa

1875 3857 2092 3929 quidem
2121 3873 2276 3915 suam
2305 3860 2414 3914 vim
2444 3859 2684 3927 habent,
2715 3859 2813 3916 sed
2855 3862 3079 3916 armatis
3108 3861 3321 3916 inutilia
3343 3871 3491 3916 sunt.

1877 3953 2259 4025 Supponamus
2285 3968 2408 4010 esse
2424 3952 2641 4009 ﬁrmum
2663 3954 2962 4021 thoracem,
2987 3954 3215 4025 galeam,
3240 3955 3489 4026 clypeum

1874 4056 1929 4102 et
1953 4050 2194 4102 hastam:
2215 4046 2415 4104 deinde
2439 4063 2588 4103 arma
2618 4048 2706 4102 illa
2728 4049 2851 4119 quis
2871 4048 3120 4119 accipiat,
3144 4057 3199 4102 et
3216 4047 3492 4103 thoracem

1876 4139 2132 4210 pedibus;
2161 4141 2369 4212 galeam
2395 4154 2502 4196 non
2533 4142 2717 4213 capiti,
2752 4142 2848 4198 sed
2877 4142 3078 4208 oculis;
3105 4144 3358 4214 clypeum
3381 4157 3488 4196 non

1877 4231 2101 4301 pectori,
2128 4231 2222 4288 sed
2253 4232 2481 4303 pedibus
2507 4233 2730 4304 adaptet
2758 4251 2771 4288 :
2795 4249 2862 4289 an
2883 4235 3082 4304 poterit
3108 4233 3191 4288 his
3215 4234 3384 4287 armis
3403 4233 3493 4302 ju-

1873 4323 2027 4378 vari?
2055 4338 2234 4379 annon
2259 4325 2440 4395 potius
2471 4325 2535 4380 iis
2565 4325 2831 4380 Iaedetur‘t
2865 4325 2998 4380 Illud
3047 4335 3196 4380 certe
3226 4324 3490 4396 liquidum

1873 4424 1976 4470 est.
2009 4414 2123 4470 Hoc
2145 4430 2275 4470 vero
2322 4431 2428 4471 non
2457 4431 2522 4470 ex
2552 4431 2828 4472 armorum
2861 4415 3231 4472 imbecillitate
3253 4457 3269 4483 ,
3300 4416 3394 4472 sed
3425 4432 3492 4471 ex

1875 4506 2140 4576 imperitia
2167 4508 2368 4564 utentis
2388 4508 2657 4578 provenit.
2687 4508 2762 4563 Ita
2792 4518 2848 4564 et
2875 4508 2929 4563 in
2953 4507 3270 4580 Scripturis,
3299 4509 3345 4564 si
3367 4509 3490 4564 illa-

1873 4611 1992 4651 rum
2039 4596 2286 4652 ordinem
2326 4597 2723 4653 conlundamus
2750 4641 2766 4666 ,
2811 4598 2918 4654 illa:
2948 4613 3167 4669 semper
3192 4613 3289 4655 sua
3329 4609 3492 4656 erunt

1873 4688 1924 4742 vi
1957 4689 2236 4746 instructa
2267 4707 2280 4743 :
2311 4706 2412 4746 nos
2440 4706 2574 4747 vero
2599 4691 2730 4746 nihil
2756 4690 3044 4762 juvabunt.
3070 4690 3199 4749 Ilaec
3218 4691 3376 4749 vobis
3397 4707 3491 4765 pu-

1874 4782 2013 4838 blice
2037 4791 2092 4838 et
2115 4784 2360 4854 privatim
2390 4793 2666 4855 repetens,
2691 4785 2825 4839 nihil
2857 4785 3082 4855 proﬁcio
3111 4802 3126 4839 :
3158 4773 3288 4841 uarii
3314 4803 3489 4843 smcu.

1873 4873 2078 4930 laribus
2107 4891 2204 4931 vos
2240 4890 2463 4946 semper
2502 4876 2665 4932 rebus
2703 4875 2951 4932 addictos
2988 4879 3266 4949 conspicio
3292 4920 3309 4945 ,
3355 4879 3488 4934 dum

1877 4964 2176 5036 spiritualia
2213 4967 2348 5022 nihil
2381 4967 2637 5038 penditis.
2669 4966 2795 5022 Ideo
2821 4976 2872 5022 et
2908 4967 3073 5023 vitam
3123 4969 3446 5042 negligimus
3471 5011 3488 5035 ,

1872 5069 1925 5115 et
1955 5075 2077 5116 cum
2101 5075 2198 5131 pro
2220 5061 2447 5117 veritate
2471 5071 2765 5128 certamus,
2798 5076 2905 5117 non
2940 5077 3132 5134 magna
3155 5065 3205 5119 vi
3237 5065 3487 5121 instructi

1871 5165 2080 5218 sumus,
2105 5152 2198 5208 sed
2229 5152 2435 5208 ridiculi
2462 5152 2760 5219 evadimus,
2789 5163 2899 5209 tum
2927 5155 3068 5225 apud
3091 5157 3343 5226 gentiles,
3373 5167 3488 5212 tum

1872 5244 2013 5315 apud
2037 5243 2256 5299 Judazos
2280 5252 2336 5300 et
2361 5245 2503 5315 apud
2537 5245 2844 5301 haereticos.
2870 5247 3024 5314 Quod
3052 5250 3096 5302 si
3125 5249 3175 5302 in
3203 5249 3325 5305 aliis
3346 5265 3487 5320 quo-

1872 5352 1977 5408 que
2001 5337 2165 5392 rebus
2192 5337 2307 5406 pari
2349 5337 2677 5407 negligentia
2700 5339 2988 5393 uteremini
3015 5380 3030 5407 ,
3060 5354 3129 5394 ne
3152 5339 3230 5395 sic
3266 5339 3484 5410 quidem

1872 5428 2026 5483 vobis
2055 5436 2201 5482 esset
2241 5427 2649 5497 ignoscendum.
2683 5427 2883 5484 Verum
2917 5429 2970 5483 in
2996 5429 3349 5485 smcularibus
3393 5444 3486 5485 ne-

1873 5521 2034 5592 gotiis
2062 5521 2289 5592 quisque
2315 5528 2556 5576 vestrum
2586 5531 2668 5578 est
2688 5521 2869 5592 gladio
2891 5524 3119 5591 acutior,
3149 5532 3257 5579 tam
3280 5525 3368 5595 qui
3393 5541 3486 5580 ar-

1878 5625 1956 5668 tes
1985 5622 2263 5679 exercent,
2289 5628 2449 5686 quam
2480 5615 2569 5684 qui
2600 5631 2686 5670 res
2714 5616 2900 5672 civiles
2924 5626 3176 5672 tractant.
3205 5617 3260 5672 In
3295 5633 3487 5674 ncces-

1875 5706 2034 5760 sariis
2058 5720 2188 5760 vero
2236 5703 2291 5759 et
2331 5705 2703 5775 spiritualibus
2730 5750 2743 5774 ,
2781 5710 2954 5778 ignavi
2999 5725 3220 5779 prorsus
3254 5725 3439 5766 sumus
3467 5754 3480 5776 ,

1876 5796 2009 5852 levia
2056 5795 2217 5851 rebus
2257 5796 2414 5850 seriis
2453 5795 2823 5866 prail'erentes.
2875 5800 3006 5867 Qum
3049 5812 3228 5856 autem
3273 5805 3485 5856 earteris

1875 5888 2125 5943 omnibus
2167 5887 2518 5943 antcl’erenda
2559 5898 2752 5958 erant,
2803 5890 2917 5946 hu:c
2971 5907 3039 5946 ne
3085 5892 3222 5947 levia
3268 5894 3482 5963 quidem

3040 6005 3101 6060 ll
