4024 6452
566 432 665 488 175

563 566 788 613 censere
798 552 1104 623 dignamur.
1126 547 1207 602 An
1226 540 1442 601 nescitis
1463 538 1577 591 haec
1592 548 1698 588 non
1726 530 1915 602 priscis
1935 534 2135 623 tantum

570 616 1091 711 hominibus'scripta
1113 650 1253 702 esse,
1280 632 1376 690 sed
1394 630 1552 688 etiam
1575 627 1732 682 nobis
1762 624 1822 678 ‘1
1846 621 1960 679 Non
1987 616 2139 711 audis

570 739 790 795 Paulum
810 737 1071 791 dicentem
1102 746 1118 784 :
1153 728 1279 784 Hac
1303 725 1371 780 ad
1397 733 1621 779 nostram
1640 716 1923 772 doctrinam
1951 710 2138 777 scripta

568 840 706 897 sunt,
724 828 798 881 ad
821 841 945 896 quos
987 824 1113 893 ﬁnes
1136 819 1435 876 swculorum
1458 814 1757 868 devenerunt
1790 805 1875 897 (l:
1892 801 2009 897 cor.
2043 797 2132 854 10.

570 923 658 994 11)
741 926 799 974 stt
832 892 937 988 iper
980 892 1271 985 patientiam
1315 916 1362 963 et
1404 901 1793 994 consolationem
1836 892 2137 994 Scriptura-

564 983 679 1064 γαίη
702 983 1138 1078 spem-habeamus
1171 1001 1343 1072 (Rom.
1372 997 1460 1052 15.
1487 995 1544 1064 ι)
1581 1010 1595 1046 :
1624 989 1748 1047 Scio
1773 983 2139 1078 equidem__me

563 1072 757 1155 frustra
798 1096 977 1167 loqui,
1021 1092 1114 1150 sed
1165 1090 1324 1146 linem
1370 1082 1581 1141 dicendi
1624 1094 1729 1135 non
1772 1076 1981 1167 faciam.
2014 1072 2140 1167 Hice

565 1190 709 1244 enim
749 1161 989 1243 iaciendo
1017 1181 1156 1253 apud
1194 1180 1359 1234 Deum
1398 1178 1681 1231 excusatus
1725 1181 1857 1234 ero,
1885 1161 2136 1253 etiamsi

568 1282 742 1335 nullus
767 1277 964 1334 audiat.
996 1250 1154 1329 Certe
1181 1269 1270 1341 qui
1289 1265 1505 1323 attentis
1532 1260 1784 1333 loquitur,
1818 1250 2139 1311 consolatio—

566 1389 686 1430 nem
715 1387 781 1428 cx
808 1369 1109 1425 auditorum
1154 1358 1498 1431 obsequentia
1537 1353 1734 1424 accipit
1767 1367 1783 1406 :
1824 1347 1913 1420 qui
1960 1350 2138 1445 autem

566 1476 709 1532 serpe
750 1459 1073 1515 eoncionans
1100 1469 1205 1525 mn
1235 1450 1466 1516 auditur,
1499 1460 1599 1501 nec
1625 1452 1805 1499 tamen
1834 1446 2138 1494 concionart

633 1618 648 1648 ¹
686 1614 881 1673 Quidam
900 1613 1099 1671 habent,
1126 1608 1271 1669 vobis,
1296 1618 1402 1669 pro,
1422 1599 1573 1654 nobis.

1312 431 1371 486 5.
1410 421 1682 483 JOANNlS
1716 408 2183 478 CHRYSOSTOMI
2225 405 2542 464 ARClllEP.
2580 404 3111 463 CONSTANTINOP.
3746 408 3842 461 1³16

2244 528 2442 588 cessat,
2498 516 2687 587 majori
2732 517 2953 587 prmmio
2989 517 3182 587 dignus
3210 515 3310 572 erit
3334 557 3349 582 ,
3389 516 3513 586 quia
3542 518 3844 571 secundum

2250 612 2346 667 Dei
2392 609 2684 680 placitum,
2716 606 3049 662 auscultante
3092 606 3307 661 nemine
3328 647 3345 672 ,
3377 605 3619 661 ofﬁcium
3658 606 3845 675 implet

2242 714 2419 757 suum.
2453 700 2697 753 Attamen
2730 694 2855 751 licet
2881 696 3037 751 nobis
3078 696 3251 765 major
3280 710 3486 751 merces
3532 696 3607 750 oh
3650 711 3841 752 socor-

2242 792 2383 846 diam
2409 799 2639 845 vestram
2665 796 2903 858 paretur,
2930 787 3197 842 malumus
3228 785 3367 841 hanc
3390 786 3585 852 minui,
3615 796 3673 841 ct
3700 786 3843 841 salu-

2246 883 2314 937 tis
2366 892 2557 937 vestrae
2607 895 2759 950 spem
2808 894 2929 935 esse
2978 878 3233 949 majorem
3281 895 3295 932 :
3341 877 3648 948 profectum
3696 879 3845 933 enim

2244 986 2479 1032 vestrum
2518 972 2781 1029 mercedis
2815 973 2931 1027 loco
2967 970 3249 1026 habemus.
3284 969 3350 1025 Et
3380 971 3495 1025 haec
3528 984 3675 1025 nunc
3702 969 3844 1025 dici-

2243 1084 2363 1125 mus
2386 1108 2402 1135 ,
2432 1083 2537 1123 non
2576 1076 2634 1121 ut
2683 1064 2894 1119 molesti
2923 1071 2977 1117 et
3004 1063 3215 1117 onerosi
3245 1062 3400 1118 vobis
3428 1063 3624 1130 simus,
3662 1062 3759 1117 sed
3787 1073 3848 1117 ut

2244 1158 2482 1215 dolorem
2512 1164 2751 1211 nostrum
2771 1153 2839 1208 de
2864 1153 3088 1223 segnitie
3114 1161 3290 1207 vestra
3318 1160 3642 1221 conceptum
3675 1150 3841 1207 οιιιί-

2245 1249 2465 1305 beamus
2492 1264 2505 1301 :
2535 1261 2638 1317 qua
2667 1243 2867 1299 utinam
2891 1257 2989 1297 nos
3009 1255 3196 1297 omnes
3220 1240 3454 1307 liberati,
3477 1240 3846 1311 spiritualium

2245 1354 2423 1395 rerum
2453 1337 2627 1392 studio
2654 1335 2975 1401 htereamus,
3008 1342 3063 1389 et
3095 1333 3330 1389 caelestia
3355 1334 3496 1390 bona
3527 1347 3844 1403 consequa-

2245 1445 2384 1495 mur,
2415 1428 2580 1500 gratia
2606 1436 2659 1483 et
2682 1426 3009 1497 benignitate
3036 1425 3245 1480 Domini
3266 1424 3432 1480 nostri
3461 1423 3595 1480 Jesu
3610 1422 3843 1492 Christi,

2244 1522 2457 1593 quicum
2485 1520 2626 1575 Patri
2654 1520 2821 1589 gloria
2846 1534 3057 1590 unaque
3076 1516 3297 1587 Spiritui
3316 1526 3526 1586 sancto,
3557 1518 3615 1573 in
3640 1520 3844 1573 saecula

2247 1612 2585 1669 saeculorum.
2617 1612 2812 1669 Amen.

575 1778 629 1791 —
1541 1846 1544 1849 ν
1842 1825 2191 1894 HOMILIA
2230 1822 2474 1884 XXXI.
3464 1770 3471 1775 ’

572 1973 660 2027 55.
705 1969 863 2024 Pater
896 1967 1061 2038 diligit
1087 1962 1300 2028 Filium,
1329 1970 1377 2017 et
1401 1958 1569 2014 omnia
1590 1955 1727 2011 dedit
1754 1954 1808 2009 in
1829 1966 1984 2006 manu
2012 1948 2140 2038 ejust

636 2060 726 2116 36.
770 2058 870 2126 Qui
898 2034 1053 2111 credit
1077 2055 1130 2108 in
1152 2051 1369 2117 Filium,
1391 2049 1537 2104 habet
1565 2046 1720 2100 vitam
1746 2051 2025 2097 (sternam:
2054 2034 2144 2107 qui

634 2125 802 2205 autent
831 2144 1120 2201 incredulus
1146 2150 1217 2198 est
1242 2139 1404 2206 Filio,
1431 2153 1533 2192 non
1552 2133 1733 2192 videbit
1758 2134 1932 2198 vitam,
1952 2127 2039 2182 sed
2064 2125 2142 2179 ira

639 2239 735 2295 Dei
760 2245 925 2293 manet
946 2250 1097 2305 super
1124 2249 1259 2287 eum.

637 2335 688 2387 1.
730 2330 974 2399 Magnum
1000 2320 1457 2395 attemperationis
1484 2326 1539 2376 et
1565 2312 1907 2386 indulgentiae
1933 2309 2139 2366 lucrum

567 2426 619 2479 in
650 2422 896 2478 omnibus
923 2418 1083 2475 rebus
1108 2415 1435 2487 experimur.
1466 2410 1557 2468 Sic
1599 2417 1745 2464 artes
1790 2403 2137 2477 perfecimus,

567 2528 673 2568 non
712 2521 931 2582 repente
959 2510 1135 2565 omnia
1162 2521 1192 2562 a
1217 2503 1483 2576 magistris
1515 2501 1816 2563 discentes;
1858 2494 1937 2550 sic
1978 2488 2140 2582 urbes

565 2580 980 2667 construximus,
1010 2598 1207 2656 sensim
1253 2604 1308 2653 et
1354 2591 1607 2665 paulatim
1657 2586 2030 2647 aedificantes;-
2062 2580 2141 2635 sic

565 2695 724 2749 vitam
747 2689 1249 2749 sustentamus.Nec
1273 2687 1484 2743 mireris
1507 2684 1551 2740 si
1574 2683 1661 2738 hic
1685 2679 1875 2736 modus
1902 2678 1955 2731 in
1985 2672 2142 2742 hujus

566 2786 687 2838 vita:
714 2783 873 2837 rebus
907 2788 1107 2835 tantam
1141 2780 1248 2833 vim
1288 2776 1501 2839 habeat,
1531 2771 1741 2844 quando
1767 2771 1818 2824 in
1847 2763 2138 2837 spirituali-

567 2873 666 2927 bus
694 2885 908 2942 quoque
953 2869 1054 2925 hoc
1090 2867 1323 2939 prudens
1367 2869 1843 2935 temperamentum
1879 2858 1947 2912 ita
1979 2853 2137 2908 valet.

563 2961 652 3017 Sic
698 2960 766 3015 ab
810 2959 1110 3015 idololatria
1160 2965 1378 3026 potuere
1420 2951 1588 3008 Judaei
1619 2948 1787 3019 eripi,
1817 2944 2017 3002 sensim
2050 2955 2139 2997 re-

564 3052 706 3107 ducti
732 3068 748 3118 ;
774 3050 863 3121 qui
890 3064 919 3103 a
945 3048 1204 3120 principio
1231 3045 1361 3101 nihil
1388 3044 1615 3099 sublime
1634 3039 1937 3105 audierunt,
1965 3048 2140 3104 neque

567 3153 822 3212 quantum
851 3140 915 3194 ad
946 3139 1214 3210 dogmata,
1248 3151 1420 3206 neque
1446 3141 1702 3204 quantum
1734 3130 1799 3184 ad
1842 3130 1964 3183 vitae.
1990 3126 2142 3181 insti-

565 3240 757 3288 totum.
808 3230 896 3285 Sic
949 3230 1109 3285 etiam
1159 3236 1281 3298 post
1323 3224 1517 3281 Christi
1565 3222 1882 3284 adventum,
1932 3216 2143 3288 quando

567 3320 935 3377 sublimiorum
979 3318 1285 3389 dogmatum
1329 3325 1540 3383 tempus
1578 3321 1714 3374 erat,
1745 3322 1934 3364 omnes
1972 3307 2141 3363 addu-

570 3411 759 3467 cehant
787 3409 1034 3479 apostoli,
1064 3408 1193 3463 nihil
1221 3405 1451 3461 sublime
1478 3419 1508 3458 a
1551 3401 1811 3472 principio
1837 3400 2137 3469 loquentes.

569 3502 657 3557 Sic
682 3509 736 3555 et
758 3500 1000 3555 Christus
1029 3498 1209 3553 multis
1243 3512 1274 3551 a
1300 3494 1559 3567 principio
1585 3491 1746 3548 verba
1776 3490 2020 3547 faciebat.
2052 3487 2141 3544 Sic

565 3588 798 3644 Joannes
826 3604 964 3644 nunc
992 3588 1118 3644 fecit
1140 3587 1206 3643 de
1233 3586 1321 3641 illo
1347 3584 1497 3657 quasi
1527 3584 1595 3639 de
1619 3582 1849 3638 mirabili
1890 3580 2139 3651 quopiam

570 3679 783 3735 homine
820 3681 1064 3750 loquens,
1084 3676 1433 3744 sublimiaque
1478 3673 1755 3729 obscurius
1786 3672 2135 3750 interserens.

571 3768 723 3824 Initio
752 3744 977 3839 namque
998 3744 1209 3823 dicebat
1236 3785 1248 3819 :
1280 3765 1401 3819 Non
1432 3772 1589 3833 potest
1622 3763 1772 3816 homo
1799 3778 1832 3814 a
1858 3744 2023 3830 seipse
2052 3776 2141 3814 ac-

565 3858 731 3927 cipere
767 3858 1055 3927 quidquam.
1092 3855 1291 3912 Deinde
1333 3862 1611 3924 postquam
1642 3850 1841 3921 aliquid
1889 3865 2140 3920 magnum

568 3948 781 4019 adjecit,
814 3948 913 4015 Qui
938 3949 1001 4002 de
1020 3946 1143 4002 caelo
1168 3948 1319 4012 venit,
1342 3961 1500 4014 supra
1532 3959 1702 3999 omnes
1728 3952 1838 4005 est;
1862 3955 2047 3997 rursus
2075 3941 2141 3995 ad

570 4038 789 4093 humilia
834 4038 1128 4103 descendit,
1162 4044 1357 4105 praeter
1401 4034 1504 4088 alia
1532 4032 1697 4087 multa
1743 4030 1970 4086 dicens:
2022 4030 2140 4086 Non

567 4130 700 4184 enim
729 4144 792 4183 ea:
819 4144 1052 4182 mensura
1077 4129 1163 4180 dat
1207 4125 1344 4181 Deus
1372 4124 1660 4195 Spiritum;
1706 4132 1890 4193 postea
1934 4136 2137 4185 rursus,

572 4219 731 4275 Pater
760 4220 927 4291 diligit
978 4217 1192 4285 Filium,
1221 4226 1266 4271 et
1314 4217 1483 4270 omnia
1529 4214 1668 4269 dedit
1706 4216 1759 4267 in
1814 4230 1968 4268 manu
2008 4213 2137 4283 ejus.

568 4312 693 4367 lnde
717 4326 837 4366 cum
869 4310 1216 4381 intelligeret,
1249 4316 1449 4363 metum
1475 4305 1721 4375 supplicii
1749 4319 1993 4373 magnam
2034 4304 2140 4356 uti-

567 4402 769 4456 litatem
796 4415 1010 4470 parere,
1043 4398 1345 4466 multosque
1387 4412 1494 4451 non
1538 4404 1645 4449 tam
1679 4393 1957 4460 promissis
1982 4406 2140 4462 quam

566 4490 1065 4545 comminationibus
1094 4488 1318 4552 moveri,
1355 4486 1443 4541 hic
1472 4486 1682 4540 tandem
1710 4482 1909 4538 claudit
1936 4497 2144 4539 sermo-

568 4595 688 4634 nem
716 4589 770 4635 et
798 4563 903 4634 ait:
932 4578 1031 4647 Qui
1056 4579 1211 4632 credit
1237 4579 1289 4632 in
1315 4575 1506 4631 Filium
1529 4575 1676 4629 liabet
1698 4575 1848 4628 vitam
1866 4583 2139 4628 cateruam:

564 4670 650 4737 qui
701 4685 816 4722 vero
854 4685 954 4723 non
998 4668 1156 4722 credit
1196 4666 1355 4734 Filio,
1397 4682 1497 4720 non
1537 4664 1718 4719 videbit
1747 4664 1919 4731 vitam,
1949 4664 2037 4717 sed
2062 4664 2139 4717 ira

568 4760 659 4815 Dei
686 4771 850 4814 manet
874 4776 1023 4831 super
1062 4776 1194 4814 eum.
1223 4760 1455 4814 Rursum
1506 4756 1593 4812 hic
1642 4756 1709 4812 ad
1754 4756 1965 4811 Patrem
2008 4769 2135 4824 sup-

566 4852 705 4923 plicii
756 4866 1055 4907 sermonem
1103 4849 1286 4905 refert.
1334 4848 1450 4904 Non
1491 4849 1634 4903 enim
1681 4846 1834 4913 dixit,
1867 4846 1948 4902 Ira
1995 4846 2137 4913 Filii,

565 4942 773 4997 etiamsi
832 4942 921 4996 ille
972 4940 1042 4995 sit
1064 4940 1263 5010 judex;
1311 4940 1405 4994 sed
1456 4939 1666 4994 Patrem
1717 4937 2051 5001 memoravit,
2085 4944 2141 4991 ut

564 5034 732 5102 magis
774 5041 1017 5088 terreret.
1045 5031 1180 5087 Num
1208 5046 1338 5101 ergo
1363 5029 1577 5097 sufficit,
1611 5029 1837 5099 inquies,
1866 5030 1918 5083 in
1945 5027 2139 5084 Filium

567 5125 807 5191 credere,
831 5132 889 5178 ut
913 5124 1019 5178 vita
1045 5133 1245 5177 aeterna
1275 5121 1571 5176 habeatur?
1608 5120 1976 5191 Nequaquam.
2002 5119 2138 5174 Audi

567 5214 837 5269 Christum
885 5215 987 5269 hoc
1033 5214 1207 5284 ipsum
1258 5213 1615 5268 declarantem
1663 5210 1746 5267 his
1775 5211 1974 5277 verbis,
2018 5208 2141 5263 Non

567 5304 731 5357 omnis
755 5304 839 5374 qui
865 5304 985 5357 dicit
1023 5304 1167 5371 mihi,
1200 5302 1439 5370 Domine,
1471 5300 1705 5367 Domine,
1734 5300 1941 5355 intrabit
1978 5301 2030 5353 in
2056 5317 2139 5353 re-

564 5411 719 5465 gnum
745 5395 979 5448 ca'lorum
1005 5393 1213 5468 (Matth.
1246 5394 1299 5447 7.
1328 5390 1457 5465 2i);
1490 5401 1543 5447 et
1568 5390 1902 5461 blasphemia
1932 5390 1985 5444 in
2016 5389 2137 5460 Spi-

566 5486 724 5540 ritum
756 5484 951 5540 sufilcit
974 5494 1029 5539 ut
1055 5484 1106 5538 in
1132 5484 1425 5553 gehennam
1448 5485 1567 5554 quis
1593 5481 1925 5537 detrudatur.

640 5574 795 5629 Fides
837 5575 945 5630 sine
992 5575 1094 5628 vita
1123 5575 1253 5628 bona
1294 5575 1420 5627 nihil
1449 5573 1674 5645 prodest.
1707 5571 1875 5641 Illud,
1920 5572 1997 5627 ira
2026 5587 2136 5626 ma-

567 5675 658 5720 net
681 5680 842 5735 super
868 5680 1012 5731 eum,
1046 5680 1241 5735 penam
1281 5672 1519 5718 cateruam
1546 5665 1791 5735 designat.
1814 5693 1884 5703 —
1914 5663 1980 5717 Et
2016 5664 2139 5733 quid

565 5756 686 5809 dico
712 5755 778 5811 de
809 5764 955 5825 parte
982 5754 1281 5826 dogmatis?
1324 5752 1458 5808 Nam
1487 5755 1606 5808 etsi
1641 5755 1759 5824 quis
1789 5764 1934 5809 recte
1960 5755 2142 5809 credat

566 5847 621 5899 iu
647 5844 853 5901 Patrem
882 5856 935 5901 et
962 5846 1156 5901 Filium
1178 5856 1232 5901 et
1249 5844 1503 5916 Spiritum
1527 5856 1789 5914 sanctum,
1804 5847 1845 5903 si
1869 5854 2014 5903 recte
2036 5860 2139 5901 non

2246 1942 2411 2005 vivat,
2428 1937 2560 1993 nihil
2585 1937 2681 2007 ipsi
2708 1935 2842 1991 fides
2866 1934 3183 2005 proderitad
3206 1934 3610 2004 salutem.Ergo
3626 1936 3839 2006 quando

2246 2031 2398 2096 dicit,
2431 2028 2557 2083 Hac
2586 2038 2657 2082 est
2684 2028 2816 2081 enim
2860 2028 2960 2080 vita
2986 2036 3197 2096 aeterna,
3228 2036 3283 2079 ut
3310 2038 3620 2097 cognoscant
3667 2037 3716 2079 te
3758 2044 3841 2081 so-

2247 2122 2356 2175 lum
2397 2135 2569 2173 verum
2594 2115 2760 2171 Deum
2792 2116 2967 2183 (Joan.
3008 2118 3095 2171 l7.
3126 2117 3206 2185 '5),
3232 2130 3300 2170 ne
3326 2124 3574 2186 putemus
3606 2117 3659 2171 id
3684 2117 3843 2171 iiebis

2245 2212 2312 2267 ad
2344 2211 2569 2265 salutem
2600 2210 2728 2264 satis
2750 2223 2887 2263 esse.
2913 2208 3058 2279 Opus
3084 2222 3311 2278 namque
3341 2207 3494 2262 nobis
3518 2217 3602 2263 est
3631 2217 3688 2264 et
3720 2209 3844 2263 vita

2244 2312 2299 2359 et
2330 2317 2537 2356 morum
2570 2300 2813 2354 instituto
2854 2300 3081 2370 probo‘.
3127 2299 3197 2354 Et
3238 2299 3281 2353 si
3333 2297 3419 2352 hic
3464 2299 3687 2364 dixerit,
3740 2299 3845 2367 Qui

2244 2393 2403 2447 credit
2440 2392 2494 2446 in
2531 2390 2748 2456 Filium,
2791 2389 2937 2444 liabet
2985 2391 3138 2443 vitam
3180 2398 3463 2453 (sternam;
3507 2404 3701 2445 verum
3753 2406 3843 2446 se-

2244 2484 2460 2553 quentia
2485 2480 2853 2537 vehementius
2903 2479 3143 2550 protulit.
3189 2478 3374 2549 Neque
3403 2480 3551 2535 enim
3591 2495 3661 2535 ex
3685 2480 3846 2537 bonis

2248 2582 2475 2638 tantum,
2509 2572 2601 2627 sed
2629 2573 2786 2627 etiam
2816 2586 2882 2627 ex
2910 2572 3194 2626 contrariis
3222 2585 3533 2626 sermonem
3562 2573 3843 2637 contexit;

2246 2672 2301 2720 et
2326 2663 2446 2719 vide
2484 2677 2591 2733 quo
2619 2673 2796 2733 pacto.
2841 2661 3005 2717 infert
3030 2664 3196 2729 enim,
3230 2662 3329 2729 Qui
3358 2678 3459 2716 non
3488 2662 3652 2716 credit
3679 2661 3843 2727 Filio,

2246 2770 2346 2808 non
2373 2753 2555 2807 videbit
2592 2754 2766 2819 vitam,
2791 2752 2881 2807 sed
2909 2755 2986 2806 ira
3027 2751 3123 2805 Dei
3155 2761 3319 2816 manet
3351 2768 3502 2818 super
3522 2768 3658 2805 eum.
3694 2754 3848 2807 Atta-

2245 2858 2366 2899 men
2390 2857 2495 2898 non
2524 2842 2649 2898 hinc
2671 2842 2972 2910 inferimus,
2997 2844 3162 2898 solam
3188 2842 3346 2896 iidem
3372 2841 3441 2895 ad
3465 2843 3701 2897 salutem
3723 2858 3848 2900 esse

2244 2936 2409 3001 satis;
2442 2934 2581 3005 quod
2616 2934 2871 3005 probatur
2899 2948 2963 2989 ex
2990 2933 3147 2988 dictis
3172 2934 3501 3003 evangelicis
3544 2932 3849 3004 frequenti-

2247 3025 2367 3091 bus,
2393 3024 2587 3079 bonam
2608 3026 2772 3080 vitam
2807 3025 3193 3096 spectantibus.
3221 3024 3345 3080 Ideo
3370 3040 3477 3080 non
3507 3025 3668 3092 dixit,
3720 3026 3850 3081 llaec

2244 3116 2357 3195 sola
2383 3123 2466 3170 est
2491 3116 2597 3169 vita
2637 3124 2859 3181 aeterna,
2889 3129 3080 3184 neque,
3112 3114 3162 3169 Is
3184 3114 3272 3186 qui
3302 3116 3646 3171 solummodo
3672 3118 3850 3173 credit

2246 3205 2301 3260 in
2332 3204 2550 3270 Filium,
2585 3205 2746 3260 habet
2771 3205 2934 3259 vitam
2974 3214 3264 3271 mternam;
3296 3205 3389 3261 sed
3421 3206 3474 3259 iu
3507 3216 3743 3276 utroque
3766 3208 3850 3262 vi-

2246 3304 2355 3351 tam
2382 3310 2501 3351 esse
2528 3297 2808 3366 significat.
2840 3295 3000 3351 Certe
3026 3296 3069 3351 si
3102 3297 3205 3351 vita
3232 3298 3404 3366 proba
3426 3312 3531 3353 non
3561 3310 3847 3369 sequatur,

2245 3400 2495 3456 magnum
2549 3395 2804 3456 sequetur
2856 3387 3196 3456 supplicium.
3248 3387 3433 3457 Neque
3474 3389 3633 3457 dixit,
3665 3390 3850 3447 Manet

2245 3491 2391 3541 eum,
2422 3476 2537 3542 sed,
2566 3475 2737 3530 Manet
2768 3492 2920 3546 super
2944 3492 3093 3541 eum;
3136 3476 3418 3533 declarans
3444 3494 3740 3550 numquam
3778 3483 3850 3535 ah

2246 3580 2312 3622 eo
2351 3566 2710 3621 discessuram
2761 3567 2893 3621 iram
2939 3581 3081 3622 esse.
3108 3566 3187 3623 Ne
3227 3577 3449 3639 putares
3493 3571 3639 3625 enim
3689 3572 3846 3638 illud,

2250 3657 2373 3711 Non
2415 3657 2595 3712 uidebit
2639 3660 2811 3726 vitam,
2842 3668 3069 3716 mortem
3119 3670 3518 3731 temporaneam
3561 3663 3844 3729 indicare;

2248 3746 2343 3801 sed
2374 3746 2622 3802 crederes
2651 3757 2965 3818 perpetuum
2987 3765 3107 3805 esse
3136 3752 3475 3822 supplicium,
3510 3753 3617 3810 hoc
3637 3754 3846 3811 dictum

2248 3837 2449 3909 posuit,
2482 3838 2537 3891 tit
2577 3836 2889 3894 ostenderet
2934 3839 3083 3895 illam
3125 3851 3383 3912 perpetuo
3412 3859 3635 3900 manere
3678 3858 3735 3902 et
3765 3849 3848 3903 in-

2248 3927 2443 3982 sidere.
2495 3928 2627 3983 lllud
2672 3938 2853 3985 autem
2885 3928 3026 3995 fecit,
3063 3940 3121 3985 ut
3162 3948 3256 4002 per
3284 3932 3403 3989 htec
3444 3935 3629 3991 omnia
3675 3939 3845 3994 verba

2248 4019 2393 4090 ipsos
2436 4018 2502 4074 ad
2531 4018 2804 4075 Christum
2848 4020 3166 4091 impelleret.
3218 4022 3557 4095 Quapropter
3614 4042 3729 4083 non
3778 4030 3846 4084 ad

2248 4111 2369 4166 illos
2396 4112 2639 4181 privatim
2680 4112 2881 4167 monita
2925 4113 3125 4184 dirigit,
3151 4116 3244 4169 sed
3277 4116 3331 4170 in
3357 4120 3654 4183 communi,
3684 4129 3744 4176 et
3791 4131 3852 4176 ut

2248 4202 2481 4256 maxime
2528 4202 2671 4271 ipsos
2715 4203 2929 4258 allicere
2980 4212 3212 4273 poterat.
3253 4205 3367 4260 Non
3413 4207 3556 4261 enim
3598 4208 3763 4276 dixit,
3792 4212 3848 4267 Si

2249 4291 2502 4356 credatis,
2525 4290 2583 4346 Si
2611 4308 2716 4346 non
2744 4292 2977 4346 credatis
3002 4309 3015 4356 ;
3052 4294 3147 4349 sed
3176 4295 3227 4348 in
3278 4296 3546 4350 communi
3578 4296 3848 4369 loquitur,

2250 4388 2309 4433 ut
2336 4394 2455 4449 quae
2481 4379 2731 4435 dicuntur
2760 4381 2888 4435 nulli
2920 4381 3026 4436 sint
3054 4383 3343 4454 suspicioni
3366 4384 3597 4442 obnoxia
3630 4406 3643 4442 :
3686 4390 3852 4460 idque

2252 4470 2374 4525 fecit
2402 4469 2793 4537 vehementius,
2824 4487 2983 4541 quam
3011 4472 3278 4529 Christus.
3310 4474 3442 4530 Nam
3471 4475 3729 4534 Christus
3770 4482 3853 4536 di-

2249 4564 2340 4627 cit,
2369 4561 2468 4628 Qui
2491 4579 2591 4617 non
2613 4562 2791 4629 credit,
2808 4566 2923 4634 jam
2942 4565 3207 4635 judicatus
3228 4577 3341 4632 est;
3371 4566 3457 4622 hic
3481 4578 3693 4637 autem,
3726 4570 3850 4627 Non

2248 4653 2429 4707 videbit
2471 4655 2645 4721 vitam,
2675 4655 2764 4707 sed
2793 4656 2872 4707 ira
2903 4655 2997 4709 Dei
3037 4666 3205 4711 manet
3252 4673 3407 4729 super
3451 4675 3606 4725 eum;
3638 4670 3699 4717 et
3727 4663 3854 4733 jure

2248 4745 2483 4815 quidem.
2514 4745 2700 4816 Neque
2731 4747 2869 4801 enim
2904 4747 3040 4803 idem
3064 4756 3148 4803 est
3188 4749 3421 4819 aliquem
3453 4751 3522 4806 de
3547 4754 3739 4824 seipse
3773 4757 3853 4811 lo-

2248 4836 2361 4903 qui.
2390 4845 2445 4890 et
2485 4835 2711 4893 alterum
2741 4836 2808 4892 de
2837 4837 2947 4892 illo.
2978 4837 3110 4892 Nam
3140 4838 3413 4895 Christum
3464 4852 3755 4912 putassent
3786 4863 3851 4902 ex

2248 4925 2535 4981 ambitione
2556 4936 2609 4981 et
2632 4926 2767 4982 fastu
2794 4943 2936 4999 saepe
2958 4929 3080 4983 talia
3108 4930 3281 5000 loqui:
3311 4931 3551 4987 Joannes
3577 4948 3716 4990 vero
3752 4937 3853 4993 huc

2248 5019 2465 5072 carebat
2505 5020 2831 5089 suspicione.
2866 5020 3019 5088 Quod
3058 5022 3102 5076 si
3148 5031 3335 5092 postea
3379 5024 3629 5080 Christus
3676 5028 3856 5084 vehe—

2248 5107 2513 5163 mentiore
2541 5124 2670 5164 usus
2696 5119 2781 5165 est
2824 5124 3094 5177 sermone,
3120 5113 3173 5168 id
3205 5121 3330 5169 tunc
3360 5113 3504 5182 fecit,
3530 5120 3758 5187 quando
3786 5122 3856 5179 de

2248 5196 2364 5267 ipso
2386 5214 2627 5269 magnam
2655 5199 2921 5255 habebant
2947 5202 3271 5269 opinionem.
3299 5202 3451 5275 (Cap.
3469 5206 3526 5276 4)
3549 5208 3600 5261 l.
3631 5208 3701 5265 Ut
3730 5229 3853 5283 ergo

2249 5291 2472 5359 cognovit
2513 5288 2685 5355 Jesus,
2715 5292 2835 5361 quia
2872 5292 3142 5347 audierunt
3181 5294 3457 5362 Pharisaei,
3501 5299 3644 5363 quod
3689 5301 3852 5357 Iesus

2248 5379 2417 5450 plures
2457 5380 2735 5450 discipulos
2765 5382 2907 5453 facit,
2940 5392 2988 5436 et
3026 5382 3281 5453 baptisat,
3312 5402 3463 5453 quam
3491 5385 3727 5443 Joannes
3761 5390 3848 5463 (ἱ.

2246 5485 2548 5539 quamquam
2574 5470 2725 5525 Iesus
2755 5487 2854 5524 non
2885 5472 3181 5543 baptisaret,
3215 5474 3302 5528 sed
3327 5476 3566 5543 discipuli
3589 5480 3767 5550 ejus),
3796 5483 3849 5537 5.

2247 5566 2445 5617 secessit
2476 5580 2539 5617 ex
2568 5563 2772 5631 Judaea,
2815 5575 2859 5619 et
2890 5566 3019 5618 venit
3056 5566 3108 5618 in
3140 5564 3429 5621 Galilaeam.
3465 5568 3582 5638 Ipse
3624 5571 3848 5640 quidem

2249 5671 2353 5710 non
2398 5656 2652 5726 baptizat,
2683 5657 2777 5712 sed
2827 5659 2998 5713 nuntii
3040 5674 3159 5713 cum
3202 5659 3400 5715 vellent
3448 5663 3714 5733 majorem
3774 5668 3849 5722 illi

2250 5744 2501 5799 invidiam
2523 5745 2780 5812 conﬂare,
2806 5748 2874 5801 ita
2902 5748 3223 5804 referebant.
3244 5740 3373 5815 Cur,
3409 5752 3641 5823 inquies,
3667 5770 3849 5813 seces-

2318 5859 2331 5888 ί
2368 5857 2515 5909 savii.
2548 5855 2689 5921 legit,
2722 5871 2908 5909 morum
2932 5856 3138 5912 instituto
3157 5860 3433 5925 purissimo.
