4024 6452
148 403 255 461 ΓΠ

144 521 259 572 sit?
304 517 418 571 Non
449 517 588 586 quod
623 518 850 581 timeret,
882 515 974 570 sed
1005 523 1061 570 ut
1093 513 1306 568 invidiae
1351 525 1564 566 causam
1592 524 1728 576 pra:-

145 607 448 670 seinderet,
479 615 532 661 et
570 609 789 661 livorem
822 607 1107 674 mitigaret.
1155 604 1367 658 Poterat
1395 601 1535 655 enim
1563 615 1620 654 se
1645 613 1738 666 ag-

145 697 468 766 gredientes
517 695 791 761 cohibere,
838 694 932 749 sed
973 694 1186 747 nolebat
1233 691 1358 746 illud
1415 689 1741 758 frequentius

146 802 339 856 agere,
370 803 436 841 ne
465 785 840 840 incarnationis
870 785 1025 837 fidem
1054 784 1120 837 de
1150 783 1324 836 medio
1352 781 1582 835 tolleret.
1607 777 1738 832 Nam

145 881 191 932 si
226 893 377 945 saepe
406 878 775 945 deprehensus
805 876 1116 944 aufugisset,
1151 875 1202 928 in
1230 887 1345 926 eam
1374 869 1515 940 apud
1545 871 1739 923 multos

143 967 516 1036 suspicionem
551 967 799 1019 venisset.
842 964 963 1018 ideo
996 963 1161 1017 multa
1209 962 1444 1015 humano
1471 973 1620 1013 more
1665 959 1739 1010 fa-

145 1060 350 1113 ciebat.
401 1057 471 1113 Ut
513 1059 653 1112 enim
701 1057 844 1110 credi
877 1056 1062 1118 voluit,
1095 1068 1154 1108 se
1205 1053 1370 1106 Deum
1399 1066 1538 1116 esse,
1572 1051 1644 1103 ita
1683 1057 1739 1103 et

152 1167 377 1206 carnem
404 1159 662 1221 gestasse.
688 1149 810 1204 ideo
839 1158 956 1219 post
992 1146 1438 1202 resurrectionem
1472 1142 1736 1211 discipulo

145 1242 394 1296 dicebat:
422 1239 591 1308 Pulpa
615 1250 661 1294 et
685 1241 814 1305 vide,
837 1239 956 1307 quia
985 1238 1191 1308 spiritus
1217 1252 1418 1290 carnem
1438 1243 1482 1288 et
1502 1249 1615 1288 ossa
1635 1249 1735 1287 non

145 1334 297 1386 habet
331 1331 478 1404 (Luc.
502 1331 592 1386 21.
623 1330 737 1400 59).
767 1329 969 1384 Idcirco
993 1329 1205 1382 Petrum
1237 1324 1732 1395 increpavitdicen-

147 1435 282 1484 tem,
317 1421 582 1490 Propitius
613 1429 714 1474 esto
741 1421 848 1485 tibi,
875 1435 976 1472 non
1020 1419 1113 1472 erit
1143 1418 1228 1470 tibi
1274 1418 1368 1471 hoc
1393 1415 1604 1487 (Matth.
1645 1415 1731 1470 16.

147 1511 267 1581 2:2).
300 1510 529 1564 Tantum
559 1525 620 1564 ea
650 1510 714 1564 de
746 1525 803 1563 re
829 1509 1089 1563 sollicitus
1121 1508 1237 1562 fuit.

218 1604 275 1654 9..
309 1600 440 1654 Nam
470 1616 574 1653 non
600 1599 802 1654 modica
835 1599 949 1653 haec
977 1607 1058 1654 est
1085 1599 1223 1653 inter
1245 1597 1494 1652 Ecclesia:
1517 1595 1735 1664 dogma-

144 1705 195 1748 ta
228 1694 425 1764 portio,
460 1694 565 1745 imo
587 1692 768 1746 salutis
810 1701 1006 1746 nostra:
1044 1699 1202 1760 caput
1226 1731 1240 1753 ,
1271 1705 1366 1760 per
1391 1688 1530 1759 quod
1554 1687 1732 1741 omnia

145 1787 283 1841 facta
314 1793 788 1853 consummataque
811 1791 954 1838 sunt.
990 1781 1079 1837 Sic
1105 1796 1249 1835 mors
1287 1782 1458 1836 soluta
1481 1821 1495 1844 ,
1538 1792 1728 1848 pecea-

146 1889 261 1933 tum
293 1876 583 1941 sublatum,
611 1873 948 1929 maledictum
980 1872 1286 1942 abrogatum
1329 1911 1344 1937 ,
1377 1871 1650 1924 innumera
1680 1868 1730 1922 in

144 1969 312 2020 vitam
380 1973 616 2019 nostram
673 1964 884 2018 inducta
939 1963 1076 2017 bona
1127 1971 1270 2017 sunt.
1327 1961 1451 2016 ideo
1504 1959 1733 2014 maxime

138 2059 501 2111 meonomiam
533 2055 678 2110 credi
708 2053 956 2120 volebat,
1001 2068 1120 2124 qua:
1148 2053 1294 2106 radix
1332 2060 1387 2107 et
1414 2049 1534 2105 fons
1577 2048 1730 2103 nob’s

140 2150 550 2201 innumerorum
581 2145 1062 2202 iueratbonorum.
1115 2145 1246 2198 Dum
1274 2153 1452 2198 autem
1503 2143 1729 2197 humana

139 2237 510 2306 dispensabat,
560 2250 664 2290 non
691 2235 900 2290 sinebat
927 2234 1102 2289 divina
1123 2234 1416 2288 obscurari.
1464 2232 1596 2286 Cum
1642 2247 1729 2288 re-

140 2327 398 2382 cessisset
425 2341 572 2397 ergo,
602 2341 660 2381 ea
688 2327 821 2397 ipsa,
855 2342 969 2395 qua:
995 2326 1159 2395 prius,
1196 2334 1426 2380 tractare
1454 2323 1728 2395 pergebat.

141 2419 330 2488 Neque
361 2418 502 2473 enim
530 2418 647 2472 sine
672 2431 831 2472 causa
862 2417 914 2470 in
936 2415 1209 2472 Galila-am
1240 2416 1468 2481 abierat,
1492 2414 1586 2470 sed
1613 2431 1729 2469 ma-

139 2526 244 2576 gna
275 2523 470 2579 parans
489 2508 630 2580 apud
658 2509 1021 2564 Samaritanos
1045 2510 1252 2579 negotia
1277 2526 1290 2574 ;
1322 2524 1420 2564 nec
1446 2519 1731 2579 utcumque

142 2603 231 2656 illa
261 2601 600 2671 dispensans,
631 2601 724 2655 sed
755 2611 947 2670 quanta
975 2616 1071 2670 par
1096 2601 1191 2670 ipsi
1221 2610 1338 2656 erat
1364 2601 1647 2670 sapientia,
1672 2608 1730 2654 ut

143 2691 349 2745 nullam
378 2691 574 2746 Judmis
601 2689 685 2746 vel
712 2690 1032 2760 impudentis
1053 2693 1411 2746 excusationis
1439 2706 1622 2746 ansam
1652 2708 1730 2746 re-

143 2786 413 2853 linqueret
443 2802 455 2836 :
486 2782 626 2852 quod
657 2782 999 2837 subindicaus
1021 2783 1340 2852 evangelista
1361 2783 1652 2852 subjunxit,
1673 2784 1727 2840 4.

143 2874 419 2945 Oportebat
447 2884 613 2927 autem
643 2872 784 2927 illum
806 2875 1022 2927 transire
1045 2891 1132 2944 per
1162 2874 1488 2941 Samariam,
1541 2883 1598 2928 ut
1643 2889 1730 2928 os-

142 2968 391 3021 tenderet
429 2967 601 3035 ipsum
643 2965 743 3019 hoc
766 2967 917 3034 quasi
939 2966 1112 3020 obiter
1138 2966 1350 3022 fecisse.
1381 2967 1467 3022 Sic
1509 2975 1560 3021 et
1593 2980 1724 3034 apo-

140 3059 265 3112 stoli
293 3057 538 3128 agebant.
572 3055 703 3110 Nam
735 3056 874 3111 sicut
901 3057 998 3122 illi,
1021 3057 1222 3112 Judtcis
1252 3060 1722 3128 persequentibus,

140 3149 207 3203 ad
230 3157 420 3218 gentes
448 3148 734 3202 veniebant
760 3165 774 3202 :
807 3147 877 3201 ita
904 3156 958 3203 et
988 3146 1229 3202 Christus
1250 3189 1264 3211 ,
1295 3148 1508 3218 quando
1553 3149 1725 3218 ipsum

141 3240 432 3310 pellebant,
463 3248 587 3293 tunc
612 3248 799 3309 gentes
821 3237 1020 3304 adibat,
1048 3247 1104 3293 ut
1134 3240 1184 3292 in
1217 3239 1625 3310 Syrophmnissa
1651 3241 1727 3296 fe-

140 3332 233 3386 cit.
255 3331 378 3385 llaec
401 3345 559 3400 porro
575 3331 652 3383 sic
672 3338 818 3399 gesta
844 3338 986 3394 sunt,
1011 3332 1256 3385 utnmnis
1270 3330 1511 3387 defensio
1526 3331 1725 3386 Iudaeis

142 3421 438 3485 tolleretur,
469 3435 566 3474 nec
581 3419 761 3476 dicere
781 3431 1018 3489 possent.
1049 3420 1214 3476 Nobis
1243 3414 1444 3477 relictis
1473 3424 1538 3478 ad
1561 3425 1724 3479 incir-

141 3513 408 3566 cumcisos
439 3510 709 3580 profectus
732 3521 834 3567 est.
857 3511 1193 3582 QuaprOpter
1212 3513 1478 3581 discipuli,
1518 3523 1574 3568 ut
1605 3529 1725 3569 sese

142 3615 447 3677 purgarent,
506 3605 751 3660 dicebant
787 3623 800 3658 :
863 3604 1014 3660 Vobis
1037 3607 1293 3674 Oportebat
1321 3607 1541 3676 primum
1587 3609 1725 3676 loqui

142 3697 341 3750 verbum
363 3695 460 3749 Dei
486 3712 503 3749 :
532 3695 650 3766 quia
680 3711 794 3750 vero
815 3695 1048 3766 indignos
1077 3711 1162 3749 vos
1177 3697 1445 3765 judicatis,
1478 3713 1585 3750 ecce
1611 3712 1726 3750 con-

142 3787 380 3840 vertimur
404 3787 470 3839 ad
512 3795 679 3856 gentes
706 3789 724 3855 (
757 3787 867 3840 Act.
898 3787 982 3841 15.
1028 3785 1097 3840 ιϐ
1124 3786 1172 3854 );
1206 3794 1260 3840 et
1311 3787 1424 3855 ipse
1473 3802 1682 3842 rursum
1704 3829 1720 3854 ,

148 3876 266 3931 Non
291 3879 400 3930 veni
445 3878 543 3930 nisi
571 3877 638 3929 ad
699 3893 810 3930 oves
856 3893 968 3946 quia
1020 3878 1270 3946 perierunt
1317 3879 1495 3932 domus
1545 3877 1712 3932 Israel

146 3969 164 4037 (
201 3967 386 4020 Matth.
425 3967 507 4021 l5.
537 3968 627 4021 24.
659 3968 678 4035 )
705 3983 718 4031 ;
744 3978 794 4022 et
829 3982 1040 4021 rursum
1065 4008 1080 4032 ,
1115 3966 1234 4020 Non
1273 3979 1343 4022 est
1369 3969 1554 4023 bonum
1581 3971 1722 4024 acci-

145 4074 260 4126 pere
301 4074 480 4127 paneut
517 4058 770 4125 ﬁliorum,
798 4066 843 4110 et
886 4057 1008 4111 dare
1053 4058 1257 4111 canibus
1288 4057 1306 4127 (
1339 4057 1476 4111 Ibid.
1504 4075 1548 4112 υ.
1575 4058 1646 4114 26
1679 4061 1718 4128 ).

143 4150 274 4202 Cum
296 4157 470 4201 autem
505 4147 647 4200 illum
677 4145 1010 4214 repulerunt,
1044 4155 1168 4200 tunc
1209 4146 1426 4216 januam
1475 4142 1723 4218 gentibus

143 4245 479 4307 aperuerunt.
502 4236 683 4306 Neque
709 4245 880 4290 tamen
909 4238 987 4291 sic
1016 4236 1080 4290 ad
1109 4236 1224 4291 illos
1251 4237 1517 4306 prmcipue
1542 4238 1724 4292 venie-

146 4327 366 4394 bat,scd
391 4327 715 4382 transeundo
740 4337 964 4381 tantum.
997 4327 1289 4382 Trausiens
1318 4327 1507 4396 igitur,
1532 4329 1585 4383 5.
1624 4327 1719 4384 Ve-

145 4424 213 4473 nit
237 4423 251 4451 ¹
283 4421 333 4472 in
361 4421 606 4472 civitatem
631 4420 882 4473 Samaria:
905 4462 919 4483 ,
943 4436 1057 4488 qua
1085 4421 1269 4473 dicitur
1296 4419 1517 4491 Sychar,
1564 4439 1724 4494 prope

145 4514 328 4574 locum,
351 4526 494 4578 quem
512 4509 651 4562 dedit
676 4507 836 4563 Iacob
859 4508 1051 4579 Ioseph
1074 4509 1181 4578 [ilio
1208 4527 1321 4564 suo.
1368 4512 1420 4566 6.
1459 4510 1588 4566 Erat
1618 4529 1720 4566 au-

144 4614 236 4656 tem
267 4602 370 4654 illic
397 4600 513 4668 fons
545 4599 850 4655 Jacob.Cur
871 4602 1195 4669 evangelista
1224 4603 1426 4656 deloco
1457 4604 1534 4658 sic
1560 4619 1717 4659 accu-

145 4703 254 4745 rate
297 4690 530 4760 loquitur
556 4690 579 4743 ?
607 4690 675 4745 Ut
700 4706 819 4745 cum
837 4691 1070 4764 audieris
1097 4691 1373 4746 mulierem
1403 4693 1667 4749 dicentem
1701 4734 1718 4762 ,

143 4780 299 4833 Iacob
327 4790 470 4849 pater
497 4789 662 4832 noster
692 4779 826 4832 dedit
863 4779 1003 4835 nobis
1048 4781 1180 4833 hunc
1221 4791 1463 4846 puteum,
1495 4798 1562 4838 ne
1605 4793 1722 4839 stu-

146 4883 284 4935 peas.
317 4867 447 4921 Nam
477 4868 624 4922 locus
652 4869 738 4923 ille
781 4879 926 4931 erat,
964 4871 1048 4922 tibi
1094 4886 1188 4939 pro
1221 4872 1351 4925 Dina
1386 4872 1720 4943 indignantes

145 4961 264 5013 Levi
292 4968 345 5012 et
374 4957 607 5029 Symeon
631 4999 644 5023 ,
684 4973 894 5026 gravem
927 4960 1067 5012 illam
1117 4961 1319 5016 caedem
1351 4971 1644 5030 patrarunt.

213 5048 650 5103 Samaritanorum
668 5049 873 5118 origo.-
887 5049 998 5102 Non
1025 5051 1119 5105 abs
1138 5067 1194 5105 rc
1216 5063 1390 5105 autem
1411 5053 1589 5120 fuerit,
1616 5072 1717 5109 un-

145 5140 208 5195 de
229 5141 484 5208 originem
518 5130 803 5195 habuerint
828 5141 1145 5195 Samaritani
1172 5158 1410 5197 narrare.
1447 5143 1579 5199 Nam
1609 5156 1716 5201 tota

147 5233 230 5284 illa
259 5231 404 5300 regio
429 5229 669 5286 Samaria
699 5241 934 5285 vocatur.
987 5231 1136 5288 Unde
1186 5249 1315 5304 ergo
1361 5236 1437 5289 sic
1467 5237 1716 5305 appellati

145 5323 306 5374 sunt?
334 5321 527 5376 Somor
556 5336 710 5375 mons
759 5322 848 5375 ille
897 5325 1266 5378 nominabatur
1295 5342 1322 5378 a
1370 5328 1598 5396 quodam
1630 5329 1718 5398 qui

145 5415 286 5467 illum
320 5414 655 5483 possederat,
682 5415 1100 5482 utdicitlsaias,
1150 5417 1216 5470 Et
1259 5430 1411 5487 caput
1467 5420 1719 5475 Somoron

147 5503 389 5573 Ephraim
433 5507 450 5574 (
489 5503 616 5558 Isai.
651 5507 700 5558 '7.
727 5505 759 5560 9
789 5507 807 5576 )
834 5523 848 5571 ;
882 5507 972 5561 sed
996 5510 1083 5577 qui
1113 5510 1255 5563 illum
1289 5512 1588 5566 incolebant
1611 5529 1716 5568 non

145 5595 477 5660 Samaritani,
502 5595 594 5651 sed
624 5595 874 5651 lsraelita:
898 5601 1240 5654 vocabantur.
1275 5601 1332 5654 lu
1364 5602 1592 5657 decursu
1621 5620 1716 5660 ve—

204 5727 218 5801 ξ
247 5727 295 5801 in
323 5728 483 5801 ator-el.
510 5728 718 5801 legitur:
742 5736 1064 5800 «transeundo
1086 5742 1283 5786 tantum.
1319 5739 1392 5788 Sir.
1418 5740 1612 5792 cons:!io
1634 5757 1718 5793 suo

143 5794 385 5850 ride/iuta,
411 5794 563 5855 pergit
589 5794 752 5844 dicens
781 5808 796 5843 :
818 5805 836 5841 I
855 5797 968 5854 cnit,
998 5805 1092 5846 etc.

1188 395 1253 454 IN
1289 395 1604 455 JOANNEM
1644 394 1873 448 llUlllL.
1923 393 2109 447 XXXI.
2144 395 2212 449 al.
2260 396 2425 451 XXX.

3333 401 3436 456 178

1855 522 1914 559 ro
1939 510 2192 575 temporis
2222 511 2385 564 Deum
2411 509 2783 574 offenderunt;
2811 519 2862 565 et
2885 510 3092 567 Phacee
3132 525 3388 581 regnante
3414 555 3430 578 ,

1855 596 2154 651 ascendens
2205 596 2468 665 Theglath
2499 597 2787 664 Phalasar,
2820 600 3016 653 multas
3055 599 3196 669 cepit
3243 599 3432 664 urbes,

1849 685 1999 741 Elam
2050 687 2268 744 adortus
2320 690 2553 755 occidit,
2608 701 2667 745 et
2715 689 2868 746 Oscae
2925 683 3145 760 regnum
3194 691 3430 745 tradidit.

1848 777 1998 831 llunc
2023 793 2300 847 aggressus
2329 779 2669 858 Sglmanasar
2697 780 2862 835 alias‘
2887 781 3032 850 cepit
3053 781 3231 844 urbes,
3259 791 3312 836 et
3337 783 3440 836 tri-

1845 868 2080 924 butarias
2112 868 2233 924 fecit
2259 871 2334 939 (4.
2362 869 2484 941 Reg.
2517 871 2834 940 l7).Verum
2861 872 2997 926 Osee
3016 873 3191 941 primo
3214 871 3430 942 quidem

1845 961 2026 1023 cessit,
2051 959 2244 1016 deinde
2275 977 2402 1016 vero
2432 962 2732 1028 rebellavit,
2755 973 2809 1016 et
2833 963 2898 1016 ad
2935 962 3256 1031 (Ethiopnm,
3275 963 3427 1017 auxi-

1845 1050 1971 1103 lium
2000 1049 2254 1119 confugit.
2281 1051 2358 1106 lte
2379 1052 2613 1122 cognita,
2647 1053 2899 1122 Assyrius
2930 1054 3223 1108 exercitum
3253 1053 3432 1108 admo

1842 1140 1939 1205 vit,
1972 1149 2025 1195 et
2047 1151 2198 1210 capta
2228 1141 2442 1196 civitate
2461 1184 2476 1206 ,
2498 1150 2711 1212 gentem
2739 1142 2886 1197 illam
2913 1157 3019 1197 non
3075 1143 3145 1198 ibi
3199 1145 3431 1213 amplius

1847 1231 2090 1286 habitare
2112 1233 2370 1300 permisit,
2398 1234 2675 1287 neiterum
2709 1233 3004 1289 deficerent
3033 1250 3048 1299 ;
3079 1234 3174 1290 sed
3207 1235 3291 1289 his
3327 1235 3425 1290 Ba-

1841 1321 2090 1393 bylonem
2121 1331 2177 1377 et
2207 1323 2260 1376 in
2284 1322 2506 1376 Mediam
2539 1323 2832 1390 translatis,
2862 1332 3048 1393 gentes
3075 1324 3212 1378 alias
3265 1327 3431 1380 variis

1842 1430 1918 1470 es.
1936 1416 2070 1470 locis
2095 1415 2316 1470 eductas
2363 1415 2414 1470 in
2460 1416 2757 1472 Samariam
2809 1416 3104 1473 habitatum
3152 1419 3320 1484 misit,
3375 1428 3430 1471 ut

1841 1507 2052 1562 ﬁrmum
2081 1523 2234 1562 suum
2262 1507 2344 1562 his
2374 1509 2424 1562 in
2452 1509 2581 1563 locis
2604 1509 2885 1578 imperium
2917 1518 3102 1580 postea
3129 1518 3275 1565 esset
3301 1551 3316 1574 ,
3346 1525 3430 1564 re-

1840 1599 1998 1669 gione
2028 1597 2145 1654 fidis
2176 1599 2364 1654 incolis
2389 1599 2598 1654 tradita.
2643 1601 2736 1656 llis
2758 1601 2826 1655 ita
2850 1602 3038 1672 gestis,
3069 1602 3214 1657 Deus
3252 1611 3309 1656 ut
3330 1617 3426 1670 po-

1844 1691 2061 1746 tentiam
2085 1704 2235 1744 suam
2266 1690 2598 1756 ostenderet,
2629 1691 2879 1762 quodque
2900 1708 3009 1747 non
3040 1691 3110 1747 ob
3137 1692 3419 1747 imbecilli-

1840 1790 2000 1836 tatem
2038 1780 2252 1836 Judmos
2302 1781 2638 1849 tradidisset,
2698 1782 2792 1836 sed
2848 1791 3068 1854 propter
3125 1783 3422 1838 incolarum

1841 1881 2078 1942 peccata,
2114 1871 2298 1926 leones
2327 1870 2379 1924 in
2409 1871 2668 1926 barbaros
2698 1871 2940 1938 immisit,
2982 1873 3071 1942 qui
3101 1882 3266 1927 totam
3292 1887 3419 1943 gen-

1841 1972 1945 2016 tem
1971 1961 2339 2016 devastabant.
2368 1962 2493 2018 llzee
2516 1962 2628 2032 regi
2654 1963 3000 2028 nuntiantur;
3026 1963 3116 2018 ille
3142 1963 3305 2018 mittit
3334 1979 3428 2018 sa-

1838 2053 2110 2108 cerdotem
2138 2052 2444 2122 quemdam,
2477 2053 2567 2122 qui
2604 2054 2696 2108 Dei
2733 2053 2876 2122 leges
2898 2053 3027 2123 ipsis
3055 2053 3307 2110 traderet.
3334 2058 3428 2109 At-

1840 2155 2017 2200 tamen
2048 2160 2114 2201 ne
2135 2146 2212 2200 sic
2232 2145 2446 2216 quidem
2470 2146 2688 2199 omnino
2717 2145 2784 2200 ab
2809 2145 3081 2215 impietate
3107 2145 3428 2202 destiterunt

1837 2235 1930 2293 sed
1961 2237 2152 2306 partim
2177 2243 2404 2290 tantum.
2434 2235 2737 2305 Insequenti
2767 2244 2946 2290 autem
2978 2243 3218 2305 tempore
3242 2278 3257 2302 ,
3307 2235 3427 2290 ido-

1841 2331 2012 2386 lorum
2038 2329 2247 2398 abjccto
2269 2329 2434 2396 cultu,
2465 2328 2631 2383 Deum
2679 2327 2980 2382 coluerunt.
3029 2328 3164 2382 Cum
3221 2326 3324 2383 hoc
3372 2327 3424 2382 in

1836 2431 1977 2475 statu
2003 2435 2090 2475 res
2118 2430 2318 2486 essent,
2343 2419 2543 2474 reversi
2563 2418 2754 2484 Judaei,
2786 2417 2885 2473 hos
2915 2428 2973 2473 ut
2999 2419 3331 2489 alienigenas
3372 2428 3428 2472 et

1838 2514 2020 2570 hostes
2051 2514 2437 2571 aversabantur
2457 2555 2472 2580 ,
2500 2527 2636 2582 quos
2666 2527 2694 2565 a
2727 2521 2909 2566 monte
2933 2511 3302 2566 Samaritanos
3329 2527 3425 2566 vo-

1834 2606 2048 2660 cabant.
2073 2604 2274 2659 Judaeis
2303 2619 2432 2658 vero
2475 2618 2581 2658 non
2612 2604 2734 2657 hinc
2762 2617 2920 2672 parva
2944 2617 3064 2657 cum
3115 2603 3245 2672 ipsis
3285 2603 3424 2657 orie-

1836 2698 1990 2752 batur
2019 2699 2313 2764 contentio,
2335 2695 2478 2768 quod
2498 2711 2602 2750 non
2627 2703 2764 2750 totas
2779 2693 3081 2763 Scripturas
3100 2694 3422 2764 reciperent,

1835 2791 1928 2845 sed
1978 2789 2172 2862 Iloysis
2233 2798 2433 2844 tantum
2463 2788 2664 2853 libros;
2715 2802 2813 2843 nec
2864 2786 3156 2857 pmphetas
3202 2787 3423 2842 multum

1834 2890 2104 2936 curarent.
2131 2881 2409 2936 Samaritae
2427 2895 2554 2936 vero
2576 2879 2848 2935 Judaicam
2865 2879 3198 2934 nobilitatem
3221 2879 3426 2935 ambie-

1835 2975 1984 3042 bant,
2012 2989 2289 3044 genusque
2317 2989 2471 3029 suum
2515 2974 2580 3028 ad
2610 2973 2880 3029 Abraham
2913 2973 3066 3043 quasi
3109 2972 3423 3042 progenito-

1836 3084 1947 3123 retn
1979 3066 2303 3132 referebant,
2344 3075 2526 3136 utpote
2551 3068 2640 3136 qui
2660 3082 2725 3121 ex
2751 3064 3002 3120 Chaldaea
3024 3071 3228 3129 essent,
3259 3073 3312 3118 et
3337 3062 3424 3118 Ja-

1831 3158 1933 3216 eob
1959 3168 2160 3228 patrem
2186 3173 2343 3213 suum
2373 3158 2653 3225 vocabant,
2678 3166 2862 3227 utpote
2889 3157 3117 3212 Abrahae
3141 3163 3421 3225 nepotem:

1831 3252 1996 3307 Judtni
2021 3266 2148 3306 vero
2172 3266 2292 3306 cum
2320 3252 2529 3306 exteris
2554 3251 2804 3305 omnibus
2853 3249 2998 3319 ipsos
3037 3264 3253 3320 quoque
3293 3249 3422 3303 abo-

1833 3343 2187 3398 minabantur.
2249 3341 2397 3397 Unde
2422 3350 2477 3396 et
2499 3339 2715 3396 Christo
2741 3340 3139 3409 exprobrabant
3169 3340 3250 3393 his
3298 3353 3421 3393 ver-

1832 3435 1912 3488 bis
1935 3451 1948 3487 :
1995 3433 2353 3489 Samaritanus
2378 3449 2429 3487 es
2452 3442 2504 3486 tu
2525 3475 2541 3498 ,
2565 3442 2609 3486 et
2631 3433 2936 3487 damonium
2961 3433 3112 3486 habes
3139 3434 3156 3501 (
3182 3429 3340 3485 Joan.
3363 3432 3419 3486 8.

1831 3523 1900 3579 48
1926 3525 1969 3594 ).
2000 3525 2066 3580 Et
2097 3523 2148 3577 in
2175 3524 2394 3577 historia
2425 3524 2542 3591 ejus
2566 3523 2655 3591 qui
2701 3522 3059 3576 descenderat
3106 3522 3174 3576 ab
3202 3521 3422 3576 Jerusa-

1833 3616 1937 3671 lem
1971 3617 2023 3669 in
2045 3615 2282 3679 Iericho,
2317 3615 2405 3667 illa
2439 3615 2551 3682 ipsa
2579 3614 2647 3667 de
2669 3627 2828 3668 causa
2857 3613 3102 3667 Christus
3132 3613 3423 3667 Samarita-

1832 3723 1956 3762 num
1990 3706 2210 3771 inducit,
2245 3705 2344 3770 Qui
2373 3707 2490 3775 fecit
2535 3704 2935 3758 misericordiam
2993 3704 3046 3756 in
3099 3703 3190 3756 illo
3241 3700 3415 3774 (Luc.

1832 3799 1920 3855 l0.
1953 3801 2018 3855 37
2050 3797 2089 3870 ),
2124 3798 2283 3852 vilem
2317 3811 2509 3865 nempe
2537 3810 2845 3865 personam,
2877 3795 3188 3863 despectam
3206 3803 3260 3848 et
3280 3794 3421 3863 apud

1832 3892 1949 3943 illos
1970 3888 2403 3944 abominabilem.
2437 3887 2503 3941 Et
2530 3901 2594 3941 ex
2617 3886 2804 3940 decem
2856 3885 3083 3955 leprosis
3105 3900 3270 3938 unum
3288 3883 3424 3939 alie-

1830 3985 2074 4053 nigenam
2108 3992 2282 4047 vocat,
2329 3982 2452 4051 quia
2495 3980 2861 4036 Samaritanus
2916 3987 3032 4033 erat
3059 3995 3072 4030 :
3102 3986 3263 4046 atque
3310 3977 3423 4045 ipse

1829 4073 2102 4142 discipulis
2122 4073 2343 4142 loquens
2367 4071 2577 4126 dicebat
2611 4088 2623 4122 ε
2652 4070 2717 4124 In
2741 4072 2870 4123 viam
2893 4069 3115 4140 gentium
3147 4085 3210 4122 ne
3236 4068 3420 4122 abieri-

1830 4167 1911 4231 tis,
1935 4174 1980 4218 et
2005 4166 2056 4218 in
2072 4165 2319 4217 civitatem
2336 4163 2778 4218 Samaritanorum
2804 4178 2867 4215 ne
2883 4160 3184 4214 intraveritis
3206 4158 3419 4230 (Matth.

1830 4257 1916 4311 ιο.
1946 4258 2039 4325 5).

1899 4351 1953 4403 5.
1977 4348 2090 4404 Non
2121 4359 2176 4402 ut
2199 4347 2471 4404 historiam
2501 4355 2702 4403 texeret
2725 4356 2948 4413 tantum,
2982 4346 3305 4415 evangelista
3333 4343 3421 4399 Ja-

1827 4440 2018 4496 cobum
2066 4441 2401 4504 memoravit,
2448 4439 2543 4494 sed
2591 4449 2650 4494 ut
2677 4438 2890 4492 Judmos
2918 4437 3120 4506 jamdiu
3166 4436 3418 4505 expulsos

1826 4533 2152 4589 ostenderet.
2197 4532 2471 4602 Siquidem
2515 4531 2913 4600 progenitorum
2951 4527 3281 4598 temporibus
3305 4526 3417 4595 jam

1828 4628 1943 4680 luce
1991 4624 2122 4678 olim
2162 4638 2256 4679 sua
2313 4623 2429 4677 loca
2481 4621 2816 4691 occupabant
2840 4620 2932 4674 illi.
2970 4619 3100 4684 Quae
3126 4617 3268 4672 enim
3300 4616 3416 4672 loca

1827 4720 2194 4790 progenitores
2246 4721 2346 4780 sui,
2383 4732 2488 4770 non
2521 4717 2646 4770 olim
2673 4731 2786 4779 sua,
2821 4713 3176 4782 occupabant,
3206 4711 3319 4764 haec
3349 4711 3417 4766 ob

1827 4811 2088 4881 ignaviam
2120 4819 2172 4864 et
2200 4809 2492 4877 nequitiam
2521 4806 2573 4860 hi
2598 4821 2747 4860 suam
2801 4806 3114 4858 amiserant.
3145 4803 3238 4857 Sic
3287 4800 3414 4854 nihil

1827 4904 2041 4974 prodest
2071 4919 2100 4956 a
2130 4903 2285 4957 bonis
2311 4899 2738 4970 progenitoribus
2767 4897 2918 4962 oriri,
2942 4897 2984 4950 si
3012 4904 3233 4966 nepotes
3259 4893 3416 4962 dege-

1827 5003 2033 5051 nerent.
2059 4994 2278 5048 Barbari
2306 4993 2466 5055 enim,
2518 4986 2736 5041 leonum
2775 4994 2984 5041 tantum
3020 4983 3285 5062 saevitiam
3319 4997 3414 5038 ex-

1827 5085 2067 5159 perti,ad
2097 5083 2375 5138 Iudaicum
2417 5081 2595 5134 statim
2641 5079 2840 5133 cultum
2888 5077 3198 5140 redierunt;
3246 5075 3412 5129 Judati

1826 5194 1952 5232 vero
1975 5174 2321 5231 totaerumnis
2338 5171 2599 5240 castigati,
2621 5185 2687 5226 ne
2715 5171 2784 5224 ita
2807 5168 3023 5239 quidem
3052 5167 3408 5236 resipuerunt.

1891 5377 1905 5405 ι
1945 5370 2105 5420 Morel.
2132 5370 2276 5431 legit,
2312 5373 2580 5431 sexcentos.
2605 5379 2707 5428 pro,
2731 5365 2873 5431 alias.

1888 5435 1958 5493 (τι)
1997 5434 2048 5481 1η
2073 5423 2382 5494 septuaginta
2417 5423 2747 5490 Interpr'etuin
2788 5427 3012 5494 Editione
3040 5433 3091 5493 et
3123 5425 3170 5472 in
3203 5423 3415 5471 Hebraeo

1826 5485 2005 5558 legitur
2028 5485 2383 5558 Ephiaimvante
2408 5485 2652 5558 senioron,
2668 5495 2716 5537 Et
2742 5494 2883 5550 caput
2909 5485 3154 5548 Lphraim,
3172 5494 3412 5558 samoron,

1827 5551 2262 5609 et'eodem‘ordiue
2284 5555 2331 5600 iu
2355 5551 2573 5612 Vulgata.
2597 5559 2707 5608 Qute
2732 5563 2851 5612 vero
2873 5562 2991 5612 mox_
3012 5551 3298 5612 memoriter
3313 5557 3414 5612 nar-

1826 5606 1898 5668 rat
1921 5618 2286 5685 Chrysostomns
2305 5615 2368 5661 de
2387 5606 2626 5682 'rh'eglatli
2651 5611 2946 5685 I'balassare‘,
2965 5609 3209 5685 de‘occiso
3235 5606 3414 5685 lila,de

1823 5693 1947 5740 rege
1980 5668 2257 5737 {Ethiopnm
2281 5689 2428 5737 quem
2474 5668 2604 5734 ponit
2623 5687 2715 5740 pro
2739 5686 2862 5733 rege
2886 5670 3219 5740 Egyptiortun
3249 5681 3258 5713 :
3287 5668 3410 5740 hme,

1826 5735 2037 5803 inquam,
2062 5735 2334 5803 oninia__nun
2354 5744 2579 5783 accurate
2604 5736 2727 5803 dicta
2755 5742 2893 5793 sunt;
2928 5735 3015 5780 sed
3041 5738 3094 5803 ut
3119 5742 3233 5803 sese
3257 5735 3410 5803 menti

1824 5791 2148 5854 uincienantis
2171 5798 2462 5857 offerebant,
2497 5797 2623 5857 quod
2658 5795 2775 5844 alias
2800 5791 2893 5844 non
2917 5791 3076 5844 semel
3099 5794 3408 5840 observatur.
