4024 6452
614 412 713 469 179

610 522 723 577 lluc
752 522 928 593 itaque
952 518 1192 577 Christus
1218 517 1391 584 venit,
1418 512 1630 569 mollem
1658 520 1713 567 et
1740 508 1992 565 lascivam
2014 506 2173 559 vitam

609 628 822 684 semper
848 612 1084 685 abigens,
1105 608 1421 664 laboriosam
1454 617 1579 660 vero
1599 610 1654 658 et
1680 608 1879 656 arctam
1900 595 2171 685 inducens.

609 682 891 759 Non—enim
917 682 1277 769 subjugaiibus
1295 708 1422 751 usus
1451 700 1556 761 est,
1596 690 1693 748 sed
1718 690 1791 745 ita
1820 686 2031 743 assidue
2074 682 2177 738 iter

608 796 737 866 agit,
763 802 820 848 ut
841 789 1175 861 defatigetur.
1196 786 1308 843 Hoc
1328 785 1525 855 ubique
1548 783 1725 848 docet,
1750 788 1807 835 ut
1831 777 1929 833 sibi
1955 775 2177 866 quisque

609 865 879 954 operetur,
909 896 1010 937 nec
1036 875 1542 953 queratsuperﬂua,
1572 888 1673 930 nec
1702 871 1879 928 multis
1906 875 2077 938 egeat.
2100 865 2176 921 ita

609 986 767 1043 porro
794 971 909 1027 vult
932 984 1032 1027 nos
1058 985 1088 1025 a
1112 966 1515 1040 supervacaneis
1544 965 1748 1020 alienos
1775 973 1915 1028 esse,
1938 958 2174 1014 utetiam

608 1062 771 1117 multa
793 1061 1093 1118 necessaria
1120 1063 1435 1129 amputaret.
1482 1054 1607 1110 Ideo
1653 1051 1866 1108 dicebat
1914 1066 1930 1103 :
1992 1046 2176 1116 Vulpes

586 1136 780 1219 faueas
810 1150 1012 1217 habent,
1040 1158 1087 1205 et
1113 1149 1334 1202 volucres
1361 1145 1473 1200 ccli
1492 1144 1638 1198 nidos
1661 1157 1680 1208 ;
1705 1140 1873 1195 Filius
1896 1147 2063 1192 autent
2086 1136 2177 1189 Ito-

607 1240 760 1295 minis
803 1256 904 1295 non
930 1239 1083 1318 [habet
1117 1237 1203 1293 ubi
1250 1242 1400 1306 caput
1434 1234 1637 1289 reclinet
1689 1230 1913 1302 (Matth.
1940 1228 2005 1318 Δ8.
2043 1224 2173 1318 ἓίξ).

607 1329 865 1397 Quocirca
912 1314 963 1383 in
990 1326 1259 1383 montibus
1285 1337 1428 1396 sape
1452 1330 1696 1381 versatur
1722 1329 1777 1377 et
1820 1319 1877 1374 in
1919 1314 2176 1381 desertis,

612 1438 716 1477 non
762 1420 989 1476 interdiu
1039 1409 1264 1483 tantum,
1312 1415 1410 1474 sed
1448 1415 1609 1471 etiam
1654 1420 1839 1468 noctu.
1887 1408 1997 1464 Hoc
2015 1406 2175 1463 etiam

618 1510 781 1567 David
808 1509 1172 1582 praenuntiam
1210 1505 1439 1573 dicebat,
1486 1504 1567 1561 De
1593 1510 1811 1559 torrente
1855 1500 1910 1553 in
1944 1498 2025 1553 via
2048 1495 2175 1551 bibet

612 1604 796 1673 (Psal.
826 1603 951 1659 109.
981 1603 1013 1657 7
1034 1601 1055 1673 )
1073 1643 1090 1668 ,
1117 1610 1177 1658 ιιι
1198 1602 1314 1671 ejus
1338 1596 1635 1670 expeditam
1656 1595 1777 1652 vitae
1797 1592 2055 1648 rationem
2083 1585 2177 1642 de-

608 1702 950 1751 monstraret.
978 1693 1208 1763 ldipsum
1230 1691 1329 1757 hic
1352 1688 1585 1746 Joannes
1621 1684 1820 1742 indicat
1846 1700 1859 1736 :
1881 1679 2036 1735 Iesus
2058 1692 2176 1748 ergo

606 1786 849 1856 fatigatus
869 1801 934 1839 es
957 1784 1150 1850 itinere,
1179 1780 1377 1838 sedebat
1402 1781 1475 1837 sic
1492 1794 1642 1850 super
1665 1780 1874 1843 fontem.
1900 1771 2047 1826 Hora
2069 1777 2176 1824 erat

606 1876 750 1943 quasi
773 1882 931 1945 seats.
950 1874 1005 1929 7.
1033 1870 1180 1929 Venit
1203 1871 1383 1926 mulier
1400 1870 1464 1926 de
1489 1868 1729 1926 Samaria
1750 1864 1950 1920 haurire
1969 1876 2172 1934 aquam.

606 1962 744 2019 Dicit
766 1964 814 2020 ei
830 1962 982 2020 Iesus
1007 1978 1028 2019 :
1048 1961 1129 2017 Da
1151 1963 1274 2017 mihi
1298 1960 1477 2016 bibere.
1502 1960 1553 2017 8.
1586 1957 1839 2027 Discipuli
1879 1963 2045 2009 autem
2068 1954 2179 2024 ejus

605 2054 832 2110 abierant
869 2057 925 2110 in
962 2056 1149 2126 (orum,
1178 2063 1235 2109 ut
1256 2054 1391 2109 cibos
1421 2061 1656 2110 emerent.
1689 2049 1822 2104 Hinc
1840 2046 1955 2117 ejus
1975 2043 2178 2115 patien-

608 2148 737 2202 tiam
761 2146 817 2203 in
837 2146 1105 2217 carpendo
1121 2147 1332 2213 itinere,
1358 2153 1413 2202 et
1438 2144 1675 2201 ciborum
1703 2140 1999 2212 neglectum
2019 2136 2179 2193 disci-

607 2253 749 2304 mus,
799 2245 855 2293 et
876 2251 1032 2308 quam
1063 2237 1235 2293 obiter
1270 2236 1393 2291 huic
1419 2234 1495 2292 rei
1528 2234 1617 2290 det
1641 2245 1857 2303 operam
1878 2245 1894 2295 ;
1917 2228 1994 2283 sic
2011 2227 2176 2283 disci-

608 2327 716 2397 puli
743 2341 955 2398 quoque
976 2342 1064 2384 res
1086 2339 1209 2382 suas
1243 2334 1469 2382 tractare
1507 2323 1829 2381 didicerunt.
1871 2320 1987 2376 Non
2032 2319 2173 2377 enim

604 2423 797 2479 viatica
824 2437 1006 2480 secum
1032 2423 1344 2480 sumebant:
1374 2422 1514 2492 quod
1541 2421 1676 2477 alter
1711 2420 1907 2475 indicat
1944 2429 2174 2487 evange-

606 2513 728 2568 lista
760 2511 779 2583 (
796 2511 979 2568 Matth.
1004 2512 1093 2569 16.
1124 2514 1183 2568 ii
1206 2514 1245 2584 ).
1272 2528 1392 2569 cum
1413 2512 1481 2568 de
1503 2512 1763 2570 fermento
1789 2510 2173 2565 Pharisaeorum

607 2605 736 2674 ipsis
762 2602 1088 2675 loqueretur,
1117 2603 1257 2676 quod
1279 2604 1351 2660 illi
1375 2605 1573 2662 dictum
1616 2602 1891 2674 putabant,
1922 2600 2043 2670 quia
2086 2613 2175 2667 pa-

607 2712 703 2752 nos
733 2712 837 2752 non
882 2703 1238 2767 sumpserant.
1268 2695 1337 2751 Et
1360 2710 1482 2751 cum
1526 2695 1823 2751 esurientes
1861 2690 2094 2755 inducit,
2123 2698 2178 2745 et

605 2786 781 2854 spicas
803 2786 1059 2843 vellentes
1087 2796 1142 2842 ut
1166 2787 1418 2853 ederent;
1462 2799 1526 2841 ac
1553 2799 1670 2840 cum
1699 2783 1830 2839 dicit
1866 2797 2008 2846 eum,
2034 2780 2176 2852 quod

604 2874 851 2939 esuriret,
870 2874 936 2930 ad
954 2875 1111 2931 licum
1139 2876 1349 2931 venisse
1381 2892 1395 2930 :
1425 2874 1557 2929 nihil
1582 2872 1724 2929 aliud
1763 2872 1848 2927 his
1872 2884 1970 2925 nos
1997 2869 2171 2935 docet,

602 2979 764 3036 quam
792 2975 1028 3022 ventrem
1055 2981 1174 3023 esse
1199 2967 1345 3036 parvi
1370 2965 1725 3037 pendendum,
1757 2978 1859 3019 nec
1884 2960 2029 3017 illum
2053 2970 2172 3016 tan-

605 3064 789 3126 topere
815 3057 1105 3114 curandum
1125 3072 1264 3115 esse.
1281 3057 1571 3115 Considera
1601 3056 1687 3113 hic
1704 3071 1915 3128 quoque
1943 3056 2061 3111 illos
2088 3057 2171 3110 ni-

605 3144 683 3201 hil
704 3146 963 3215 attulisse,
990 3161 1161 3217 neque
1187 3155 1362 3202 tamen
1390 3147 1512 3203 ideo
1531 3148 1706 3202 statim
1732 3162 1764 3201 a
1786 3146 2046 3216 principio
2068 3145 2173 3201 diei

606 3235 743 3291 hanc
776 3250 888 3291 rem
940 3250 1148 3301 curare,
1195 3236 1289 3292 sed
1332 3250 1455 3293 cum
1492 3234 1623 3291 hora
1678 3236 1887 3306 prandii
1924 3235 2171 3302 advenit,

606 3340 759 3381 escas
813 3333 1046 3396 emptum
1071 3324 1169 3382 ire.
1197 3325 1304 3382 Nos
1350 3340 1479 3382 vero
1505 3335 1690 3381 contra
1737 3326 1916 3383 statim
1958 3335 2116 3397 atque
2144 3340 2173 3381 a

605 3414 743 3470 lecto
770 3416 1117 3483 surreximus,
1140 3424 1262 3472 ante
1289 3417 1466 3471 omnia
1512 3416 1625 3472 haec
1653 3430 1917 3483 curamus,
1968 3430 2169 3487 coquos

603 3515 659 3560 et
704 3520 968 3577 caupones
1015 3508 1369 3575 accersimus,
1418 3507 1577 3579 idque
1622 3523 1813 3581 magno
1852 3524 1971 3565 cum
1998 3507 2173 3565 studio

604 3597 811 3668 agimus
839 3618 854 3655 :
880 3608 934 3655 et
959 3609 1078 3671 post
1097 3600 1210 3657 hcec
1237 3601 1341 3655 alia
1364 3615 1630 3669 curamus,
1674 3600 1790 3658 hac
1814 3616 2025 3673 semper
2048 3616 2165 3657 caro

608 3690 747 3747 nalia
774 3690 1136 3763 spiritualibus
1160 3702 1564 3766 anteponentes,
1587 3703 1643 3749 et
1669 3708 1788 3765 quae
1816 3692 2176 3764 perfunctorie

606 3784 879 3841 tractanda
900 3796 1069 3852 erant,
1114 3787 1264 3857 quasi
1304 3785 1606 3842 necessaria
1645 3792 2018 3856 exsequentes.
2051 3784 2176 3840 Ideo

605 3878 784 3933 omnia
840 3885 1161 3947 praepostere
1214 3874 1462 3948 aguntur.
1504 3875 1699 3933 Contra
1744 3876 1965 3932 omnino
2016 3890 2176 3946 agere

605 3966 860 4037 oportuit,
883 3966 1230 4037 spiritualium
1251 3982 1493 4038 magnam
1511 3966 1708 4025 habere
1736 3968 1995 4024 rationem
2021 3982 2036 4035 ;
2058 3966 2177 4039 qui-

604 4057 706 4115 bus
733 4057 1000 4129 perfectis,
1030 4058 1146 4117 hac
1178 4060 1436 4130 attingere
1460 4075 1558 4132 par
1586 4059 1705 4116 fuit.

676 4150 903 4206 Christus
953 4152 1176 4223 eremplo
1217 4152 1357 4206 docet
1398 4152 1583 4221 {auum
1607 4168 1712 4208 esse
1752 4151 2073 4207 calcandum.
2103 4181 2174 4192 —

605 4243 742 4301 llinc
772 4258 930 4314 porro
970 4258 1073 4300 non
1101 4243 1343 4299 laborum
1375 4243 1654 4300 tolerantia
1697 4243 1856 4299 modo
1876 4242 1928 4298 in
1956 4241 2170 4299 Christo

605 4337 953 4402 observanda,
980 4337 1073 4393 sed
1116 4337 1275 4393 etiam
1304 4345 1556 4407 quantum
1601 4342 1744 4392 esset
1781 4350 1813 4391 a
1860 4335 1999 4390 fastu
2039 4333 2172 4391 alie-

606 4442 743 4489 nus;
769 4442 873 4481 non
896 4435 1098 4482 tantum
1128 4427 1267 4497 quod
1295 4426 1541 4496 fatigatus
1560 4432 1722 4488 esset,
1769 4424 1909 4495 quod
1958 4424 2175 4481 sederet

606 4530 764 4571 secus
786 4516 922 4569 viam
948 4532 963 4580 ;
1003 4516 1099 4569 sed
1130 4516 1288 4569 etiam
1318 4515 1458 4585 quod
1486 4515 1631 4572 solus
1662 4513 1879 4571 relictus
1929 4522 2093 4580 esset,
2121 4524 2175 4569 et

606 4605 851 4675 discipuli
876 4604 995 4677 ejus
1021 4604 1408 4661 discessissent.
1443 4606 1600 4676 Atqui
1642 4613 1865 4675 poterat,
1896 4605 1939 4659 si
1970 4604 2170 4660 voluis-

604 4705 707 4762 set,
734 4705 828 4752 aut
856 4712 959 4752 non
997 4711 1183 4753 omnes
1219 4697 1444 4761 misisse,
1500 4695 1863 4766 autproi‘ectis
1900 4696 2009 4750 illis
2037 4695 2171 4751 alios

606 4786 803 4843 habere
848 4786 1143 4852 ministros;
1170 4784 1264 4840 sed
1292 4786 1477 4840 noluit.
1511 4785 1719 4841 Etenim
1759 4784 2051 4855 discipulos
2090 4784 2169 4840 sic

605 4877 983 4932 assuetaciebat
1006 4876 1073 4931 ad
1106 4876 1297 4931 fastum
1322 4891 1533 4931 omnem
1570 4874 1903 4931 calcandum.
1949 4875 2014 4930 Et
2043 4876 2169 4946 quid

602 4968 820 5033 mirum,
849 4965 1038 5020 dixerit
1079 4964 1214 5021 forte
1238 4966 1518 5037 quispiam,
1574 4963 1621 5019 si
1671 4962 1928 5018 moderati
1974 4972 2165 5031 erant,

601 5073 720 5113 eum
744 5058 1031 5128 piscatores
1054 5067 1252 5123 essent,
1271 5064 1360 5113 aut
1375 5056 1715 5113 tentoriorum
1730 5054 1949 5125 opiﬁces
1965 5056 1987 5108 τ
2006 5055 2170 5111 Erant

602 5149 848 5219 equidem
868 5150 906 5198 ¹ε
927 5162 1109 5202 verum
1138 5148 1316 5202 statim
1342 5146 1409 5201 ad
1426 5147 1610 5201 caelum
1636 5147 1934 5205 evolarunt.
1958 5156 2011 5222 et
2028 5148 2166 5216 regi-

603 5237 701 5293 bus
730 5237 982 5296 clariores
1024 5246 1329 5303 evaserunt,
1357 5235 1641 5291 familiam
1682 5252 1873 5306 nempe
1900 5237 2020 5293 iacti
2051 5239 2168 5293 uni-

602 5329 741 5384 versi
769 5329 912 5383 orbis
947 5329 1174 5395 Domini,
1216 5337 1270 5384 et
1317 5326 1612 5382 admirandi
1661 5328 1897 5397 magistri
1926 5330 2163 5383 asseclaa.

598 5417 757 5475 Scitis
784 5427 960 5473 autem
982 5432 1074 5472 eos
1099 5420 1187 5487 qui
1212 5432 1275 5472 ex
1317 5417 1600 5473 humiliore
1628 5417 1796 5487 gradu
1834 5418 1898 5471 ad
1936 5417 2165 5487 dignita-

600 5520 681 5565 tes
710 5510 1045 5580 perveniunt,
1077 5509 1278 5565 facilius
1304 5510 1357 5565 in
1382 5510 1733 5581 arrogantiam
1760 5509 1956 5574 eﬂ'erri,
1985 5513 2165 5579 utpote

600 5602 688 5670 qui
716 5612 869 5657 antea
900 5600 1116 5656 honoris
1140 5610 1385 5670 expertes
1410 5612 1605 5656 essent.
1650 5601 1707 5657 lu
1734 5600 1832 5655 hac
1862 5599 2018 5671 igitur
2046 5602 2163 5657 illos

663 5778 680 5809 ⁶
716 5776 847 5840 Haec,
873 5785 1005 5829 erant
1025 5774 1267 5840 equidem,
1290 5790 1315 5829 a
1346 5775 1704 5827 lonteialconio
1731 5790 1823 5828 non
1850 5777 1977 5829 lecta
1997 5789 2123 5831 sunt.

1349 406 1407 462 S.
1446 397 1720 460 JOANNIS
1755 390 2220 453 CHRYSOSTOMI
2252 388 2568 446 ARCHIEP.
2608 388 3141 447 CONSTANTlNOP.

3781 389 3880 446 180

2283 500 2583 559 humilitate
2606 503 2905 567 continens,
2926 503 3107 557 docuit
3126 515 3217 558 eos
3244 510 3299 557 ut
3321 516 3417 572 per
3430 503 3611 558 omnia
3643 503 3876 559 modesti

2283 603 2338 649 et
2384 593 2615 650 humiles
2643 604 2843 661 essent,
2893 608 2955 648 ac
2981 608 3267 664 numquam
3314 594 3576 649 ministris
3624 606 3869 665 egerent.

2282 684 2400 755 Ipse
2416 695 2615 751 autem,
2643 686 2828 755 inquit,
2860 684 3125 757 Fatigatus
3155 700 3217 740 ea:
3243 685 3438 752 itinere,
3468 686 3677 739 sedebat
3704 687 3781 741 sic
3810 688 3876 738 ad

2283 775 2492 843 fontem.
2522 773 2706 829 Vidcn’
2734 774 2939 829 sedisse
2970 773 3117 827 illum
3148 772 3342 829 laboris
3369 783 3423 830 et
3466 784 3633 829 astus
3670 789 3838 830 causa
3858 817 3873 837 ,

2281 861 2348 916 ad
2376 862 2667 933 discipulos
2706 861 3124 932 exspectandus?
3146 861 3312 917 Norat
3336 862 3533 933 quippe
3562 862 3694 932 quid
3725 872 3879 918 esset

2282 952 2631 1009 Samaritanis
2677 962 3014 1008 eventurum.
3044 951 3160 1007 Non
3189 962 3364 1008 tamen
3386 952 3474 1007 illa
3500 954 3781 1023 prmelpue
3808 954 3878 1008 de

2279 1057 2438 1099 causa
2468 1051 2715 1110 venerat;
2746 1057 2938 1113 neque,
2972 1042 3181 1097 etiamsi
3199 1042 3345 1099 eade
3363 1055 3522 1097 causa
3552 1056 3662 1097 non
3692 1043 3876 1097 venis-

2280 1144 2376 1201 set,
2422 1132 2727 1204 repellenda
2770 1133 3081 1189 muliercula
3131 1131 3218 1188 illa
3264 1141 3401 1201 erat,
3452 1148 3575 1204 qua:
3620 1148 3685 1188 se
3731 1133 3877 1189 adeo

2280 1224 2518 1281 discendi
2547 1224 2793 1295 cupidam
2818 1224 3079 1280 exhibuit.
3109 1222 3279 1280 Judaei
3328 1224 3471 1280 enim
3507 1224 3689 1295 ipsum
3712 1224 3782 1280 ad
3816 1240 3875 1280 sc

2280 1315 2581 1371 venientem
2626 1315 2993 1386 repellebant;
3022 1315 3249 1388 gentiles
3279 1325 3468 1372 contra
3498 1316 3608 1371 alio
3652 1317 3875 1386 proﬁci-

2279 1418 2513 1465 scentem
2535 1410 2602 1465 ad
2627 1425 2687 1466 se
2704 1409 3005 1467 trahebant.
3026 1409 3105 1465 Illi
3122 1409 3443 1474 invidebant,
3465 1408 3519 1464 hi
3540 1409 3872 1473 credebant;

2279 1500 2353 1556 illi
2378 1499 2806 1571 indignabantur,
2848 1502 2900 1557 hi
2948 1502 3275 1557 mirabantur
3298 1510 3353 1556 et
3374 1500 3699 1557 adorabunt.
3731 1501 3872 1570 Quid

2278 1593 2439 1663 ergo?
2462 1593 2808 1663 oportebatne
2841 1602 2917 1649 tot
2952 1591 3228 1648 hominum
3272 1592 3500 1649 salutem
3546 1592 3870 1664 despicere,

2278 1692 2332 1739 et.
2362 1694 2467 1740 tam
2498 1686 2790 1742 studiosum
2816 1684 3063 1742 aﬂ'ectum
3103 1682 3412 1761 dimittere?
3448 1683 3561 1738 Hoc
3602 1696 3757 1739 certe
3787 1684 3870 1738 in-

2278 1778 2496 1849 dignum
2537 1779 2679 1835 illius
2707 1778 3032 1851 benignitate
3064 1796 3079 1833 :
3110 1775 3335 1847 ideoque
3357 1840 3360 1842 γ
3380 1776 3494 1832 haec
3532 1777 3719 1831 omnia
3749 1793 3869 1831 cum

2280 1868 2539 1939 sapientia
2573 1869 2673 1924 sibi
2700 1876 3027 1939 congruente
3061 1866 3352 1938 dispensat.
3381 1864 3640 1930 Sedehat,
3668 1880 3869 1933 corpus

2280 1960 2593 2028 recreabat,
2641 1968 2699 2017 et
2739 1960 2888 2030 juxta
2939 1959 3141 2015 fontem
3193 1956 3568 2029 refrigerabat.
3628 1956 3869 2025 Eratque

2282 2061 2409 2109 tunc
2447 2050 2717 2118 meridies,
2768 2049 2910 2122 quod
2965 2049 3287 2121 evangelista
3335 2046 3575 2110 declarat
3627 2046 3715 2102 his
3752 2062 3865 2102 ver-

2280 2141 2395 2209 bis,
2440 2140 2583 2195 Hora
2625 2151 2733 2195 erat
2767 2140 2909 2211 quasi
2959 2149 3101 2194 sexta
3122 2180 3140 2206 ,
3186 2147 3232 2193 et
3262 2138 3462 2192 sedebat
3489 2137 3581 2193 sic.
3616 2136 3760 2204 Quid
3789 2147 3868 2190 est

2277 2234 2445 2299 illud,
2492 2232 2627 2289 Sic?
2671 2231 2787 2289 Non
2840 2232 2894 2287 in
2940 2232 3115 2300 solio,
3168 2231 3361 2288 nonin
3416 2230 3723 2301 pulvinari,
3773 2232 3863 2285 sed

2282 2324 2591 2393 Simpliciter
2632 2323 2801 2378 humi.
2844 2321 2987 2377 Venit
3034 2321 3215 2378 mulier
3258 2337 3323 2378 ea:
3359 2320 3603 2377 Samaria
3659 2322 3864 2377 haurire

2276 2431 2478 2486 aquam.

2349 2506 2731 2578 LColloquium
2751 2508 2937 2565 Christi
2955 2523 3069 2562 cum
3094 2508 3298 2563 muliere
3315 2506 3648 2564 Samaritana
3672 2511 3861 2564 evolvi-

2282 2604 2655 2673 tnr;utriusque
2664 2603 2845 2675 agendi
2866 2603 2997 2658 ratio
3009 2602 3571 2658 commentatum—Vide
3588 2605 3863 2674 quomodo

2278 2694 2517 2753 declaret
2540 2695 2812 2751 mulierem
2851 2702 3068 2765 propter
3110 2693 3253 2747 aliud
3298 2706 3567 2763 egressam
3622 2708 3748 2749 esse
3797 2709 3862 2749 ex

2279 2788 2492 2843 civitate
2512 2828 2527 2854 ,
2556 2787 2752 2857 ubique
2776 2786 3138 2853 impudentem
3168 2784 3470 2839 Judaiorum
3502 2784 3863 2854 pervicaciam

2278 2878 2577 2947 reprimens
2600 2918 2617 2945 ,
2656 2891 2723 2931 ne
2748 2876 2868 2946 quis
2904 2874 3109 2931 diceret
3154 2876 3327 2945 ipsum
3372 2876 3675 2946 transgredi
3722 2892 3862 2946 prm-

2278 2978 2490 3040 ceptum
2529 2983 2681 3023 suum
2702 3008 2717 3036 ,
2750 2981 2869 3021 cum
2901 2974 3104 3023 vetaret
3133 2966 3186 3021 in
3212 2965 3477 3021 civitatem
3507 2967 3714 3036 ingredi
3763 2966 3862 3023 Sa-

2278 3060 2692 3125 maritanorum,
2723 3058 2810 3128 qui
2834 3058 2948 3128 ipse
2973 3072 3094 3113 cum
3132 3056 3485 3113 Samaritanis
3528 3058 3863 3126 loqueretur.

2281 3148 2405 3203 Ideo
2420 3188 2436 3209 ,
2463 3147 2714 3217 Discipuli
2739 3148 2847 3217 ejus
2871 3147 2923 3200 in
2946 3146 3194 3201 civitatem
3214 3147 3351 3200 cibos
3371 3148 3587 3216 empturi
3604 3148 3863 3213 abierant,

2282 3240 2451 3309 inquit
2488 3238 2843 3309 evangelista,
2892 3236 3089 3292 multas
3135 3238 3391 3294 inducens
3436 3238 3690 3310 colloquii
3742 3256 3865 3298 cum

2281 3332 2503 3388 muliere
2547 3343 2756 3385 causas.
2806 3328 2943 3396 Quid
2980 3343 3111 3399 ergo
3148 3328 3381 3385 mulier?
3420 3328 3553 3385 Cum
3582 3330 3865 3398 audisset,

2280 3421 2363 3477 Da
2390 3423 2511 3477 mihi
2533 3421 2699 3477 bibere
2717 3462 2732 3489 ,
2766 3419 3049 3477 admodum
3079 3418 3369 3491 prudenter
3391 3419 3665 3476 Christum
3694 3422 3865 3478 inter-

2279 3514 2499 3585 rogandi
2528 3512 2865 3570 occasioncm
2892 3520 3114 3583 captans
3143 3510 3314 3582 inquit
3350 3528 3365 3566 :
3392 3509 3445 3566 9.
3467 3510 3740 3577 Quomodo
3752 3514 3863 3579 tu‘,

2278 3604 2493 3660 Juda'us
2518 3622 2633 3659 cum
2664 3604 2734 3659 sis
2752 3644 2768 3672 ,
2796 3602 2957 3657 bibere
2981 3617 3012 3655 a
3039 3617 3119 3655 me
3147 3601 3310 3672 poscis
3329 3642 3345 3669 ,
3374 3616 3487 3672 qua
3519 3618 3633 3655 sum
3681 3602 3866 3657 mulier

2281 3695 2609 3752 Samaritana
2628 3694 2654 3748 .9
2679 3692 2734 3748 Ν
2737 3710 2801 3747 on
2830 3693 2964 3747 enim
2989 3702 3261 3746 coutuntur
3287 3691 3460 3745 λιιάωὶ
3488 3690 3861 3746 Samaritanis.

2284 3785 2350 3841 Et
2379 3786 2519 3842 unde
2545 3786 2694 3841 illum
2724 3784 2965 3841 Judannn
2992 3796 3113 3840 esse
3140 3782 3329 3837 novit?
3356 3780 3432 3836 Ex
3462 3780 3646 3836 habitu
3691 3784 3862 3852 forte,

2280 3887 2370 3932 aut
2393 3893 2460 3933 ex
2489 3891 2755 3933 sermone.
2787 3876 2869 3931 Tu
2896 3890 3025 3931 vero
3051 3873 3415 3930 animadverte
3440 3888 3603 3943 quam
3646 3876 3864 3945 perspi-

2280 3984 2377 4026 cax
2406 3968 2596 4024 mulier
2631 3974 2794 4023 esset.
2839 3966 2973 4021 Nam
3014 3965 3061 4021 si
3104 3965 3398 4021 cavendum
3435 3974 3589 4031 erat,
3641 3966 3864 4022 Christo

2280 4062 2454 4129 potius
2497 4060 2744 4114 cautione
2778 4072 2913 4128 opus
2965 4065 3113 4124 erat,
3173 4071 3333 4127 quam
3382 4057 3502 4126 ipsi.
3546 4054 3667 4112 Non
3717 4056 3863 4112 enim

2278 4148 2444 4215 dixit,
2474 4148 2588 4204 Non
2616 4157 2901 4205 coutuntur
2925 4148 3246 4204 Samaritani
3274 4146 3471 4204 Judaeis
3498 4164 3512 4212 ;
3542 4149 3663 4215 sed,
3690 4148 3861 4204 ιυύωί

2280 4241 2641 4296 Samaritanos
2671 4256 2776 4295 non
2801 4239 3107 4296 admittunt.
3134 4240 3381 4295 Attamen
3412 4236 3606 4293 m’ulier
3629 4279 3644 4303 ,
3681 4240 3789 4294 etsi
3833 4256 3862 4295 a

2277 4331 2429 4397 culpa
2460 4330 2740 4394 immunis,
2771 4330 2892 4399 quia
2924 4328 3145 4399 putabat
3169 4327 3331 4383 alium
3375 4328 3427 4382 in
3464 4326 3680 4397 culpam
3727 4330 3863 4385 inci-

2275 4420 2436 4485 dere,
2469 4434 2573 4475 non
2602 4418 2796 4484 tacuit,
2824 4418 2918 4475 sed
2948 4419 3179 4473 correxit
3204 4418 3257 4473 id
3286 4417 3424 4490 quod
3450 4426 3638 4473 contra
3682 4419 3863 4490 legem

2274 4511 2389 4567 ﬁeri
2412 4511 2647 4581 putabat.
2675 4508 2778 4565 Sed
2803 4519 2981 4579 posset
3004 4509 3266 4581 quispiam
3288 4523 3549 4579 quaerere,
3581 4525 3682 4563 cur
3703 4510 3864 4565 Jesus

2240 4618 2245 4623 ·
2273 4604 2341 4659 ab
2367 4604 2454 4659 illa
2486 4611 2666 4674 potum
2697 4602 2946 4672 petierit,
2981 4600 3033 4655 id
3070 4600 3188 4671 lege
3229 4615 3336 4655 non
3378 4598 3774 4670 permittente?
3808 4600 3862 4657 Si

2271 4698 2391 4767 quis
2420 4697 2561 4751 enim
2608 4694 2837 4759 dixerit,
2888 4691 3037 4762 quod
3082 4690 3400 4761 praevideret
3447 4706 3555 4745 non
3607 4691 3861 4748 daturam

2272 4802 2393 4841 esse
2422 4803 2437 4840 :
2468 4786 2589 4839 ideo
2618 4785 2794 4839 minus
2817 4791 2997 4853 petere
3023 4783 3276 4852 oportuit.
3306 4781 3442 4847 Quid
3488 4795 3621 4862 ergo
3669 4782 3861 4839 dicen-

2272 4877 2396 4932 dum
2420 4876 2443 4929 i
2472 4874 2780 4929 lndiﬂ'erens
2803 4874 2910 4943 jam
2937 4871 3101 4927 fuisse
3130 4870 3682 4927 talesobservationes
3700 4882 3861 4927 auro-

2271 4986 2415 5043 gare.
2448 4969 2579 5025 Nam
2606 4969 2693 5037 qui
2725 4968 2859 5023 alios
2883 4967 2948 5022 ad
2980 4954 3474 5036 transgrediendum
3527 4964 3857 5033 inducebat,

2275 5061 2439 5117 multo
2470 5060 2639 5131 magis
2666 5058 2781 5113 illas
2808 5054 3104 5127 transgredi
3132 5054 3376 5111 debebat.
3405 5053 3523 5110 Non
3542 5056 3691 5111 enim
3715 5060 3859 5130 quod

2272 5150 2592 5222 ingreditur,
2622 5150 2825 5220 inquit,
2862 5148 3170 5218 coinquinat
3207 5146 3475 5201 hominem
3500 5186 3514 5210 ,
3564 5148 3666 5202 sed
3715 5139 3858 5219 quod

2270 5241 2538 5312 egreditur
2568 5238 2789 5309 (Matth.
2823 5239 2906 5294 15.
2945 5240 2999 5293 li
3027 5238 3067 5306 ).
3096 5237 3210 5291 Nutt
3244 5251 3402 5306 parva
3429 5244 3609 5291 autem
3639 5236 3859 5293 Judch-

2270 5349 2386 5389 rum
2427 5331 2692 5387 accusatio
2730 5339 2811 5385 est
2850 5330 2977 5383 illud
3027 5344 3145 5383 cum
3191 5327 3413 5383 muliere
3464 5328 3799 5399 colloquium
3842 5349 3854 5382 :

2268 5425 2389 5494 quia
2420 5424 2493 5477 illi
2524 5437 2667 5491 saepe
2695 5432 2749 5477 et
2773 5422 2951 5477 verbis
2979 5429 3033 5475 et
3060 5420 3222 5490 gestis
3249 5419 3425 5475 allecti
3450 5460 3465 5483 ,
3493 5435 3599 5473 non
3641 5420 3855 5478 obtemo

2269 5515 2541 5586 perabant.
2572 5514 2696 5568 llaec
2724 5522 2897 5567 autem
2921 5510 3041 5567 vide
3088 5526 3244 5579 quam
3293 5511 3399 5565 cito
3447 5509 3550 5563 levi
3609 5511 3855 5567 interro-

2332 5649 2345 5679 ¹
2377 5647 2429 5697 iu
2459 5648 2565 5699 aliis
2596 5647 2665 5697 sic
2698 5642 2900 5694 effertur
2923 5643 3001 5692 hic
3024 5642 3158 5691 locus
3186 5655 3197 5688 :
3222 5638 3346 5700 Quid
3368 5652 3488 5703 ergo
3500 5638 3681 5690 mulier
3708 5656 3856 5703 quam

2267 5714 2480 5766 (‘hristns
2502 5722 2675 5771 «quam
2722 5705 2992 5771 poposciti
3022 5704 3199 5771 Etenim
3229 5722 3249 5747 ι
3282 5709 3347 5771 tm
3371 5701 3490 5751 mihi
3530 5703 3696 5753 bibere
3716 5701 3743 5748 ι
3788 5702 3852 5753 ait

2270 5778 2339 5828 illi
2370 5765 2580 5826 t‘lu'isltls
2606 5786 2621 5820 :
2652 5765 2905 5831 Qnid’ergo
2939 5766 3023 5816 illa
3046 5766 3069 5815 ζ’
3092 5765 3326 5826 Quomodo
3349 5770 3417 5825 tu,
3441 5772 3538 5813 etc.
