4024 6452
200 369 326 428 ιιι)

204 484 502 557 χρηστῶν,
522 485 653 542 ὅταν
673 487 751 559 μὴ
769 487 1005 544 τοιοῦτοι
1034 489 1273 560 τύχωσιν
1302 494 1350 547 οἰ
1390 492 1450 558 ἐξ
1481 495 1709 550 ἐκείνων
1737 497 1828 551 δν-

202 580 333 628 τες.
357 566 424 618 Οἰ
447 565 547 637 μὲν
568 567 676 640 γάρ
706 567 1002 641 βάρϐαροι,
1026 569 1112 623 ῖνα
1140 569 1374 625 λεόντων
1395 575 1594 647 πεῖραν
1615 574 1826 631 λάϐωσι

198 654 400 724 μόνον,
439 655 578 728 πρὸς
611 656 712 729 τὴν
757 653 1054 726 Ἰουδαῖκὴν
1087 655 1370 709 εὐσέϐειαν
1400 656 1707 728 ἐπανῆλθον
1730 657 1823 711 εύ-

196 737 388 802 θέως·
438 740 640 794 ἐκεῖνοι
694 740 752 794 δέ
790 738 1065 802 τοσαύτας
1106 737 1479 810 ὑπομένοντες
1512 741 1786 812 τιμωρίας
1809 784 1824 809 ,

193 819 334 876 οὐδέ
362 820 538 886 οὕτως
569 821 1076 894 ἐσωφρονίσθησαν.
1127 819 1398 876 Ἐνταῦθα.
1426 823 1606 877 τοίνυν
1639 827 1668 879 6
1693 825 1827 895 Χριο

197 901 340 966 στὸς
378 905 734 974 παρεγίνετο,
761 905 855 959 τὸν
888 904 988 976 μιν
1011 903 1280 975 βάναυσον
1311 905 1406 959 καὶ
1436 905 1605 977 ὑγρὸν
1627 907 1828 961 ἐκϐάλ-

195 983 318 1040 λων
351 984 466 1056 βίον
494 988 604 1052 ἀεὶ,
640 988 734 1041 τὸν
760 987 818 1041 δέ
843 988 1102 1042 ἐπίπονον
1130 988 1369 1058 εἰσάγων
1405 988 1501 1044 καὶ
1531 991 1826 1044 συνεσταλ-

198 1069 399 1137 μένον.
425 1072 504 1125 Οὐ
540 1069 651 1142 7&9
699 1069 1020 1140 ὑποζυγίοις
1048 1071 1340 1143 κέχρηται,
1387 1072 1503 1126 ἀλλ’
1533 1071 1679 1128 οὕτω
1720 1075 1822 1145 βα-

189 1151 345 1217 δίζει
371 1155 640 1217 συντόνως
666 1193 682 1220 ,
715 1154 794 1220 ὡς
828 1157 922 1210 καὶ
965 1150 1229 1210 κοπιάσαι
1264 1157 1330 1210 ἐκ
1361 1156 1462 1227 τῆς
1489 1157 1819 1230 ὁδοιπορίας.

193 1235 320 1289 Καὶ
382 1237 542 1290 τοῦτο
589 1239 874 1310 πανταχοῦ
925 1239 1193 1305 παιδεύει,
1235 1239 1298 1294 τὸ
1341 1241 1646 1313 αὐτουργὸν
1679 1238 1821 1297 εἶναι

192 1319 300 1374 καὶ
325 1322 645 1394 ἀπέριττον,
670 1323 768 1378 καὶ
799 1323 860 1378 τὸ
891 1323 967 1395 μὴ
999 1323 1212 1378 πολλῶν
1242 1323 1476 1380 δεῖσθαι.
1519 1326 1678 1381 Οὕτω
1711 1328 1822 1401 γάρ

191 1401 458 1473 βούλεται
494 1405 604 1461 τῶν
644 1405 923 1478 περιττῶν
969 1405 1292 1478 ἀλλοτρίους
1332 1409 1483 1480 ἡμᾶς
1523 1405 1698 1475 εἰναι,
1743 1411 1821 1475 ὡς

189 1487 296 1540 καὶ
343 1488 526 1542 αὐτῶν
576 1487 687 1544 τῶν
717 1489 1037 1557 ἀναγκαίων
1084 1489 1257 1545 πολλά
1301 1491 1680 1562 περικόπτειν.
1716 1493 1818 1547 Διά

189 1570 368 1626 τοῦτο
397 1571 585 1642 ἐλεγεν
603 1587 618 1618 τ
651 1575 724 1628 Al
762 1572 1068 1642 ἀλώπεκες
1105 1573 1383 1646 φωλεοὺς
1411 1576 1628 1644 ἔχουσι
1651 1617 1666 1643 ,
1718 1576 1819 1631 καί

185 1656 272 1710 τὰ
327 1656 572 1712 πετεινά
619 1655 728 1712 τοῦ
775 1658 1041 1726 οὐρανοῦ
1097 1659 1598 1728 κατασκηνώσεις
1625 1677 1640 1693 ο
1681 1664 1715 1716 ό
1747 1661 1818 1715 δε

195 1739 346 1808 Υἱὸς
376 1739 484 1796 τοῦ
515 1739 834 1812 ἀνθρώπου
868 1745 982 1798 οὐκ
1015 1743 1143 1811 ἔχει
1189 1743 1311 1798 ποῦ
1365 1743 1483 1813 τὴν
1535 1746 1819 1815 κεφαλὴν

182 1824 400 1894 κλίνῃ.
429 1824 530 1879 Διά
565 1825 724 1879 τοῦτο
766 1825 862 1880 καὶ
901 1826 960 1880 ἐν
1001 1829 1116 1891 τοῖς
1140 1825 1295 1900 δρεσι
1341 1828 1407 1882 τά
1442 1827 1667 1884 πλείονα
1697 1830 1814 1885 δια·

181 1906 396 1978 τρίϐει,
421 1911 521 1963 οὐκ
553 1911 611 1963 ἐν
641 1910 826 1982 ἡμέρᾳ
852 1909 1014 1982 μόνον
1034 1951 1050 1974 ,
1096 1909 1236 1965 ἀλλά
1261 1912 1354 1964 καὶ
1383 1913 1442 1964 ἐν
1479 1913 1636 1966 νυκτὶ
1655 1953 1669 1975 ,
1717 1914 1814 1968 καὶ

182 1992 255 2044 ἐν
287 1994 405 2056 ταῖς
434 1992 687 2064 ἐρήμοις.
737 1992 912 2047 Τοῦτο
973 1994 1070 2047 καὶ
1123 1996 1152 2048 ὁ
1202 1994 1366 2048 Δαυῖδ
1411 1995 1812 2067 ἀνακηρύττων

180 2072 406 2142 ελεγεν,
454 2075 556 2130 Ἐκ
593 2075 918 2146 χειμάρρου
947 2077 1018 2131 ἐν
1047 2074 1165 2143 ὀδῷ
1203 2077 1424 2144 πίεται,
1458 2077 1520 2132 τὸ
1551 2078 1812 2143 εὐσταλὲς

180 2156 362 2211 αὑτοῦ
390 2157 486 2212 τοῦ
519 2158 636 2230 βίου
663 2159 864 2230 δηλῶν.
914 2159 1089 2214 Τοῦτο
1128 2161 1224 2216 καὶ
1276 2163 1531 2232 Ἰωάννης
1572 2163 1810 2218 ἐνταῦθα

176 2239 464 2294 δείκνυσιν
488 2258 501 2272 ο
548 2242 601 2295 '0
652 2238 815 2298 οὗν-ι
861 2244 1106 2312 Ἰησοῦς
1151 2245 1529 2312 κεκοπιακὼς
1574 2246 1643 2300 ἐκ
1697 2244 1810 2314 τῆς

177 2322 575 2392 ὁδοιπορίας,
619 2323 770 2398 [179]
825 2326 1084 2396 ἐκάθητο
1118 2327 1310 2395 οὕτως
1353 2328 1454 2382 ἐπὶ
1488 2328 1563 2398 τῇ
1614 2327 1803 2399 πηγῇ.

181 2408 343 2474 Ὥρα
369 2404 447 2476 ἦν
483 2409 628 2463 ὠσεί
658 2409 822 2478 ἕκτη.
859 2411 1139 2480 Ἔρχεται
1173 2410 1331 2482 γυνὴ
1365 2412 1435 2466 ἐκ
1475 2411 1584 2480 τῆς
1611 2417 1808 2482 Σαμα-

171 2491 355 2578 ρείας
411 2491 716 2578 dar-111300;
1019 2495 1192 2563 Λέγει
1243 2493 1401 2564 αὐτῇ
1451 2498 1485 2550 ό
1513 2497 1802 2578 Ιησοῦς·

176 2575 300 2641 Δός
323 2592 426 2644 μοι
457 2575 637 2630 πιεῖν.
682 2579 748 2630 Ol
781 2576 850 2630 δὲ
877 2578 1142 2648 μαθηταί
1173 2579 1362 2634 αὑτοῦ
1393 2575 1680 2649 άπῆῖλθον
1716 2582 1806 2648 είς

177 2657 304 2727 τὴν
346 2659 606 2729 ἀγορὰν,
660 2661 761 2714 ἵνα
795 2662 1020 2731 τροφὰς
1057 2663 1469 2733 ἀγοράσωσιν.
1516 2663 1803 2718 Ἐντεῦθεν

180 2742 539 2814 μανθάνομεν
562 2745 738 2799 καὶτὸ
766 2747 895 2819 περὶ
917 2746 1017 2810 τὰς
1039 2746 1348 2819 ὁδοιπορίας
1374 2746 1593 2803 εὔτονον
1611 2749 1799 2815 αὑτοῦ,

178 2827 283 2880 καὶ
317 2827 380 2880 τὸ
409 2828 538 2898 περί
569 2828 670 2893 τάς
699 2831 909 2902 τροφάς
937 2831 1308 2902 ἠμελημένον,
1337 2833 1430 2885 καὶ
1458 2832 1576 2896 πῶς
1603 2835 1804 2906 παρέρο

176 2928 301 2980 γως
334 2911 413 2982 τῷ
447 2913 738 2984 πράγματι
773 2914 1067 2986 κέχρηται.
1113 2914 1272 2970 υῦτω
1293 2914 1426 2984 γοῦν
1460 2917 1556 2970 καὶ
1600 2919 1652 2970 οἰ
1696 2936 1801 2989 μα-

177 2995 350 3066 θηταὶ
372 2997 774 3069 ἐπαιδεύθησαν
805 2999 874 3052 τά
911 2999 1036 3052 καθ’
1071 2999 1302 3062 ἑαυτοὺς
1325 3000 1683 3054 διατίθεσθαι.
1722 3003 1798 3055 υύ

175 3081 295 3151 γάρ
320 3081 591 3152 ἐπήγοντο
634 3081 843 3152 ἐφόδια.
886 3083 998 3136 Καὶ
1030 3083 1183 3152 δηλοῖ
1215 3083 1373 3138 τοῦτο
1411 3085 1601 3156 ἔτερος
1630 3087 1799 3156 e607-

175 3163 441 3235 γελιστὴς
462 3162 657 3233 λέγων,
684 3163 847 3237 ἡνίκα
871 3183 937 3220 πε
946 3167 1001 3236 pl
1027 3167 1130 3238 τῆς
1151 3167 1333 3239 ζύμης
1353 3167 1463 3222 τῶν
1483 3171 1798 3241 Φαρισαίων

175 3248 369 3311 αὐτοῖς
393 3246 688 3317 διελέγετο,
711 3249 793 3302 ὅτι
820 3249 1021 3304 ἐκεῖνοι
1058 3251 1310 3321 ἐνόμιζον
1347 3254 1428 3307 ὅτι
1468 3251 1664 3324 ἄρτους
1695 3254 1797 3308 ούκ

173 3330 507 3397 ἐϐάσταζον.
543 3335 654 3387 Καὶ
691 3333 821 3388 ὅταν
843 3335 1149 3398 πεινῶντας
1185 3336 1387 3410 εἰσάγῃ
1408 3377 1422 3400 ,
1457 3339 1554 3392 καὶ
1582 3339 1796 3392 τίλλον-

173 3432 282 3478 τας
313 3416 422 3469 τῶν
454 3416 749 3488 ἀσταχύων
780 3418 808 3458 δ
828 3461 842 3482 ,
877 3419 973 3472 καὶ
1005 3417 1289 3484 ἐσθίοντας
1313 3461 1328 3485 ,
1370 3422 1464 3474 καὶ
1495 3421 1627 3476 ὃταν
1662 3422 1797 3498 λέγῃ

173 3499 345 3554 αὑτὸν
373 3502 467 3554 ἐπὶ
505 3501 606 3570 τὴν
637 3501 813 3573 συκῆν
842 3501 931 3556 διὰ
962 3501 1060 3574 τὴν
1095 3505 1288 3558 πεῖναν
1315 3503 1638 3575 ἐληλυθέναι
1659 3549 1674 3572 ,
1705 3510 1798 3562 06-

171 3581 267 3636 δέν
288 3582 418 3638 ἀλλο
448 3585 481 3656 ἢ
511 3585 673 3639 τοῦτο
695 3585 784 3640 διά
816 3586 1040 3640 πάντων
1063 3587 1213 3658 ἡμᾶς
1241 3587 1514 3656 παιδεύει,
1536 3589 1599 3644 τὸ
1629 3608 1799 3644 κατα-

172 3670 400 3737 φρονεῖν
429 3671 672 3739 γαστρὸς
693 3709 708 3733 ,
742 3670 836 3723 καὶ
877 3669 954 3741 μὴ
987 3670 1463 3741 περισπούδαστον
1486 3672 1588 3744 τὴν
1624 3675 1796 3745 αὐτῆς

173 3750 424 3821 νομίζειν
455 3749 596 3806 εἶναι
639 3752 1003 3825 λειτουργίαν.
1051 3753 1254 3809 Σκόπει
1294 3755 1426 3825 γοῦν
1458 3758 1657 3820 αὐτοὺς
1700 3759 1796 3812 καὶ

174 3835 440 3902 ἐνταῦθα,
493 3837 619 3891 οῦτε
673 3838 1109 3910 ἐπιφερομένους
1159 3855 1236 3902 τι,
1291 3837 1417 3893 οὔτε
1473 3840 1662 3912 ἐπειδὴ
1716 3841 1792 3912 μὴ

175 3919 504 3986 ἐϐάσταζον,
536 3922 601 3974 ἐκ
629 3921 938 3993 προοιμίων
959 3921 1062 3975 καὶ
1091 3919 1255 3984 εὐθὺς
1290 3922 1390 3994 τῆς
1425 3923 1642 3994 ἡμέρας
1668 3923 1790 3976 τού-

176 4019 277 4056 του
309 4005 719 4073 φροντίζοντας,
737 4004 876 4058 ἀλλὰ
893 4005 1036 4058 κατὰ.
1052 4006 1144 4059 τὸν
1166 4005 1380 4075 καιρὸν,
1401 4005 1525 4060 καθ’
1544 4007 1794 4060 ὁνᾶπαν-

173 4103 271 4148 τες
298 4085 813 4158 ἀριστοποιοῦνται,
845 4089 1053 4158 τροφὰς
1084 4089 1480 4161 ἀγοράζοντας.
1523 4090 1663 4144 Ἀλλ’
1693 4092 1791 4162 οὐχ

175 4171 362 4240 ἡμεῖς,
381 4169 430 4222 οἳ
461 4169 663 4235 εὐθέως
693 4181 716 4210 ο
748 4171 859 4224 ἀπὸ
888 4171 1080 4244 κλίνης
1110 4172 1518 4244 διανιστάμενοι
1550 4174 1656 4245 πρὸ
1678 4174 1791 4229 τῶν

173 4254 357 4308 ἀλλων
398 4253 558 4308 τοῦτο
605 4255 994 4326 σκοπούμεθα,
1034 4257 1332 4327 μαγείρους
1382 4256 1478 4309 καὶ
1520 4256 1792 4328 τραπεζο-

175 4339 369 4402 ποιοὺς
399 4337 718 4404 καλοῦντες,
756 4339 851 4392 καὶ
889 4339 1030 4409 μετά
1070 4339 1275 4411 πολλῆς
1332 4339 1508 4393 ταῦτα
1551 4342 1788 4412 ἐπισκή-

176 4437 409 4486 πτοντες
434 4422 534 4493 τῆς
570 4423 830 4493 σπουδῆς,
859 4424 954 4477 καὶ
985 4423 1100 4495 μετ’
1134 4425 1320 4479 ἐκεῖνα
1350 4423 1460 4478 τῶν
1493 4425 1670 4480 ἄλλων
1695 4424 1789 4478 οῦ-

171 4521 287 4569 τως
332 4506 632 4576 ἁπτόμενοι
659 4546 674 4570 ,
719 4505 788 4560 τά
823 4505 1055 4576 βιωτικά
1103 4508 1211 4579 πρὸ
1237 4506 1348 4562 τῶν
1397 4508 1789 4579 πνευματικῶν

176 4588 446 4642 σπουδαία
482 4589 834 4660 ποιούμενοι,
877 4591 973 4644 καὶ
999 4589 1043 4644 ’ἀ
1071 4591 1352 4663 πάρεργον
1388 4591 1535 4662 ἐχειν
1576 4592 1744 4663 ἐχρῆν
1769 4632 1785 4656 ,

173 4675 253 4738 ὡς
298 4677 576 4743 ἀναγκαῖα
622 4675 916 4747 τιμῶντες.
965 4675 1068 4730 Διά
1113 4675 1274 4731 τοῦτο
1310 4676 1491 4730 πάντα
1533 4677 1646 4732 ἀνω
1691 4677 1787 4730 καὶ

174 4761 332 4814 κάτω
368 4761 602 4830 γίνεται.
659 4760 988 4814 Τούναντίον
1033 4760 1142 4834 γὰρ
1176 4760 1348 4832 ἐχρῆν
1382 4760 1640 4814 ἁπάντων
1676 4760 1786 4814 τῶν

175 4844 569 4915 πνευματικῶν
611 4845 781 4898 πολὺν
823 4845 1228 4916 ποιησαμένους
1285 4844 1480 4914 λόγον,
1531 4846 1672 4915 μετὰ
1725 4845 1787 4898 τὸ

176 4928 463 4999 πληρῶσαι
496 4931 711 4994 ἐκεῖνα,
744 4930 863 4983 τότε
896 4927 1164 4984 ἅπτεσθαι
1197 4928 1426 4984 τούτων.

247 5015 324 5068 Οὐ
350 5014 410 5067 τὸ
430 5015 687 5068 ἐπίπονον
713 5014 770 5067 δὲ
795 5014 976 5084 μόνον,
1001 5013 1138 5067 ἀλλὰ
1169 5013 1343 5066 καὶτὸ
1365 5013 1571 5082 ἄτυφον
1595 5010 1785 5065 ἐντεῦ-

175 5095 270 5148 θεν
301 5093 596 5160 δείκνυται,
623 5097 684 5149 ού
717 5095 795 5166 τῷ
830 5096 1118 5160 κοπιᾶσαι,
1162 5094 1282 5148 οὐδὲ
1313 5092 1392 5163 τῷ
1437 5091 1664 5145 καθίσαι
1692 5093 1786 5144 ἐπὶ

173 5175 280 5246 τῆς
317 5175 436 5228 ὁδοῦ
490 5175 671 5246 μόνον,
713 5175 850 5228 ἀλλὰ
887 5174 980 5228 x01
1025 5173 1103 5244 τῷ
1152 5172 1582 5242 καταλειφθῆναι
1623 5170 1788 5241 μόνον

178 5253 276 5306 καὶ
307 5253 435 5318 τοὺς
465 5253 715 5323 μαθητάς
757 5252 926 5307 αὑτοῦ
970 5251 1232 5306 ἀπελθεῖν
1249 5251 1311 5304 ‘d.
1343 5251 1534 5304 Καίτοι
1564 5267 1628 5318 γε
1655 5250 1786 5320 ἐξῆν

179 5333 235 5386 εἰ
260 5349 325 5402 γε
359 5332 633 5398 ἐϐούλετο,
667 5335 701 5405 ἢ
749 5335 824 5406 μὴ
867 5335 1078 5395 πάντας
1108 5330 1414 5401 ἐκπέμψαι,
1448 5330 1481 5401 ἢ
1520 5330 1785 5384 ἀπελθόν-

177 5431 289 5468 των
316 5414 562 5479 ἐκείνων,
595 5415 822 5484 ἐτέρους
843 5414 1128 5477 διακόνους
1162 5412 1332 5482 ἐχειν·
1363 5410 1479 5464 ἀλλ’
1513 5411 1616 5464 οὐκ
1657 5411 1786 5480 ἠθέ-

175 5495 347 5564 λησε·
384 5496 480 5548 καὶ
525 5494 635 5566 γὰρ
681 5496 814 5558 τοὺς
869 5492 1122 5565 μαθητάς
1170 5491 1346 5556 οῦτως
1390 5491 1560 5544 εἴθισε
1604 5491 1784 5545 πάντα

177 5573 351 5642 τῦφον
390 5577 747 5628 καταπατεῖν.
796 5575 905 5627 Καὶ
945 5572 996 5626 τί
1032 5573 1197 5643 μέγα,
1226 5573 1415 5643 φησὶν,
1444 5574 1493 5624 εί
1528 5570 1784 5640 ἐμετρία-

179 5651 294 5717 ζον,
335 5653 466 5716 ἴσως
497 5654 642 5707 εῖποι
668 5671 753 5716 τις
795 5653 881 5720 ἂν,
908 5653 1081 5716 ἁλιεῖς
1111 5654 1263 5717 ὄντες
1299 5653 1393 5704 καλ⁸
1433 5649 1783 5722 σκηνοποιοί;

177 5732 416 5804 1’Λλιεῖς
455 5733 554 5802 μὲν
582 5729 723 5804 ἦσαν
755 5735 849 5788 καὶ
878 5731 1244 5804 σκηνοποιοὶ,]
1272 5731 1387 5785 ἀλλ’
1420 5730 1618 5801 ἁθρόον
1648 5733 1727 5793 εἰς
1759 5742 1783 5770 θ

242 5827 270 5854 ⁸
297 5825 471 5875 Morel.
511 5825 708 5875 ἐνταῦθα
745 5827 927 5883 δεικνὺς
967 5829 1120 5887 λέγει’
1157 5825 1216 5875 '0
1251 5824 1350 5887 οὖν.

346 5950 358 5964 ‘
395 5887 704 5966 c.1211“);
736 5891 810 5966 κὡς
828 5890 979 5966 ,ἡμεῖς
1023 5885 1229 5966 ερθξωςτ.
1250 5886 1493 5963 Sav'il.~et
1527 5885 1785 5966 (300.5305,

179 5947 283 6012 ἀλλ’
307 5950 399 6012 οὐχ
419 5952 484 6005 ὠς
503 5950 640 6012 ἡμεῖς
660 5947 756 5998 ἀπὸ
796 5947 971 6008 κλίνης.
1041 5949 1070 5988 ἀ
1100 5949 1251 5998 Savil.
1287 5947 1436 5997 αὑτοῦ
1474 5948 1783 6012 χωρισθῆ-ναι.

182 6008 697 6075 ξδιινίίξίσκηνοποιοί,
718 6012 886 6075 ἀθρόον
906 6014 957 6060 δέ
977 6014 1057 6068 εἰς.
1084 6013 1232 6063 Uncis
1254 6012 1440 6061 inclusa
1460 6008 1648 6060 é‘co'dd.
1675 6009 1786 6070 705,

181 6071 273 6122 τυϐ
294 6082 349 6122 cl.
371 6074 463 6123 δεῖν
515 6074 703 6135 adjecta
728 6071 858 6125 sum.
884 6075 1020 6126 Εοιτ.

1226 370 1293 427 ΙΝ
1337 370 1656 433 JOANNEM
1701 372 1940 430 IIOMIL.
1981 375 2174 435 XXXI.
2218 380 2290 436 al.
2330 379 2499 434 XXX.

1420 5823 1448 5863 δ
1485 5825 1636 5872 Savil.
1668 5840 1787 5871 στα·
1863 5832 1866 5838 ’

3447 381 3566 442 ίϐθι

1937 498 2109 570 αὐτὴν
2140 499 2418 570 ἀνέϐησαν
2442 498 2542 554 τοῦ
2564 500 2801 572 ούρανοῦ
2828 499 2929 573 τὴν
2961 498 3230 572 κορυφὴν,
3279 500 3377 556 καὶ
3414 503 3552 558 πάν-

1931 594 2044 632 των
2064 576 2315 646 ἐγένοντο
2337 577 2608 648 βασιλέων
2640 580 2983 652 σεμνότεροι,
3008 579 3273 652 ὁμιληταὶ
3292 581 3551 650 γενέσθαι

1934 655 2374 722 καταξιωθέντες
2434 657 2530 711 τοῦ
2576 658 2678 728 τῆς
2717 657 3052 731 οἰκουμένης
3102 659 3403 725 Δεσπότου,
3451 662 3551 716 καὶ

1934 735 2422 808 παρακολουθῆσαι
2448 736 2527 809 τῷ
2557 737 2969 810 θαυμαζομένῳ
3001 736 3290 793 πάντοθεν.
3315 739 3462 793 Ἵστε
3492 739 3550 792 δέ

1929 815 2174 879 κάκεῖνο,
2223 818 2308 870 ὅτι
2361 816 2601 886 μάλιστα
2648 817 2700 870 οί
2758 817 2825 870 ἐκ
2865 817 3146 872 ταπεινῶν
3188 817 3365 881 δντες,
3416 818 3551 872 ὅταν

1928 893 2263 967 ἀξιωμάτων
2314 896 2448 951 ποτέ
2505 895 2805 957 λάϐωνται,
2868 895 3242 971 εὐκολώτερον
3292 895 3550 967 αἴρονται

1924 975 2072 1046 ,πρὸς
2114 977 2402 1040 ἀπόνοιαν,
2446 975 2545 1030 ἅτε
2593 975 2982 1048 ἀπειροκάλως
3016 975 3238 1048 ἔχοντες
3271 975 3412 1048 πρὸς
3445 975 3548 1046 τὴν

1926 1056 2202 1128 τοσαύτην
2230 1058 2420 1130 τιμήν.
2454 1056 2722 1127 Κατέχων
2750 1052 2847 1110 οὖν
2875 1056 3077 1120 αύτούς
3109 1055 3207 1110 ἐπὶ
3238 1056 3341 1127 τῆς
3370 1056 3548 1127 αὐτῆς

1925 1137 2456 1211 ταπεινοφροσύνης,
2489 1137 2780 1194 ἐπαίδευεν
2807 1137 3011 1202 αὐτοὺς
3036 1136 3126 1192 διὰ
3164 1136 3387 1192 πάντων
3420 1154 3546 1190 συν-

1925 1218 2205 1273 εστάλθαι.
2241 1221 2337 1273 καὶ
2370 1218 2628 1290 μηδαμοῦ
2653 1217 2867 1272 δεῖσθαι
2892 1217 3003 1272 τῶν
3035 1215 3540 1288 διακονησομένων.

1925 1297 2101 1362 Αὐτὸς
2143 1297 2200 1351 δὲ
2243 1297 2634 1365 Κεκοπιακὼς
2671 1297 2741 1352 ἐκ
2781 1294 2895 1365 τῆς
2933 1294 3305 1364 ὁδοιπορίας,
3350 1296 3540 1366 φησὶν,

1923 1375 2181 1445 ἐκάθητο
2226 1377 2419 1444 οὕτως
2450 1377 2550 1431 ὲπί
2598 1374 2676 1446 τῇ
2735 1374 2922 1445 πηγῇ.
2974 1375 3142 1447 Ὁρᾷς
3181 1375 3265 1429 ὅτι
3313 1373 3404 1428 διά
3448 1374 3542 1428 τὸν

1923 1456 2094 1510 κόπον
2126 1458 2159 1528 η
2199 1456 2436 1528 καθέδρα
2465 1457 2682 1525 γέγονε,
2718 1455 2808 1509 διά
2841 1455 2903 1508 τὸ
2937 1453 3150 1525 καῦμα,
3175 1453 3267 1509 διά
3289 1452 3354 1507 τὸ
3383 1469 3542 1526 περι-

1926 1538 2110 1606 μεῖναι
2135 1537 2265 1599 τοὺς
2304 1535 2594 1606 μαθητάς;
2622 1536 2780 1608 ’ῌδει
2818 1535 2921 1606 μὲν
2959 1534 3071 1606 γάρ
3114 1533 3540 1608 συμϐησόμενον

1921 1613 1982 1669 τὸ
2007 1615 2153 1668 κατά
2192 1617 2321 1679 τοὺς
2365 1606 2739 1686 Σαμαρείτας.
2791 1613 2909 1668 Ούκ
2950 1612 3047 1666 ἐπὶ¹
3093 1606 3257 1667 τοῦτο
3303 1611 3362 1665 δέ
3405 1606 3539 1681 ἦλθε

1921 1694 2388 1766 προηγουμένωςο
2431 1695 2491 1748 ού
2531 1693 2639 1765 μὴν
2684 1693 2877 1765 ἐπειδὴ
2917 1692 3010 1747 διὰ
3036 1691 3201 1746 τοῦτο
3238 1690 3340 1746 οὐκ
3382 1688 3538 1764 [180]

1918 1768 2073 1844 ἦλθε,
2108 1774 2560 1846 παραγενόμενον
2595 1773 2661 1828 τὸ
2692 1773 2921 1842 γύναιον
2959 1771 3291 1841 ἀπώσασθαι
3338 1769 3535 1842 ἐχρῆν,

1917 1853 2062 1908 οὕτω
2083 1852 2286 1923 πολλὴν
2309 1853 2676 1924 φιλομάθειαν
2699 1853 3173 1926 ἐπιδεικνύμενον.
3204 1855 3268 1907 υἰ
3295 1852 3394 1923 μὲν
3426 1851 3538 1922 7&9

1932 1929 2180 1984 Ἰουδαῖοι
2213 1930 2311 1984 καὶ
2352 1930 2491 2001 πρὸς
2530 1931 2732 1995 αὐτοὺς
2771 1932 3073 2001 ἐρχόμενον
3112 1933 3454 2002 ἀπήλαυνον,
3485 1931 3535 1984 οἰ

1916 2009 1973 2065 δὲ
2019 2005 2080 2074 ἐξ
2128 2010 2301 2063 ἐθνῶν
2349 2009 2446 2064 καὶ
2496 2009 2735 2082 ἀλλαχοῦ
2790 2010 3078 2082 βαδίζοντα
3125 2010 3265 2081 πρὸς
3307 2011 3537 2073 ἑαυτοὺς

1915 2083 2124 2144 εἷλκονο
2152 2089 2249 2142 καὶ
2285 2091 2332 2142 οί
2370 2089 2469 2158 μὲν
2502 2088 2787 2160 ἐφθόνουν,
2820 2091 2869 2142 οἰ
2893 2089 2951 2144 δέ
2981 2091 3296 2145 ἐπίστευον*
3331 2093 3534 2144 ἐκεῖνοι

1914 2169 2286 2239 ἠγανάκτουν,
2336 2165 2486 2225 οὗτοι
2531 2167 2851 2240 ἐθαύμαζον
2895 2170 2992 2223 καὶ
3039 2170 3435 2241 προσεκύνουν.
3466 2173 3534 2226 Τί

1912 2245 2042 2316 06v;
2085 2250 2194 2304 ἔδει
2229 2249 2505 2304 τοσούτων
2542 2249 2822 2321 σωτηρίαν
2855 2250 3158 2321 ὑπεριδεῖν,
3205 2250 3300 2304 καὶ
3327 2249 3534 2323 προθυ-

1962 2330 2049 2386 ίαν
2078 2329 2223 2385 οὕτω
2256 2328 2513 2400 γενναίαν
2554 2331 2807 2400 ἀφεῖναι;
2837 2329 3012 2384 Τοῦτο
3050 2329 3150 2401 μὲν
3178 2325 3272 2384 οῦν
3308 2329 3532 2397 ἀνάξιον

1962 2347 2049 2386 ιαν
2078 2347 2223 2385 ουτω
2256 2347 2513 2400 γενναιαν
2554 2347 2807 2400 αφειναι;
2838 2347 2870 2384 νι
2883 2347 3012 2384 ουτο
3050 2347 3150 2401 μεν
3178 2347 3272 2384 ουν
3308 2347 3531 2397 αναςιον

1909 2347 1979 2480 ,ἦν
2018 2409 2186 2464 αὐτοῦ
2214 2410 2317 2480 τῆς
2344 2407 2784 2480 φιλανθρωπίαςο
2817 2407 3009 2481 διόπερ
3041 2408 3183 2479 μετά
3225 2409 3322 2479 τῆς
3361 2426 3531 2481 προσ-

1910 2489 2156 2561 ηκούσης
2187 2489 2339 2561 αὐτῷ
2383 2489 2580 2559 σοφίας
2623 2489 2807 2544 πάντα
2834 2487 2904 2542 τὰ
2935 2489 3184 2560 παρόντα
3228 2491 3527 2560 οἰκονομεῖ.

1921 2569 2196 2640 Ἐκάθητο
2221 2570 2323 2640 μὲν
2345 2568 2478 2639 γὰρ,
2507 2568 2807 2622 ἀναπαύων
2833 2567 2897 2621 τδ
2924 2567 3108 2638 σῶμα,
3135 2569 3231 2623 καὶ
3257 2568 3409 2637 παρά
3430 2569 3529 2640 τὴν

1908 2650 2096 2720 πηγὴν
2131 2649 2150 2688 τ
2182 2647 2478 2720 ἀναψύχων
2511 2649 2664 2703 αὐτό.
2695 2648 2839 2703 Αύτδ
2868 2649 2979 2720 7&9
3001 2645 3070 2721 ῆν
3100 2649 3200 2719 τῆς
3228 2649 3441 2720 ἡμέρας
3466 2650 3530 2703 16

1910 2729 2262 2801 μεσαίτατον,
2297 2730 2436 2798 ὅπερ
2475 2729 2570 2781 καὶ
2615 2730 2644 2782 6
2687 2728 3098 2799 Εὐαγγελιστὴς
3149 2727 3418 2796 ἐδήλωσεν
3451 2731 3528 2783 εἰ-

1907 2807 2046 2870 πὼν,
2076 2808 2224 2876 Ὥρα
2268 2803 2350 2877 ἦν
2377 2807 2523 2860 ὡσεί
2559 2807 2726 2875 ἔκτηι
2778 2807 2878 2863 καί
2909 2805 3169 2875 ἐκάθητο
3208 2806 3416 2874 οὕτως.
3460 2809 3526 2862 Τί

1904 2887 1960 2940 δέ
1994 2888 2167 2950 ἐστιν,
2216 2887 2450 2951 Οὔτωςς
2503 2886 2621 2940 Οὐκ
2663 2887 2758 2941 ἐπὶ
2802 2886 3018 2958 θρόνου,
3067 2885 3256 2957 φησὶν,
3293 2887 3395 2940 ούκ
3431 2886 3528 2940 ἐπὶ⁵

1905 2965 2376 3037 προσκεφαλαίου,
2401 2966 2518 3019 ἀλλ’
2536 2965 2727 3029 ἀπλῶς
2745 2968 2840 3019 καὶ
2857 2966 2933 3029 ὼς
2951 2965 3143 3035 ἔτυχεν
3161 2967 3247 3017 ἐπ’
3267 2965 3458 3034 ἐδάφοι
3468 2983 3515 3030 ς,

1908 3048 2190 3116 Ἔρχεται
2215 3046 2374 3115 τυνὴ
2405 3047 2475 3100 ἐκ
2501 3045 2616 3114 τῆς
2646 3045 2983 3114 Σαμαρείας
3009 3041 3316 3113 ἀντλῆσαι
3340 3043 3522 3112 ὕδωρ.

1977 3127 2039 3179 δ’.
2084 3127 2228 3196 Ὅρα
2272 3124 2390 3190 πῶς
2431 3125 2529 3178 καὶ
2570 3123 2671 3195 τὴν
2711 3127 2953 3191 γυναῖκα
2981 3122 3049 3176 δι’
3089 3123 3219 3178 ἀλλο
3249 3122 3526 3176 δείκνυσιν

1901 3205 2252 3270 ἐξελθοῦσαν,
2287 3203 2568 3274 πανταχοῦ
2601 3204 2702 3274 τὴν
2725 3202 3084 3273 ἀναίσχυντον
3102 3200 3215 3256 τῶν
3250 3201 3526 3255 Ἰουδαίων

1900 3281 2273 3352 ἐπιστομίζων
2323 3282 2661 3350 ἀντιλογίαν,
2712 3279 2808 3332 καὶ
2864 3280 2952 3334 ῖνα
3001 3281 3075 3350 μή
3123 3295 3210 3342 τις
3255 3278 3393 3350 λέγῃ
3438 3280 3521 3332 ὅτι

1901 3361 2244 3415 ἐναντιοῦται
2276 3358 2474 3413 ἑαυτοῦ
2509 3359 2590 3431 τῷ
2639 3359 3053 3430 προστάγματι,
3094 3360 3175 3424 είς
3217 3358 3316 3429 μὲν
3364 3358 3523 3413 πόλιν

1901 3440 2141 3494 κελεύων
2188 3442 2264 3511 μὴ
2309 3439 2541 3492 είσιέναι
2595 3437 2989 3508 Σαμαρειτῶν,
3038 3436 3416 3506 Σαμαρείταις
3461 3437 3521 3490 δέ

1899 3519 2306 3587 διαλεγόμενος.
2338 3517 2430 3570 Διὸ
2457 3517 2552 3570 καὶ
2581 3515 2666 3579 τὸ,
2706 3515 3224 3582 Ἀπεληλύθεισαν
3251 3518 3305 3569 οὶ
3329 3519 3523 3585 μαθη-

1899 3598 1995 3652 ταὶ
2023 3596 2212 3651 αὐτοῦ
2244 3598 2333 3661 είς
2362 3595 2478 3664 τὴν
2507 3599 2715 3662 πόλιν,
2752 3596 2855 3648 ἵνα
2889 3595 3118 3664 τροφὰς
3146 3593 3518 3664 άγυράσωσι,

1899 3676 2147 3729 τέθεικεν
2174 3677 2203 3728 6
2235 3674 2671 3746 Εύαγγελιστὴς.
2707 3673 2912 3735 πολλάς
2943 3674 3182 3742 εἰσάγων
3208 3667 3391 3732 άίτίας
3418 3674 3523 3744 τῆς

1899 3754 2038 3825 πρὸς
2073 3753 2245 3826 αὐτὴν
2274 3753 2588 3819 διαλέξεως.
2632 3753 2697 3806 Τί
2745 3749 2853 3808 οὖν·
2884 3754 2918 3824 ἡ
2960 3753 3141 3822 γυνή;
3184 3752 3517 3818 Ἀκούσασα,

1897 3835 2012 3900 Δός
2071 3849 2176 3902 μοι
2229 3831 2410 3893 πιεῖν,
2465 3831 2674 3902 σφόδρα
2733 3830 2974 3894 συνετῶς
3033 3831 3116 3893 εἰς
3160 3831 3520 3904 κατασκευὴν

1897 3913 2227 3984 ἐρωτήσεως
2272 3911 2364 3964 τὸν
2415 3910 2571 3982 παρά
2613 3910 2709 3964 τοῦ
2755 3910 2994 3984 Χριστοῦ
3031 3909 3192 3979 λόγον
3223 3909 3516 3981 λαμϐάνει,

1897 3993 1994 4046 καὶ
2041 3991 2230 4061 λέγει’
2281 3989 2570 4056 Πῶςεσὺ
2634 3989 2927 4057 Ἰουδαῖος
2974 3988 3082 4056 ὢν,
3130 3990 3318 4056 αἰτεῖς
3376 3993 3518 4061 παρ’

1874 4071 2044 4141 ,ἐμοῦ
2101 4070 2262 4126 πιεῖν
2314 4069 2513 4138 οὔσης
2567 4069 2873 4137 γυναικὸς
2911 4069 3381 4138 Σαμαρείτιδος;
3431 4073 3518 4127 Οὐ

1895 4149 2009 4223 γὰρ
2040 4147 2430 4221 συγχρῶνται
2465 4147 2745 4204 Ἰουδαῖοι
2773 4147 3188 4219 Σαμαρείταις.
3217 4147 3328 4200 Καὶ
3351 4149 3516 4204 πόθεν

1894 4231 2060 4285 αὐτὸν
2093 4230 2348 4284 Ἰουδαῖον
2394 4226 2648 4300 ἐνόμιζεν
2689 4223 2865 4292 είναις
2915 4225 3051 4280 Ἀπὸ
3097 4225 3192 4280 τοῦ
3233 4229 3515 4298 σχήματος

1896 4311 2049 4373 ἴσως,
2085 4309 2179 4363 καὶ
2211 4307 2320 4362 ἀπὺ
2351 4310 2451 4380 τῆς
2489 4307 2801 4384 διαλέξεως.
2837 4305 2910 4358 Σὺ
2941 4304 3000 4358 δέ
3048 4321 3138 4375 μοι
3171 4305 3367 4384 σκόπει
3397 4305 3514 4370 πῶς

1893 4387 2294 4460 διεσκεμμένον
2327 4389 2390 4442 τὸ
2436 4387 2663 4458 γύναιον
2691 4382 2780 4459 ἦν.
2821 4384 2884 4439 Εἰ
2929 4383 3041 4456 γὰρ
3069 4386 3240 4456 ἐχρῆν
3272 4382 3515 4454 φυλάξα-

1898 4469 2049 4534 σθαι,
2087 4470 2178 4523 τὸν
2215 4467 2426 4539 Ἰησοῦν
2467 4468 2657 4540 ἐχρῆν,
2693 4467 2795 4519 ούκ
2822 4464 3063 4535 ἐκείνην.
3096 4465 3171 4518 Οὐ
3201 4463 3311 4535 7&9
3335 4460 3512 4530 εἶπεν,

1892 4551 1975 4603 ὅτι
2015 4551 2360 4618 Σαμαρεῖται
2389 4549 2502 4611 τοῖς
2540 4545 2821 4609 Ἰουδαίοις
2859 4545 2923 4598 o6
2957 4543 3330 4615 συγχρῶνται,
3371 4545 3513 4613 ἀλλ’,

1907 4628 2153 4682 Ἰουδαῖοι
2204 4626 2556 4698 Σαμαρείτας
2604 4627 2667 4679 ού
2718 4623 3060 4696 προσίενται.
3102 4621 3244 4677 Ἀλλ’
3296 4624 3448 4696 ὅμως
3477 4627 3511 4695 ἡ

1892 4707 2032 4778 γυνὴ
2060 4707 2237 4760 καίτοι
2266 4706 2604 4777 κατηγορίας
2639 4704 3066 4776 ἀπηλλαγμένη,
3099 4702 3290 4774 ἐπειδὴ
3327 4705 3512 4774 ἐνόμιο
3627 4713 3633 4721 ’

1894 4806 1986 4842 σεν
2015 4790 2206 4858 ἕτερον
2247 4787 2385 4858 αὐτῇ
2431 4786 2804 4847 ἀντιπίπτειν,
2855 4783 2978 4837 οὐδὲ
3006 4781 3183 4847 οὕτως
3227 4783 3510 4856 ἐσίγησεν⁹

1894 4867 2012 4922 ἀλλ’
2041 4867 2118 4929 ὡς
2149 4865 2322 4920 οίεται
2351 4863 2662 4937 διορθοῦται
2708 4863 2771 4917 τὸ
2801 4864 2879 4935 μὴ
2914 4862 3062 4917 κατά
3085 4862 3252 4932 νόμον
3285 4864 3512 4935 γινόμε-

1890 4965 2001 5000 νον.
2036 4943 2177 4999 Ἀλλ’
2206 4947 2385 5000 ἐκεῖνο
2428 4945 2495 5000 ἀν
2535 4962 2622 5009 τις
2667 4945 3048 5016 διαπορήσειε,
3084 4944 3202 5007 πῶς
3235 4945 3263 4998 ὁ
3300 4942 3511 5010 Ἰησοῦς

1890 5027 2126 5098 ἐζήτησε
2169 5024 2301 5097 παρ’
2337 5025 2508 5096 αὐτῆς
2549 5027 2717 5091 πιεῖν,
2763 5024 2868 5100 έτοῦ
2919 5024 3086 5095 νόμου
3131 5023 3233 5076 οὐκ
3283 5018 3546 5094 ἐπιτρέ-⁸

1896 5123 2128 5173 ποντος;
2166 5106 2229 5158 El
2259 5105 2369 5175 7&9
2397 5105 2546 5174 λέγοι
2578 5121 2684 5168 τις,
2721 5104 2806 5157 ὅτι
2843 5103 2921 5174 τῷ
2949 5103 3260 5175 προειδέναι
3302 5103 3376 5175 μὴ
3403 5104 3510 5157 δὼ-

1893 5201 2116 5250 σουσαν,
2166 5184 2232 5237 δι’
2273 5185 2407 5237 αὐτὸ
2447 5185 2545 5255 μὲν
2570 5179 2666 5238 οὖν
2694 5181 2856 5237 τοῦτο
2882 5183 3004 5237 οὐδὲ
3037 5182 3262 5252 αἰτῆσαι
3312 5183 3504 5254 ἐχρῆν.

1892 5264 1958 5318 Τί
1984 5260 2080 5317 οὖν
2114 5264 2261 5316 ἐστιν
2298 5264 2508 5331 εἰπεῖν;
2557 5264 2681 5317 Ὀτι
2711 5262 3009 5335 ἀδιάφορον
3045 5261 3197 5332 αύτῷ
3222 5261 3412 5316 λοιπὸν
3437 5258 3506 5332 ἦν

1888 5345 1990 5407 τὰς
2040 5343 2300 5407 τοιαύτας
2349 5343 2640 5398 ἐκϐάλλειν
2684 5343 3126 5413 παρατηρήσεις.
3145 5342 3204 5395 '0
3234 5341 3346 5412 γὰρ
3377 5343 3504 5406 τοὺς

1891 5422 2086 5487 ἀλλους
2134 5421 2348 5491 ἐνάγων
2395 5425 2474 5487 εἰς
2523 5422 2586 5475 τὺ
2631 5421 2803 5486 λύειν,
2857 5419 3040 5491 πολλῷ
3099 5419 3301 5492 μᾶλλον
3341 5421 3506 5484 αὐτὸς

1889 5502 2060 5567 αύτάς
2107 5501 2176 5556 ἂν
2221 5502 2601 5575 παρέδραμεν.
2644 5501 2723 5554 06
2759 5500 2870 5571 7&9
2908 5500 2971 5553 τὸ
3021 5501 3504 5572 εἰσπορευόμενον,

1891 5586 2049 5655 φησὶ,
2087 5586 2259 5636 κοινοῖ
2285 5582 2377 5636 τὸν
2405 5581 2720 5653 ἄνθρωπον,
2767 5580 2907 5635 ἀλλά
2946 5580 3008 5633 τὺ
3038 5581 3502 5650 ἐκπορευόμενον.

1891 5667 1967 5718 Ού
2005 5661 2180 5734 μικρά
2229 5662 2285 5716 δὲ
2335 5663 2641 5734 κατηγορία
2678 5661 2878 5729 γένοιτ’
2913 5660 2981 5714 ἂν
3016 5661 3126 5713 τῶν
3165 5659 3434 5713 Ἰουδαίων
3469 5663 3503 5731 ἠ

1894 5743 2035 5815 πρὸς
2065 5741 2093 5779 ³³
2133 5743 2234 5814 τὴν
2262 5744 2501 5811 γυναῖκα
2534 5740 2791 5806 διάλεξις,
2837 5740 2974 5793 διότι
3012 5741 3211 5792 ἐκεῖνοι
3245 5739 3346 5809 μὲν
3377 5739 3508 5793 πολ-

1956 5841 2161 5912 ε..δεινί¹,ο
2183 5847 2253 5912 si
2463 5840 2587 5912 “eid-
2611 5839 2872 5912 ᾇνειψύκωγ
2892 5838 3037 5912 αρδτῆ
3063 5838 3386 5912 493673196"

1956 5859 1972 5879 ι
2008 5859 2161 5892 nam.
2193 5859 2253 5904 τῃ
2289 5859 2356 5899 πη
2427 5879 2438 5889 .
2463 5859 2587 5890 lDIu.
2611 5859 2872 5903 αναψυχων
2892 5859 3028 5887 auro.
3063 5859 3189 5888 AUTO
3213 5859 3304 5901 γαρ
3327 5859 3386 5896 ἠν
3406 5859 3507 5896 της.

1892 5903 2029 5954 Velit
2054 5907 2156 5967 legi
2181 5903 2336 5967 Savil.
2359 5859 2430 5967 EA!
2455 5905 2564 5966 γάρ,
2598 5901 2773 5967 deleto
2805 5902 2942 5967 0610'-
3065 5901 3212 5967 Aliijz
3375 5903 3513 5967 αἰτη-

1890 5968 2027 6016 θεῖσα
2047 5963 2177 6028 ὕδωρ
2199 5966 2330 6027 παρὰ
2349 5964 2436 6028 τοῦ
2456 5963 2567 6028 Χρζί
2593 5965 2684 6028 Δός
2702 5980 2782 6028 μοι
2801 5965 2910 6025 γὰρ,
2932 5964 3067 6028 φησί,
3089 5963 3230 6028 πιεῖν,
3253 5964 3280 6009 ὁ
3303 5964 3512 6028 Χριστὸς

2101 6105 2216 6146 εςις·
2247 6105 2453 6146 εκεινονς
2481 6105 2564 6146 μεν
2586 6105 2674 6146 γαρ
2695 6105 2745 6137 π.
2773 6105 3100 6137 επεσπασατο.
