4024 6448
152 408 252 462 181

145 526 370 594 gatione
399 521 657 592 capiatur.
685 515 841 570 Jesus
871 528 996 568 vero
1039 511 1138 565 bac
1179 510 1230 562 in
1277 523 1369 572 re,
1422 506 1522 559 hae
1561 505 1613 556 in
1661 499 1741 552 via

151 635 203 671 n4
235 617 398 670 udum
431 610 662 667 instabat
690 626 703 661 :
732 606 824 663 sed
851 620 944 661 eos
973 604 1061 673 qui
1088 601 1407 656 accederent
1434 613 1539 652 non
1572 597 1743 662 impc-

150 708 360 763 dicbat.
415 701 697 771 [)iseipulis
737 710 967 766 namque
1009 692 1325 763 simpliciter
1371 687 1537 751 dixit,
1579 702 1645 740 ne
1690 683 1744 738 in

153 798 434 851 civitatem
457 791 909 847 Samaritanorum
956 787 1253 848 intrarent,
1302 796 1410 836 non
1462 787 1643 833 tamen
1691 785 1748 830 ut

152 887 481 943 accedentes
509 885 626 939 illos
653 881 978 952 repellerent
1003 894 1020 931 :
1046 892 1134 932 res
1160 876 1302 931 enim
1331 874 1472 928 illius
1499 871 1745 939 benigni-

153 987 268 1032 tate
295 975 582 1030 admodum
621 971 836 1040 ittdigna
879 967 1088 1023 fuisset.
1136 965 1367 1034 Ideoque
1409 962 1620 1017 mulieri
1672 961 1751 1015 sic

151 1064 448 1135 respondet
481 1081 494 1116 :
529 1063 616 1118 i0.
663 1060 725 1114 Si
752 1058 908 1114 scires
926 1057 1116 1111 donum
1157 1053 1290 1121 Dei,
1322 1061 1370 1108 et
1414 1052 1528 1122 quis
1567 1059 1638 1104 est
1663 1049 1750 1120 qui

151 1157 247 1209 tibi
278 1157 436 1220 dicit,
471 1154 550 1207 Da
579 1151 704 1205 mihi
723 1150 888 1206 bibere
914 1164 933 1204 :
959 1158 1012 1202 tu
1036 1147 1250 1207 forsitan
1295 1146 1500 1213 petisses
1538 1141 1600 1196 ab
1654 1157 1745 1207 eo,

152 1257 203 1301 et
235 1248 452 1301 dedisset
477 1243 566 1296 tibi
594 1258 778 1312 aquam
821 1241 1003 1296 vivam.
1043 1238 1197 1292 Prius
1237 1236 1434 1291 indicat
1471 1247 1588 1289 eam
1628 1245 1749 1287 esse

152 1337 376 1407 dignam
401 1349 521 1404 quae
548 1333 793 1386 audiatur
811 1373 824 1395 ,
856 1344 956 1384 nec
986 1327 1298 1397 rejiciatur;
1330 1341 1391 1379 ac
1417 1322 1609 1379 deinde
1630 1321 1749 1391 quis

152 1429 275 1498 ipse
300 1428 367 1482 sit
400 1425 618 1480 revelat.
648 1423 782 1478 Nam
808 1437 932 1476 mox
963 1419 1212 1474 auditura
1253 1417 1373 1487 quis
1416 1423 1561 1470 esset
1580 1455 1596 1478 ,
1644 1413 1741 1482 ipsi

150 1521 590 1586 obtemperatum
619 1523 770 1581 erat;
807 1510 949 1583 quod
977 1511 1046 1566 de
1083 1508 1283 1566 Judaeis
1325 1521 1484 1562 nemo
1527 1504 1742 1560 dixerit.

150 1611 287 1666 Nam
316 1624 439 1664 cum
461 1607 802 1672 didicissent,
852 1604 986 1658 nihil
1033 1602 1101 1657 ab
1139 1603 1257 1672 ipso
1305 1599 1600 1670 petierunt,
1646 1610 1748 1652 nec

148 1700 431 1771 quidpiam
462 1698 591 1752 utile
616 1696 856 1752 ediscere
884 1694 1206 1763 cupierunt;
1237 1691 1346 1745 imo
1374 1690 1522 1744 illum
1553 1696 1745 1743 contu-

148 1791 332 1846 nteliis
359 1789 654 1844 onerabant
679 1795 733 1843 et
776 1786 1065 1857 pellebant.
1115 1783 1211 1838 His
1260 1781 1456 1836 auditis
1508 1781 1742 1845 mulier,

147 1884 275 1938 vide
302 1897 462 1954 quam
483 1879 725 1936 modeste
750 1876 1075 1948 respondeat
1103 1892 1118 1929 :
1150 1875 1240 1931 ll.
1285 1873 1538 1938 Domine,
1589 1885 1747 1939 neque

145 1979 201 2030 in
231 1991 330 2043 quo
361 1975 571 2029 lecturias
598 1972 767 2037 habes,
814 1980 863 2025 et
902 1979 1082 2040 puteus
1123 1969 1258 2023 altus
1298 1976 1413 2032 est;
1455 1965 1590 2019 unde
1626 1980 1745 2035 ergo

146 2069 310 2124 habes
337 2083 520 2138 aquam
550 2064 755 2120 vivam?
783 2063 901 2119 Jam
933 2062 1080 2117 illam
1107 2075 1135 2114 a
1163 2059 1352 2115 viliore
1379 2058 1633 2128 opinione
1660 2072 1744 2111 re-

147 2165 346 2229 traxit,
402 2163 473 2217 ita
522 2170 580 2215 ut
624 2174 732 2214 non
779 2158 919 2213 ultra
965 2154 1214 2211 crederet
1263 2153 1410 2208 illum
1465 2150 1742 2222 vulgarem

145 2252 459 2323 quempiam
486 2265 606 2306 esse
629 2249 922 2303 hominem.
950 2245 1065 2300 Non
1095 2243 1253 2299 modo
1281 2242 1426 2298 enim
1445 2241 1592 2295 illum
1625 2240 1746 2294 Do—

146 2344 356 2399 minum
388 2350 577 2407 vocat,
623 2339 718 2396 sed
767 2337 1064 2394 bonorilice
1114 2334 1369 2406 loquitur.
1417 2332 1552 2388 Nam
1598 2329 1742 2400 quod

148 2436 376 2491 honoris
406 2450 563 2490 causa
594 2434 671 2488 sic
713 2432 1044 2502 loqueretur,
1075 2444 1139 2484 ex
1167 2424 1516 2498 sequentibus
1551 2424 1738 2492 liquet.

145 2527 266 2582 Non
295 2527 438 2580 enim
471 2525 637 2579 irrisit
660 2565 676 2588 ,
706 2539 813 2578 non
854 2521 1091 2578 traduxit
1137 2519 1287 2574 illum
1313 2559 1329 2586 ,
1383 2517 1478 2573 sed
1528 2516 1740 2571 interim

144 2616 553 2672 subdubitabat.
595 2613 749 2682 Quod
797 2613 844 2668 si
885 2627 992 2669 non
1035 2612 1214 2667 statim
1241 2625 1355 2666 rem
1387 2617 1552 2664 totam
1581 2607 1740 2663 intel-

145 2710 279 2763 lexit
298 2748 315 2773 ,
345 2722 413 2761 nc
444 2707 656 2761 mireris
686 2723 700 2760 :
732 2719 907 2774 neque
937 2703 1080 2758 enim
1111 2701 1434 2757 Nicodamus
1465 2699 1742 2755 intellexe-

145 2811 255 2854 rat.
286 2798 419 2852 Nam
449 2796 574 2867 quid
602 2795 689 2851 ille
715 2793 888 2850 dicit?
922 2792 1186 2860 Quomodo
1213 2800 1424 2863 possunt
1449 2791 1558 2846 haec
1587 2789 1742 2858 ﬁeri?

143 2901 200 2944 et
232 2903 468 2956 rursum,
504 2886 771 2954 Quomodo
791 2895 952 2956 potest
975 2885 1123 2939 homo
1145 2884 1288 2938 nasci
1311 2899 1428 2937 cum
1456 2881 1520 2937 sit
1547 2897 1700 2935 senex
1716 2880 1742 2934 7

141 2992 197 3038 et
230 2951 464 3046 iterum,
483 2951 750 3048 Numquid
778 2951 939 3048 potest
965 2976 1018 3030 in
1047 2986 1249 3030 uterum
1279 2974 1456 3029 matris
1497 2989 1603 3028 siue
1645 2974 1738 3028 ite-

141 3082 263 3126 rato
283 3070 492 3124 introire
511 3079 556 3123 et
574 3069 715 3122 nasci
735 3068 760 3121 ?
781 3067 906 3122 llaec
926 3074 1104 3122 autem
1123 3063 1476 3122 verecundius
1499 3062 1738 3130 Domine,

143 3178 309 3234 neque
338 3161 391 3215 in
414 3177 514 3232 quo
540 3159 749 3212 haurias
777 3158 930 3212 habes
948 3199 964 3223 ,
991 3166 1036 3212 et
1063 3168 1244 3228 puteus
1271 3158 1408 3211 altus
1452 3165 1557 3220 est;
1606 3155 1742 3210 unde

141 3270 266 3326 ergo
314 3252 466 3307 habes
513 3268 697 3322 aquam
743 3249 951 3304 vivam?
993 3249 1152 3304 Aliud
1197 3248 1445 3303 Christus
1486 3245 1739 3313 dicebat,

141 3344 290 3398 aliud
325 3343 411 3397 illa
439 3342 810 3411 suspicabatur
832 3381 850 3409 ,
888 3338 1024 3395 nihil
1049 3339 1194 3394 aliud
1221 3355 1381 3409 quam
1425 3338 1590 3394 verba
1639 3354 1738 3394 au-

141 3437 321 3499 diens,
353 3447 526 3504 neque
548 3431 723 3488 adhuc
748 3432 977 3488 sublime
1002 3431 1273 3502 quidpiam
1317 3432 1616 3502 intelligere
1643 3447 1739 3486 va-

143 3528 312 3583 lebat.
371 3526 528 3597 Atqui
581 3526 904 3596 pelulantius
953 3524 1282 3594 respondere
1331 3524 1633 3594 potuisset,
1682 3523 1738 3580 Si

144 3619 382 3674 haberes
410 3634 600 3688 aquam
631 3618 806 3673 vivam
833 3659 847 3685 ,
880 3633 985 3674 non
1018 3627 1230 3687 peteres
1257 3633 1288 3672 a
1329 3633 1414 3672 me
1436 3658 1452 3684 ,
1502 3617 1596 3673 sed
1646 3618 1738 3674 tibi

143 3714 300 3784 prius
347 3713 617 3782 pra-lieres
648 3729 659 3764 :
687 3712 800 3781 jam
841 3727 971 3766 vero
1022 3719 1074 3766 te
1112 3711 1305 3781 jactas.
1353 3709 1557 3766 Verum
1610 3710 1738 3765 nihil

146 3807 344 3860 borum
374 3803 506 3858 dixit
534 3819 547 3867 ;
580 3803 673 3857 sed
707 3801 948 3858 modeste
975 3802 1211 3872 loquitur
1232 3810 1286 3857 et
1313 3801 1365 3856 in
1396 3802 1657 3872 principio
1685 3810 1741 3857 et

144 3899 198 3952 in
229 3895 593 3967 sequentibus.
622 3895 753 3948 Nam
782 3894 836 3949 in
868 3895 1128 3963 principio
1175 3895 1250 3948 ait
1281 3911 1295 3947 :
1328 3894 1594 3960 Quomodo
1641 3904 1696 3949 tu
1721 3934 1737 3960 ,

141 3987 362 4040 Judwus
389 4002 504 4040 cum
529 3986 598 4040 sis
625 4027 640 4051 ,
669 3985 835 4039 bibere
858 4001 889 4038 a
913 4001 992 4038 me
1017 3985 1185 4054 poscis
1205 3983 1232 4039 f
1256 3984 1440 4055 Neque
1464 3985 1600 4040 dixit
1626 4026 1641 4051 ,
1674 4000 1736 4041 ac

143 4082 189 4135 si
225 4080 580 4150 alienigenam
626 4087 681 4134 et
721 4079 995 4135 inimicum
1036 4077 1404 4151 alloqueretur
1434 4097 1450 4134 ε
1480 4079 1635 4135 Absit
1681 4090 1740 4136 ut

147 4173 243 4226 tibi
265 4172 531 4241 praebeam
552 4171 753 4225 homini
781 4171 999 4226 inimico
1014 4179 1067 4226 et
1086 4187 1116 4225 a
1144 4181 1304 4242 gente
1327 4182 1509 4227 nostra
1539 4172 1736 4228 alieno.

150 4263 362 4320 Deinde
389 4279 514 4319 cum
542 4279 731 4335 magna
761 4264 1066 4334 loquentem
1110 4265 1351 4331 audiret,
1397 4280 1516 4335 quae
1563 4266 1741 4322 solent

148 4354 400 4409 inimicos
428 4356 660 4409 maxime
688 4355 969 4419 mordere,
1004 4370 1108 4409 non
1139 4356 1335 4422 irrisit,
1381 4373 1487 4411 non
1526 4357 1742 4413 cachin-

148 4449 234 4500 nis
265 4445 688 4515 excepitillum;
722 4447 814 4500 sed
844 4445 970 4515 quid
1020 4445 1183 4501 dicit?
1233 4446 1318 4502 12.
1372 4447 1640 4520 Numquid
1686 4458 1740 4504 tu

147 4537 319 4606 major
345 4553 394 4590 es
423 4548 566 4606 patre
597 4547 772 4591 nostra
800 4537 962 4592 Jucob
985 4580 998 4601 ,
1029 4539 1114 4606 qui
1160 4538 1298 4592 dedit
1344 4538 1487 4594 nobis
1537 4550 1740 4610 puteum

149 4629 288 4681 hunc
311 4669 326 4694 ,
361 4636 405 4681 et
435 4629 543 4698 ipse
567 4644 628 4684 ea:
657 4644 714 4682 eo
743 4626 896 4692 bibit,
926 4639 971 4682 et
997 4629 1096 4698 filii
1120 4630 1228 4700 ejus
1251 4672 1264 4695 ,
1295 4640 1342 4684 et
1384 4634 1611 4700 pecora?
1650 4632 1744 4688 Vi-

150 4719 276 4774 den’
307 4733 412 4788 quo
440 4729 596 4788 pacto
619 4718 756 4775 sein
788 4719 1065 4774 Judaicam
1111 4720 1445 4778 nobilitatem
1492 4723 1744 4794 ingerat?

150 4809 265 4863 Hoc
292 4821 468 4863 autem
493 4811 605 4863 vult
633 4809 937 4878 significare
968 4829 982 4865 ς
1010 4809 1104 4866 ille
1136 4811 1236 4866 bac
1262 4827 1390 4868 usus
1429 4821 1512 4868 est
1561 4829 1698 4885 aqua
1722 4855 1739 4884 ,

151 4899 286 4952 nihil
320 4899 455 4952 ultra
482 4899 622 4969 quod
647 4899 802 4955 daret
829 4900 1033 4955 habuit.
1059 4900 1152 4956 llis
1193 4917 1356 4972 porro
1397 4901 1634 4959 declarat
1683 4920 1742 4962 se

152 5009 220 5046 ex
254 4993 423 5060 prima
456 4993 807 5062 reSponsione
835 5009 1082 5063 magnum
1114 5001 1168 5049 et
1194 4995 1424 5051 sublime
1468 4997 1739 5067 quidpiam

152 5084 510 5140 intellexisse.
545 5084 675 5139 Nam
700 5100 822 5139 cuni
853 5089 960 5150 ait,
993 5084 1114 5156 Ipse
1134 5087 1275 5152 bibit,
1310 5095 1357 5143 et
1385 5088 1483 5157 ﬁlii
1512 5091 1658 5160 ejus,
1696 5099 1743 5145 et

152 5190 364 5242 pecora,
413 5174 548 5228 nihil
591 5174 737 5229 aliud
780 5174 1117 5241 subindicat,
1159 5191 1320 5246 quam
1361 5193 1421 5233 se
1462 5179 1514 5234 in
1563 5189 1744 5238 mente

152 5267 354 5320 habere
377 5265 535 5319 aliam
566 5268 995 5336 praestantiorem
1021 5283 1213 5337 aquam
1234 5307 1251 5334 ,
1281 5283 1438 5338 quam
1467 5285 1566 5325 nec
1589 5287 1738 5341 rcpc¢

152 5357 320 5422 riret,
356 5372 455 5411 nec
483 5358 626 5413 clare
656 5367 859 5413 nosset.
895 5357 966 5413 Ut
991 5369 1170 5413 autem
1196 5359 1323 5430 quid
1352 5360 1438 5414 illa
1484 5362 1744 5434 intelligat

153 5448 354 5502 clarius
386 5449 687 5516 exprimam
725 5467 736 5500 :
766 5448 883 5503 Non
915 5459 1066 5518 potes
1095 5449 1275 5505 dicere
1301 5493 1316 5513 ,
1363 5452 1570 5520 inquit,
1598 5454 1745 5509 Jaco-

155 5537 278 5590 bum
341 5538 483 5592 hunc
528 5539 682 5594 nobis
731 5539 943 5594 dedisse
991 5539 1193 5594 fontem
1223 5582 1238 5606 ,
1285 5541 1377 5596 sed
1421 5542 1529 5596 alio
1589 5560 1744 5602 usum

156 5625 318 5680 fuisse
351 5644 364 5683 :
396 5643 516 5681 nam
540 5639 590 5683 et
609 5631 721 5697 ipse
744 5639 798 5685 et
820 5630 910 5684 iilii
939 5631 1053 5699 ejus
1079 5645 1142 5684 ex
1175 5631 1274 5686 hac
1301 5632 1550 5687 bibebant
1578 5651 1740 5705 aqua,

157 5734 260 5770 non
299 5718 513 5775 bibituri
541 5722 583 5774 si
613 5720 769 5775 aliam
816 5722 1094 5776 meliorem
1140 5721 1473 5778 habuissent.
1519 5725 1595 5779 Ex
1644 5727 1743 5784 bac

155 5809 315 5878 igitur
349 5826 444 5868 nec
477 5824 528 5866 tu
560 5813 760 5882 poteris
781 5811 943 5879 dare;
973 5814 1128 5868 alium
1162 5829 1285 5869 vero
1318 5816 1591 5872 meliorem
1645 5818 1738 5874 hu-

1206 389 1269 448 l.\’
1307 380 1621 445 JOANNEM
1663 373 1890 433 lltlbllL.
1937 376 2104 432 XXXI
2146 382 2216 434 al.
2262 383 2430 442 XXX.

3349 403 3454 459 εει

2018 517 2125 556 non
2155 515 2305 573 potes
2326 549 2340 571 ,
2374 509 2473 564 nisi
2500 520 2549 566 te
2575 512 2776 573 JaCobo
2817 521 3077 590 majorem
3127 527 3450 597 proﬁtearis.

1865 588 2016 646 Unde
2045 593 2202 664 igitur
2232 611 2390 666 quam
2424 610 2475 656 te
2505 602 2754 660 daturum
2802 588 3077 678 polliceris
3127 588 3320 686 aquam
3370 622 3456 677 ha-

1860 681 1985 737 bere
2019 687 2228 752 possis?
2254 689 2325 742 At
2348 689 2515 746 Judaei
2537 710 2642 749 non
2672 706 2776 752 tam
2801 702 2914 756 miti
2938 718 3060 758 cum
3089 681 3455 769 illo-sermone

1857 782 2097 841 utuntur,
2123 791 2243 831 cum
2265 780 2451 835 eadem
2480 783 2547 837 de
2577 801 2635 839 re
2663 787 2992 860 loqueretur,
3025 796 3266 864 ejusdem
3298 817 3455 873 aquae

1858 866 2130 922 mentione
2198 868 2332 924 facta
2370 890 2382 926 :
2415 874 2507 928 sed
2562 875 2692 931 nihil
2749 881 2875 937 hinc
2929 883 3065 941 lucri
3136 866 3453 962 consequuti

1858 965 2001 1054 sunt.
2036 955 2262 1021 Quando
2286 969 2466 1017 autem
2497 965 2728 1022 Abrahae
2770 973 3053 1038 meminit,
3101 977 3274 1047 ipsum
3316 955 3454 1054 iapi-

1858 1042 2015 1099 dibus
2043 1047 2303 1117 impetere
2332 1057 2508 1109 conati
2549 1067 2694 1112 sunt.
2749 1060 2949 1118 Verum
2983 1080 3090 1121 non
3122 1042 3210 1123 vita
3262 1042 3456 1129 mu:ier

1859 1151 1980 1192 cum
2009 1140 2100 1196 illo
2127 1143 2269 1212 agit;
2298 1146 2392 1198 sed
2417 1162 2538 1202 cum
2564 1154 2975 1212 mansuetudine
3007 1158 3061 1211 in
3097 1170 3246 1215 tanto
3280 1173 3413 1219 aestu
3435 1208 3452 1234 ,

1859 1229 1911 1284 in
1936 1232 2187 1302 meridie,
2221 1237 2400 1292 omnia
2425 1242 2690 1309 patienter
2715 1245 3003 1303 admodum
3027 1260 3083 1305 ct
3101 1252 3232 1307 dicit
3259 1264 3312 1309 et
3355 1229 3454 1313 au;

1857 1319 1966 1386 dit,
1997 1330 2052 1377 et
2085 1325 2214 1380 nihil
2244 1342 2430 1383 eorum
2462 1334 2660 1401 cogitat
2699 1351 2819 1405 quae
2865 1337 3038 1395 Judaei
3089 1344 3457 1402 verisimiliter

1857 1408 2152 1479 dixissent,
2203 1416 2376 1487 ipsmn
2422 1435 2617 1492 nempe
2644 1424 2890 1481 insanum
2923 1436 2978 1484 ct
3008 1443 3194 1489 mente
3236 1445 3452 1505 captum

1857 1515 1977 1556 esse
2001 1543 2015 1567 ,
2047 1506 2136 1574 qui
2163 1520 2224 1561 se
2251 1507 2530 1567 dcluderet
2555 1515 2698 1568 circa
2729 1514 2932 1573 fontem
2960 1529 3013 1575 et
3045 1532 3264 1592 puteum
3286 1566 3301 1591 ,
3355 1544 3455 1583 nec

1857 1593 2147 1686 quidquam
2194 1609 2514 1668 praestaret,
2572 1606 2668 1660 sed
2710 1607 3068 1677 jactabundus
3120 1614 3449 1686 loqueretur.

1858 1683 1949 1736 Illa
1978 1701 2106 1741 vero
2128 1701 2539 1759 perseveranter
2567 1699 2863 1765 auscultat,
2895 1701 3022 1758 dum
3065 1683 3211 1778 quod
3257 1712 3454 1778 quaerit

1854 1777 2109 1834 inveniat.

1925 1870 1979 1925 5.
2021 1870 2075 1926 Si
2106 1887 2233 1927 vero
2263 1874 2457 1930 mulier
2481 1876 2813 1937 Samaritana
2847 1891 3050 1940 tantum
3081 1887 3300 1945 adhibet
3335 1900 3451 1967 stu-

1852 1962 2020 2029 dium,
2053 1965 2256 2035 utquid
2281 1967 2408 2022 utile
2429 1969 2652 2038 ediscat,
2682 1981 2738 2028 et
2765 1973 2979 2032 Christo
2997 1979 3217 2045 assidet,
3241 1962 3450 2040 etiamsi

1852 2053 2000 2108 illum
2031 2070 2136 2109 non
2181 2067 2395 2125 noscat;
2436 2075 2594 2130 quam
2643 2078 2742 2118 nos
2781 2067 2989 2122 veniam
3034 2083 3448 2141 consequemur,

1851 2147 1940 2214 qui
1987 2146 2158 2216 ipsum
2209 2154 2474 2219 novimus,
2512 2154 2601 2222 qui
2648 2169 2755 2210 non
2799 2171 2955 2215 secus
2984 2171 3222 2229 puteum,
3263 2180 3368 2218 non
3399 2167 3449 2221 in

1850 2235 2066 2292 deserto
2093 2248 2319 2308 stamus,
2352 2258 2458 2299 non
2487 2243 2540 2300 in
2569 2248 2810 2313 meridie,
2839 2265 2947 2306 non
2985 2252 3158 2308 adusli
3189 2256 3451 2312 solaribus

1851 2327 2051 2396 radiis;
2085 2331 2178 2385 sed
2203 2333 2303 2387 sub
2332 2348 2546 2405 aurora,
2575 2339 2676 2395 sub
2707 2339 2808 2398 hoc
2839 2352 2977 2398 tecto
3011 2345 3194 2400 umbra
3221 2346 3452 2404 fruimur

1850 2429 1904 2473 et
1921 2423 2158 2478 suaviter
2172 2426 2400 2496 agimus,
2417 2444 2591 2499 neque
2613 2432 2875 2501 patienter
2891 2437 3137 2502 audimus
3153 2440 3447 2510 quidpiam,

1849 2511 1944 2565 sed
1973 2512 2176 2568 desidia
2209 2520 2522 2587 torpemus?
2545 2521 2661 2576 Non
2691 2523 2770 2579 sic
2799 2525 2920 2590 illa;
2956 2527 3052 2582 sed
3083 2529 3153 2583 ita
3179 2529 3336 2585 dictis
3366 2544 3449 2586 at-

1850 2603 2037 2671 tendit,
2065 2608 2310 2663 utetiam
2346 2610 2480 2667 alios
2506 2612 2752 2670 advocet.
2784 2616 2956 2674 Judaei
2984 2635 3114 2675 vero
3154 2639 3259 2679 non
3291 2626 3450 2683 modo

1845 2711 1959 2750 non
1985 2697 2336 2767 advocabant,
2380 2703 2474 2758 sed
2515 2706 2675 2761 etiam
2720 2723 2815 2763 eos
2835 2712 2933 2780 qui
2963 2714 3222 2772 accedere
3254 2720 3451 2774 vellent

1853 2785 2244 2858 impediebant;
2276 2796 2622 2863 quamobrem
2673 2799 2962 2858 dicebant:
3001 2804 3138 2861 Num
3166 2807 3352 2877 aliquis
3387 2827 3452 2867 ex

1852 2879 2165 2950 principibus
2185 2884 2341 2938 credit
2366 2886 2419 2940 in
2447 2888 2601 2942 eum?
2627 2889 2734 2946 Sed
2758 2894 2903 2948 turba
2930 2897 3037 2951 haze
3059 2915 3172 2969 qua:
3195 2917 3294 2954 non
3314 2904 3449 2956 novit

1850 2970 2028 3065 legem,
2044 2973 2313 3065 maledicti
2337 2987 2456 3032 sunt
2480 2978 2658 3052 (Joan.
2693 2983 2744 3036 7.
2774 2985 2863 3040 48.
2887 2987 2998 3058 49).
3023 2987 3300 3046 Imitemur
3321 3008 3449 3065 ergo

1848 3061 2239 3120 Samaritanam
2275 3084 2289 3122 :
2318 3069 2690 3140 colloquamur
2709 3091 2830 3130 cum
2875 3077 3114 3134 Christo.
3144 3080 3278 3137 Num
3305 3061 3449 3139 nunc

1846 3155 2010 3244 etiam
2058 3155 2110 3210 in
2158 3157 2338 3215 medio
2382 3170 2624 3219 nostrum
2673 3172 2800 3233 stat,
2855 3183 2951 3237 per
3006 3171 3312 3240 pmpbetas,
3359 3190 3451 3244 ιιι-ι’
3526 3158 3541 3170 ’

1848 3242 2141 3316 discipulos
2162 3263 2262 3304 nos
2290 3249 2588 3323 alloquens.
2617 3256 2914 3313 Audiamus
2938 3275 3066 3331 ergo
3095 3270 3150 3316 et
3174 3242 3451 3334 obtempe-

1849 3351 2048 3393 remus.
2078 3338 2369 3412 Usquequo
2395 3343 2591 3400 frustm
2622 3356 2677 3402 et
2705 3348 2970 3405 inutiliter
3009 3353 3286 3408 vivemus?
3314 3354 3447 3410 Nam

1850 3425 1934 3480 illa
1981 3443 2139 3499 agere
2177 3447 2297 3501 quae
2343 3433 2454 3488 Deo
2499 3451 2604 3490 non
2639 3438 2870 3506 placent,
2903 3441 3030 3495 illud
3060 3455 3142 3499 est
3191 3446 3451 3502 inutiliter

1850 3519 2063 3586 vivere;
2098 3522 2205 3577 imo
2231 3539 2336 3578 non
2381 3534 2586 3581 tantum
2632 3529 2914 3596 inutiliter,
2943 3533 3039 3588 sed
3087 3536 3137 3588 in
3169 3535 3446 3592 damnum.

1848 3610 1982 3666 Cum
2014 3614 2157 3669 enim
2189 3617 2341 3672 nobis
2368 3617 2551 3674 datum
2584 3629 2797 3692 tempus
2827 3625 3088 3681 inutiliter
3111 3645 3330 3697 prorsus
3355 3633 3452 3685 im-

1852 3705 2155 3774 pendimus,
2207 3707 2329 3764 biuc
2376 3712 2725 3781 migrabimus
2754 3726 3024 3774 extremas
3053 3718 3225 3774 daturi
3265 3737 3452 3792 poenas

1850 3798 2111 3855 inutiliter
2138 3804 2439 3873 consumpti
2475 3806 2754 3875 temporis.
2784 3808 2918 3863 Cum
2937 3808 2981 3865 is
3005 3812 3094 3880 qui
3114 3815 3368 3882 pecunias
3384 3815 3451 3869 ad

1849 3892 2228 3961 negotiandum
2257 3894 2488 3963 recepit,
2522 3905 2578 3951 et
2603 3912 2697 3953 eas
2740 3899 3027 3970 insumpsit
3061 3911 3116 3957 et
3140 3903 3440 3972 devoravit,

1843 3982 2111 4038 rationem
2141 3985 2188 4039 ei
2215 3985 2305 4055 qui
2332 3986 2433 4041 sibi
2465 3988 2696 4044 credidit
2718 3989 2942 4046 daturus
2972 3993 3041 4046 sit
3077 4011 3088 4047 :
3123 3995 3168 4048 is
3188 4005 3334 4049 certe
3358 3998 3450 4065 qui

1849 4073 1988 4130 hanc
2013 4075 2174 4130 vitam
2223 4077 2482 4133 inutiliter
2529 4079 2809 4150 impendit,
2855 4098 2960 4137 non
3004 4084 3160 4139 erita
3190 4087 3452 4157 supplicio

1848 4166 2002 4221 liber.
2034 4166 2151 4222 Non
2176 4167 2299 4224 ideo
2326 4184 2424 4224 nos
2451 4170 2591 4226 Deus
2623 4175 2673 4226 in
2703 4175 2841 4228 hanc
2871 4176 3031 4230 vitam
3065 4177 3304 4247 protulit,
3338 4179 3451 4232 ani-

1847 4272 2096 4328 mamque
2121 4259 2286 4325 dedit,
2321 4270 2378 4315 ut
2408 4267 2655 4331 praesenti
2683 4273 2885 4320 tantum
2927 4267 3167 4322 fruamur
3196 4269 3317 4330 vita,
3354 4270 3448 4324 sed

1851 4357 1909 4403 ut
1936 4364 2033 4419 pro
2063 4348 2236 4405 futura
2267 4353 2370 4407 vita
2402 4355 2755 4424 negotiemur.
2782 4357 2942 4412 Bruta
2965 4359 3215 4427 praesenti
3245 4369 3447 4414 tantmn

1851 4440 1974 4495 vitae
2002 4443 2118 4496 usui
2145 4453 2298 4508 sunt;
2331 4460 2431 4499 nos
2457 4457 2635 4502 autem
2659 4447 2780 4503 ideo
2803 4450 3160 4506 immortalem
3187 4454 3449 4507 habemus

1850 4533 2105 4600 animam,
2140 4544 2196 4588 ut
2226 4535 2292 4591 ad
2326 4537 2471 4592 illam
2500 4539 2656 4595 nobis
2682 4541 2976 4611 parandam
3002 4543 3162 4598 vitam
3189 4543 3319 4598 nihil
3343 4559 3448 4598 non

1847 4639 2091 4699 agamus.
2133 4629 2190 4685 Si
2230 4633 2351 4702 quis
2399 4633 2704 4690 sciscitetur
2748 4637 2870 4706 quis
2915 4652 3041 4692 usus
3067 4638 3136 4692 sit
3165 4653 3446 4708 quIorum,

1849 4720 2148 4787 asinorum,
2182 4722 2369 4790 boum,
2417 4726 2752 4797 aliorumque
2797 4727 3104 4798 bujusmodi
3153 4745 3450 4800 pecorum,

1854 4812 2053 4867 nullum
2081 4815 2244 4869 alium
2276 4816 2519 4872 dicemus
2547 4833 2705 4889 quam
2737 4821 3095 4877 ministerium
3123 4823 3175 4876 in
3201 4827 3450 4892 praesenti

1851 4902 1958 4956 vita
1989 4906 2306 4973 praestitum.
2344 4907 2417 4961 De
2445 4908 2600 4964 nobis
2639 4925 2770 4965 vero
2796 4926 2901 4966 non
2933 4913 3093 4978 item;
3135 4917 3230 4968 sed
3261 4915 3455 4969 melior

1851 5003 2023 5052 status
2065 5006 2147 5049 est
2179 5007 2300 5067 post
2327 4999 2623 5054 discessum
2650 5017 2715 5056 ex
2743 5001 2845 5057 bac
2875 5005 2979 5058 vita
3011 5022 3025 5058 :
3069 5005 3306 5075 nihilque
3345 5022 3452 5060 non

1851 5089 2115 5159 agendum
2157 5100 2259 5154 est,
2314 5101 2370 5146 ut
2397 5093 2471 5148 ibi
2514 5095 2773 5150 clariores
2820 5096 2989 5152 simus
3017 5106 3216 5152 etcum
3246 5099 3452 5168 angelis

1852 5180 2076 5235 choreas
2123 5196 2363 5251 agamus,
2415 5192 2473 5237 ut
2521 5184 2650 5255 Regi
2694 5169 2972 5241 adstemus
3019 5198 3280 5258 perpetuo
3310 5199 3362 5243 et
3402 5191 3453 5242 in

1852 5271 2046 5325 saecula
2069 5271 2297 5326 infinita.
2328 5271 2449 5328 Ideo
2471 5291 2701 5346 namque
2723 5277 3042 5333 immortalis
3068 5289 3149 5332 est
3173 5279 3373 5344 anima,
3402 5290 3450 5334 et

1851 5375 2050 5432 corpus
2095 5364 2395 5420 immortale
2421 5366 2544 5433 erit,
2595 5375 2654 5421 ut
2693 5369 2965 5436 perpetuis
2999 5368 3239 5424 fruamur
3277 5371 3447 5424 bonis.

1853 5450 1909 5508 Si
1944 5468 2073 5508 vero
2095 5455 2241 5510 eat-lis
2284 5457 2375 5511 tibi
2420 5460 2726 5528 propositis,
2760 5468 2916 5514 terrae
2961 5461 3248 5525 inhaereas,
3283 5464 3452 5531 cogita

1853 5556 2108 5616 quantam
2154 5547 2326 5603 datori
2369 5549 2749 5604 contumeliam
2809 5551 3031 5607 inferas.
3082 5552 3177 5608 ille
3225 5567 3454 5620 superna

1853 5636 1948 5692 tibi
1977 5637 2135 5692 oil‘ert
2164 5657 2177 5691 :
2210 5648 2263 5692 tu
2296 5655 2420 5694 vero
2461 5624 2566 5693 non
2595 5623 2785 5711 magna
2828 5643 2970 5697 illius
3005 5643 3183 5698 habita
3227 5643 3450 5706 ratione,

1855 5740 2050 5785 terram
2079 5731 2379 5801 anteponis.
2403 5732 2525 5786 ideo
2551 5733 2849 5802 gehennam
2870 5735 3247 5797 comminatur,
3269 5744 3456 5799 utpote

1856 5832 2198 5891 contemptus
2271 5833 2325 5877 ut
2355 5823 2475 5878 hinc
2521 5823 2695 5880 discas
2736 5827 2947 5897 quantis
2981 5837 3030 5881 te
3069 5827 3249 5897 privos
3278 5827 3462 5884 bonis.
