  <div class='ocr_page' id='page_1' title='image "/cluster/home/n/w/nwhite01/storage/ocr_20150623/59/ien.35556001660869/189.png"; bbox 0 0 4024 6506; ppageno 0'>
   <div class='ocr_carea' id='block_1_1' title="bbox 565 398 662 456">
    <p class='ocr_par' dir='ltr' id='par_1_1' title="bbox 565 398 662 456">
     <span class='ocr_line' id='line_1_1' title="bbox 565 398 662 456; baseline 0.01 -1"><span class='ocrx_word' id='word_1_1' title='bbox 565 398 662 456; x_wconf 70' lang='grc'><strong>183</strong></span> 
     </span>
    </p>
   </div>
   <div class='ocr_carea' id='block_1_2' title="bbox 558 504 2135 598">
    <p class='ocr_par' dir='ltr' id='par_1_2' title="bbox 558 504 2135 598">
     <span class='ocr_line' id='line_1_2' title="bbox 558 504 2135 598; baseline -0.015 -25"><span class='ocrx_word' id='word_1_2' title='bbox 558 517 661 572; x_wconf 80' lang='lat' dir='ltr'><strong>Sed</strong></span> <span class='ocrx_word' id='word_1_3' title='bbox 689 515 824 570; x_wconf 82' lang='lat' dir='ltr'><strong>absit</strong></span> <span class='ocrx_word' id='word_1_4' title='bbox 851 522 907 571; x_wconf 81' lang='grc' dir='ltr'><strong>ιιι</strong></span> <span class='ocrx_word' id='word_1_5' title='bbox 929 512 1054 569; x_wconf 86' lang='lat' dir='ltr'><strong>illud</strong></span> <span class='ocrx_word' id='word_1_6' title='bbox 1083 508 1397 582; x_wconf 80' lang='lat' dir='ltr'><strong>supplicium</strong></span> <span class='ocrx_word' id='word_1_7' title='bbox 1427 504 1796 598; x_wconf 75' lang='lat' dir='ltr'><strong>experiamur,</strong></span> <span class='ocrx_word' id='word_1_8' title='bbox 1828 512 2012 554; x_wconf 86' lang='lat' dir='ltr'><strong>verum</strong></span> 
     </span>
    </p>
   </div>
   <div class='ocr_carea' id='block_1_3' title="bbox 562 594 2135 676">
    <p class='ocr_par' dir='ltr' id='par_1_3' title="bbox 562 594 2135 676">
     <span class='ocr_line' id='line_1_3' title="bbox 562 594 2135 676; baseline -0.015 -12"><span class='ocrx_word' id='word_1_9' title='bbox 562 611 657 664; x_wconf 84' lang='lat' dir='ltr'><strong>tiut</strong></span> <span class='ocrx_word' id='word_1_10' title='bbox 692 610 800 663; x_wconf 88' lang='lat' dir='ltr'><strong>Deo</strong></span> <span class='ocrx_word' id='word_1_11' title='bbox 827 608 1113 676; x_wconf 87' lang='lat' dir='ltr'><strong>placentes,</strong></span> <span class='ocrx_word' id='word_1_12' title='bbox 1145 612 1343 657; x_wconf 64' lang='lat' dir='ltr'><strong>attenta</strong></span> <span class='ocrx_word' id='word_1_13' title='bbox 1368 611 1761 666; x_wconf 81' lang='lat' dir='ltr'><strong>consequamur</strong></span> <span class='ocrx_word' id='word_1_14' title='bbox 1784 594 1941 654; x_wconf 88' lang='lat' dir='ltr'><strong>bona,</strong></span> <span class='ocrx_word' id='word_1_15' title='bbox 1968 594 2135 659; x_wconf 78' lang='lat' dir='ltr'><strong>gratia</strong></span> 
     </span>
    </p>
   </div>
   <div class='ocr_carea' id='block_1_4' title="bbox 560 681 2133 765">
    <p class='ocr_par' dir='ltr' id='par_1_4' title="bbox 560 681 2133 765">
     <span class='ocr_line' id='line_1_4' title="bbox 560 681 2133 765; baseline -0.018 -7"><span class='ocrx_word' id='word_1_16' title='bbox 560 713 609 757; x_wconf 87' lang='lat' dir='ltr'><strong>et</strong></span> <span class='ocrx_word' id='word_1_17' title='bbox 646 698 966 765; x_wconf 76' lang='lat' dir='ltr'><strong>benignitate</strong></span> <span class='ocrx_word' id='word_1_18' title='bbox 1020 693 1227 748; x_wconf 84' lang='lat' dir='ltr'><strong>Domini</strong></span> <span class='ocrx_word' id='word_1_19' title='bbox 1281 693 1445 746; x_wconf 82' lang='lat' dir='ltr'><strong>nosu&#39;i</strong></span> <span class='ocrx_word' id='word_1_20' title='bbox 1499 688 1625 745; x_wconf 78' lang='lat' dir='ltr'><strong>Jesu</strong></span> <span class='ocrx_word' id='word_1_21' title='bbox 1668 684 1888 749; x_wconf 75' lang='lat' dir='ltr'><strong>Christi,</strong></span> <span class='ocrx_word' id='word_1_22' title='bbox 1923 681 2133 752; x_wconf 81' lang='lat' dir='ltr'><strong>quicum</strong></span> 
     </span>
    </p>
   </div>
   <div class='ocr_carea' id='block_1_5' title="bbox 1352 375 3149 451">
    <p class='ocr_par' dir='ltr' id='par_1_5' title="bbox 1352 375 3149 451">
     <span class='ocr_line' id='line_1_5' title="bbox 1352 375 3149 451; baseline -0.005 0"><span class='ocrx_word' id='word_1_23' title='bbox 1352 394 1411 451; x_wconf 91' lang='lat' dir='ltr'><strong>S.</strong></span> <span class='ocrx_word' id='word_1_24' title='bbox 1441 378 1716 446; x_wconf 71' lang='lat' dir='ltr'><strong>JOANNIS</strong></span> <span class='ocrx_word' id='word_1_25' title='bbox 1752 375 2225 437; x_wconf 67' lang='lat' dir='ltr'><strong>CllltYSOSTOMl</strong></span> <span class='ocrx_word' id='word_1_26' title='bbox 2262 381 2581 440; x_wconf 77' lang='lat' dir='ltr'><strong>ARClllEP.</strong></span> <span class='ocrx_word' id='word_1_27' title='bbox 2620 383 3149 442; x_wconf 74' lang='lat' dir='ltr'><strong>CONSTANTINOP.</strong></span> 
     </span>
    </p>
   </div>
   <div class='ocr_carea' id='block_1_6' title="bbox 3738 387 3850 447">
    <p class='ocr_par' dir='ltr' id='par_1_6' title="bbox 3738 387 3850 447">
     <span class='ocr_line' id='line_1_6' title="bbox 3738 387 3850 447; baseline -0.009 0"><span class='ocrx_word' id='word_1_28' title='bbox 3738 387 3850 447; x_wconf 64' lang='grc'><strong>184</strong></span> 
     </span>
    </p>
   </div>
   <div class='ocr_carea' id='block_1_7' title="bbox 2246 496 3851 572">
    <p class='ocr_par' dir='ltr' id='par_1_7' title="bbox 2246 496 3851 572">
     <span class='ocr_line' id='line_1_7' title="bbox 2246 496 3851 572; baseline 0.009 -21"><span class='ocrx_word' id='word_1_29' title='bbox 2246 496 2386 553; x_wconf 77' lang='lat' dir='ltr'><strong>Patri</strong></span> <span class='ocrx_word' id='word_1_30' title='bbox 2416 499 2603 569; x_wconf 80' lang='lat' dir='ltr'><strong>gloria,</strong></span> <span class='ocrx_word' id='word_1_31' title='bbox 2634 516 2843 572; x_wconf 86' lang='lat' dir='ltr'><strong>unaque</strong></span> <span class='ocrx_word' id='word_1_32' title='bbox 2868 499 3084 571; x_wconf 75' lang='lat' dir='ltr'><strong>Spiritui</strong></span> <span class='ocrx_word' id='word_1_33' title='bbox 3109 511 3316 572; x_wconf 83' lang='lat' dir='ltr'><strong>saneto,</strong></span> <span class='ocrx_word' id='word_1_34' title='bbox 3348 502 3405 559; x_wconf 77' lang='lat' dir='ltr'><strong>in</strong></span> <span class='ocrx_word' id='word_1_35' title='bbox 3432 506 3639 563; x_wconf 60' lang='lat' dir='ltr'><strong>arcula</strong></span> <span class='ocrx_word' id='word_1_36' title='bbox 3665 522 3851 564; x_wconf 60' lang='lat' dir='ltr'><strong>saum-</strong></span> 
     </span>
    </p>
   </div>
   <div class='ocr_carea' id='block_1_8' title="bbox 2241 588 2654 650">
    <p class='ocr_par' dir='ltr' id='par_1_8' title="bbox 2241 588 2654 650">
     <span class='ocr_line' id='line_1_8' title="bbox 2241 588 2654 650; baseline 0 -7"><span class='ocrx_word' id='word_1_37' title='bbox 2241 588 2434 650; x_wconf 87' lang='lat' dir='ltr'><strong>lorum.</strong></span> <span class='ocrx_word' id='word_1_38' title='bbox 2467 591 2654 645; x_wconf 78' lang='lat' dir='ltr'><strong>Amen.</strong></span> 
     </span>
    </p>
   </div>
   <div class='ocr_carea' id='block_1_9' title="bbox 1351 804 3235 833">
    <p class='ocr_par' dir='ltr' id='par_1_9' title="bbox 1351 804 3235 833">
     <span class='ocr_line' id='line_1_9' title="bbox 1351 804 3235 833; baseline 0.004 -18"><span class='ocrx_word' id='word_1_39' title='bbox 1351 804 3235 833; x_wconf 52' lang='grc' dir='ltr'><em>Ν</em></span> 
     </span>
    </p>
   </div>
   <div class='ocr_carea' id='block_1_10' title="bbox 1798 877 2462 950">
    <p class='ocr_par' dir='ltr' id='par_1_10' title="bbox 1798 877 2462 950">
     <span class='ocr_line' id='line_1_10' title="bbox 1798 877 2462 950; baseline -0.017 0"><span class='ocrx_word' id='word_1_40' title='bbox 1798 881 2145 950; x_wconf 77' lang='lat' dir='ltr'><strong>HOMILIA</strong></span> <span class='ocrx_word' id='word_1_41' title='bbox 2187 877 2462 941; x_wconf 81' lang='lat' dir='ltr'><strong>XXXII.</strong></span> 
     </span>
    </p>
   </div>
   <div class='ocr_carea' id='block_1_11' title="bbox 563 1030 2140 1113">
    <p class='ocr_par' dir='ltr' id='par_1_11' title="bbox 563 1030 2140 1113">
     <span class='ocr_line' id='line_1_11' title="bbox 563 1030 2140 1113; baseline -0.011 -13"><span class='ocrx_word' id='word_1_42' title='bbox 563 1047 648 1100; x_wconf 75' lang='lat' dir='ltr'><strong>i5.</strong></span> <span class='ocrx_word' id='word_1_43' title='bbox 698 1044 973 1113; x_wconf 72' lang='lat' dir='ltr'><strong>Respondit</strong></span> <span class='ocrx_word' id='word_1_44' title='bbox 1000 1042 1149 1098; x_wconf 84' lang='lat' dir='ltr'><strong>Jesus</strong></span> <span class='ocrx_word' id='word_1_45' title='bbox 1174 1053 1220 1097; x_wconf 82' lang='lat' dir='ltr'><strong>et</strong></span> <span class='ocrx_word' id='word_1_46' title='bbox 1239 1042 1366 1096; x_wconf 64' lang='lat' dir='ltr'><strong>dixit</strong></span> <span class='ocrx_word' id='word_1_47' title='bbox 1384 1041 1429 1095; x_wconf 88' lang='lat' dir='ltr'><strong>ei</strong></span> <span class='ocrx_word' id='word_1_48' title='bbox 1458 1056 1476 1095; x_wconf 89' lang='lat'><strong><em>:</em></strong></span> <span class='ocrx_word' id='word_1_49' title='bbox 1499 1038 1675 1094; x_wconf 89' lang='lat' dir='ltr'><strong>Omnis</strong></span> <span class='ocrx_word' id='word_1_50' title='bbox 1700 1036 1785 1103; x_wconf 92' lang='lat' dir='ltr'><strong>qui</strong></span> <span class='ocrx_word' id='word_1_51' title='bbox 1823 1034 1939 1088; x_wconf 88' lang='lat' dir='ltr'><strong>bibit</strong></span> <span class='ocrx_word' id='word_1_52' title='bbox 1969 1030 2140 1085; x_wconf 65' lang='lat' dir='ltr'><strong>esthoc</strong></span> 
     </span>
    </p>
   </div>
   <div class='ocr_carea' id='block_1_12' title="bbox 632 1126 2138 1204">
    <p class='ocr_par' dir='ltr' id='par_1_12' title="bbox 632 1126 2138 1204">
     <span class='ocr_line' id='line_1_12' title="bbox 632 1126 2138 1204; baseline -0.01 -17"><span class='ocrx_word' id='word_1_53' title='bbox 632 1151 785 1204; x_wconf 86' lang='lat' dir='ltr'><strong>aqua,</strong></span> <span class='ocrx_word' id='word_1_54' title='bbox 809 1136 940 1189; x_wconf 90' lang='lat' dir='ltr'><strong>sitiet</strong></span> <span class='ocrx_word' id='word_1_55' title='bbox 964 1134 1144 1188; x_wconf 82' lang='lat' dir='ltr'><strong>iterum</strong></span> <span class='ocrx_word' id='word_1_56' title='bbox 1175 1148 1193 1186; x_wconf 90' lang='lat'><strong><em>:</em></strong></span> <span class='ocrx_word' id='word_1_57' title='bbox 1222 1134 1308 1187; x_wconf 74' lang='grc' dir='ltr'><strong>Μ.</strong></span> <span class='ocrx_word' id='word_1_58' title='bbox 1341 1132 1426 1201; x_wconf 79' lang='lat' dir='ltr'><strong>qui</strong></span> <span class='ocrx_word' id='word_1_59' title='bbox 1458 1139 1626 1182; x_wconf 80' lang='lat' dir='ltr'><strong>autem</strong></span> <span class='ocrx_word' id='word_1_60' title='bbox 1664 1126 1835 1179; x_wconf 86' lang='lat' dir='ltr'><strong>biberit</strong></span> <span class='ocrx_word' id='word_1_61' title='bbox 1870 1139 1933 1177; x_wconf 73' lang='lat' dir='ltr'><strong>ea;</strong></span> <span class='ocrx_word' id='word_1_62' title='bbox 1964 1135 2095 1191; x_wconf 84' lang='lat' dir='ltr'><strong>aqua</strong></span> <span class='ocrx_word' id='word_1_63' title='bbox 2123 1158 2138 1183; x_wconf 93' lang='lat'><strong>,</strong></span> 
     </span>
    </p>
   </div>
   <div class='ocr_carea' id='block_1_13' title="bbox 631 1213 2143 1296">
    <p class='ocr_par' dir='ltr' id='par_1_13' title="bbox 631 1213 2143 1296">
     <span class='ocr_line' id='line_1_13' title="bbox 631 1213 2143 1296; baseline -0.009 -18"><span class='ocrx_word' id='word_1_64' title='bbox 631 1237 782 1296; x_wconf 81' lang='lat' dir='ltr'><strong>quam</strong></span> <span class='ocrx_word' id='word_1_65' title='bbox 808 1241 899 1295; x_wconf 83' lang='lat' dir='ltr'><strong>ego</strong></span> <span class='ocrx_word' id='word_1_66' title='bbox 923 1223 1053 1277; x_wconf 82' lang='lat' dir='ltr'><strong>dabo</strong></span> <span class='ocrx_word' id='word_1_67' title='bbox 1079 1223 1143 1288; x_wconf 91' lang='lat' dir='ltr'><strong>ei,</strong></span> <span class='ocrx_word' id='word_1_68' title='bbox 1174 1239 1275 1276; x_wconf 90' lang='lat' dir='ltr'><strong>non</strong></span> <span class='ocrx_word' id='word_1_69' title='bbox 1313 1222 1443 1275; x_wconf 89' lang='lat' dir='ltr'><strong>sitiet</strong></span> <span class='ocrx_word' id='word_1_70' title='bbox 1486 1221 1537 1274; x_wconf 87' lang='lat' dir='ltr'><strong>in</strong></span> <span class='ocrx_word' id='word_1_71' title='bbox 1578 1228 1819 1276; x_wconf 75' lang='lat' dir='ltr'><strong>teternum</strong></span> <span class='ocrx_word' id='word_1_72' title='bbox 1849 1231 1869 1270; x_wconf 88' lang='lat'><strong><em>:</em></strong></span> <span class='ocrx_word' id='word_1_73' title='bbox 1898 1213 1987 1268; x_wconf 77' lang='lat' dir='ltr'><strong>sed</strong></span> <span class='ocrx_word' id='word_1_74' title='bbox 2010 1227 2143 1281; x_wconf 84' lang='lat' dir='ltr'><strong>aqua</strong></span> 
     </span>
    </p>
   </div>
   <div class='ocr_carea' id='block_1_14' title="bbox 631 1302 2143 1384">
    <p class='ocr_par' dir='ltr' id='par_1_14' title="bbox 631 1302 2143 1384">
     <span class='ocr_line' id='line_1_14' title="bbox 631 1302 2143 1384; baseline -0.009 -16"><span class='ocrx_word' id='word_1_75' title='bbox 631 1331 780 1384; x_wconf 84' lang='lat' dir='ltr'><strong>quant</strong></span> <span class='ocrx_word' id='word_1_76' title='bbox 804 1331 895 1384; x_wconf 86' lang='lat' dir='ltr'><strong>ego</strong></span> <span class='ocrx_word' id='word_1_77' title='bbox 922 1312 1051 1369; x_wconf 85' lang='lat' dir='ltr'><strong>dabo</strong></span> <span class='ocrx_word' id='word_1_78' title='bbox 1079 1314 1143 1378; x_wconf 92' lang='lat' dir='ltr'><strong>ei,</strong></span> <span class='ocrx_word' id='word_1_79' title='bbox 1187 1314 1273 1379; x_wconf 79' lang='lat' dir='ltr'><strong>fiet</strong></span> <span class='ocrx_word' id='word_1_80' title='bbox 1312 1311 1366 1364; x_wconf 86' lang='lat' dir='ltr'><strong>in</strong></span> <span class='ocrx_word' id='word_1_81' title='bbox 1393 1326 1452 1365; x_wconf 88' lang='lat' dir='ltr'><strong>eo</strong></span> <span class='ocrx_word' id='word_1_82' title='bbox 1499 1310 1614 1379; x_wconf 80' lang='lat' dir='ltr'><strong>fons</strong></span> <span class='ocrx_word' id='word_1_83' title='bbox 1655 1321 1799 1376; x_wconf 72' lang='lat' dir='ltr'><strong>aqua</strong></span> <span class='ocrx_word' id='word_1_84' title='bbox 1837 1302 2061 1359; x_wconf 73' lang='lat' dir='ltr'><strong>salientis</strong></span> <span class='ocrx_word' id='word_1_85' title='bbox 2090 1303 2143 1356; x_wconf 89' lang='lat' dir='ltr'><strong>in</strong></span> 
     </span>
    </p>
   </div>
   <div class='ocr_carea' id='block_1_15' title="bbox 633 1406 1146 1459">
    <p class='ocr_par' dir='ltr' id='par_1_15' title="bbox 633 1406 1146 1459">
     <span class='ocr_line' id='line_1_15' title="bbox 633 1406 1146 1459; baseline -0.006 -1"><span class='ocrx_word' id='word_1_86' title='bbox 633 1406 783 1458; x_wconf 66' lang='lat' dir='ltr'><strong>vitam</strong></span> <span class='ocrx_word' id='word_1_87' title='bbox 808 1413 1067 1459; x_wconf 73' lang='lat' dir='ltr'><strong>retentam.</strong></span> <span class='ocrx_word' id='word_1_88' title='bbox 1140 1413 1146 1418; x_wconf 86' lang='lat'>&#39;</span> 
     </span>
    </p>
   </div>
   <div class='ocr_carea' id='block_1_16' title="bbox 633 1483 2142 1563">
    <p class='ocr_par' dir='ltr' id='par_1_16' title="bbox 633 1483 2142 1563">
     <span class='ocr_line' id='line_1_16' title="bbox 633 1483 2142 1563; baseline -0.011 -16"><span class='ocrx_word' id='word_1_89' title='bbox 633 1495 685 1547; x_wconf 70' lang='grc'><strong>1.</strong></span> <span class='ocrx_word' id='word_1_90' title='bbox 729 1493 951 1563; x_wconf 84' lang='lat' dir='ltr'><strong>Spiritus</strong></span> <span class='ocrx_word' id='word_1_91' title='bbox 980 1501 1179 1546; x_wconf 76' lang='lat' dir='ltr'><strong>sanctus</strong></span> <span class='ocrx_word' id='word_1_92' title='bbox 1205 1490 1352 1544; x_wconf 87' lang='lat' dir='ltr'><strong>modo</strong></span> <span class='ocrx_word' id='word_1_93' title='bbox 1375 1488 1508 1560; x_wconf 86' lang='lat' dir='ltr'><strong>ignis</strong></span> <span class='ocrx_word' id='word_1_94' title='bbox 1538 1486 1685 1541; x_wconf 88' lang='lat' dir='ltr'><strong>modo</strong></span> <span class='ocrx_word' id='word_1_95' title='bbox 1704 1502 1835 1555; x_wconf 79' lang='lat' dir='ltr'><strong>aqua</strong></span> <span class='ocrx_word' id='word_1_96' title='bbox 1855 1501 1885 1537; x_wconf 88' lang='lat' dir='ltr'><strong>a</strong></span> <span class='ocrx_word' id='word_1_97' title='bbox 1905 1483 2142 1551; x_wconf 78' lang='lat' dir='ltr'><strong>Scriptu-</strong></span> 
     </span>
    </p>
   </div>
   <div class='ocr_carea' id='block_1_17' title="bbox 570 1576 2142 1656">
    <p class='ocr_par' dir='ltr' id='par_1_17' title="bbox 570 1576 2142 1656">
     <span class='ocr_line' id='line_1_17' title="bbox 570 1576 2142 1656; baseline -0.008 -17"><span class='ocrx_word' id='word_1_98' title='bbox 570 1603 630 1639; x_wconf 85' lang='lat' dir='ltr'><strong>ra</strong></span> <span class='ocrx_word' id='word_1_99' title='bbox 656 1586 958 1656; x_wconf 82' lang='lat' dir='ltr'><strong>appellatus.</strong></span> <span class='ocrx_word' id='word_1_100' title='bbox 984 1582 1259 1637; x_wconf 76' lang='lat' dir='ltr'><strong>Prudentia</strong></span> <span class='ocrx_word' id='word_1_101' title='bbox 1285 1581 1469 1656; x_wconf 78' lang='lat' dir='ltr'><strong>Christi</strong></span> <span class='ocrx_word' id='word_1_102' title='bbox 1495 1580 1867 1635; x_wconf 82' lang='lat' dir='ltr'><strong>Samaritanam</strong></span> <span class='ocrx_word' id='word_1_103' title='bbox 1890 1576 2142 1638; x_wconf 85' lang='lat' dir='ltr'><strong>docentis;</strong></span> 
     </span>
    </p>
   </div>
   <div class='ocr_carea' id='block_1_18' title="bbox 574 1654 2145 1742">
    <p class='ocr_par' dir='ltr' id='par_1_18' title="bbox 574 1654 2145 1742">
     <span class='ocr_line' id='line_1_18' title="bbox 574 1654 2145 1742; baseline -0.008 -11"><span class='ocrx_word' id='word_1_104' title='bbox 574 1654 913 1733; x_wconf 80' lang='lat' dir='ltr'><strong>Samaritana:</strong></span> <span class='ocrx_word' id='word_1_105' title='bbox 938 1676 1234 1737; x_wconf 86' lang='lat' dir='ltr'><strong>sinceritas;</strong></span> <span class='ocrx_word' id='word_1_106' title='bbox 1274 1654 1385 1742; x_wconf 79' lang='lat' dir='ltr'><strong>ipsa</strong></span> <span class='ocrx_word' id='word_1_107' title='bbox 1429 1670 1711 1726; x_wconf 84' lang='lat' dir='ltr'><strong>Nicodemo</strong></span> <span class='ocrx_word' id='word_1_108' title='bbox 1750 1668 2043 1740; x_wconf 70' lang='lat' dir='ltr'><strong>sapientior.</strong></span> <span class='ocrx_word' id='word_1_109' title='bbox 2073 1696 2145 1707; x_wconf 89' lang='lat'>—</span> 
     </span>
    </p>
   </div>
   <div class='ocr_carea' id='block_1_19' title="bbox 569 1760 2139 1839">
    <p class='ocr_par' dir='ltr' id='par_1_19' title="bbox 569 1760 2139 1839">
     <span class='ocr_line' id='line_1_19' title="bbox 569 1760 2139 1839; baseline -0.007 -17"><span class='ocrx_word' id='word_1_110' title='bbox 569 1770 795 1839; x_wconf 82' lang='lat' dir='ltr'><strong>Spiritus</strong></span> <span class='ocrx_word' id='word_1_111' title='bbox 821 1768 1040 1837; x_wconf 75' lang='lat' dir='ltr'><strong>gratiam</strong></span> <span class='ocrx_word' id='word_1_112' title='bbox 1065 1765 1338 1834; x_wconf 82' lang='lat' dir='ltr'><strong>Scriptura</strong></span> <span class='ocrx_word' id='word_1_113' title='bbox 1368 1764 1525 1818; x_wconf 87' lang='lat' dir='ltr'><strong>modo</strong></span> <span class='ocrx_word' id='word_1_114' title='bbox 1540 1764 1735 1834; x_wconf 76' lang='lat' dir='ltr'><strong>ignem,</strong></span> <span class='ocrx_word' id='word_1_115' title='bbox 1764 1760 1922 1817; x_wconf 91' lang='lat' dir='ltr'><strong>modo</strong></span> <span class='ocrx_word' id='word_1_116' title='bbox 1948 1772 2139 1826; x_wconf 90' lang='lat' dir='ltr'><strong>aquam</strong></span> 
     </span>
    </p>
   </div>
   <div class='ocr_carea' id='block_1_20' title="bbox 566 1847 2144 1925">
    <p class='ocr_par' dir='ltr' id='par_1_20' title="bbox 566 1847 2144 1925">
     <span class='ocr_line' id='line_1_20' title="bbox 566 1847 2144 1925; baseline -0.006 -14"><span class='ocrx_word' id='word_1_117' title='bbox 566 1856 813 1925; x_wconf 85' lang='lat' dir='ltr'><strong>appellat,</strong></span> <span class='ocrx_word' id='word_1_118' title='bbox 850 1871 954 1910; x_wconf 87' lang='lat' dir='ltr'><strong>non</strong></span> <span class='ocrx_word' id='word_1_119' title='bbox 1000 1854 1331 1917; x_wconf 71' lang='lat' dir='ltr'><strong>substantim,</strong></span> <span class='ocrx_word' id='word_1_120' title='bbox 1375 1851 1469 1907; x_wconf 84' lang='lat' dir='ltr'><strong>sed</strong></span> <span class='ocrx_word' id='word_1_121' title='bbox 1510 1852 1803 1921; x_wconf 86' lang='lat' dir='ltr'><strong>operationi</strong></span> <span class='ocrx_word' id='word_1_122' title='bbox 1848 1847 2144 1904; x_wconf 65' lang='lat' dir='ltr'><strong>indicandae</strong></span> 
     </span>
    </p>
   </div>
   <div class='ocr_carea' id='block_1_21' title="bbox 564 1939 2145 2016">
    <p class='ocr_par' dir='ltr' id='par_1_21' title="bbox 564 1939 2145 2016">
     <span class='ocr_line' id='line_1_21' title="bbox 564 1939 2145 2016; baseline -0.007 -13"><span class='ocrx_word' id='word_1_123' title='bbox 564 1948 679 2003; x_wconf 69' lang='lat' dir='ltr'><strong>haec</strong></span> <span class='ocrx_word' id='word_1_124' title='bbox 704 1958 823 2016; x_wconf 84' lang='lat' dir='ltr'><strong>apta</strong></span> <span class='ocrx_word' id='word_1_125' title='bbox 852 1946 1065 2002; x_wconf 90' lang='lat' dir='ltr'><strong>nomina</strong></span> <span class='ocrx_word' id='word_1_126' title='bbox 1088 1961 1210 2002; x_wconf 89' lang='lat' dir='ltr'><strong>esse</strong></span> <span class='ocrx_word' id='word_1_127' title='bbox 1234 1944 1629 2000; x_wconf 78' lang='lat' dir='ltr'><strong>demonstrans.</strong></span> <span class='ocrx_word' id='word_1_128' title='bbox 1666 1942 1781 1997; x_wconf 82' lang='lat' dir='ltr'><strong>Non</strong></span> <span class='ocrx_word' id='word_1_129' title='bbox 1802 1944 1945 1997; x_wconf 90' lang='lat' dir='ltr'><strong>enim</strong></span> <span class='ocrx_word' id='word_1_130' title='bbox 1974 1956 2037 1995; x_wconf 78' lang='lat' dir='ltr'><strong>ex</strong></span> <span class='ocrx_word' id='word_1_131' title='bbox 2066 1939 2145 1992; x_wconf 87' lang='lat' dir='ltr'><strong>di-</strong></span> 
     </span>
    </p>
   </div>
   <div class='ocr_carea' id='block_1_22' title="bbox 564 2025 2146 2105">
    <p class='ocr_par' dir='ltr' id='par_1_22' title="bbox 564 2025 2146 2105">
     <span class='ocr_line' id='line_1_22' title="bbox 564 2025 2146 2105; baseline -0.005 -13"><span class='ocrx_word' id='word_1_132' title='bbox 564 2038 735 2093; x_wconf 81' lang='lat' dir='ltr'><strong>versis</strong></span> <span class='ocrx_word' id='word_1_133' title='bbox 760 2038 1068 2093; x_wconf 79' lang='lat' dir='ltr'><strong>substantiis</strong></span> <span class='ocrx_word' id='word_1_134' title='bbox 1095 2025 1607 2105; x_wconf 63' lang='lat' dir='ltr'><strong>constat&#39;Spiritus,</strong></span> <span class='ocrx_word' id='word_1_135' title='bbox 1640 2049 1759 2088; x_wconf 92' lang='lat' dir='ltr'><strong>cum</strong></span> <span class='ocrx_word' id='word_1_136' title='bbox 1790 2030 2065 2087; x_wconf 88' lang='lat' dir='ltr'><strong>invisibilis</strong></span> <span class='ocrx_word' id='word_1_137' title='bbox 2092 2038 2146 2084; x_wconf 84' lang='lat' dir='ltr'><strong>et</strong></span> 
     </span>
    </p>
   </div>
   <div class='ocr_carea' id='block_1_23' title="bbox 568 2120 2143 2198">
    <p class='ocr_par' dir='ltr' id='par_1_23' title="bbox 568 2120 2143 2198">
     <span class='ocr_line' id='line_1_23' title="bbox 568 2120 2143 2198; baseline -0.004 -18"><span class='ocrx_word' id='word_1_138' title='bbox 568 2128 726 2182; x_wconf 83' lang='lat' dir='ltr'><strong>unius</strong></span> <span class='ocrx_word' id='word_1_139' title='bbox 750 2128 964 2198; x_wconf 75' lang='lat' dir='ltr'><strong>generis</strong></span> <span class='ocrx_word' id='word_1_140' title='bbox 991 2127 1079 2182; x_wconf 90' lang='lat' dir='ltr'><strong>sit.</strong></span> <span class='ocrx_word' id='word_1_141' title='bbox 1114 2126 1359 2182; x_wconf 87' lang='lat' dir='ltr'><strong>Alterum</strong></span> <span class='ocrx_word' id='word_1_142' title='bbox 1406 2135 1552 2179; x_wconf 90' lang='lat' dir='ltr'><strong>certe</strong></span> <span class='ocrx_word' id='word_1_143' title='bbox 1589 2122 1821 2179; x_wconf 79' lang='lat' dir='ltr'><strong>Joannes</strong></span> <span class='ocrx_word' id='word_1_144' title='bbox 1863 2120 2143 2192; x_wconf 74' lang='lat' dir='ltr'><strong>signiﬁcat,</strong></span> 
     </span>
    </p>
   </div>
   <div class='ocr_carea' id='block_1_24' title="bbox 565 2212 2147 2287">
    <p class='ocr_par' dir='ltr' id='par_1_24' title="bbox 565 2212 2147 2287">
     <span class='ocr_line' id='line_1_24' title="bbox 565 2212 2147 2287; baseline -0.005 -14"><span class='ocrx_word' id='word_1_145' title='bbox 565 2233 686 2273; x_wconf 83' lang='lat' dir='ltr'><strong>cum</strong></span> <span class='ocrx_word' id='word_1_146' title='bbox 714 2216 841 2272; x_wconf 85' lang='lat' dir='ltr'><strong>dicit</strong></span> <span class='ocrx_word' id='word_1_147' title='bbox 868 2234 883 2271; x_wconf 88' lang='lat'><strong>:</strong></span> <span class='ocrx_word' id='word_1_148' title='bbox 909 2215 1029 2287; x_wconf 85' lang='lat' dir='ltr'><strong>Ipse</strong></span> <span class='ocrx_word' id='word_1_149' title='bbox 1046 2233 1132 2271; x_wconf 74' lang='lat' dir='ltr'><strong>vos</strong></span> <span class='ocrx_word' id='word_1_150' title='bbox 1160 2215 1433 2285; x_wconf 74' lang='lat' dir='ltr'><strong>baptiaabit</strong></span> <span class='ocrx_word' id='word_1_151' title='bbox 1458 2216 1509 2268; x_wconf 89' lang='lat' dir='ltr'><strong>in</strong></span> <span class='ocrx_word' id='word_1_152' title='bbox 1543 2212 1737 2285; x_wconf 75' lang='lat' dir='ltr'><strong>Spiritu</strong></span> <span class='ocrx_word' id='word_1_153' title='bbox 1761 2222 1934 2267; x_wconf 85' lang='lat' dir='ltr'><strong>sancto</strong></span> <span class='ocrx_word' id='word_1_154' title='bbox 1962 2222 2009 2266; x_wconf 88' lang='lat' dir='ltr'><strong>et</strong></span> <span class='ocrx_word' id='word_1_155' title='bbox 2033 2214 2147 2282; x_wconf 85' lang='lat' dir='ltr'><strong>igne</strong></span> 
     </span>
    </p>
   </div>
   <div class='ocr_carea' id='block_1_25' title="bbox 567 2305 2146 2381">
    <p class='ocr_par' dir='ltr' id='par_1_25' title="bbox 567 2305 2146 2381">
     <span class='ocr_line' id='line_1_25' title="bbox 567 2305 2146 2381; baseline -0.003 -18"><span class='ocrx_word' id='word_1_156' title='bbox 567 2311 587 2380; x_wconf 87' lang='lat'><strong>(</strong></span> <span class='ocrx_word' id='word_1_157' title='bbox 616 2309 796 2363; x_wconf 72' lang='lat' dir='ltr'><strong>Matth.</strong></span> <span class='ocrx_word' id='word_1_158' title='bbox 824 2309 878 2364; x_wconf 78' lang='grc'>3.</span> <span class='ocrx_word' id='word_1_159' title='bbox 904 2310 1038 2381; x_wconf 76' lang='lat' dir='ltr'><strong>tl);</strong></span> <span class='ocrx_word' id='word_1_160' title='bbox 1072 2308 1296 2364; x_wconf 86' lang='lat' dir='ltr'><strong>alterum</strong></span> <span class='ocrx_word' id='word_1_161' title='bbox 1341 2323 1471 2364; x_wconf 80' lang='lat' dir='ltr'><strong>vero</strong></span> <span class='ocrx_word' id='word_1_162' title='bbox 1516 2306 1778 2370; x_wconf 82' lang='lat' dir='ltr'><strong>Christus,</strong></span> <span class='ocrx_word' id='word_1_163' title='bbox 1816 2305 2054 2359; x_wconf 82' lang='lat' dir='ltr'><strong>Flumina</strong></span> <span class='ocrx_word' id='word_1_164' title='bbox 2082 2306 2146 2359; x_wconf 83' lang='lat' dir='ltr'><strong>de</strong></span> 
     </span>
    </p>
   </div>
   <div class='ocr_carea' id='block_1_26' title="bbox 566 2394 2146 2471">
    <p class='ocr_par' dir='ltr' id='par_1_26' title="bbox 566 2394 2146 2471">
     <span class='ocr_line' id='line_1_26' title="bbox 566 2394 2146 2471; baseline -0.003 -18"><span class='ocrx_word' id='word_1_165' title='bbox 566 2411 734 2454; x_wconf 80' lang='lat' dir='ltr'><strong>ventre</strong></span> <span class='ocrx_word' id='word_1_166' title='bbox 757 2401 865 2467; x_wconf 86' lang='lat' dir='ltr'><strong>eius</strong></span> <span class='ocrx_word' id='word_1_167' title='bbox 890 2400 1049 2471; x_wconf 73' lang='lat' dir='ltr'><strong>ﬂuent</strong></span> <span class='ocrx_word' id='word_1_168' title='bbox 1075 2415 1219 2471; x_wconf 70' lang='lat' dir='ltr'><strong>aqua</strong></span> <span class='ocrx_word' id='word_1_169' title='bbox 1244 2400 1386 2453; x_wconf 69' lang='lat' dir='ltr'><strong>uitta.</strong></span> <span class='ocrx_word' id='word_1_170' title='bbox 1424 2397 1534 2452; x_wconf 86' lang='lat' dir='ltr'><strong>Hoc</strong></span> <span class='ocrx_word' id='word_1_171' title='bbox 1559 2407 1723 2451; x_wconf 89' lang='lat' dir='ltr'><strong>autem</strong></span> <span class='ocrx_word' id='word_1_172' title='bbox 1764 2397 1895 2450; x_wconf 74' lang='lat' dir='ltr'><strong>dixit</strong></span> <span class='ocrx_word' id='word_1_173' title='bbox 1936 2396 1997 2449; x_wconf 81' lang='lat' dir='ltr'><strong>de</strong></span> <span class='ocrx_word' id='word_1_174' title='bbox 2024 2394 2146 2465; x_wconf 86' lang='lat' dir='ltr'><strong>Spi-</strong></span> 
     </span>
    </p>
   </div>
   <div class='ocr_carea' id='block_1_27' title="bbox 567 2484 2148 2559">
    <p class='ocr_par' dir='ltr' id='par_1_27' title="bbox 567 2484 2148 2559">
     <span class='ocr_line' id='line_1_27' title="bbox 567 2484 2148 2559; baseline -0.001 -18"><span class='ocrx_word' id='word_1_175' title='bbox 567 2491 687 2553; x_wconf 88' lang='lat' dir='ltr'><strong>ritu,</strong></span> <span class='ocrx_word' id='word_1_176' title='bbox 719 2505 863 2559; x_wconf 82' lang='lat' dir='ltr'><strong>quem</strong></span> <span class='ocrx_word' id='word_1_177' title='bbox 888 2490 1140 2559; x_wconf 79' lang='lat' dir='ltr'><strong>accepturi</strong></span> <span class='ocrx_word' id='word_1_178' title='bbox 1162 2497 1304 2542; x_wconf 87' lang='lat' dir='ltr'><strong>erant</strong></span> <span class='ocrx_word' id='word_1_179' title='bbox 1321 2488 1497 2557; x_wconf 84' lang='lat' dir='ltr'><strong>(Joan.</strong></span> <span class='ocrx_word' id='word_1_180' title='bbox 1524 2488 1575 2542; x_wconf 88' lang='lat'><strong>7.</strong></span> <span class='ocrx_word' id='word_1_181' title='bbox 1600 2486 1687 2542; x_wconf 72' lang='lat'><strong>58.</strong></span> <span class='ocrx_word' id='word_1_182' title='bbox 1716 2484 1830 2557; x_wconf 73' lang='lat'><strong>59).</strong></span> <span class='ocrx_word' id='word_1_183' title='bbox 1863 2486 1933 2539; x_wconf 91' lang='lat' dir='ltr'><strong>Ita</strong></span> <span class='ocrx_word' id='word_1_184' title='bbox 1954 2494 2009 2540; x_wconf 91' lang='lat' dir='ltr'><strong>et</strong></span> <span class='ocrx_word' id='word_1_185' title='bbox 2033 2502 2148 2540; x_wconf 89' lang='lat' dir='ltr'><strong>mu-</strong></span> 
     </span>
    </p>
   </div>
   <div class='ocr_carea' id='block_1_28' title="bbox 570 2578 2148 2651">
    <p class='ocr_par' dir='ltr' id='par_1_28' title="bbox 570 2578 2148 2651">
     <span class='ocr_line' id='line_1_28' title="bbox 570 2578 2148 2651; baseline -0.003 -16"><span class='ocrx_word' id='word_1_186' title='bbox 570 2583 753 2637; x_wconf 89' lang='lat' dir='ltr'><strong>lierem</strong></span> <span class='ocrx_word' id='word_1_187' title='bbox 782 2581 1081 2651; x_wconf 84' lang='lat' dir='ltr'><strong>alloquens,</strong></span> <span class='ocrx_word' id='word_1_188' title='bbox 1108 2578 1364 2650; x_wconf 76' lang='lat' dir='ltr'><strong>Spiritum</strong></span> <span class='ocrx_word' id='word_1_189' title='bbox 1395 2590 1549 2635; x_wconf 78' lang='lat' dir='ltr'><strong>vocat</strong></span> <span class='ocrx_word' id='word_1_190' title='bbox 1573 2595 1762 2649; x_wconf 90' lang='lat' dir='ltr'><strong>aquam</strong></span> <span class='ocrx_word' id='word_1_191' title='bbox 1794 2598 1808 2633; x_wconf 91' lang='lat'><strong>:</strong></span> <span class='ocrx_word' id='word_1_192' title='bbox 1846 2578 1945 2646; x_wconf 89' lang='lat' dir='ltr'><strong>Qui</strong></span> <span class='ocrx_word' id='word_1_193' title='bbox 1975 2578 2148 2633; x_wconf 88' lang='lat' dir='ltr'><strong>biberit</strong></span> 
     </span>
    </p>
   </div>
   <div class='ocr_carea' id='block_1_29' title="bbox 569 2669 2150 2740">
    <p class='ocr_par' dir='ltr' id='par_1_29' title="bbox 569 2669 2150 2740">
     <span class='ocr_line' id='line_1_29' title="bbox 569 2669 2150 2740; baseline 0.001 -17"><span class='ocrx_word' id='word_1_194' title='bbox 569 2686 631 2723; x_wconf 75' lang='lat' dir='ltr'><strong>ex</strong></span> <span class='ocrx_word' id='word_1_195' title='bbox 659 2687 808 2739; x_wconf 85' lang='lat' dir='ltr'><strong>aqua,</strong></span> <span class='ocrx_word' id='word_1_196' title='bbox 841 2686 991 2739; x_wconf 83' lang='lat' dir='ltr'><strong>quam</strong></span> <span class='ocrx_word' id='word_1_197' title='bbox 1012 2684 1105 2740; x_wconf 89' lang='lat' dir='ltr'><strong>ego</strong></span> <span class='ocrx_word' id='word_1_198' title='bbox 1128 2669 1257 2724; x_wconf 86' lang='lat' dir='ltr'><strong>dabo</strong></span> <span class='ocrx_word' id='word_1_199' title='bbox 1285 2670 1348 2733; x_wconf 89' lang='lat' dir='ltr'><strong>ei,</strong></span> <span class='ocrx_word' id='word_1_200' title='bbox 1378 2686 1477 2723; x_wconf 87' lang='lat' dir='ltr'><strong>non</strong></span> <span class='ocrx_word' id='word_1_201' title='bbox 1514 2670 1644 2723; x_wconf 89' lang='lat' dir='ltr'><strong>sitiet</strong></span> <span class='ocrx_word' id='word_1_202' title='bbox 1672 2670 1723 2723; x_wconf 89' lang='lat' dir='ltr'><strong>in</strong></span> <span class='ocrx_word' id='word_1_203' title='bbox 1761 2681 2034 2734; x_wconf 69' lang='lat' dir='ltr'><strong>internum;</strong></span> <span class='ocrx_word' id='word_1_204' title='bbox 2072 2669 2150 2724; x_wconf 88' lang='lat' dir='ltr'><strong>sic</strong></span> 
     </span>
    </p>
   </div>
   <div class='ocr_carea' id='block_1_30' title="bbox 570 2760 2146 2831">
    <p class='ocr_par' dir='ltr' id='par_1_30' title="bbox 570 2760 2146 2831">
     <span class='ocr_line' id='line_1_30' title="bbox 570 2760 2146 2831; baseline 0 -16"><span class='ocrx_word' id='word_1_205' title='bbox 570 2761 828 2830; x_wconf 87' lang='lat' dir='ltr'><strong>Spiritum</strong></span> <span class='ocrx_word' id='word_1_206' title='bbox 852 2770 1007 2815; x_wconf 85' lang='lat' dir='ltr'><strong>vocat</strong></span> <span class='ocrx_word' id='word_1_207' title='bbox 1049 2762 1221 2830; x_wconf 76' lang='lat' dir='ltr'><strong>ignem</strong></span> <span class='ocrx_word' id='word_1_208' title='bbox 1248 2802 1263 2828; x_wconf 92' lang='lat'><strong>,</strong></span> <span class='ocrx_word' id='word_1_209' title='bbox 1306 2768 1364 2815; x_wconf 91' lang='lat' dir='ltr'><strong>ut</strong></span> <span class='ocrx_word' id='word_1_210' title='bbox 1392 2761 1498 2814; x_wconf 90' lang='lat' dir='ltr'><strong>vim</strong></span> <span class='ocrx_word' id='word_1_211' title='bbox 1528 2760 1896 2831; x_wconf 82' lang='lat' dir='ltr'><strong>fervoremque</strong></span> <span class='ocrx_word' id='word_1_212' title='bbox 1924 2764 2108 2830; x_wconf 78' lang='lat' dir='ltr'><strong>gratia:</strong></span> <span class='ocrx_word' id='word_1_213' title='bbox 2131 2803 2146 2827; x_wconf 92' lang='lat'><strong>,</strong></span> 
     </span>
    </p>
   </div>
   <div class='ocr_carea' id='block_1_31' title="bbox 568 2850 2147 2922">
    <p class='ocr_par' dir='ltr' id='par_1_31' title="bbox 568 2850 2147 2922">
     <span class='ocr_line' id='line_1_31' title="bbox 568 2850 2147 2922; baseline -0.003 -16"><span class='ocrx_word' id='word_1_214' title='bbox 568 2859 623 2907; x_wconf 87' lang='lat' dir='ltr'><strong>et</strong></span> <span class='ocrx_word' id='word_1_215' title='bbox 654 2860 987 2919; x_wconf 82' lang='lat' dir='ltr'><strong>peccatorum</strong></span> <span class='ocrx_word' id='word_1_216' title='bbox 1013 2852 1297 2919; x_wconf 83' lang='lat' dir='ltr'><strong>perniciem</strong></span> <span class='ocrx_word' id='word_1_217' title='bbox 1326 2851 1583 2922; x_wconf 76' lang='lat' dir='ltr'><strong>significet</strong></span> <span class='ocrx_word' id='word_1_218' title='bbox 1607 2868 1621 2915; x_wconf 90' lang='lat'><strong>;</strong></span> <span class='ocrx_word' id='word_1_219' title='bbox 1653 2866 1864 2921; x_wconf 90' lang='lat' dir='ltr'><strong>aquam,</strong></span> <span class='ocrx_word' id='word_1_220' title='bbox 1886 2860 1941 2905; x_wconf 92' lang='lat' dir='ltr'><strong>ut</strong></span> <span class='ocrx_word' id='word_1_221' title='bbox 1963 2850 2147 2919; x_wconf 88' lang='lat' dir='ltr'><strong>purill-</strong></span> 
     </span>
    </p>
   </div>
   <div class='ocr_carea' id='block_1_32' title="bbox 568 2940 2151 3012">
    <p class='ocr_par' dir='ltr' id='par_1_32' title="bbox 568 2940 2151 3012">
     <span class='ocr_line' id='line_1_32' title="bbox 568 2940 2151 3012; baseline -0.001 -17"><span class='ocrx_word' id='word_1_222' title='bbox 568 2940 830 2997; x_wconf 88' lang='lat' dir='ltr'><strong>cationem</strong></span> <span class='ocrx_word' id='word_1_223' title='bbox 854 2942 1293 3012; x_wconf 80' lang='lat' dir='ltr'><strong>refrigeriumque</strong></span> <span class='ocrx_word' id='word_1_224' title='bbox 1320 2959 1413 3011; x_wconf 90' lang='lat' dir='ltr'><strong>per</strong></span> <span class='ocrx_word' id='word_1_225' title='bbox 1444 2943 1583 2995; x_wconf 88' lang='lat' dir='ltr'><strong>illam</strong></span> <span class='ocrx_word' id='word_1_226' title='bbox 1626 2942 2010 3011; x_wconf 88' lang='lat' dir='ltr'><strong>excipientibus</strong></span> <span class='ocrx_word' id='word_1_227' title='bbox 2036 2940 2151 2993; x_wconf 88' lang='lat' dir='ltr'><strong>ani-</strong></span> 
     </span>
    </p>
   </div>
   <div class='ocr_carea' id='block_1_33' title="bbox 571 3031 2148 3102">
    <p class='ocr_par' dir='ltr' id='par_1_33' title="bbox 571 3031 2148 3102">
     <span class='ocr_line' id='line_1_33' title="bbox 571 3031 2148 3102; baseline 0 -17"><span class='ocrx_word' id='word_1_228' title='bbox 571 3032 674 3087; x_wconf 87' lang='lat' dir='ltr'><strong>mis</strong></span> <span class='ocrx_word' id='word_1_229' title='bbox 698 3041 904 3102; x_wconf 86' lang='lat' dir='ltr'><strong>partttm</strong></span> <span class='ocrx_word' id='word_1_230' title='bbox 937 3033 1152 3088; x_wconf 89' lang='lat' dir='ltr'><strong>iudicet.</strong></span> <span class='ocrx_word' id='word_1_231' title='bbox 1186 3033 1254 3086; x_wconf 88' lang='lat' dir='ltr'><strong>Et</strong></span> <span class='ocrx_word' id='word_1_232' title='bbox 1293 3031 1414 3101; x_wconf 84' lang='lat' dir='ltr'><strong>jure</strong></span> <span class='ocrx_word' id='word_1_233' title='bbox 1448 3032 1683 3101; x_wconf 85' lang='lat' dir='ltr'><strong>quidem.</strong></span> <span class='ocrx_word' id='word_1_234' title='bbox 1714 3032 1845 3085; x_wconf 87' lang='lat' dir='ltr'><strong>Nam</strong></span> <span class='ocrx_word' id='word_1_235' title='bbox 1884 3042 2148 3101; x_wconf 84' lang='lat' dir='ltr'><strong>tamquam</strong></span> 
     </span>
    </p>
   </div>
   <div class='ocr_carea' id='block_1_34' title="bbox 575 3122 2152 3191">
    <p class='ocr_par' dir='ltr' id='par_1_34' title="bbox 575 3122 2152 3191">
     <span class='ocr_line' id='line_1_34' title="bbox 575 3122 2152 3191; baseline 0 -15"><span class='ocrx_word' id='word_1_236' title='bbox 575 3122 817 3187; x_wconf 85' lang='lat' dir='ltr'><strong>hortum,</strong></span> <span class='ocrx_word' id='word_1_237' title='bbox 842 3123 1128 3177; x_wconf 88' lang='lat' dir='ltr'><strong>fructiferis</strong></span> <span class='ocrx_word' id='word_1_238' title='bbox 1178 3138 1495 3191; x_wconf 85' lang='lat' dir='ltr'><strong>semperque</strong></span> <span class='ocrx_word' id='word_1_239' title='bbox 1544 3122 1836 3176; x_wconf 84' lang='lat' dir='ltr'><strong>virentibus</strong></span> <span class='ocrx_word' id='word_1_240' title='bbox 1874 3122 2152 3176; x_wconf 85' lang='lat' dir='ltr'><strong>arboribus</strong></span> 
     </span>
    </p>
   </div>
   <div class='ocr_carea' id='block_1_35' title="bbox 576 3211 2152 3282">
    <p class='ocr_par' dir='ltr' id='par_1_35' title="bbox 576 3211 2152 3282">
     <span class='ocr_line' id='line_1_35' title="bbox 576 3211 2152 3282; baseline 0.001 -17"><span class='ocrx_word' id='word_1_241' title='bbox 576 3221 901 3273; x_wconf 83' lang='lat' dir='ltr'><strong>comantem,</strong></span> <span class='ocrx_word' id='word_1_242' title='bbox 951 3213 1029 3265; x_wconf 89' lang='lat' dir='ltr'><strong>sic</strong></span> <span class='ocrx_word' id='word_1_243' title='bbox 1071 3211 1362 3268; x_wconf 47' lang='lat' dir='ltr'><strong>studiosam</strong></span> <span class='ocrx_word' id='word_1_244' title='bbox 1419 3211 1647 3265; x_wconf 89' lang='lat' dir='ltr'><strong>animam</strong></span> <span class='ocrx_word' id='word_1_245' title='bbox 1698 3222 1940 3275; x_wconf 76' lang='lat' dir='ltr'><strong>exornat,</strong></span> <span class='ocrx_word' id='word_1_246' title='bbox 1981 3226 2152 3282; x_wconf 86' lang='lat' dir='ltr'><strong>neque</strong></span> 
     </span>
    </p>
   </div>
   <div class='ocr_carea' id='block_1_36' title="bbox 577 3299 2151 3371">
    <p class='ocr_par' dir='ltr' id='par_1_36' title="bbox 577 3299 2151 3371">
     <span class='ocr_line' id='line_1_36' title="bbox 577 3299 2151 3371; baseline 0.001 -16"><span class='ocrx_word' id='word_1_247' title='bbox 577 3302 857 3367; x_wconf 73' lang='lat' dir='ltr'><strong>tttmroris,</strong></span> <span class='ocrx_word' id='word_1_248' title='bbox 890 3316 1063 3371; x_wconf 85' lang='lat' dir='ltr'><strong>neque</strong></span> <span class='ocrx_word' id='word_1_249' title='bbox 1090 3301 1447 3355; x_wconf 84' lang='lat' dir='ltr'><strong>satanicarum</strong></span> <span class='ocrx_word' id='word_1_250' title='bbox 1479 3299 1793 3355; x_wconf 87' lang='lat' dir='ltr'><strong>insidiarum</strong></span> <span class='ocrx_word' id='word_1_251' title='bbox 1823 3316 2038 3355; x_wconf 70' lang='lat' dir='ltr'><strong>sensum</strong></span> <span class='ocrx_word' id='word_1_252' title='bbox 2065 3317 2151 3356; x_wconf 86' lang='lat' dir='ltr'><strong>ca-</strong></span> 
     </span>
    </p>
   </div>
   <div class='ocr_carea' id='block_1_37' title="bbox 578 3391 2140 3463">
    <p class='ocr_par' dir='ltr' id='par_1_37' title="bbox 578 3391 2140 3463">
     <span class='ocr_line' id='line_1_37' title="bbox 578 3391 2140 3463; baseline 0.001 -20"><span class='ocrx_word' id='word_1_253' title='bbox 578 3407 703 3461; x_wconf 87' lang='lat' dir='ltr'><strong>pere</strong></span> <span class='ocrx_word' id='word_1_254' title='bbox 726 3394 849 3446; x_wconf 89' lang='lat' dir='ltr'><strong>sinit</strong></span> <span class='ocrx_word' id='word_1_255' title='bbox 876 3432 891 3457; x_wconf 92' lang='lat'><strong>,</strong></span> <span class='ocrx_word' id='word_1_256' title='bbox 924 3392 1117 3463; x_wconf 83' lang='lat' dir='ltr'><strong>quippe</strong></span> <span class='ocrx_word' id='word_1_257' title='bbox 1145 3408 1261 3461; x_wconf 67' lang='lat' dir='ltr'><strong>qum</strong></span> <span class='ocrx_word' id='word_1_258' title='bbox 1292 3392 1451 3461; x_wconf 79' lang='lat' dir='ltr'><strong>ignita</strong></span> <span class='ocrx_word' id='word_1_259' title='bbox 1481 3392 1695 3461; x_wconf 81' lang='lat' dir='ltr'><strong>maligni</strong></span> <span class='ocrx_word' id='word_1_260' title='bbox 1724 3391 1825 3446; x_wconf 89' lang='lat' dir='ltr'><strong>tela</strong></span> <span class='ocrx_word' id='word_1_261' title='bbox 1853 3391 2007 3447; x_wconf 80' lang='lat' dir='ltr'><strong>facile</strong></span> <span class='ocrx_word' id='word_1_262' title='bbox 2036 3407 2140 3445; x_wconf 89' lang='lat' dir='ltr'><strong>ex-</strong></span> 
     </span>
    </p>
   </div>
   <div class='ocr_carea' id='block_1_38' title="bbox 576 3484 2151 3554">
    <p class='ocr_par' dir='ltr' id='par_1_38' title="bbox 576 3484 2151 3554">
     <span class='ocr_line' id='line_1_38' title="bbox 576 3484 2151 3554; baseline -0.002 -12"><span class='ocrx_word' id='word_1_263' title='bbox 576 3486 825 3554; x_wconf 73' lang='lat' dir='ltr'><strong>etiuguat.</strong></span> <span class='ocrx_word' id='word_1_264' title='bbox 861 3485 938 3539; x_wconf 90' lang='lat' dir='ltr'><strong>Tu</strong></span> <span class='ocrx_word' id='word_1_265' title='bbox 970 3499 1098 3539; x_wconf 82' lang='lat' dir='ltr'><strong>vero</strong></span> <span class='ocrx_word' id='word_1_266' title='bbox 1126 3484 1253 3539; x_wconf 91' lang='lat' dir='ltr'><strong>mihi</strong></span> <span class='ocrx_word' id='word_1_267' title='bbox 1276 3484 1474 3537; x_wconf 76' lang='lat' dir='ltr'><strong>Christi</strong></span> <span class='ocrx_word' id='word_1_268' title='bbox 1505 3484 1821 3553; x_wconf 85' lang='lat' dir='ltr'><strong>sapientiam</strong></span> <span class='ocrx_word' id='word_1_269' title='bbox 1842 3484 2151 3539; x_wconf 86' lang='lat' dir='ltr'><strong>consideres</strong></span> 
     </span>
    </p>
   </div>
   <div class='ocr_carea' id='block_1_39' title="bbox 581 3573 2150 3645">
    <p class='ocr_par' dir='ltr' id='par_1_39' title="bbox 581 3573 2150 3645">
     <span class='ocr_line' id='line_1_39' title="bbox 581 3573 2150 3645; baseline 0.002 -18"><span class='ocrx_word' id='word_1_270' title='bbox 581 3575 759 3637; x_wconf 70' lang='lat' dir='ltr'><strong>velim,</strong></span> <span class='ocrx_word' id='word_1_271' title='bbox 788 3589 944 3645; x_wconf 91' lang='lat' dir='ltr'><strong>quam</strong></span> <span class='ocrx_word' id='word_1_272' title='bbox 977 3576 1166 3629; x_wconf 88' lang='lat' dir='ltr'><strong>leniter</strong></span> <span class='ocrx_word' id='word_1_273' title='bbox 1192 3575 1558 3629; x_wconf 89' lang='lat' dir='ltr'><strong>mulierculam</strong></span> <span class='ocrx_word' id='word_1_274' title='bbox 1586 3575 1771 3643; x_wconf 75' lang='lat' dir='ltr'><strong>erigat.</strong></span> <span class='ocrx_word' id='word_1_275' title='bbox 1796 3573 1977 3645; x_wconf 88' lang='lat' dir='ltr'><strong>Neque</strong></span> <span class='ocrx_word' id='word_1_276' title='bbox 2009 3577 2150 3630; x_wconf 84' lang='lat' dir='ltr'><strong>enim</strong></span> 
     </span>
    </p>
   </div>
   <div class='ocr_carea' id='block_1_40' title="bbox 578 3666 2152 3739">
    <p class='ocr_par' dir='ltr' id='par_1_40' title="bbox 578 3666 2152 3739">
     <span class='ocr_line' id='line_1_40' title="bbox 578 3666 2152 3739; baseline -0.001 -16"><span class='ocrx_word' id='word_1_277' title='bbox 578 3684 609 3723; x_wconf 87' lang='lat' dir='ltr'><strong>a</strong></span> <span class='ocrx_word' id='word_1_278' title='bbox 642 3669 898 3738; x_wconf 88' lang='lat' dir='ltr'><strong>principio</strong></span> <span class='ocrx_word' id='word_1_279' title='bbox 926 3668 1059 3722; x_wconf 91' lang='lat' dir='ltr'><strong>dixit</strong></span> <span class='ocrx_word' id='word_1_280' title='bbox 1102 3667 1174 3722; x_wconf 91' lang='lat' dir='ltr'><strong>illi</strong></span> <span class='ocrx_word' id='word_1_281' title='bbox 1197 3709 1211 3735; x_wconf 91' lang='lat'><strong>,</strong></span> <span class='ocrx_word' id='word_1_282' title='bbox 1248 3666 1307 3723; x_wconf 91' lang='lat' dir='ltr'><strong>Si</strong></span> <span class='ocrx_word' id='word_1_283' title='bbox 1329 3670 1481 3721; x_wconf 79' lang='lat' dir='ltr'><strong>scires</strong></span> <span class='ocrx_word' id='word_1_284' title='bbox 1526 3670 1638 3739; x_wconf 88' lang='lat' dir='ltr'><strong>quis</strong></span> <span class='ocrx_word' id='word_1_285' title='bbox 1666 3676 1740 3721; x_wconf 89' lang='lat' dir='ltr'><strong>est</strong></span> <span class='ocrx_word' id='word_1_286' title='bbox 1767 3668 1852 3737; x_wconf 86' lang='lat' dir='ltr'><strong>qui</strong></span> <span class='ocrx_word' id='word_1_287' title='bbox 1887 3669 2007 3721; x_wconf 87' lang='lat' dir='ltr'><strong>dicit</strong></span> <span class='ocrx_word' id='word_1_288' title='bbox 2036 3671 2152 3735; x_wconf 89' lang='lat' dir='ltr'><strong>tibi,</strong></span> 
     </span>
    </p>
   </div>
   <div class='ocr_carea' id='block_1_41' title="bbox 585 3757 2157 3829">
    <p class='ocr_par' dir='ltr' id='par_1_41' title="bbox 585 3757 2157 3829">
     <span class='ocr_line' id='line_1_41' title="bbox 585 3757 2157 3829; baseline 0.002 -17"><span class='ocrx_word' id='word_1_289' title='bbox 585 3757 665 3812; x_wconf 89' lang='lat' dir='ltr'><strong>Da</strong></span> <span class='ocrx_word' id='word_1_290' title='bbox 695 3759 815 3811; x_wconf 83' lang='lat' dir='ltr'><strong>mihi</strong></span> <span class='ocrx_word' id='word_1_291' title='bbox 856 3759 1169 3814; x_wconf 86' lang='lat' dir='ltr'><strong>bibere:sed</strong></span> <span class='ocrx_word' id='word_1_292' title='bbox 1202 3766 1480 3828; x_wconf 80' lang='lat' dir='ltr'><strong>postquam</strong></span> <span class='ocrx_word' id='word_1_293' title='bbox 1520 3758 1856 3813; x_wconf 88' lang='lat' dir='ltr'><strong>occasionem</strong></span> <span class='ocrx_word' id='word_1_294' title='bbox 1894 3758 1969 3813; x_wconf 89' lang='lat' dir='ltr'><strong>illi</strong></span> <span class='ocrx_word' id='word_1_295' title='bbox 2006 3775 2157 3829; x_wconf 61' lang='lat' dir='ltr'><strong>prce—-</strong></span> 
     </span>
    </p>
   </div>
   <div class='ocr_carea' id='block_1_42' title="bbox 582 3848 2157 3916">
    <p class='ocr_par' dir='ltr' id='par_1_42' title="bbox 582 3848 2157 3916">
     <span class='ocr_line' id='line_1_42' title="bbox 582 3848 2157 3916; baseline 0.001 -13"><span class='ocrx_word' id='word_1_296' title='bbox 582 3849 790 3916; x_wconf 84' lang='lat' dir='ltr'><strong>buerat,</strong></span> <span class='ocrx_word' id='word_1_297' title='bbox 822 3858 877 3903; x_wconf 93' lang='lat' dir='ltr'><strong>ut</strong></span> <span class='ocrx_word' id='word_1_298' title='bbox 902 3864 961 3904; x_wconf 89' lang='lat' dir='ltr'><strong>sc</strong></span> <span class='ocrx_word' id='word_1_299' title='bbox 989 3848 1229 3904; x_wconf 71' lang='lat' dir='ltr'><strong>Judreum</strong></span> <span class='ocrx_word' id='word_1_300' title='bbox 1263 3860 1473 3905; x_wconf 77' lang='lat' dir='ltr'><strong>vocaret</strong></span> <span class='ocrx_word' id='word_1_301' title='bbox 1504 3858 1557 3903; x_wconf 91' lang='lat' dir='ltr'><strong>et</strong></span> <span class='ocrx_word' id='word_1_302' title='bbox 1582 3857 1876 3913; x_wconf 74' lang='lat' dir='ltr'><strong>accusaret,</strong></span> <span class='ocrx_word' id='word_1_303' title='bbox 1904 3849 2157 3904; x_wconf 89' lang='lat' dir='ltr'><strong>crimina-</strong></span> 
     </span>
    </p>
   </div>
   <div class='ocr_carea' id='block_1_43' title="bbox 584 3941 2159 4013">
    <p class='ocr_par' dir='ltr' id='par_1_43' title="bbox 584 3941 2159 4013">
     <span class='ocr_line' id='line_1_43' title="bbox 584 3941 2159 4013; baseline 0 -17"><span class='ocrx_word' id='word_1_304' title='bbox 584 3942 784 3998; x_wconf 88' lang='lat' dir='ltr'><strong>tionem</strong></span> <span class='ocrx_word' id='word_1_305' title='bbox 826 3942 1104 4013; x_wconf 81' lang='lat' dir='ltr'><strong>dcpelleus</strong></span> <span class='ocrx_word' id='word_1_306' title='bbox 1157 3942 1257 3996; x_wconf 89' lang='lat' dir='ltr'><strong>hoc</strong></span> <span class='ocrx_word' id='word_1_307' title='bbox 1294 3942 1442 3996; x_wconf 90' lang='lat' dir='ltr'><strong>dicit.</strong></span> <span class='ocrx_word' id='word_1_308' title='bbox 1492 3941 1623 3997; x_wconf 90' lang='lat' dir='ltr'><strong>Cum</strong></span> <span class='ocrx_word' id='word_1_309' title='bbox 1652 3958 1779 3996; x_wconf 86' lang='lat' dir='ltr'><strong>vero</strong></span> <span class='ocrx_word' id='word_1_310' title='bbox 1825 3942 2065 4007; x_wconf 79' lang='lat' dir='ltr'><strong>dixisset,</strong></span> <span class='ocrx_word' id='word_1_311' title='bbox 2098 3944 2159 3998; x_wconf 88' lang='lat' dir='ltr'><strong>Si</strong></span> 
     </span>
    </p>
   </div>
   <div class='ocr_carea' id='block_1_44' title="bbox 584 4033 2157 4107">
    <p class='ocr_par' dir='ltr' id='par_1_44' title="bbox 584 4033 2157 4107">
     <span class='ocr_line' id='line_1_44' title="bbox 584 4033 2157 4107; baseline 0 -17"><span class='ocrx_word' id='word_1_312' title='bbox 584 4037 734 4090; x_wconf 86' lang='lat' dir='ltr'><strong>scires</strong></span> <span class='ocrx_word' id='word_1_313' title='bbox 774 4038 885 4107; x_wconf 86' lang='lat' dir='ltr'><strong>quis</strong></span> <span class='ocrx_word' id='word_1_314' title='bbox 911 4046 983 4091; x_wconf 82' lang='lat' dir='ltr'><strong>est</strong></span> <span class='ocrx_word' id='word_1_315' title='bbox 1026 4038 1113 4105; x_wconf 87' lang='lat' dir='ltr'><strong>qui</strong></span> <span class='ocrx_word' id='word_1_316' title='bbox 1152 4036 1273 4090; x_wconf 85' lang='lat' dir='ltr'><strong>dicit</strong></span> <span class='ocrx_word' id='word_1_317' title='bbox 1298 4036 1407 4103; x_wconf 87' lang='lat' dir='ltr'><strong>tibi,</strong></span> <span class='ocrx_word' id='word_1_318' title='bbox 1432 4033 1514 4089; x_wconf 89' lang='lat' dir='ltr'><strong>Da</strong></span> <span class='ocrx_word' id='word_1_319' title='bbox 1543 4036 1666 4089; x_wconf 85' lang='lat' dir='ltr'><strong>mihi</strong></span> <span class='ocrx_word' id='word_1_320' title='bbox 1712 4036 1894 4102; x_wconf 85' lang='lat' dir='ltr'><strong>bibere,</strong></span> <span class='ocrx_word' id='word_1_321' title='bbox 1945 4038 2157 4106; x_wconf 79' lang='lat' dir='ltr'><strong>forsitan</strong></span> 
     </span>
    </p>
   </div>
   <div class='ocr_carea' id='block_1_45' title="bbox 587 4126 2159 4197">
    <p class='ocr_par' dir='ltr' id='par_1_45' title="bbox 587 4126 2159 4197">
     <span class='ocr_line' id='line_1_45' title="bbox 587 4126 2159 4197; baseline 0.003 -20"><span class='ocrx_word' id='word_1_322' title='bbox 587 4127 808 4190; x_wconf 84' lang='lat' dir='ltr'><strong>petiisses</strong></span> <span class='ocrx_word' id='word_1_323' title='bbox 826 4127 886 4180; x_wconf 90' lang='lat' dir='ltr'><strong>ab</strong></span> <span class='ocrx_word' id='word_1_324' title='bbox 904 4144 981 4194; x_wconf 86' lang='lat' dir='ltr'><strong>eo,</strong></span> <span class='ocrx_word' id='word_1_325' title='bbox 1010 4136 1063 4181; x_wconf 90' lang='lat' dir='ltr'><strong>et</strong></span> <span class='ocrx_word' id='word_1_326' title='bbox 1085 4128 1289 4197; x_wconf 78' lang='lat' dir='ltr'><strong>magnis</strong></span> <span class='ocrx_word' id='word_1_327' title='bbox 1312 4126 1750 4197; x_wconf 86' lang='lat' dir='ltr'><strong>promissionibus</strong></span> <span class='ocrx_word' id='word_1_328' title='bbox 1771 4141 1836 4183; x_wconf 92' lang='lat' dir='ltr'><strong>eo</strong></span> <span class='ocrx_word' id='word_1_329' title='bbox 1866 4127 2159 4183; x_wconf 90' lang='lat' dir='ltr'><strong>induxisset</strong></span> 
     </span>
    </p>
   </div>
   <div class='ocr_carea' id='block_1_46' title="bbox 587 4206 2158 4288">
    <p class='ocr_par' dir='ltr' id='par_1_46' title="bbox 587 4206 2158 4288">
     <span class='ocr_line' id='line_1_46' title="bbox 587 4206 2158 4288; baseline 0.003 -17"><span class='ocrx_word' id='word_1_330' title='bbox 587 4218 728 4272; x_wconf 88' lang='lat' dir='ltr'><strong>illam</strong></span> <span class='ocrx_word' id='word_1_331' title='bbox 757 4206 1145 4288; x_wconf 70' lang='lat' dir='ltr'><strong>utpatriarchte</strong></span> <span class='ocrx_word' id='word_1_332' title='bbox 1167 4220 1490 4276; x_wconf 89' lang='lat' dir='ltr'><strong>mentionem</strong></span> <span class='ocrx_word' id='word_1_333' title='bbox 1535 4220 1775 4286; x_wconf 87' lang='lat' dir='ltr'><strong>faceret,</strong></span> <span class='ocrx_word' id='word_1_334' title='bbox 1825 4220 1903 4274; x_wconf 85' lang='lat' dir='ltr'><strong>sic</strong></span> <span class='ocrx_word' id='word_1_335' title='bbox 1950 4220 2158 4276; x_wconf 88' lang='lat' dir='ltr'><strong>mulieri</strong></span> 
     </span>
    </p>
   </div>
   <div class='ocr_carea' id='block_1_47' title="bbox 586 4309 2163 4381">
    <p class='ocr_par' dir='ltr' id='par_1_47' title="bbox 586 4309 2163 4381">
     <span class='ocr_line' id='line_1_47' title="bbox 586 4309 2163 4381; baseline 0.003 -21"><span class='ocrx_word' id='word_1_336' title='bbox 586 4309 768 4364; x_wconf 86' lang='lat' dir='ltr'><strong>oculos</strong></span> <span class='ocrx_word' id='word_1_337' title='bbox 797 4311 989 4365; x_wconf 88' lang='lat' dir='ltr'><strong>mentis</strong></span> <span class='ocrx_word' id='word_1_338' title='bbox 1040 4312 1267 4379; x_wconf 89' lang='lat' dir='ltr'><strong>aperuit.</strong></span> <span class='ocrx_word' id='word_1_339' title='bbox 1313 4312 1511 4366; x_wconf 85' lang='lat' dir='ltr'><strong>Deinde</strong></span> <span class='ocrx_word' id='word_1_340' title='bbox 1539 4313 1623 4366; x_wconf 87' lang='lat' dir='ltr'><strong>illa</strong></span> <span class='ocrx_word' id='word_1_341' title='bbox 1651 4321 1962 4381; x_wconf 87' lang='lat' dir='ltr'><strong>repuneute,</strong></span> <span class='ocrx_word' id='word_1_342' title='bbox 1996 4310 2163 4365; x_wconf 84' lang='lat' dir='ltr'><strong>Num-</strong></span> 
     </span>
    </p>
   </div>
   <div class='ocr_carea' id='block_1_48' title="bbox 583 4401 2160 4470">
    <p class='ocr_par' dir='ltr' id='par_1_48' title="bbox 583 4401 2160 4470">
     <span class='ocr_line' id='line_1_48' title="bbox 583 4401 2160 4470; baseline 0.004 -20"><span class='ocrx_word' id='word_1_343' title='bbox 583 4401 708 4467; x_wconf 87' lang='lat' dir='ltr'><strong>quid</strong></span> <span class='ocrx_word' id='word_1_344' title='bbox 730 4411 781 4452; x_wconf 89' lang='lat' dir='ltr'><strong>tu</strong></span> <span class='ocrx_word' id='word_1_345' title='bbox 802 4403 964 4469; x_wconf 84' lang='lat' dir='ltr'><strong>major</strong></span> <span class='ocrx_word' id='word_1_346' title='bbox 988 4417 1041 4455; x_wconf 89' lang='lat' dir='ltr'><strong>es</strong></span> <span class='ocrx_word' id='word_1_347' title='bbox 1071 4411 1213 4470; x_wconf 85' lang='lat' dir='ltr'><strong>patre</strong></span> <span class='ocrx_word' id='word_1_348' title='bbox 1236 4411 1406 4455; x_wconf 90' lang='lat' dir='ltr'><strong>nostro</strong></span> <span class='ocrx_word' id='word_1_349' title='bbox 1425 4401 1586 4454; x_wconf 82' lang='lat' dir='ltr'><strong>Iacob</strong></span> <span class='ocrx_word' id='word_1_350' title='bbox 1610 4402 1755 4455; x_wconf 80' lang='lat' dir='ltr'><strong>?tton</strong></span> <span class='ocrx_word' id='word_1_351' title='bbox 1787 4402 1935 4467; x_wconf 84' lang='lat' dir='ltr'><strong>dixit,</strong></span> <span class='ocrx_word' id='word_1_352' title='bbox 1965 4403 2160 4470; x_wconf 83' lang='lat' dir='ltr'><strong>Etiam,</strong></span> 
     </span>
    </p>
   </div>
   <div class='ocr_carea' id='block_1_49' title="bbox 588 4490 2159 4563">
    <p class='ocr_par' dir='ltr' id='par_1_49' title="bbox 588 4490 2159 4563">
     <span class='ocr_line' id='line_1_49' title="bbox 588 4490 2159 4563; baseline 0.005 -21"><span class='ocrx_word' id='word_1_353' title='bbox 588 4490 760 4559; x_wconf 83' lang='lat' dir='ltr'><strong>major</strong></span> <span class='ocrx_word' id='word_1_354' title='bbox 785 4504 900 4543; x_wconf 82' lang='lat' dir='ltr'><strong>sum</strong></span> <span class='ocrx_word' id='word_1_355' title='bbox 934 4507 946 4543; x_wconf 88' lang='lat'><strong>:</strong></span> <span class='ocrx_word' id='word_1_356' title='bbox 976 4506 1097 4544; x_wconf 90' lang='lat' dir='ltr'><strong>nam</strong></span> <span class='ocrx_word' id='word_1_357' title='bbox 1120 4490 1262 4545; x_wconf 80' lang='lat' dir='ltr'><strong>visus</strong></span> <span class='ocrx_word' id='word_1_358' title='bbox 1284 4490 1467 4545; x_wconf 85' lang='lat' dir='ltr'><strong>fuisset</strong></span> <span class='ocrx_word' id='word_1_359' title='bbox 1501 4492 1552 4546; x_wconf 93' lang='lat' dir='ltr'><strong>id</strong></span> <span class='ocrx_word' id='word_1_360' title='bbox 1584 4508 1642 4547; x_wconf 89' lang='lat' dir='ltr'><strong>se</strong></span> <span class='ocrx_word' id='word_1_361' title='bbox 1665 4491 1917 4561; x_wconf 87' lang='lat' dir='ltr'><strong>jactando</strong></span> <span class='ocrx_word' id='word_1_362' title='bbox 1942 4494 2119 4550; x_wconf 89' lang='lat' dir='ltr'><strong>dicere</strong></span> <span class='ocrx_word' id='word_1_363' title='bbox 2144 4538 2159 4563; x_wconf 92' lang='lat'><strong>,</strong></span> 
     </span>
    </p>
   </div>
   <div class='ocr_carea' id='block_1_50' title="bbox 588 4580 2161 4653">
    <p class='ocr_par' dir='ltr' id='par_1_50' title="bbox 588 4580 2161 4653">
     <span class='ocr_line' id='line_1_50' title="bbox 588 4580 2161 4653; baseline 0.003 -19"><span class='ocrx_word' id='word_1_364' title='bbox 588 4595 711 4634; x_wconf 91' lang='lat' dir='ltr'><strong>cunt</strong></span> <span class='ocrx_word' id='word_1_365' title='bbox 736 4580 878 4633; x_wconf 91' lang='lat' dir='ltr'><strong>nulla</strong></span> <span class='ocrx_word' id='word_1_366' title='bbox 911 4580 1085 4635; x_wconf 90' lang='lat' dir='ltr'><strong>adhuc</strong></span> <span class='ocrx_word' id='word_1_367' title='bbox 1112 4592 1255 4636; x_wconf 88' lang='lat' dir='ltr'><strong>esset</strong></span> <span class='ocrx_word' id='word_1_368' title='bbox 1284 4582 1361 4637; x_wconf 90' lang='lat' dir='ltr'><strong>rei</strong></span> <span class='ocrx_word' id='word_1_369' title='bbox 1391 4582 1777 4637; x_wconf 89' lang='lat' dir='ltr'><strong>demonstratio</strong></span> <span class='ocrx_word' id='word_1_370' title='bbox 1802 4602 1814 4637; x_wconf 91' lang='lat'>:</span> <span class='ocrx_word' id='word_1_371' title='bbox 1841 4600 1935 4653; x_wconf 89' lang='lat' dir='ltr'><strong>per</strong></span> <span class='ocrx_word' id='word_1_372' title='bbox 1974 4600 2035 4640; x_wconf 90' lang='lat' dir='ltr'><strong>ea</strong></span> <span class='ocrx_word' id='word_1_373' title='bbox 2062 4601 2161 4638; x_wconf 89' lang='lat' dir='ltr'><strong>au-</strong></span> 
     </span>
    </p>
   </div>
   <div class='ocr_carea' id='block_1_51' title="bbox 589 4673 2164 4749">
    <p class='ocr_par' dir='ltr' id='par_1_51' title="bbox 589 4673 2164 4749">
     <span class='ocr_line' id='line_1_51' title="bbox 589 4673 2164 4749; baseline 0.006 -22"><span class='ocrx_word' id='word_1_374' title='bbox 589 4682 696 4727; x_wconf 82' lang='lat' dir='ltr'><strong>tem</strong></span> <span class='ocrx_word' id='word_1_375' title='bbox 727 4688 845 4743; x_wconf 77' lang='lat' dir='ltr'><strong>qua:</strong></span> <span class='ocrx_word' id='word_1_376' title='bbox 870 4673 1016 4737; x_wconf 90' lang='lat' dir='ltr'><strong>dicit,</strong></span> <span class='ocrx_word' id='word_1_377' title='bbox 1048 4674 1114 4728; x_wconf 89' lang='lat' dir='ltr'><strong>ad</strong></span> <span class='ocrx_word' id='word_1_378' title='bbox 1138 4675 1263 4729; x_wconf 88' lang='lat' dir='ltr'><strong>illud</strong></span> <span class='ocrx_word' id='word_1_379' title='bbox 1296 4686 1574 4745; x_wconf 61' lang='lat' dir='ltr'><strong>praeparat.</strong></span> <span class='ocrx_word' id='word_1_380' title='bbox 1608 4676 1722 4732; x_wconf 88' lang='lat' dir='ltr'><strong>Non</strong></span> <span class='ocrx_word' id='word_1_381' title='bbox 1752 4679 1893 4735; x_wconf 91' lang='lat' dir='ltr'><strong>enim</strong></span> <span class='ocrx_word' id='word_1_382' title='bbox 1912 4680 2164 4749; x_wconf 90' lang='lat' dir='ltr'><strong>simplici-</strong></span> 
     </span>
    </p>
   </div>
   <div class='ocr_carea' id='block_1_52' title="bbox 592 4762 2166 4835">
    <p class='ocr_par' dir='ltr' id='par_1_52' title="bbox 592 4762 2166 4835">
     <span class='ocr_line' id='line_1_52' title="bbox 592 4762 2166 4835; baseline 0.006 -20"><span class='ocrx_word' id='word_1_383' title='bbox 592 4772 676 4815; x_wconf 88' lang='lat' dir='ltr'><strong>ter</strong></span> <span class='ocrx_word' id='word_1_384' title='bbox 700 4762 825 4815; x_wconf 89' lang='lat' dir='ltr'><strong>dicit</strong></span> <span class='ocrx_word' id='word_1_385' title='bbox 854 4804 867 4827; x_wconf 94' lang='lat'><strong>,</strong></span> <span class='ocrx_word' id='word_1_386' title='bbox 904 4763 1043 4818; x_wconf 86' lang='lat' dir='ltr'><strong>Dabo</strong></span> <span class='ocrx_word' id='word_1_387' title='bbox 1074 4764 1165 4818; x_wconf 87' lang='lat' dir='ltr'><strong>tibi</strong></span> <span class='ocrx_word' id='word_1_388' title='bbox 1196 4780 1421 4834; x_wconf 86' lang='lat' dir='ltr'><strong>aquam;</strong></span> <span class='ocrx_word' id='word_1_389' title='bbox 1466 4765 1559 4820; x_wconf 85' lang='lat' dir='ltr'><strong>sed</strong></span> <span class='ocrx_word' id='word_1_390' title='bbox 1593 4776 1869 4835; x_wconf 85' lang='lat' dir='ltr'><strong>postquam</strong></span> <span class='ocrx_word' id='word_1_391' title='bbox 1906 4768 1973 4823; x_wconf 93' lang='lat' dir='ltr'><strong>de</strong></span> <span class='ocrx_word' id='word_1_392' title='bbox 2000 4769 2166 4824; x_wconf 81' lang='lat' dir='ltr'><strong>Jacob</strong></span> 
     </span>
    </p>
   </div>
   <div class='ocr_carea' id='block_1_53' title="bbox 595 4850 2167 4927">
    <p class='ocr_par' dir='ltr' id='par_1_53' title="bbox 595 4850 2167 4927">
     <span class='ocr_line' id='line_1_53' title="bbox 595 4850 2167 4927; baseline 0.006 -24"><span class='ocrx_word' id='word_1_393' title='bbox 595 4852 778 4917; x_wconf 88' lang='lat' dir='ltr'><strong>tacuit,</strong></span> <span class='ocrx_word' id='word_1_394' title='bbox 808 4850 947 4919; x_wconf 90' lang='lat' dir='ltr'><strong>quod</strong></span> <span class='ocrx_word' id='word_1_395' title='bbox 968 4867 1119 4905; x_wconf 87' lang='lat' dir='ltr'><strong>suum</strong></span> <span class='ocrx_word' id='word_1_396' title='bbox 1147 4862 1263 4907; x_wconf 91' lang='lat' dir='ltr'><strong>erat</strong></span> <span class='ocrx_word' id='word_1_397' title='bbox 1288 4854 1511 4916; x_wconf 88' lang='lat' dir='ltr'><strong>extulit,</strong></span> <span class='ocrx_word' id='word_1_398' title='bbox 1545 4870 1574 4908; x_wconf 92' lang='lat' dir='ltr'><strong>a</strong></span> <span class='ocrx_word' id='word_1_399' title='bbox 1601 4865 1789 4909; x_wconf 87' lang='lat' dir='ltr'><strong>natura</strong></span> <span class='ocrx_word' id='word_1_400' title='bbox 1816 4856 1941 4911; x_wconf 91' lang='lat' dir='ltr'><strong>doni</strong></span> <span class='ocrx_word' id='word_1_401' title='bbox 1984 4874 2167 4927; x_wconf 81' lang='lat' dir='ltr'><strong>perso-</strong></span> 
     </span>
    </p>
   </div>
   <div class='ocr_carea' id='block_1_54' title="bbox 592 4940 2170 5013">
    <p class='ocr_par' dir='ltr' id='par_1_54' title="bbox 592 4940 2170 5013">
     <span class='ocr_line' id='line_1_54' title="bbox 592 4940 2170 5013; baseline 0.005 -18"><span class='ocrx_word' id='word_1_402' title='bbox 592 4955 781 4995; x_wconf 84' lang='lat' dir='ltr'><strong>narum</strong></span> <span class='ocrx_word' id='word_1_403' title='bbox 808 4940 1158 4997; x_wconf 84' lang='lat' dir='ltr'><strong>differentiam</strong></span> <span class='ocrx_word' id='word_1_404' title='bbox 1188 4958 1281 5013; x_wconf 86' lang='lat' dir='ltr'><strong>per</strong></span> <span class='ocrx_word' id='word_1_405' title='bbox 1319 4960 1598 5000; x_wconf 85' lang='lat' dir='ltr'><strong>munerum</strong></span> <span class='ocrx_word' id='word_1_406' title='bbox 1645 4946 1930 5003; x_wconf 87' lang='lat' dir='ltr'><strong>discrimen</strong></span> <span class='ocrx_word' id='word_1_407' title='bbox 1974 4949 2170 5005; x_wconf 84' lang='lat' dir='ltr'><strong>decla-</strong></span> 
     </span>
    </p>
   </div>
   <div class='ocr_carea' id='block_1_55' title="bbox 595 5036 2165 5105">
    <p class='ocr_par' dir='ltr' id='par_1_55' title="bbox 595 5036 2165 5105">
     <span class='ocr_line' id='line_1_55' title="bbox 595 5036 2165 5105; baseline 0.004 -19"><span class='ocrx_word' id='word_1_408' title='bbox 595 5047 747 5097; x_wconf 85' lang='lat' dir='ltr'><strong>rans,</strong></span> <span class='ocrx_word' id='word_1_409' title='bbox 781 5047 985 5087; x_wconf 87' lang='lat' dir='ltr'><strong>necnon</strong></span> <span class='ocrx_word' id='word_1_410' title='bbox 1012 5048 1160 5087; x_wconf 85' lang='lat' dir='ltr'><strong>suam</strong></span> <span class='ocrx_word' id='word_1_411' title='bbox 1189 5050 1349 5103; x_wconf 90' lang='lat' dir='ltr'><strong>supra</strong></span> <span class='ocrx_word' id='word_1_412' title='bbox 1379 5036 1735 5105; x_wconf 86' lang='lat' dir='ltr'><strong>patriarcham</strong></span> <span class='ocrx_word' id='word_1_413' title='bbox 1768 5039 2165 5094; x_wconf 85' lang='lat' dir='ltr'><strong>excellentiam.</strong></span> 
     </span>
    </p>
   </div>
   <div class='ocr_carea' id='block_1_56' title="bbox 590 5126 2167 5201">
    <p class='ocr_par' dir='ltr' id='par_1_56' title="bbox 590 5126 2167 5201">
     <span class='ocr_line' id='line_1_56' title="bbox 590 5126 2167 5201; baseline 0.006 -23"><span class='ocrx_word' id='word_1_414' title='bbox 590 5126 649 5181; x_wconf 80' lang='lat' dir='ltr'><strong>Si</strong></span> <span class='ocrx_word' id='word_1_415' title='bbox 679 5126 908 5193; x_wconf 89' lang='lat' dir='ltr'><strong>miraris,</strong></span> <span class='ocrx_word' id='word_1_416' title='bbox 938 5126 1125 5197; x_wconf 90' lang='lat' dir='ltr'><strong>inquit,</strong></span> <span class='ocrx_word' id='word_1_417' title='bbox 1158 5128 1297 5197; x_wconf 89' lang='lat' dir='ltr'><strong>quod</strong></span> <span class='ocrx_word' id='word_1_418' title='bbox 1338 5128 1426 5184; x_wconf 90' lang='lat' dir='ltr'><strong>ille</strong></span> <span class='ocrx_word' id='word_1_419' title='bbox 1452 5128 1591 5191; x_wconf 82' lang='lat' dir='ltr'><strong>hanc</strong></span> <span class='ocrx_word' id='word_1_420' title='bbox 1632 5146 1823 5201; x_wconf 89' lang='lat' dir='ltr'><strong>aquam</strong></span> <span class='ocrx_word' id='word_1_421' title='bbox 1852 5134 2076 5199; x_wconf 85' lang='lat' dir='ltr'><strong>dederit,</strong></span> <span class='ocrx_word' id='word_1_422' title='bbox 2124 5135 2167 5188; x_wconf 90' lang='lat' dir='ltr'><strong>si</strong></span> 
     </span>
    </p>
   </div>
   <div class='ocr_carea' id='block_1_57' title="bbox 588 5216 2172 5293">
    <p class='ocr_par' dir='ltr' id='par_1_57' title="bbox 588 5216 2172 5293">
     <span class='ocr_line' id='line_1_57' title="bbox 588 5216 2172 5293; baseline 0.006 -24"><span class='ocrx_word' id='word_1_423' title='bbox 588 5217 753 5286; x_wconf 70' lang='lat' dir='ltr'><strong>iunge</strong></span> <span class='ocrx_word' id='word_1_424' title='bbox 782 5216 1057 5271; x_wconf 87' lang='lat' dir='ltr'><strong>meliorem</strong></span> <span class='ocrx_word' id='word_1_425' title='bbox 1097 5217 1189 5271; x_wconf 90' lang='lat' dir='ltr'><strong>tibi</strong></span> <span class='ocrx_word' id='word_1_426' title='bbox 1235 5218 1452 5282; x_wconf 89' lang='lat' dir='ltr'><strong>dedero,</strong></span> <span class='ocrx_word' id='word_1_427' title='bbox 1487 5221 1610 5289; x_wconf 88' lang='lat' dir='ltr'><strong>quid</strong></span> <span class='ocrx_word' id='word_1_428' title='bbox 1636 5222 1819 5276; x_wconf 79' lang='lat' dir='ltr'><strong>dices?</strong></span> <span class='ocrx_word' id='word_1_429' title='bbox 1864 5222 1981 5277; x_wconf 83' lang='lat' dir='ltr'><strong>Jam</strong></span> <span class='ocrx_word' id='word_1_430' title='bbox 2028 5225 2172 5293; x_wconf 85' lang='lat' dir='ltr'><strong>prius</strong></span> 
     </span>
    </p>
   </div>
   <div class='ocr_carea' id='block_1_58' title="bbox 600 5306 2174 5381">
    <p class='ocr_par' dir='ltr' id='par_1_58' title="bbox 600 5306 2174 5381">
     <span class='ocr_line' id='line_1_58' title="bbox 600 5306 2174 5381; baseline 0.007 -23"><span class='ocrx_word' id='word_1_431' title='bbox 600 5322 739 5375; x_wconf 80' lang='lat' dir='ltr'><strong>pene</strong></span> <span class='ocrx_word' id='word_1_432' title='bbox 764 5306 1007 5362; x_wconf 85' lang='lat' dir='ltr'><strong>confessa</strong></span> <span class='ocrx_word' id='word_1_433' title='bbox 1036 5323 1095 5362; x_wconf 89' lang='lat' dir='ltr'><strong>es</strong></span> <span class='ocrx_word' id='word_1_434' title='bbox 1124 5324 1205 5364; x_wconf 88' lang='lat' dir='ltr'><strong>me</strong></span> <span class='ocrx_word' id='word_1_435' title='bbox 1229 5308 1427 5365; x_wconf 68' lang='lat' dir='ltr'><strong>Iacobo</strong></span> <span class='ocrx_word' id='word_1_436' title='bbox 1456 5312 1710 5381; x_wconf 83' lang='lat' dir='ltr'><strong>majorem</strong></span> <span class='ocrx_word' id='word_1_437' title='bbox 1737 5328 1855 5368; x_wconf 79' lang='lat' dir='ltr'><strong>esse</strong></span> <span class='ocrx_word' id='word_1_438' title='bbox 1878 5355 1893 5380; x_wconf 95' lang='lat'><strong>,</strong></span> <span class='ocrx_word' id='word_1_439' title='bbox 1922 5329 2041 5367; x_wconf 90' lang='lat' dir='ltr'><strong>cum</strong></span> <span class='ocrx_word' id='word_1_440' title='bbox 2070 5316 2174 5369; x_wconf 90' lang='lat' dir='ltr'><strong>sci-</strong></span> 
     </span>
    </p>
   </div>
   <div class='ocr_carea' id='block_1_59' title="bbox 595 5398 2170 5473">
    <p class='ocr_par' dir='ltr' id='par_1_59' title="bbox 595 5398 2170 5473">
     <span class='ocr_line' id='line_1_59' title="bbox 595 5398 2170 5473; baseline 0.004 -22"><span class='ocrx_word' id='word_1_441' title='bbox 595 5398 843 5452; x_wconf 73' lang='lat' dir='ltr'><strong>scitando</strong></span> <span class='ocrx_word' id='word_1_442' title='bbox 864 5398 1063 5465; x_wconf 80' lang='lat' dir='ltr'><strong>dixisti,</strong></span> <span class='ocrx_word' id='word_1_443' title='bbox 1090 5398 1349 5468; x_wconf 84' lang='lat' dir='ltr'><strong>Numquid</strong></span> <span class='ocrx_word' id='word_1_444' title='bbox 1378 5411 1430 5455; x_wconf 88' lang='lat' dir='ltr'><strong>tu</strong></span> <span class='ocrx_word' id='word_1_445' title='bbox 1450 5404 1612 5473; x_wconf 90' lang='lat' dir='ltr'><strong>major</strong></span> <span class='ocrx_word' id='word_1_446' title='bbox 1633 5419 1685 5456; x_wconf 87' lang='lat' dir='ltr'><strong>es</strong></span> <span class='ocrx_word' id='word_1_447' title='bbox 1712 5412 1853 5471; x_wconf 84' lang='lat' dir='ltr'><strong>patre</strong></span> <span class='ocrx_word' id='word_1_448' title='bbox 1878 5415 2047 5457; x_wconf 86' lang='lat' dir='ltr'><strong>nostro</strong></span> <span class='ocrx_word' id='word_1_449' title='bbox 2073 5404 2170 5457; x_wconf 82' lang='lat' dir='ltr'><strong>Ja-</strong></span> 
     </span>
    </p>
   </div>
   <div class='ocr_carea' id='block_1_60' title="bbox 598 5489 2173 5563">
    <p class='ocr_par' dir='ltr' id='par_1_60' title="bbox 598 5489 2173 5563">
     <span class='ocr_line' id='line_1_60' title="bbox 598 5489 2173 5563; baseline 0.004 -21"><span class='ocrx_word' id='word_1_450' title='bbox 598 5489 712 5556; x_wconf 83' lang='lat' dir='ltr'><strong>cob,</strong></span> <span class='ocrx_word' id='word_1_451' title='bbox 741 5491 831 5560; x_wconf 89' lang='lat' dir='ltr'><strong>qui</strong></span> <span class='ocrx_word' id='word_1_452' title='bbox 858 5489 1132 5544; x_wconf 78' lang='lat' dir='ltr'><strong>meliorem</strong></span> <span class='ocrx_word' id='word_1_453' title='bbox 1157 5492 1429 5559; x_wconf 86' lang='lat' dir='ltr'><strong>promittas</strong></span> <span class='ocrx_word' id='word_1_454' title='bbox 1454 5508 1641 5563; x_wconf 89' lang='lat' dir='ltr'><strong>aquam</strong></span> <span class='ocrx_word' id='word_1_455' title='bbox 1666 5493 1689 5545; x_wconf 71' lang='grc' dir='ltr'><strong><em>Ἰ</em></strong></span> <span class='ocrx_word' id='word_1_456' title='bbox 1717 5496 1760 5547; x_wconf 89' lang='lat' dir='ltr'><strong>si</strong></span> <span class='ocrx_word' id='word_1_457' title='bbox 1787 5494 1928 5548; x_wconf 85' lang='lat' dir='ltr'><strong>illaut</strong></span> <span class='ocrx_word' id='word_1_458' title='bbox 1953 5508 2173 5563; x_wconf 84' lang='lat' dir='ltr'><strong>accepe-</strong></span> 
     </span>
    </p>
   </div>
   <div class='ocr_carea' id='block_1_61' title="bbox 603 5581 2172 5653">
    <p class='ocr_par' dir='ltr' id='par_1_61' title="bbox 603 5581 2172 5653">
     <span class='ocr_line' id='line_1_61' title="bbox 603 5581 2172 5653; baseline 0.003 -19"><span class='ocrx_word' id='word_1_459' title='bbox 603 5583 676 5634; x_wconf 85' lang='lat' dir='ltr'><strong>ris</strong></span> <span class='ocrx_word' id='word_1_460' title='bbox 722 5596 933 5650; x_wconf 84' lang='lat' dir='ltr'><strong>aquam,</strong></span> <span class='ocrx_word' id='word_1_461' title='bbox 990 5588 1115 5634; x_wconf 90' lang='lat' dir='ltr'><strong>tunc</strong></span> <span class='ocrx_word' id='word_1_462' title='bbox 1168 5596 1255 5635; x_wconf 92' lang='lat' dir='ltr'><strong>me</strong></span> <span class='ocrx_word' id='word_1_463' title='bbox 1303 5581 1454 5651; x_wconf 89' lang='lat' dir='ltr'><strong>plane</strong></span> <span class='ocrx_word' id='word_1_464' title='bbox 1499 5583 1756 5653; x_wconf 85' lang='lat' dir='ltr'><strong>majorem</strong></span> <span class='ocrx_word' id='word_1_465' title='bbox 1814 5584 2172 5639; x_wconf 89' lang='lat' dir='ltr'><strong>confiteberis.</strong></span> 
     </span>
    </p>
   </div>
   <div class='ocr_carea' id='block_1_62' title="bbox 610 5670 2176 5746">
    <p class='ocr_par' dir='ltr' id='par_1_62' title="bbox 610 5670 2176 5746">
     <span class='ocr_line' id='line_1_62' title="bbox 610 5670 2176 5746; baseline 0.006 -25"><span class='ocrx_word' id='word_1_466' title='bbox 610 5671 789 5726; x_wconf 68' lang='lat' dir='ltr'><strong>V’idett&#39;</strong></span> <span class='ocrx_word' id='word_1_467' title='bbox 818 5670 1058 5726; x_wconf 88' lang='lat' dir='ltr'><strong>mulieris</strong></span> <span class='ocrx_word' id='word_1_468' title='bbox 1099 5670 1354 5739; x_wconf 86' lang='lat' dir='ltr'><strong>judicium</strong></span> <span class='ocrx_word' id='word_1_469' title='bbox 1399 5673 1512 5727; x_wconf 77' lang='lat' dir='ltr'><strong>sine</strong></span> <span class='ocrx_word' id='word_1_470' title='bbox 1542 5675 1644 5729; x_wconf 90' lang='lat' dir='ltr'><strong>ulla</strong></span> <span class='ocrx_word' id='word_1_471' title='bbox 1678 5684 1989 5745; x_wconf 79' lang='lat' dir='ltr'><strong>acceptione</strong></span> <span class='ocrx_word' id='word_1_472' title='bbox 2014 5717 2027 5739; x_wconf 92' lang='lat'><strong>,</strong></span> <span class='ocrx_word' id='word_1_473' title='bbox 2059 5692 2176 5746; x_wconf 75' lang='lat' dir='ltr'><strong>qua:</strong></span> 
     </span>
    </p>
   </div>
   <div class='ocr_carea' id='block_1_63' title="bbox 605 5761 2171 5833">
    <p class='ocr_par' dir='ltr' id='par_1_63' title="bbox 605 5761 2171 5833">
     <span class='ocr_line' id='line_1_63' title="bbox 605 5761 2171 5833; baseline 0.006 -18"><span class='ocrx_word' id='word_1_474' title='bbox 605 5775 671 5815; x_wconf 71' lang='lat' dir='ltr'><strong>ex</strong></span> <span class='ocrx_word' id='word_1_475' title='bbox 696 5761 851 5817; x_wconf 85' lang='lat' dir='ltr'><strong>rebus</strong></span> <span class='ocrx_word' id='word_1_476' title='bbox 879 5762 1005 5833; x_wconf 84' lang='lat' dir='ltr'><strong>ipsis</strong></span> <span class='ocrx_word' id='word_1_477' title='bbox 1035 5771 1086 5816; x_wconf 90' lang='lat' dir='ltr'><strong>ct</strong></span> <span class='ocrx_word' id='word_1_478' title='bbox 1110 5761 1173 5816; x_wconf 89' lang='lat' dir='ltr'><strong>de</strong></span> <span class='ocrx_word' id='word_1_479' title='bbox 1204 5762 1497 5833; x_wconf 71' lang='lat' dir='ltr'><strong>patriarcha</strong></span> <span class='ocrx_word' id='word_1_480' title='bbox 1528 5775 1577 5819; x_wconf 90' lang='lat' dir='ltr'><strong>ct</strong></span> <span class='ocrx_word' id='word_1_481' title='bbox 1600 5765 1665 5821; x_wconf 89' lang='lat' dir='ltr'><strong>de</strong></span> <span class='ocrx_word' id='word_1_482' title='bbox 1686 5766 1893 5821; x_wconf 80' lang='lat' dir='ltr'><strong>Christo</strong></span> <span class='ocrx_word' id='word_1_483' title='bbox 1922 5767 2022 5823; x_wconf 87' lang='lat' dir='ltr'><strong>fert</strong></span> <span class='ocrx_word' id='word_1_484' title='bbox 2051 5782 2171 5824; x_wconf 88' lang='lat' dir='ltr'><strong>seu-</strong></span> 
     </span>
    </p>
   </div>
   <div class='ocr_carea' id='block_1_64' title="bbox 2251 1024 3844 1098">
    <p class='ocr_par' dir='ltr' id='par_1_64' title="bbox 2251 1024 3844 1098">
     <span class='ocr_line' id='line_1_64' title="bbox 2251 1024 3844 1098; baseline 0.01 -23"><span class='ocrx_word' id='word_1_485' title='bbox 2251 1024 2514 1098; x_wconf 85' lang='lat' dir='ltr'><strong>teutiam?</strong></span> <span class='ocrx_word' id='word_1_486' title='bbox 2548 1025 2737 1079; x_wconf 84' lang='lat' dir='ltr'><strong>Verum</strong></span> <span class='ocrx_word' id='word_1_487' title='bbox 2767 1042 2869 1080; x_wconf 84' lang='lat' dir='ltr'><strong>non</strong></span> <span class='ocrx_word' id='word_1_488' title='bbox 2903 1027 2978 1081; x_wconf 88' lang='lat' dir='ltr'><strong>ita</strong></span> <span class='ocrx_word' id='word_1_489' title='bbox 3012 1027 3179 1083; x_wconf 72' lang='lat' dir='ltr'><strong>Judtci</strong></span> <span class='ocrx_word' id='word_1_490' title='bbox 3216 1047 3230 1083; x_wconf 73' lang='grc' dir='ltr'><strong>ε</strong></span> <span class='ocrx_word' id='word_1_491' title='bbox 3263 1045 3382 1086; x_wconf 88' lang='lat' dir='ltr'><strong>cum</strong></span> <span class='ocrx_word' id='word_1_492' title='bbox 3411 1032 3665 1091; x_wconf 75' lang='lat' dir='ltr'><strong>viderent</strong></span> <span class='ocrx_word' id='word_1_493' title='bbox 3688 1036 3844 1091; x_wconf 84' lang='lat' dir='ltr'><strong>enim</strong></span> 
     </span>
    </p>
   </div>
   <div class='ocr_carea' id='block_1_65' title="bbox 2248 1112 3850 1194">
    <p class='ocr_par' dir='ltr' id='par_1_65' title="bbox 2248 1112 3850 1194">
     <span class='ocr_line' id='line_1_65' title="bbox 2248 1112 3850 1194; baseline 0.01 -28"><span class='ocrx_word' id='word_1_494' title='bbox 2248 1112 2393 1168; x_wconf 89' lang='lat' dir='ltr'><strong>illum</strong></span> <span class='ocrx_word' id='word_1_495' title='bbox 2421 1115 2679 1170; x_wconf 75' lang='lat' dir='ltr'><strong>dzcmonia</strong></span> <span class='ocrx_word' id='word_1_496' title='bbox 2703 1116 3025 1186; x_wconf 88' lang='lat' dir='ltr'><strong>ejicientem,</strong></span> <span class='ocrx_word' id='word_1_497' title='bbox 3059 1119 3445 1177; x_wconf 71' lang='lat' dir='ltr'><strong>dmmoniacum</strong></span> <span class='ocrx_word' id='word_1_498' title='bbox 3471 1125 3649 1194; x_wconf 81' lang='lat' dir='ltr'><strong>ipsum</strong></span> <span class='ocrx_word' id='word_1_499' title='bbox 3678 1142 3850 1182; x_wconf 72' lang='lat' dir='ltr'><strong>vm-</strong></span> 
     </span>
    </p>
   </div>
   <div class='ocr_carea' id='block_1_66' title="bbox 2247 1202 3850 1280">
    <p class='ocr_par' dir='ltr' id='par_1_66' title="bbox 2247 1202 3850 1280">
     <span class='ocr_line' id='line_1_66' title="bbox 2247 1202 3850 1280; baseline 0.012 -24"><span class='ocrx_word' id='word_1_500' title='bbox 2247 1202 2409 1271; x_wconf 86' lang='lat' dir='ltr'><strong>bant,</strong></span> <span class='ocrx_word' id='word_1_501' title='bbox 2458 1205 2652 1259; x_wconf 85' lang='lat' dir='ltr'><strong>nedum</strong></span> <span class='ocrx_word' id='word_1_502' title='bbox 2699 1208 2998 1276; x_wconf 86' lang='lat' dir='ltr'><strong>patriarcha</strong></span> <span class='ocrx_word' id='word_1_503' title='bbox 3038 1209 3295 1280; x_wconf 84' lang='lat' dir='ltr'><strong>majorem</strong></span> <span class='ocrx_word' id='word_1_504' title='bbox 3343 1214 3608 1271; x_wconf 87' lang='lat' dir='ltr'><strong>dicereut.</strong></span> <span class='ocrx_word' id='word_1_505' title='bbox 3644 1216 3850 1274; x_wconf 69' lang='lat' dir='ltr'><strong>Mulier</strong></span> 
     </span>
    </p>
   </div>
   <div class='ocr_carea' id='block_1_67' title="bbox 2246 1296 3848 1369">
    <p class='ocr_par' dir='ltr' id='par_1_67' title="bbox 2246 1296 3848 1369">
     <span class='ocr_line' id='line_1_67' title="bbox 2246 1296 3848 1369; baseline 0.012 -24"><span class='ocrx_word' id='word_1_506' title='bbox 2246 1307 2376 1347; x_wconf 88' lang='lat' dir='ltr'><strong>vero</strong></span> <span class='ocrx_word' id='word_1_507' title='bbox 2402 1310 2504 1348; x_wconf 91' lang='lat' dir='ltr'><strong>non</strong></span> <span class='ocrx_word' id='word_1_508' title='bbox 2535 1296 2633 1362; x_wconf 84' lang='lat' dir='ltr'><strong>sic,</strong></span> <span class='ocrx_word' id='word_1_509' title='bbox 2656 1298 2749 1352; x_wconf 90' lang='lat' dir='ltr'><strong>sed</strong></span> <span class='ocrx_word' id='word_1_510' title='bbox 2777 1297 2897 1353; x_wconf 88' lang='lat' dir='ltr'><strong>inde</strong></span> <span class='ocrx_word' id='word_1_511' title='bbox 2920 1298 3023 1354; x_wconf 90' lang='lat' dir='ltr'><strong>fert</strong></span> <span class='ocrx_word' id='word_1_512' title='bbox 3048 1303 3392 1369; x_wconf 74' lang='lat' dir='ltr'><strong>sententiam,</strong></span> <span class='ocrx_word' id='word_1_513' title='bbox 3424 1305 3570 1363; x_wconf 88' lang='lat' dir='ltr'><strong>unde</strong></span> <span class='ocrx_word' id='word_1_514' title='bbox 3584 1306 3848 1364; x_wconf 62' lang='lat' dir='ltr'><strong>Christus</strong></span> 
     </span>
    </p>
   </div>
   <div class='ocr_carea' id='block_1_68' title="bbox 2247 1383 3845 1459">
    <p class='ocr_par' dir='ltr' id='par_1_68' title="bbox 2247 1383 3845 1459">
     <span class='ocr_line' id='line_1_68' title="bbox 2247 1383 3845 1459; baseline 0.013 -23"><span class='ocrx_word' id='word_1_515' title='bbox 2247 1383 2486 1449; x_wconf 85' lang='lat' dir='ltr'><strong>volebat;</strong></span> <span class='ocrx_word' id='word_1_516' title='bbox 2543 1400 2610 1441; x_wconf 91' lang='lat' dir='ltr'><strong>ex</strong></span> <span class='ocrx_word' id='word_1_517' title='bbox 2664 1386 2776 1456; x_wconf 86' lang='lat' dir='ltr'><strong>ipsa</strong></span> <span class='ocrx_word' id='word_1_518' title='bbox 2817 1404 3009 1459; x_wconf 89' lang='lat' dir='ltr'><strong>nempe</strong></span> <span class='ocrx_word' id='word_1_519' title='bbox 3061 1404 3282 1459; x_wconf 83' lang='lat' dir='ltr'><strong>Operam</strong></span> <span class='ocrx_word' id='word_1_520' title='bbox 3340 1394 3845 1456; x_wconf 80' lang='lat' dir='ltr'><strong>demonstratione.</strong></span> 
     </span>
    </p>
   </div>
   <div class='ocr_carea' id='block_1_69' title="bbox 2246 1473 3851 1553">
    <p class='ocr_par' dir='ltr' id='par_1_69' title="bbox 2246 1473 3851 1553">
     <span class='ocr_line' id='line_1_69' title="bbox 2246 1473 3851 1553; baseline 0.009 -25"><span class='ocrx_word' id='word_1_521' title='bbox 2246 1473 2377 1528; x_wconf 88' lang='lat' dir='ltr'><strong>Nam</strong></span> <span class='ocrx_word' id='word_1_522' title='bbox 2407 1485 2461 1529; x_wconf 90' lang='lat' dir='ltr'><strong>et</strong></span> <span class='ocrx_word' id='word_1_523' title='bbox 2492 1476 2605 1545; x_wconf 78' lang='lat' dir='ltr'><strong>ipse</strong></span> <span class='ocrx_word' id='word_1_524' title='bbox 2627 1477 2836 1547; x_wconf 88' lang='lat' dir='ltr'><strong>quoque</strong></span> <span class='ocrx_word' id='word_1_525' title='bbox 2877 1480 3000 1535; x_wconf 90' lang='lat' dir='ltr'><strong>inde</strong></span> <span class='ocrx_word' id='word_1_526' title='bbox 3033 1480 3136 1536; x_wconf 88' lang='lat' dir='ltr'><strong>fert</strong></span> <span class='ocrx_word' id='word_1_527' title='bbox 3166 1482 3424 1551; x_wconf 87' lang='lat' dir='ltr'><strong>judicium</strong></span> <span class='ocrx_word' id='word_1_528' title='bbox 3452 1527 3469 1553; x_wconf 94' lang='lat'><strong>,</strong></span> <span class='ocrx_word' id='word_1_529' title='bbox 3504 1486 3698 1544; x_wconf 83' lang='lat' dir='ltr'><strong>dicens</strong></span> <span class='ocrx_word' id='word_1_530' title='bbox 3726 1505 3742 1542; x_wconf 90' lang='lat'>:</span> <span class='ocrx_word' id='word_1_531' title='bbox 3782 1490 3851 1544; x_wconf 87' lang='lat' dir='ltr'><strong>Si</strong></span> 
     </span>
    </p>
   </div>
   <div class='ocr_carea' id='block_1_70' title="bbox 2248 1567 3837 1639">
    <p class='ocr_par' dir='ltr' id='par_1_70' title="bbox 2248 1567 3837 1639">
     <span class='ocr_line' id='line_1_70' title="bbox 2248 1567 3837 1639; baseline 0.012 -21"><span class='ocrx_word' id='word_1_532' title='bbox 2248 1581 2346 1619; x_wconf 87' lang='lat' dir='ltr'><strong>non</strong></span> <span class='ocrx_word' id='word_1_533' title='bbox 2371 1567 2505 1636; x_wconf 79' lang='lat' dir='ltr'><strong>facio</strong></span> <span class='ocrx_word' id='word_1_534' title='bbox 2530 1584 2683 1638; x_wconf 78' lang='lat' dir='ltr'><strong>Opera</strong></span> <span class='ocrx_word' id='word_1_535' title='bbox 2712 1569 2881 1626; x_wconf 86' lang='lat' dir='ltr'><strong>Patris</strong></span> <span class='ocrx_word' id='word_1_536' title='bbox 2906 1574 3022 1639; x_wconf 91' lang='lat' dir='ltr'><strong>mei,</strong></span> <span class='ocrx_word' id='word_1_537' title='bbox 3051 1574 3208 1629; x_wconf 82' lang='lat' dir='ltr'><strong>nolite</strong></span> <span class='ocrx_word' id='word_1_538' title='bbox 3229 1576 3352 1630; x_wconf 85' lang='lat' dir='ltr'><strong>mihi</strong></span> <span class='ocrx_word' id='word_1_539' title='bbox 3375 1580 3580 1634; x_wconf 87' lang='lat' dir='ltr'><strong>credere</strong></span> <span class='ocrx_word' id='word_1_540' title='bbox 3606 1596 3628 1635; x_wconf 89' lang='lat'><strong><em>:</em></strong></span> <span class='ocrx_word' id='word_1_541' title='bbox 3656 1581 3704 1636; x_wconf 88' lang='lat' dir='ltr'><strong>si</strong></span> <span class='ocrx_word' id='word_1_542' title='bbox 3728 1597 3837 1635; x_wconf 71' lang='lat' dir='ltr'><strong>al-</strong></span> 
     </span>
    </p>
   </div>
   <div class='ocr_carea' id='block_1_71' title="bbox 2250 1662 3847 1746">
    <p class='ocr_par' dir='ltr' id='par_1_71' title="bbox 2250 1662 3847 1746">
     <span class='ocr_line' id='line_1_71' title="bbox 2250 1662 3847 1746; baseline 0.009 -32"><span class='ocrx_word' id='word_1_543' title='bbox 2250 1670 2347 1714; x_wconf 88' lang='lat' dir='ltr'><strong>tem</strong></span> <span class='ocrx_word' id='word_1_544' title='bbox 2369 1663 2522 1732; x_wconf 78' lang='lat' dir='ltr'><strong>facio,</strong></span> <span class='ocrx_word' id='word_1_545' title='bbox 2544 1662 2633 1717; x_wconf 87' lang='lat' dir='ltr'><strong>etsi</strong></span> <span class='ocrx_word' id='word_1_546' title='bbox 2664 1665 2789 1717; x_wconf 85' lang='lat' dir='ltr'><strong>mihi</strong></span> <span class='ocrx_word' id='word_1_547' title='bbox 2814 1682 2913 1719; x_wconf 84' lang='lat' dir='ltr'><strong>non</strong></span> <span class='ocrx_word' id='word_1_548' title='bbox 2934 1668 3158 1734; x_wconf 88' lang='lat' dir='ltr'><strong>creditis,</strong></span> <span class='ocrx_word' id='word_1_549' title='bbox 3188 1670 3420 1739; x_wconf 81' lang='lat' dir='ltr'><strong>operibus</strong></span> <span class='ocrx_word' id='word_1_550' title='bbox 3443 1672 3634 1727; x_wconf 79' lang='lat' dir='ltr'><strong>credite</strong></span> <span class='ocrx_word' id='word_1_551' title='bbox 3654 1671 3847 1746; x_wconf 76' lang='lat' dir='ltr'><strong>(Im.</strong></span> 
     </span>
    </p>
   </div>
   <div class='ocr_carea' id='block_1_72' title="bbox 2248 1753 3853 1839">
    <p class='ocr_par' dir='ltr' id='par_1_72' title="bbox 2248 1753 3853 1839">
     <span class='ocr_line' id='line_1_72' title="bbox 2248 1753 3853 1839; baseline 0.009 -30"><span class='ocrx_word' id='word_1_552' title='bbox 2248 1753 2335 1809; x_wconf 75' lang='grc'><strong>10.</strong></span> <span class='ocrx_word' id='word_1_553' title='bbox 2362 1756 2475 1825; x_wconf 79' lang='grc'><strong>57).</strong></span> <span class='ocrx_word' id='word_1_554' title='bbox 2495 1756 2582 1811; x_wconf 90' lang='lat' dir='ltr'><strong>Sic</strong></span> <span class='ocrx_word' id='word_1_555' title='bbox 2612 1767 2665 1812; x_wconf 91' lang='lat' dir='ltr'><strong>et</strong></span> <span class='ocrx_word' id='word_1_556' title='bbox 2695 1759 2885 1814; x_wconf 90' lang='lat' dir='ltr'><strong>mulier</strong></span> <span class='ocrx_word' id='word_1_557' title='bbox 2913 1760 2976 1815; x_wconf 91' lang='lat' dir='ltr'><strong>ad</strong></span> <span class='ocrx_word' id='word_1_558' title='bbox 3001 1761 3157 1816; x_wconf 90' lang='lat' dir='ltr'><strong>lident</strong></span> <span class='ocrx_word' id='word_1_559' title='bbox 3179 1763 3477 1820; x_wconf 87' lang='lat' dir='ltr'><strong>adducitur.</strong></span> <span class='ocrx_word' id='word_1_560' title='bbox 3498 1765 3853 1839; x_wconf 71' lang='lat' dir='ltr'><strong>Quapropter</strong></span> 
     </span>
    </p>
   </div>
   <div class='ocr_carea' id='block_1_73' title="bbox 2248 1847 3855 1923">
    <p class='ocr_par' dir='ltr' id='par_1_73' title="bbox 2248 1847 3855 1923">
     <span class='ocr_line' id='line_1_73' title="bbox 2248 1847 3855 1923; baseline 0.007 -22"><span class='ocrx_word' id='word_1_561' title='bbox 2248 1861 2368 1901; x_wconf 89' lang='lat' dir='ltr'><strong>cum</strong></span> <span class='ocrx_word' id='word_1_562' title='bbox 2399 1847 2638 1904; x_wconf 88' lang='lat' dir='ltr'><strong>audisset</strong></span> <span class='ocrx_word' id='word_1_563' title='bbox 2664 1889 2677 1912; x_wconf 93' lang='lat'><strong>,</strong></span> <span class='ocrx_word' id='word_1_564' title='bbox 2710 1848 2976 1922; x_wconf 84' lang='lat' dir='ltr'><strong>Numquid</strong></span> <span class='ocrx_word' id='word_1_565' title='bbox 3002 1854 3167 1921; x_wconf 84' lang='lat' dir='ltr'><strong>major</strong></span> <span class='ocrx_word' id='word_1_566' title='bbox 3193 1870 3243 1907; x_wconf 90' lang='lat' dir='ltr'><strong>es</strong></span> <span class='ocrx_word' id='word_1_567' title='bbox 3264 1864 3409 1923; x_wconf 85' lang='lat' dir='ltr'><strong>patre</strong></span> <span class='ocrx_word' id='word_1_568' title='bbox 3426 1866 3602 1910; x_wconf 86' lang='lat' dir='ltr'><strong>nostro</strong></span> <span class='ocrx_word' id='word_1_569' title='bbox 3628 1855 3797 1912; x_wconf 73' lang='lat' dir='ltr'><strong>Iacob</strong></span> <span class='ocrx_word' id='word_1_570' title='bbox 3823 1860 3855 1912; x_wconf 66' lang='grc' dir='ltr'><strong>,ν</strong></span> 
     </span>
    </p>
   </div>
   <div class='ocr_carea' id='block_1_74' title="bbox 2248 1936 3851 2012">
    <p class='ocr_par' dir='ltr' id='par_1_74' title="bbox 2248 1936 3851 2012">
     <span class='ocr_line' id='line_1_74' title="bbox 2248 1936 3851 2012; baseline 0.006 -21"><span class='ocrx_word' id='word_1_571' title='bbox 2248 1937 2449 1991; x_wconf 92' lang='lat' dir='ltr'><strong>omisso</strong></span> <span class='ocrx_word' id='word_1_572' title='bbox 2476 1936 2676 1993; x_wconf 80' lang='lat' dir='ltr'><strong>Jacobo</strong></span> <span class='ocrx_word' id='word_1_573' title='bbox 2698 1982 2713 2005; x_wconf 95' lang='lat'><strong>,</strong></span> <span class='ocrx_word' id='word_1_574' title='bbox 2743 1939 2809 1995; x_wconf 91' lang='lat' dir='ltr'><strong>de</strong></span> <span class='ocrx_word' id='word_1_575' title='bbox 2837 1955 2971 2010; x_wconf 89' lang='lat' dir='ltr'><strong>aqua</strong></span> <span class='ocrx_word' id='word_1_576' title='bbox 3014 1942 3247 2012; x_wconf 89' lang='lat' dir='ltr'><strong>loquitur</strong></span> <span class='ocrx_word' id='word_1_577' title='bbox 3272 1943 3355 1998; x_wconf 90' lang='lat' dir='ltr'><strong>his</strong></span> <span class='ocrx_word' id='word_1_578' title='bbox 3383 1944 3565 2001; x_wconf 88' lang='lat' dir='ltr'><strong>verbis</strong></span> <span class='ocrx_word' id='word_1_579' title='bbox 3592 1988 3608 2011; x_wconf 87' lang='lat'><strong>,</strong></span> <span class='ocrx_word' id='word_1_580' title='bbox 3666 1945 3851 2002; x_wconf 80' lang='lat' dir='ltr'><strong>Omnis</strong></span> 
     </span>
    </p>
   </div>
   <div class='ocr_carea' id='block_1_75' title="bbox 2248 2028 3847 2106">
    <p class='ocr_par' dir='ltr' id='par_1_75' title="bbox 2248 2028 3847 2106">
     <span class='ocr_line' id='line_1_75' title="bbox 2248 2028 3847 2106; baseline 0.01 -29"><span class='ocrx_word' id='word_1_581' title='bbox 2248 2028 2334 2097; x_wconf 81' lang='lat' dir='ltr'><strong>qui</strong></span> <span class='ocrx_word' id='word_1_582' title='bbox 2360 2029 2490 2105; x_wconf 70' lang='lat' dir='ltr'><strong>bibet</strong></span> <span class='ocrx_word' id='word_1_583' title='bbox 2514 2042 2579 2083; x_wconf 81' lang='lat' dir='ltr'><strong>ea:</strong></span> <span class='ocrx_word' id='word_1_584' title='bbox 2604 2030 2700 2084; x_wconf 81' lang='lat' dir='ltr'><strong>hac</strong></span> <span class='ocrx_word' id='word_1_585' title='bbox 2724 2047 2875 2101; x_wconf 88' lang='lat' dir='ltr'><strong>aqua,</strong></span> <span class='ocrx_word' id='word_1_586' title='bbox 2895 2033 3023 2087; x_wconf 84' lang='lat' dir='ltr'><strong>sitiet</strong></span> <span class='ocrx_word' id='word_1_587' title='bbox 3051 2034 3251 2099; x_wconf 87' lang='lat' dir='ltr'><strong>iterum,</strong></span> <span class='ocrx_word' id='word_1_588' title='bbox 3275 2043 3329 2091; x_wconf 92' lang='lat' dir='ltr'><strong>et</strong></span> <span class='ocrx_word' id='word_1_589' title='bbox 3354 2039 3847 2106; x_wconf 85' lang='lat' dir='ltr'><strong>comparationem,</strong></span> 
     </span>
    </p>
   </div>
   <div class='ocr_carea' id='block_1_76' title="bbox 2252 2116 3853 2191">
    <p class='ocr_par' dir='ltr' id='par_1_76' title="bbox 2252 2116 3853 2191">
     <span class='ocr_line' id='line_1_76' title="bbox 2252 2116 3853 2191; baseline 0.009 -22"><span class='ocrx_word' id='word_1_590' title='bbox 2252 2116 2415 2171; x_wconf 84' lang='lat' dir='ltr'><strong>missa</strong></span> <span class='ocrx_word' id='word_1_591' title='bbox 2454 2120 2815 2184; x_wconf 85' lang='lat' dir='ltr'><strong>accusatione,</strong></span> <span class='ocrx_word' id='word_1_592' title='bbox 2853 2136 2917 2176; x_wconf 86' lang='lat' dir='ltr'><strong>ex</strong></span> <span class='ocrx_word' id='word_1_593' title='bbox 2972 2124 3324 2191; x_wconf 72' lang='lat' dir='ltr'><strong>praecellentia</strong></span> <span class='ocrx_word' id='word_1_594' title='bbox 3374 2124 3524 2181; x_wconf 91' lang='lat' dir='ltr'><strong>facit.</strong></span> <span class='ocrx_word' id='word_1_595' title='bbox 3554 2125 3677 2181; x_wconf 85' lang='lat' dir='ltr'><strong>Non</strong></span> <span class='ocrx_word' id='word_1_596' title='bbox 3720 2128 3853 2183; x_wconf 89' lang='lat' dir='ltr'><strong>dicit</strong></span> 
     </span>
    </p>
   </div>
   <div class='ocr_carea' id='block_1_77' title="bbox 2248 2207 3847 2287">
    <p class='ocr_par' dir='ltr' id='par_1_77' title="bbox 2248 2207 3847 2287">
     <span class='ocr_line' id='line_1_77' title="bbox 2248 2207 3847 2287; baseline 0.008 -26"><span class='ocrx_word' id='word_1_597' title='bbox 2248 2207 2414 2271; x_wconf 90' lang='lat' dir='ltr'><strong>enim,</strong></span> <span class='ocrx_word' id='word_1_598' title='bbox 2447 2207 2570 2263; x_wconf 62' lang='lat' dir='ltr'><strong>llaec</strong></span> <span class='ocrx_word' id='word_1_599' title='bbox 2606 2225 2740 2279; x_wconf 90' lang='lat' dir='ltr'><strong>aqua</strong></span> <span class='ocrx_word' id='word_1_600' title='bbox 2792 2211 2925 2265; x_wconf 90' lang='lat' dir='ltr'><strong>nihil</strong></span> <span class='ocrx_word' id='word_1_601' title='bbox 2967 2221 3088 2279; x_wconf 90' lang='lat' dir='ltr'><strong>est,</strong></span> <span class='ocrx_word' id='word_1_602' title='bbox 3118 2214 3405 2286; x_wconf 89' lang='lat' dir='ltr'><strong>omniaque</strong></span> <span class='ocrx_word' id='word_1_603' title='bbox 3449 2216 3847 2287; x_wconf 86' lang='lat' dir='ltr'><strong>despicienda;</strong></span> 
     </span>
    </p>
   </div>
   <div class='ocr_carea' id='block_1_78' title="bbox 2249 2299 3850 2373">
    <p class='ocr_par' dir='ltr' id='par_1_78' title="bbox 2249 2299 3850 2373">
     <span class='ocr_line' id='line_1_78' title="bbox 2249 2299 3850 2373; baseline 0.007 -20"><span class='ocrx_word' id='word_1_604' title='bbox 2249 2299 2343 2353; x_wconf 85' lang='lat' dir='ltr'><strong>sed</strong></span> <span class='ocrx_word' id='word_1_605' title='bbox 2370 2299 2497 2354; x_wconf 89' lang='lat' dir='ltr'><strong>illud</strong></span> <span class='ocrx_word' id='word_1_606' title='bbox 2528 2301 2748 2369; x_wconf 87' lang='lat' dir='ltr'><strong>profert,</strong></span> <span class='ocrx_word' id='word_1_607' title='bbox 2783 2302 2925 2372; x_wconf 88' lang='lat' dir='ltr'><strong>quod</strong></span> <span class='ocrx_word' id='word_1_608' title='bbox 2954 2306 3064 2373; x_wconf 89' lang='lat' dir='ltr'><strong>ipsa</strong></span> <span class='ocrx_word' id='word_1_609' title='bbox 3100 2315 3287 2361; x_wconf 88' lang='lat' dir='ltr'><strong>natura</strong></span> <span class='ocrx_word' id='word_1_610' title='bbox 3329 2316 3559 2363; x_wconf 89' lang='lat' dir='ltr'><strong>testatur</strong></span> <span class='ocrx_word' id='word_1_611' title='bbox 3602 2326 3617 2363; x_wconf 86' lang='lat'><strong><em>:</em></strong></span> <span class='ocrx_word' id='word_1_612' title='bbox 3669 2310 3850 2365; x_wconf 77' lang='lat' dir='ltr'><strong>Omnis</strong></span> 
     </span>
    </p>
   </div>
   <div class='ocr_carea' id='block_1_79' title="bbox 2250 2389 3855 2467">
    <p class='ocr_par' dir='ltr' id='par_1_79' title="bbox 2250 2389 3855 2467">
     <span class='ocr_line' id='line_1_79' title="bbox 2250 2389 3855 2467; baseline 0.009 -25"><span class='ocrx_word' id='word_1_613' title='bbox 2250 2390 2338 2458; x_wconf 86' lang='lat' dir='ltr'><strong>qui</strong></span> <span class='ocrx_word' id='word_1_614' title='bbox 2366 2389 2485 2444; x_wconf 83' lang='lat' dir='ltr'><strong>bibit</strong></span> <span class='ocrx_word' id='word_1_615' title='bbox 2515 2407 2579 2446; x_wconf 78' lang='lat' dir='ltr'><strong>ea:</strong></span> <span class='ocrx_word' id='word_1_616' title='bbox 2612 2391 2706 2445; x_wconf 81' lang='lat' dir='ltr'><strong>hac</strong></span> <span class='ocrx_word' id='word_1_617' title='bbox 2729 2409 2861 2461; x_wconf 90' lang='lat' dir='ltr'><strong>aqua</strong></span> <span class='ocrx_word' id='word_1_618' title='bbox 2888 2434 2901 2458; x_wconf 93' lang='lat'><strong>,</strong></span> <span class='ocrx_word' id='word_1_619' title='bbox 2939 2395 3071 2449; x_wconf 89' lang='lat' dir='ltr'><strong>sitiet</strong></span> <span class='ocrx_word' id='word_1_620' title='bbox 3115 2396 3333 2463; x_wconf 85' lang='lat' dir='ltr'><strong>iterum;</strong></span> <span class='ocrx_word' id='word_1_621' title='bbox 3361 2401 3444 2467; x_wconf 84' lang='lat' dir='ltr'><strong>qui</strong></span> <span class='ocrx_word' id='word_1_622' title='bbox 3468 2409 3645 2455; x_wconf 85' lang='lat' dir='ltr'><strong>autem</strong></span> <span class='ocrx_word' id='word_1_623' title='bbox 3673 2401 3855 2455; x_wconf 79' lang='lat' dir='ltr'><strong>biberit</strong></span> 
     </span>
    </p>
   </div>
   <div class='ocr_carea' id='block_1_80' title="bbox 2252 2484 3850 2559">
    <p class='ocr_par' dir='ltr' id='par_1_80' title="bbox 2252 2484 3850 2559">
     <span class='ocr_line' id='line_1_80' title="bbox 2252 2484 3850 2559; baseline 0.007 -25"><span class='ocrx_word' id='word_1_624' title='bbox 2252 2496 2315 2534; x_wconf 82' lang='lat' dir='ltr'><strong>ea:</strong></span> <span class='ocrx_word' id='word_1_625' title='bbox 2334 2496 2493 2552; x_wconf 88' lang='lat' dir='ltr'><strong>aqua,</strong></span> <span class='ocrx_word' id='word_1_626' title='bbox 2526 2498 2677 2559; x_wconf 82' lang='lat' dir='ltr'><strong>quam</strong></span> <span class='ocrx_word' id='word_1_627' title='bbox 2698 2500 2789 2553; x_wconf 89' lang='lat' dir='ltr'><strong>ego</strong></span> <span class='ocrx_word' id='word_1_628' title='bbox 2811 2484 2940 2537; x_wconf 90' lang='lat' dir='ltr'><strong>dabo</strong></span> <span class='ocrx_word' id='word_1_629' title='bbox 2961 2486 3027 2549; x_wconf 90' lang='lat' dir='ltr'><strong>ei,</strong></span> <span class='ocrx_word' id='word_1_630' title='bbox 3051 2502 3152 2539; x_wconf 82' lang='lat' dir='ltr'><strong>non</strong></span> <span class='ocrx_word' id='word_1_631' title='bbox 3182 2487 3315 2542; x_wconf 86' lang='lat' dir='ltr'><strong>sitiet</strong></span> <span class='ocrx_word' id='word_1_632' title='bbox 3345 2489 3395 2542; x_wconf 89' lang='lat' dir='ltr'><strong>in</strong></span> <span class='ocrx_word' id='word_1_633' title='bbox 3418 2498 3696 2545; x_wconf 77' lang='lat' dir='ltr'><strong>teternum.</strong></span> <span class='ocrx_word' id='word_1_634' title='bbox 3729 2491 3850 2547; x_wconf 80' lang='lat' dir='ltr'><strong>Jam</strong></span> 
     </span>
    </p>
   </div>
   <div class='ocr_carea' id='block_1_81' title="bbox 2253 2561 3852 2642">
    <p class='ocr_par' dir='ltr' id='par_1_81' title="bbox 2253 2561 3852 2642">
     <span class='ocr_line' id='line_1_81' title="bbox 2253 2561 3852 2642; baseline 0.006 -17"><span class='ocrx_word' id='word_1_635' title='bbox 2253 2572 2497 2626; x_wconf 87' lang='lat' dir='ltr'><strong>audierat</strong></span> <span class='ocrx_word' id='word_1_636' title='bbox 2519 2561 2709 2641; x_wconf 84' lang='lat' dir='ltr'><strong>aquam</strong></span> <span class='ocrx_word' id='word_1_637' title='bbox 2737 2574 2908 2627; x_wconf 87' lang='lat' dir='ltr'><strong>vivam</strong></span> <span class='ocrx_word' id='word_1_638' title='bbox 2939 2575 3164 2642; x_wconf 90' lang='lat' dir='ltr'><strong>mulier,</strong></span> <span class='ocrx_word' id='word_1_639' title='bbox 3196 2577 3292 2632; x_wconf 84' lang='lat' dir='ltr'><strong>sed</strong></span> <span class='ocrx_word' id='word_1_640' title='bbox 3333 2592 3436 2632; x_wconf 91' lang='lat' dir='ltr'><strong>non</strong></span> <span class='ocrx_word' id='word_1_641' title='bbox 3481 2579 3852 2637; x_wconf 78' lang='lat' dir='ltr'><strong>intellexerat.</strong></span> 
     </span>
    </p>
   </div>
   <div class='ocr_carea' id='block_1_82' title="bbox 2254 2663 3855 2738">
    <p class='ocr_par' dir='ltr' id='par_1_82' title="bbox 2254 2663 3855 2738">
     <span class='ocr_line' id='line_1_82' title="bbox 2254 2663 3855 2738; baseline 0.004 -20"><span class='ocrx_word' id='word_1_642' title='bbox 2254 2663 2388 2732; x_wconf 87' lang='lat' dir='ltr'><strong>Quia</strong></span> <span class='ocrx_word' id='word_1_643' title='bbox 2410 2664 2552 2719; x_wconf 91' lang='lat' dir='ltr'><strong>enim</strong></span> <span class='ocrx_word' id='word_1_644' title='bbox 2584 2681 2717 2735; x_wconf 89' lang='lat' dir='ltr'><strong>aqua</strong></span> <span class='ocrx_word' id='word_1_645' title='bbox 2762 2666 2879 2720; x_wconf 79' lang='lat' dir='ltr'><strong>viva</strong></span> <span class='ocrx_word' id='word_1_646' title='bbox 2926 2666 3141 2732; x_wconf 88' lang='lat' dir='ltr'><strong>dicitur,</strong></span> <span class='ocrx_word' id='word_1_647' title='bbox 3193 2683 3313 2737; x_wconf 73' lang='lat' dir='ltr'><strong>quas</strong></span> <span class='ocrx_word' id='word_1_648' title='bbox 3364 2672 3623 2738; x_wconf 85' lang='lat' dir='ltr'><strong>perennis</strong></span> <span class='ocrx_word' id='word_1_649' title='bbox 3670 2683 3758 2726; x_wconf 81' lang='lat' dir='ltr'><strong>est</strong></span> <span class='ocrx_word' id='word_1_650' title='bbox 3800 2682 3855 2727; x_wconf 89' lang='lat' dir='ltr'><strong>et</strong></span> 
     </span>
    </p>
   </div>
   <div class='ocr_carea' id='block_1_83' title="bbox 2254 2756 3856 2829">
    <p class='ocr_par' dir='ltr' id='par_1_83' title="bbox 2254 2756 3856 2829">
     <span class='ocr_line' id='line_1_83' title="bbox 2254 2756 3856 2829; baseline 0.004 -20"><span class='ocrx_word' id='word_1_651' title='bbox 2254 2770 2467 2825; x_wconf 86' lang='lat' dir='ltr'><strong>semper</strong></span> <span class='ocrx_word' id='word_1_652' title='bbox 2493 2756 2737 2820; x_wconf 83' lang='lat' dir='ltr'><strong>scaturit,</strong></span> <span class='ocrx_word' id='word_1_653' title='bbox 2767 2771 2870 2810; x_wconf 91' lang='lat' dir='ltr'><strong>non</strong></span> <span class='ocrx_word' id='word_1_654' title='bbox 2906 2758 3125 2825; x_wconf 60' lang='lat' dir='ltr'><strong>praecisa</strong></span> <span class='ocrx_word' id='word_1_655' title='bbox 3170 2758 3513 2829; x_wconf 76' lang='lat' dir='ltr'><strong>scaturigine,</strong></span> <span class='ocrx_word' id='word_1_656' title='bbox 3543 2761 3615 2817; x_wconf 91' lang='lat' dir='ltr'><strong>de</strong></span> <span class='ocrx_word' id='word_1_657' title='bbox 3643 2761 3746 2817; x_wconf 85' lang='lat' dir='ltr'><strong>hac</strong></span> <span class='ocrx_word' id='word_1_658' title='bbox 3770 2764 3856 2817; x_wconf 79' lang='lat' dir='ltr'><strong>iu-</strong></span> 
     </span>
    </p>
   </div>
   <div class='ocr_carea' id='block_1_84' title="bbox 2256 2846 3859 2919">
    <p class='ocr_par' dir='ltr' id='par_1_84' title="bbox 2256 2846 3859 2919">
     <span class='ocr_line' id='line_1_84' title="bbox 2256 2846 3859 2919; baseline 0.006 -19"><span class='ocrx_word' id='word_1_659' title='bbox 2256 2846 2597 2913; x_wconf 73' lang='lat' dir='ltr'><strong>telligcndum</strong></span> <span class='ocrx_word' id='word_1_660' title='bbox 2622 2847 2809 2901; x_wconf 91' lang='lat' dir='ltr'><strong>mulier</strong></span> <span class='ocrx_word' id='word_1_661' title='bbox 2830 2849 3068 2919; x_wconf 84' lang='lat' dir='ltr'><strong>putabat.</strong></span> <span class='ocrx_word' id='word_1_662' title='bbox 3098 2848 3221 2904; x_wconf 82' lang='lat' dir='ltr'><strong>ideo</strong></span> <span class='ocrx_word' id='word_1_663' title='bbox 3263 2850 3461 2907; x_wconf 84' lang='lat' dir='ltr'><strong>clarius</strong></span> <span class='ocrx_word' id='word_1_664' title='bbox 3497 2852 3551 2907; x_wconf 91' lang='lat' dir='ltr'><strong>id</strong></span> <span class='ocrx_word' id='word_1_665' title='bbox 3592 2853 3673 2909; x_wconf 92' lang='lat' dir='ltr'><strong>illi</strong></span> <span class='ocrx_word' id='word_1_666' title='bbox 3700 2854 3859 2911; x_wconf 83' lang='lat' dir='ltr'><strong>deiu-</strong></span> 
     </span>
    </p>
   </div>
   <div class='ocr_carea' id='block_1_85' title="bbox 2259 2938 3855 3013">
    <p class='ocr_par' dir='ltr' id='par_1_85' title="bbox 2259 2938 3855 3013">
     <span class='ocr_line' id='line_1_85' title="bbox 2259 2938 3855 3013; baseline 0.009 -24"><span class='ocrx_word' id='word_1_667' title='bbox 2259 2952 2383 3007; x_wconf 78' lang='lat' dir='ltr'><strong>teps</strong></span> <span class='ocrx_word' id='word_1_668' title='bbox 2428 2938 2631 3005; x_wconf 92' lang='lat' dir='ltr'><strong>aperit,</strong></span> <span class='ocrx_word' id='word_1_669' title='bbox 2659 2947 2713 2993; x_wconf 91' lang='lat' dir='ltr'><strong>et</strong></span> <span class='ocrx_word' id='word_1_670' title='bbox 2757 2955 2823 2994; x_wconf 85' lang='lat' dir='ltr'><strong>ex</strong></span> <span class='ocrx_word' id='word_1_671' title='bbox 2862 2942 3264 3010; x_wconf 83' lang='lat' dir='ltr'><strong>comparatione</strong></span> <span class='ocrx_word' id='word_1_672' title='bbox 3310 2942 3425 3013; x_wconf 88' lang='lat' dir='ltr'><strong>ejus</strong></span> <span class='ocrx_word' id='word_1_673' title='bbox 3467 2946 3855 3003; x_wconf 81' lang='lat' dir='ltr'><strong>excellentiam</strong></span> 
     </span>
    </p>
   </div>
   <div class='ocr_carea' id='block_1_86' title="bbox 2255 3026 3858 3109">
    <p class='ocr_par' dir='ltr' id='par_1_86' title="bbox 2255 3026 3858 3109">
     <span class='ocr_line' id='line_1_86' title="bbox 2255 3026 3858 3109; baseline 0.009 -30"><span class='ocrx_word' id='word_1_674' title='bbox 2255 3026 2631 3082; x_wconf 83' lang='lat' dir='ltr'><strong>demonstrans</strong></span> <span class='ocrx_word' id='word_1_675' title='bbox 2661 3029 2729 3083; x_wconf 91' lang='lat' dir='ltr'><strong>ita</strong></span> <span class='ocrx_word' id='word_1_676' title='bbox 2764 3032 2933 3099; x_wconf 80' lang='lat' dir='ltr'><strong>pergit</strong></span> <span class='ocrx_word' id='word_1_677' title='bbox 2959 3049 2972 3084; x_wconf 90' lang='lat'><strong>:</strong></span> <span class='ocrx_word' id='word_1_678' title='bbox 3006 3030 3108 3097; x_wconf 89' lang='lat' dir='ltr'><strong>Qui</strong></span> <span class='ocrx_word' id='word_1_679' title='bbox 3132 3032 3307 3087; x_wconf 88' lang='lat' dir='ltr'><strong>biberit</strong></span> <span class='ocrx_word' id='word_1_680' title='bbox 3326 3049 3555 3103; x_wconf 71' lang='lat' dir='ltr'><strong>exaqua,</strong></span> <span class='ocrx_word' id='word_1_681' title='bbox 3580 3053 3740 3107; x_wconf 81' lang='lat' dir='ltr'><strong>quam</strong></span> <span class='ocrx_word' id='word_1_682' title='bbox 3764 3056 3858 3109; x_wconf 78' lang='lat' dir='ltr'><strong>ego</strong></span> 
     </span>
    </p>
   </div>
   <div class='ocr_carea' id='block_1_87' title="bbox 2256 3119 3858 3192">
    <p class='ocr_par' dir='ltr' id='par_1_87' title="bbox 2256 3119 3858 3192">
     <span class='ocr_line' id='line_1_87' title="bbox 2256 3119 3858 3192; baseline 0.009 -22"><span class='ocrx_word' id='word_1_683' title='bbox 2256 3119 2387 3171; x_wconf 88' lang='lat' dir='ltr'><strong>dabo</strong></span> <span class='ocrx_word' id='word_1_684' title='bbox 2411 3120 2475 3186; x_wconf 89' lang='lat' dir='ltr'><strong>ei,</strong></span> <span class='ocrx_word' id='word_1_685' title='bbox 2506 3136 2608 3172; x_wconf 83' lang='lat' dir='ltr'><strong>non</strong></span> <span class='ocrx_word' id='word_1_686' title='bbox 2633 3121 2765 3174; x_wconf 87' lang='lat' dir='ltr'><strong>sitiet</strong></span> <span class='ocrx_word' id='word_1_687' title='bbox 2787 3122 2837 3174; x_wconf 88' lang='lat' dir='ltr'><strong>in</strong></span> <span class='ocrx_word' id='word_1_688' title='bbox 2864 3131 3108 3176; x_wconf 69' lang='lat' dir='ltr'><strong>aeternum</strong></span> <span class='ocrx_word' id='word_1_689' title='bbox 3130 3140 3150 3189; x_wconf 86' lang='lat'><strong><em>;</em></strong></span> <span class='ocrx_word' id='word_1_690' title='bbox 3178 3124 3276 3191; x_wconf 90' lang='lat' dir='ltr'><strong>sic,</strong></span> <span class='ocrx_word' id='word_1_691' title='bbox 3306 3133 3362 3178; x_wconf 89' lang='lat' dir='ltr'><strong>ut</strong></span> <span class='ocrx_word' id='word_1_692' title='bbox 3388 3125 3520 3192; x_wconf 88' lang='lat' dir='ltr'><strong>dixi,</strong></span> <span class='ocrx_word' id='word_1_693' title='bbox 3569 3129 3858 3184; x_wconf 83' lang='lat' dir='ltr'><strong>excellen-</strong></span> 
     </span>
    </p>
   </div>
   <div class='ocr_carea' id='block_1_88' title="bbox 2260 3208 3855 3283">
    <p class='ocr_par' dir='ltr' id='par_1_88' title="bbox 2260 3208 3855 3283">
     <span class='ocr_line' id='line_1_88' title="bbox 2260 3208 3855 3283; baseline 0.006 -21"><span class='ocrx_word' id='word_1_694' title='bbox 2260 3210 2386 3263; x_wconf 89' lang='lat' dir='ltr'><strong>tiam</strong></span> <span class='ocrx_word' id='word_1_695' title='bbox 2436 3208 2761 3273; x_wconf 87' lang='lat' dir='ltr'><strong>osteudens,</strong></span> <span class='ocrx_word' id='word_1_696' title='bbox 2817 3226 3024 3266; x_wconf 91' lang='lat' dir='ltr'><strong>necnon</strong></span> <span class='ocrx_word' id='word_1_697' title='bbox 3075 3228 3141 3267; x_wconf 89' lang='lat' dir='ltr'><strong>ex</strong></span> <span class='ocrx_word' id='word_1_698' title='bbox 3186 3214 3535 3283; x_wconf 83' lang='lat' dir='ltr'><strong>sequentibus</strong></span> <span class='ocrx_word' id='word_1_699' title='bbox 3589 3234 3604 3269; x_wconf 89' lang='lat'><strong>:</strong></span> <span class='ocrx_word' id='word_1_700' title='bbox 3656 3217 3855 3273; x_wconf 89' lang='lat' dir='ltr'><strong>horum</strong></span> 
     </span>
    </p>
   </div>
   <div class='ocr_carea' id='block_1_89' title="bbox 2258 3297 3858 3377">
    <p class='ocr_par' dir='ltr' id='par_1_89' title="bbox 2258 3297 3858 3377">
     <span class='ocr_line' id='line_1_89' title="bbox 2258 3297 3858 3377; baseline 0.005 -26"><span class='ocrx_word' id='word_1_701' title='bbox 2258 3299 2452 3368; x_wconf 87' lang='lat' dir='ltr'><strong>quippe</strong></span> <span class='ocrx_word' id='word_1_702' title='bbox 2478 3297 2607 3353; x_wconf 88' lang='lat' dir='ltr'><strong>nihil</strong></span> <span class='ocrx_word' id='word_1_703' title='bbox 2638 3298 2796 3354; x_wconf 87' lang='lat' dir='ltr'><strong>habet</strong></span> <span class='ocrx_word' id='word_1_704' title='bbox 2826 3301 3059 3371; x_wconf 76' lang='lat' dir='ltr'><strong>vulgaris</strong></span> <span class='ocrx_word' id='word_1_705' title='bbox 3082 3316 3238 3372; x_wconf 87' lang='lat' dir='ltr'><strong>aqua.</strong></span> <span class='ocrx_word' id='word_1_706' title='bbox 3266 3303 3402 3372; x_wconf 88' lang='lat' dir='ltr'><strong>Quid</strong></span> <span class='ocrx_word' id='word_1_707' title='bbox 3433 3320 3561 3360; x_wconf 83' lang='lat' dir='ltr'><strong>vero</strong></span> <span class='ocrx_word' id='word_1_708' title='bbox 3582 3309 3858 3377; x_wconf 74' lang='lat' dir='ltr'><strong>sequitur?</strong></span> 
     </span>
    </p>
   </div>
   <div class='ocr_carea' id='block_1_90' title="bbox 2259 3386 3860 3462">
    <p class='ocr_par' dir='ltr' id='par_1_90' title="bbox 2259 3386 3860 3462">
     <span class='ocr_line' id='line_1_90' title="bbox 2259 3386 3860 3462; baseline 0.007 -19"><span class='ocrx_word' id='word_1_709' title='bbox 2259 3390 2373 3444; x_wconf 81' lang='lat' dir='ltr'><strong>Fiet</strong></span> <span class='ocrx_word' id='word_1_710' title='bbox 2399 3391 2451 3445; x_wconf 91' lang='lat' dir='ltr'><strong>in</strong></span> <span class='ocrx_word' id='word_1_711' title='bbox 2480 3408 2537 3445; x_wconf 91' lang='lat' dir='ltr'><strong>eo</strong></span> <span class='ocrx_word' id='word_1_712' title='bbox 2566 3392 2681 3462; x_wconf 79' lang='lat' dir='ltr'><strong>fons</strong></span> <span class='ocrx_word' id='word_1_713' title='bbox 2708 3409 2852 3462; x_wconf 68' lang='grc' dir='ltr'><strong>σφω’</strong></span> <span class='ocrx_word' id='word_1_714' title='bbox 2876 3392 3101 3449; x_wconf 79' lang='lat' dir='ltr'><strong>salientis</strong></span> <span class='ocrx_word' id='word_1_715' title='bbox 3127 3394 3179 3449; x_wconf 89' lang='lat' dir='ltr'><strong>in</strong></span> <span class='ocrx_word' id='word_1_716' title='bbox 3210 3397 3365 3449; x_wconf 86' lang='lat' dir='ltr'><strong>vitam</strong></span> <span class='ocrx_word' id='word_1_717' title='bbox 3391 3406 3660 3454; x_wconf 66' lang='lat' dir='ltr'><strong>externam.</strong></span> <span class='ocrx_word' id='word_1_718' title='bbox 3704 3386 3860 3455; x_wconf 83' lang='lat' dir='ltr'><strong>Sient</strong></span> 
     </span>
    </p>
   </div>
   <div class='ocr_carea' id='block_1_91' title="bbox 2258 3481 3859 3558">
    <p class='ocr_par' dir='ltr' id='par_1_91' title="bbox 2258 3481 3859 3558">
     <span class='ocr_line' id='line_1_91' title="bbox 2258 3481 3859 3558; baseline 0.006 -22"><span class='ocrx_word' id='word_1_719' title='bbox 2258 3481 2400 3536; x_wconf 88' lang='lat' dir='ltr'><strong>enim</strong></span> <span class='ocrx_word' id='word_1_720' title='bbox 2422 3484 2509 3553; x_wconf 92' lang='lat' dir='ltr'><strong>qui</strong></span> <span class='ocrx_word' id='word_1_721' title='bbox 2538 3483 2739 3538; x_wconf 88' lang='lat' dir='ltr'><strong>fontem</strong></span> <span class='ocrx_word' id='word_1_722' title='bbox 2791 3485 2931 3539; x_wconf 89' lang='lat' dir='ltr'><strong>intus</strong></span> <span class='ocrx_word' id='word_1_723' title='bbox 2972 3485 3168 3552; x_wconf 89' lang='lat' dir='ltr'><strong>habet,</strong></span> <span class='ocrx_word' id='word_1_724' title='bbox 3218 3502 3508 3558; x_wconf 88' lang='lat' dir='ltr'><strong>numquam</strong></span> <span class='ocrx_word' id='word_1_725' title='bbox 3551 3490 3701 3545; x_wconf 86' lang='lat' dir='ltr'><strong>sitiet</strong></span> <span class='ocrx_word' id='word_1_726' title='bbox 3735 3510 3748 3545; x_wconf 95' lang='lat'>:</span> <span class='ocrx_word' id='word_1_727' title='bbox 3780 3492 3859 3545; x_wconf 87' lang='lat' dir='ltr'><strong>sic</strong></span> 
     </span>
    </p>
   </div>
   <div class='ocr_carea' id='block_1_92' title="bbox 2260 3574 3859 3651">
    <p class='ocr_par' dir='ltr' id='par_1_92' title="bbox 2260 3574 3859 3651">
     <span class='ocr_line' id='line_1_92' title="bbox 2260 3574 3859 3651; baseline 0.006 -24"><span class='ocrx_word' id='word_1_728' title='bbox 2260 3589 2359 3629; x_wconf 86' lang='lat' dir='ltr'><strong>nec.</strong></span> <span class='ocrx_word' id='word_1_729' title='bbox 2388 3574 2478 3628; x_wconf 91' lang='lat' dir='ltr'><strong>ille</strong></span> <span class='ocrx_word' id='word_1_730' title='bbox 2502 3575 2589 3644; x_wconf 87' lang='lat' dir='ltr'><strong>qui</strong></span> <span class='ocrx_word' id='word_1_731' title='bbox 2623 3575 2757 3631; x_wconf 86' lang='lat' dir='ltr'><strong>hanc</strong></span> <span class='ocrx_word' id='word_1_732' title='bbox 2803 3591 2994 3646; x_wconf 88' lang='lat' dir='ltr'><strong>aquam</strong></span> <span class='ocrx_word' id='word_1_733' title='bbox 3025 3576 3290 3633; x_wconf 90' lang='lat' dir='ltr'><strong>habuerit.</strong></span> <span class='ocrx_word' id='word_1_734' title='bbox 3321 3579 3623 3651; x_wconf 81' lang='lat' dir='ltr'><strong>Statimque</strong></span> <span class='ocrx_word' id='word_1_735' title='bbox 3662 3585 3859 3638; x_wconf 87' lang='lat' dir='ltr'><strong>mulier</strong></span> 
     </span>
    </p>
   </div>
   <div class='ocr_carea' id='block_1_93' title="bbox 2262 3666 3858 3737">
    <p class='ocr_par' dir='ltr' id='par_1_93' title="bbox 2262 3666 3858 3737">
     <span class='ocr_line' id='line_1_93' title="bbox 2262 3666 3858 3737; baseline 0.008 -19"><span class='ocrx_word' id='word_1_736' title='bbox 2262 3666 2509 3732; x_wconf 87' lang='lat' dir='ltr'><strong>credidit,</strong></span> <span class='ocrx_word' id='word_1_737' title='bbox 2554 3667 2721 3722; x_wconf 90' lang='lat' dir='ltr'><strong>multo</strong></span> <span class='ocrx_word' id='word_1_738' title='bbox 2749 3668 3044 3736; x_wconf 89' lang='lat' dir='ltr'><strong>sapientior</strong></span> <span class='ocrx_word' id='word_1_739' title='bbox 3088 3668 3409 3737; x_wconf 82' lang='lat' dir='ltr'><strong>Nicodemo;</strong></span> <span class='ocrx_word' id='word_1_740' title='bbox 3452 3687 3549 3727; x_wconf 88' lang='lat' dir='ltr'><strong>nec</strong></span> <span class='ocrx_word' id='word_1_741' title='bbox 3580 3675 3745 3729; x_wconf 89' lang='lat' dir='ltr'><strong>modo</strong></span> <span class='ocrx_word' id='word_1_742' title='bbox 3766 3690 3858 3730; x_wconf 83' lang='lat' dir='ltr'><strong>sa-</strong></span> 
     </span>
    </p>
   </div>
   <div class='ocr_carea' id='block_1_94' title="bbox 2272 3757 3859 3832">
    <p class='ocr_par' dir='ltr' id='par_1_94' title="bbox 2272 3757 3859 3832">
     <span class='ocr_line' id='line_1_94' title="bbox 2272 3757 3859 3832; baseline 0.008 -22"><span class='ocrx_word' id='word_1_743' title='bbox 2272 3758 2520 3826; x_wconf 88' lang='lat' dir='ltr'><strong>pientior,</strong></span> <span class='ocrx_word' id='word_1_744' title='bbox 2554 3757 2649 3812; x_wconf 85' lang='lat' dir='ltr'><strong>sed</strong></span> <span class='ocrx_word' id='word_1_745' title='bbox 2679 3766 2733 3813; x_wconf 91' lang='lat' dir='ltr'><strong>et</strong></span> <span class='ocrx_word' id='word_1_746' title='bbox 2778 3759 2987 3814; x_wconf 88' lang='lat' dir='ltr'><strong>fortior.</strong></span> <span class='ocrx_word' id='word_1_747' title='bbox 3030 3760 3122 3815; x_wconf 87' lang='lat' dir='ltr'><strong>Ille</strong></span> <span class='ocrx_word' id='word_1_748' title='bbox 3154 3776 3383 3832; x_wconf 85' lang='lat' dir='ltr'><strong>namque</strong></span> <span class='ocrx_word' id='word_1_749' title='bbox 3423 3764 3611 3820; x_wconf 89' lang='lat' dir='ltr'><strong>multis</strong></span> <span class='ocrx_word' id='word_1_750' title='bbox 3658 3767 3859 3823; x_wconf 84' lang='lat' dir='ltr'><strong>auditis</strong></span> 
     </span>
    </p>
   </div>
   <div class='ocr_carea' id='block_1_95' title="bbox 2270 3849 3860 3934">
    <p class='ocr_par' dir='ltr' id='par_1_95' title="bbox 2270 3849 3860 3934">
     <span class='ocr_line' id='line_1_95' title="bbox 2270 3849 3860 3934; baseline 0.006 -31"><span class='ocrx_word' id='word_1_751' title='bbox 2270 3849 2594 3918; x_wconf 88' lang='lat' dir='ltr'><strong>hujusmodi,</strong></span> <span class='ocrx_word' id='word_1_752' title='bbox 2637 3866 2735 3934; x_wconf 79' lang='lat' dir='ltr'><strong>nec</strong></span> <span class='ocrx_word' id='word_1_753' title='bbox 2777 3852 2939 3907; x_wconf 91' lang='lat' dir='ltr'><strong>alium</strong></span> <span class='ocrx_word' id='word_1_754' title='bbox 2986 3854 3290 3923; x_wconf 89' lang='lat' dir='ltr'><strong>quempiam</strong></span> <span class='ocrx_word' id='word_1_755' title='bbox 3332 3855 3630 3919; x_wconf 79' lang='lat' dir='ltr'><strong>advocavit,</strong></span> <span class='ocrx_word' id='word_1_756' title='bbox 3682 3873 3860 3929; x_wconf 87' lang='lat' dir='ltr'><strong>neque</strong></span> 
     </span>
    </p>
   </div>
   <div class='ocr_carea' id='block_1_96' title="bbox 2265 3940 3861 4017">
    <p class='ocr_par' dir='ltr' id='par_1_96' title="bbox 2265 3940 3861 4017">
     <span class='ocr_line' id='line_1_96' title="bbox 2265 3940 3861 4017; baseline 0.006 -23"><span class='ocrx_word' id='word_1_757' title='bbox 2265 3940 2379 4009; x_wconf 88' lang='lat' dir='ltr'><strong>ipse</strong></span> <span class='ocrx_word' id='word_1_758' title='bbox 2411 3940 2654 3997; x_wconf 84' lang='lat' dir='ltr'><strong>fiduciam</strong></span> <span class='ocrx_word' id='word_1_759' title='bbox 2684 3941 2869 3999; x_wconf 89' lang='lat' dir='ltr'><strong>habuit</strong></span> <span class='ocrx_word' id='word_1_760' title='bbox 2900 3960 2912 3996; x_wconf 89' lang='lat'>:</span> <span class='ocrx_word' id='word_1_761' title='bbox 2947 3943 3067 4000; x_wconf 66' lang='lat' dir='ltr'><strong>haec</strong></span> <span class='ocrx_word' id='word_1_762' title='bbox 3110 3960 3243 4000; x_wconf 83' lang='lat' dir='ltr'><strong>vero</strong></span> <span class='ocrx_word' id='word_1_763' title='bbox 3278 3945 3577 4015; x_wconf 84' lang='lat' dir='ltr'><strong>apostolico</strong></span> <span class='ocrx_word' id='word_1_764' title='bbox 3619 3947 3861 4017; x_wconf 71' lang='lat' dir='ltr'><strong>fungitur</strong></span> 
     </span>
    </p>
   </div>
   <div class='ocr_carea' id='block_1_97' title="bbox 2263 4032 3859 4099">
    <p class='ocr_par' dir='ltr' id='par_1_97' title="bbox 2263 4032 3859 4099">
     <span class='ocr_line' id='line_1_97' title="bbox 2263 4032 3859 4099; baseline 0.006 -12"><span class='ocrx_word' id='word_1_765' title='bbox 2263 4032 2461 4099; x_wconf 89' lang='lat' dir='ltr'><strong>officio,</strong></span> <span class='ocrx_word' id='word_1_766' title='bbox 2486 4035 2731 4089; x_wconf 90' lang='lat' dir='ltr'><strong>omnibus</strong></span> <span class='ocrx_word' id='word_1_767' title='bbox 2757 4037 3079 4091; x_wconf 89' lang='lat' dir='ltr'><strong>annuntians</strong></span> <span class='ocrx_word' id='word_1_768' title='bbox 3104 4078 3119 4098; x_wconf 87' lang='lat'><strong>,</strong></span> <span class='ocrx_word' id='word_1_769' title='bbox 3158 4051 3346 4093; x_wconf 89' lang='lat' dir='ltr'><strong>omnes</strong></span> <span class='ocrx_word' id='word_1_770' title='bbox 3377 4036 3443 4091; x_wconf 89' lang='lat' dir='ltr'><strong>ad</strong></span> <span class='ocrx_word' id='word_1_771' title='bbox 3476 4037 3659 4094; x_wconf 83' lang='lat' dir='ltr'><strong>Jesum</strong></span> <span class='ocrx_word' id='word_1_772' title='bbox 3688 4042 3859 4096; x_wconf 79' lang='lat' dir='ltr'><strong>advo-</strong></span> 
     </span>
    </p>
   </div>
   <div class='ocr_carea' id='block_1_98' title="bbox 2264 4127 3861 4198">
    <p class='ocr_par' dir='ltr' id='par_1_98' title="bbox 2264 4127 3861 4198">
     <span class='ocr_line' id='line_1_98' title="bbox 2264 4127 3861 4198; baseline 0.005 -21"><span class='ocrx_word' id='word_1_773' title='bbox 2264 4137 2414 4190; x_wconf 74' lang='lat' dir='ltr'><strong>catis,</strong></span> <span class='ocrx_word' id='word_1_774' title='bbox 2446 4132 2713 4193; x_wconf 85' lang='lat' dir='ltr'><strong>totamque</strong></span> <span class='ocrx_word' id='word_1_775' title='bbox 2763 4127 3032 4182; x_wconf 89' lang='lat' dir='ltr'><strong>civitatem</strong></span> <span class='ocrx_word' id='word_1_776' title='bbox 3060 4127 3127 4182; x_wconf 90' lang='lat' dir='ltr'><strong>ad</strong></span> <span class='ocrx_word' id='word_1_777' title='bbox 3170 4128 3322 4183; x_wconf 93' lang='lat' dir='ltr'><strong>illum</strong></span> <span class='ocrx_word' id='word_1_778' title='bbox 3369 4129 3714 4198; x_wconf 85' lang='lat' dir='ltr'><strong>pertrahens.</strong></span> <span class='ocrx_word' id='word_1_779' title='bbox 3766 4131 3861 4185; x_wconf 88' lang='lat' dir='ltr'><strong>Ille</strong></span> 
     </span>
    </p>
   </div>
   <div class='ocr_carea' id='block_1_99' title="bbox 2265 4214 3858 4289">
    <p class='ocr_par' dir='ltr' id='par_1_99' title="bbox 2265 4214 3858 4289">
     <span class='ocr_line' id='line_1_99' title="bbox 2265 4214 3858 4289; baseline 0.003 -21"><span class='ocrx_word' id='word_1_780' title='bbox 2265 4214 2445 4270; x_wconf 87' lang='lat' dir='ltr'><strong>audito</strong></span> <span class='ocrx_word' id='word_1_781' title='bbox 2467 4215 2695 4281; x_wconf 85' lang='lat' dir='ltr'><strong>Christo,</strong></span> <span class='ocrx_word' id='word_1_782' title='bbox 2717 4218 2867 4282; x_wconf 80' lang='lat' dir='ltr'><strong>dixit,</strong></span> <span class='ocrx_word' id='word_1_783' title='bbox 2899 4218 3164 4281; x_wconf 87' lang='lat' dir='ltr'><strong>Quomodo</strong></span> <span class='ocrx_word' id='word_1_784' title='bbox 3184 4229 3393 4288; x_wconf 86' lang='lat' dir='ltr'><strong>possunt</strong></span> <span class='ocrx_word' id='word_1_785' title='bbox 3411 4220 3517 4272; x_wconf 76' lang='lat' dir='ltr'><strong>[nec</strong></span> <span class='ocrx_word' id='word_1_786' title='bbox 3537 4220 3653 4287; x_wconf 77' lang='lat' dir='ltr'><strong>fieri</strong></span> <span class='ocrx_word' id='word_1_787' title='bbox 3677 4219 3858 4289; x_wconf 79' lang='lat' dir='ltr'><strong>(Joan.</strong></span> 
     </span>
    </p>
   </div>
   <div class='ocr_carea' id='block_1_100' title="bbox 2267 4306 3861 4379">
    <p class='ocr_par' dir='ltr' id='par_1_100' title="bbox 2267 4306 3861 4379">
     <span class='ocr_line' id='line_1_100' title="bbox 2267 4306 3861 4379; baseline 0.004 -20"><span class='ocrx_word' id='word_1_788' title='bbox 2267 4306 2319 4359; x_wconf 78' lang='grc'><strong>5.</strong></span> <span class='ocrx_word' id='word_1_789' title='bbox 2353 4306 2448 4375; x_wconf 82' lang='lat'><strong>9)?</strong></span> <span class='ocrx_word' id='word_1_790' title='bbox 2478 4320 2540 4360; x_wconf 88' lang='lat' dir='ltr'><strong>ac</strong></span> <span class='ocrx_word' id='word_1_791' title='bbox 2569 4321 2688 4360; x_wconf 90' lang='lat' dir='ltr'><strong>cum</strong></span> <span class='ocrx_word' id='word_1_792' title='bbox 2727 4306 2972 4361; x_wconf 89' lang='lat' dir='ltr'><strong>Christus</strong></span> <span class='ocrx_word' id='word_1_793' title='bbox 3005 4308 3208 4363; x_wconf 91' lang='lat' dir='ltr'><strong>clarum</strong></span> <span class='ocrx_word' id='word_1_794' title='bbox 3238 4310 3544 4379; x_wconf 88' lang='lat' dir='ltr'><strong>exemplunt</strong></span> <span class='ocrx_word' id='word_1_795' title='bbox 3579 4313 3735 4365; x_wconf 86' lang='lat' dir='ltr'><strong>venti</strong></span> <span class='ocrx_word' id='word_1_796' title='bbox 3779 4325 3861 4366; x_wconf 86' lang='lat' dir='ltr'><strong>at-</strong></span> 
     </span>
    </p>
   </div>
   <div class='ocr_carea' id='block_1_101' title="bbox 2271 4398 3861 4467">
    <p class='ocr_par' dir='ltr' id='par_1_101' title="bbox 2271 4398 3861 4467">
     <span class='ocr_line' id='line_1_101' title="bbox 2271 4398 3861 4467; baseline 0.004 -17"><span class='ocrx_word' id='word_1_797' title='bbox 2271 4398 2516 4462; x_wconf 88' lang='lat' dir='ltr'><strong>tulisset,</strong></span> <span class='ocrx_word' id='word_1_798' title='bbox 2543 4413 2713 4467; x_wconf 88' lang='lat' dir='ltr'><strong>neque</strong></span> <span class='ocrx_word' id='word_1_799' title='bbox 2745 4400 2813 4452; x_wconf 91' lang='lat' dir='ltr'><strong>ita</strong></span> <span class='ocrx_word' id='word_1_800' title='bbox 2854 4415 3156 4454; x_wconf 91' lang='lat' dir='ltr'><strong>sermonem</strong></span> <span class='ocrx_word' id='word_1_801' title='bbox 3204 4401 3439 4456; x_wconf 87' lang='lat' dir='ltr'><strong>admisit.</strong></span> <span class='ocrx_word' id='word_1_802' title='bbox 3472 4400 3639 4457; x_wconf 84' lang='lat' dir='ltr'><strong>Secas</strong></span> <span class='ocrx_word' id='word_1_803' title='bbox 3677 4415 3861 4459; x_wconf 85' lang='lat' dir='ltr'><strong>autem</strong></span> 
     </span>
    </p>
   </div>
   <div class='ocr_carea' id='block_1_102' title="bbox 2271 4489 3861 4557">
    <p class='ocr_par' dir='ltr' id='par_1_102' title="bbox 2271 4489 3861 4557">
     <span class='ocr_line' id='line_1_102' title="bbox 2271 4489 3861 4557; baseline 0.003 -14"><span class='ocrx_word' id='word_1_804' title='bbox 2271 4490 2463 4544; x_wconf 90' lang='lat' dir='ltr'><strong>mulier</strong></span> <span class='ocrx_word' id='word_1_805' title='bbox 2490 4507 2502 4543; x_wconf 92' lang='lat'><strong>:</strong></span> <span class='ocrx_word' id='word_1_806' title='bbox 2530 4489 2624 4543; x_wconf 88' lang='lat' dir='ltr'><strong>sed</strong></span> <span class='ocrx_word' id='word_1_807' title='bbox 2666 4493 2837 4557; x_wconf 91' lang='lat' dir='ltr'><strong>primo</strong></span> <span class='ocrx_word' id='word_1_808' title='bbox 2867 4490 3164 4557; x_wconf 89' lang='lat' dir='ltr'><strong>dubitabat,</strong></span> <span class='ocrx_word' id='word_1_809' title='bbox 3193 4492 3388 4548; x_wconf 88' lang='lat' dir='ltr'><strong>deinde</strong></span> <span class='ocrx_word' id='word_1_810' title='bbox 3415 4508 3542 4548; x_wconf 86' lang='lat' dir='ltr'><strong>vero</strong></span> <span class='ocrx_word' id='word_1_811' title='bbox 3569 4510 3678 4549; x_wconf 90' lang='lat' dir='ltr'><strong>nou</strong></span> <span class='ocrx_word' id='word_1_812' title='bbox 3718 4506 3861 4550; x_wconf 83' lang='lat' dir='ltr'><strong>tanta</strong></span> 
     </span>
    </p>
   </div>
   <div class='ocr_carea' id='block_1_103' title="bbox 2270 4579 3860 4650">
    <p class='ocr_par' dir='ltr' id='par_1_103' title="bbox 2270 4579 3860 4650">
     <span class='ocr_line' id='line_1_103' title="bbox 2270 4579 3860 4650; baseline 0.004 -17"><span class='ocrx_word' id='word_1_813' title='bbox 2270 4579 2503 4634; x_wconf 86' lang='lat' dir='ltr'><strong>adhibita</strong></span> <span class='ocrx_word' id='word_1_814' title='bbox 2542 4580 2771 4647; x_wconf 87' lang='lat' dir='ltr'><strong>cautela,</strong></span> <span class='ocrx_word' id='word_1_815' title='bbox 2815 4580 2907 4635; x_wconf 89' lang='lat' dir='ltr'><strong>sed</strong></span> <span class='ocrx_word' id='word_1_816' title='bbox 2956 4582 3104 4650; x_wconf 88' lang='lat' dir='ltr'><strong>quasi</strong></span> <span class='ocrx_word' id='word_1_817' title='bbox 3156 4581 3316 4636; x_wconf 89' lang='lat' dir='ltr'><strong>latam</strong></span> <span class='ocrx_word' id='word_1_818' title='bbox 3357 4584 3682 4638; x_wconf 85' lang='lat' dir='ltr'><strong>sententiam</strong></span> <span class='ocrx_word' id='word_1_819' title='bbox 3717 4584 3860 4640; x_wconf 85' lang='lat' dir='ltr'><strong>dicta</strong></span> 
     </span>
    </p>
   </div>
   <div class='ocr_carea' id='block_1_104' title="bbox 2270 4672 3861 4745">
    <p class='ocr_par' dir='ltr' id='par_1_104' title="bbox 2270 4672 3861 4745">
     <span class='ocr_line' id='line_1_104' title="bbox 2270 4672 3861 4745; baseline 0.001 -19"><span class='ocrx_word' id='word_1_820' title='bbox 2270 4673 2562 4742; x_wconf 88' lang='lat' dir='ltr'><strong>excipiens,</strong></span> <span class='ocrx_word' id='word_1_821' title='bbox 2594 4672 2659 4724; x_wconf 89' lang='lat' dir='ltr'><strong>ad</strong></span> <span class='ocrx_word' id='word_1_822' title='bbox 2692 4687 2805 4727; x_wconf 92' lang='lat' dir='ltr'><strong>rem</strong></span> <span class='ocrx_word' id='word_1_823' title='bbox 2853 4672 3216 4741; x_wconf 89' lang='lat' dir='ltr'><strong>accipiendam</strong></span> <span class='ocrx_word' id='word_1_824' title='bbox 3263 4675 3440 4729; x_wconf 89' lang='lat' dir='ltr'><strong>statim</strong></span> <span class='ocrx_word' id='word_1_825' title='bbox 3491 4674 3683 4731; x_wconf 87' lang='lat' dir='ltr'><strong>fertur.</strong></span> <span class='ocrx_word' id='word_1_826' title='bbox 3729 4676 3861 4745; x_wconf 78' lang='lat' dir='ltr'><strong>Quit</strong></span> 
     </span>
    </p>
   </div>
   <div class='ocr_carea' id='block_1_105' title="bbox 2271 4762 3866 4836">
    <p class='ocr_par' dir='ltr' id='par_1_105' title="bbox 2271 4762 3866 4836">
     <span class='ocr_line' id='line_1_105' title="bbox 2271 4762 3866 4836; baseline 0.003 -19"><span class='ocrx_word' id='word_1_827' title='bbox 2271 4764 2412 4817; x_wconf 90' lang='lat' dir='ltr'><strong>enim</strong></span> <span class='ocrx_word' id='word_1_828' title='bbox 2439 4762 2595 4817; x_wconf 80' lang='lat' dir='ltr'><strong>Jesus</strong></span> <span class='ocrx_word' id='word_1_829' title='bbox 2635 4762 2857 4827; x_wconf 88' lang='lat' dir='ltr'><strong>dixerat,</strong></span> <span class='ocrx_word' id='word_1_830' title='bbox 2894 4762 3008 4817; x_wconf 83' lang='lat' dir='ltr'><strong>Fiet</strong></span> <span class='ocrx_word' id='word_1_831' title='bbox 3029 4765 3080 4818; x_wconf 88' lang='lat' dir='ltr'><strong>in</strong></span> <span class='ocrx_word' id='word_1_832' title='bbox 3110 4780 3167 4819; x_wconf 91' lang='lat' dir='ltr'><strong>eo</strong></span> <span class='ocrx_word' id='word_1_833' title='bbox 3212 4766 3327 4836; x_wconf 82' lang='lat' dir='ltr'><strong>fons</strong></span> <span class='ocrx_word' id='word_1_834' title='bbox 3373 4769 3786 4836; x_wconf 76' lang='lat' dir='ltr'><strong>aqutesalieruis</strong></span> <span class='ocrx_word' id='word_1_835' title='bbox 3818 4773 3866 4821; x_wconf 73' lang='lat' dir='ltr'><strong>in</strong></span> 
     </span>
    </p>
   </div>
   <div class='ocr_carea' id='block_1_106' title="bbox 2272 4847 3866 4919">
    <p class='ocr_par' dir='ltr' id='par_1_106' title="bbox 2272 4847 3866 4919">
     <span class='ocr_line' id='line_1_106' title="bbox 2272 4847 3866 4919; baseline 0.006 -16"><span class='ocrx_word' id='word_1_836' title='bbox 2272 4853 2425 4904; x_wconf 79' lang='lat' dir='ltr'><strong>vitam</strong></span> <span class='ocrx_word' id='word_1_837' title='bbox 2454 4861 2727 4915; x_wconf 69' lang='lat' dir='ltr'><strong>aeternam;</strong></span> <span class='ocrx_word' id='word_1_838' title='bbox 2760 4853 2938 4907; x_wconf 90' lang='lat' dir='ltr'><strong>statim</strong></span> <span class='ocrx_word' id='word_1_839' title='bbox 2971 4854 3044 4908; x_wconf 88' lang='lat' dir='ltr'><strong>ait</strong></span> <span class='ocrx_word' id='word_1_840' title='bbox 3072 4854 3284 4919; x_wconf 91' lang='lat' dir='ltr'><strong>mulier,</strong></span> <span class='ocrx_word' id='word_1_841' title='bbox 3321 4856 3407 4911; x_wconf 82' lang='grc'><strong>15.</strong></span> <span class='ocrx_word' id='word_1_842' title='bbox 3430 4847 3685 4910; x_wconf 71' lang='grc' dir='ltr'><strong>Βαήιίιιί</strong></span> <span class='ocrx_word' id='word_1_843' title='bbox 3734 4860 3866 4912; x_wconf 84' lang='lat' dir='ltr'><strong>Itum:</strong></span> 
     </span>
    </p>
   </div>
   <div class='ocr_carea' id='block_1_107' title="bbox 2274 4944 3679 5015">
    <p class='ocr_par' dir='ltr' id='par_1_107' title="bbox 2274 4944 3679 5015">
     <span class='ocr_line' id='line_1_107' title="bbox 2274 4944 3679 5015; baseline 0.004 -20"><span class='ocrx_word' id='word_1_844' title='bbox 2274 4959 2477 5013; x_wconf 82' lang='lat' dir='ltr'><strong>aquam,</strong></span> <span class='ocrx_word' id='word_1_845' title='bbox 2505 4954 2558 4996; x_wconf 78' lang='lat' dir='ltr'><strong>ut</strong></span> <span class='ocrx_word' id='word_1_846' title='bbox 2586 4961 2683 4997; x_wconf 85' lang='lat' dir='ltr'><strong>non</strong></span> <span class='ocrx_word' id='word_1_847' title='bbox 2710 4944 2899 5011; x_wconf 87' lang='lat' dir='ltr'><strong>sitiam,</strong></span> <span class='ocrx_word' id='word_1_848' title='bbox 2931 4960 3087 5015; x_wconf 86' lang='lat' dir='ltr'><strong>neque</strong></span> <span class='ocrx_word' id='word_1_849' title='bbox 3116 4946 3311 4999; x_wconf 81' lang='lat' dir='ltr'><strong>ueniam</strong></span> <span class='ocrx_word' id='word_1_850' title='bbox 3334 4946 3433 4999; x_wconf 83' lang='lat' dir='ltr'><strong>huc</strong></span> <span class='ocrx_word' id='word_1_851' title='bbox 3454 4947 3679 5002; x_wconf 82' lang='lat' dir='ltr'><strong>haurire.</strong></span> 
     </span>
    </p>
   </div>
   <div class='ocr_carea' id='block_1_108' title="bbox 2343 5033 3866 5106">
    <p class='ocr_par' dir='ltr' id='par_1_108' title="bbox 2343 5033 3866 5106">
     <span class='ocr_line' id='line_1_108' title="bbox 2343 5033 3866 5106; baseline 0.005 -18"><span class='ocrx_word' id='word_1_852' title='bbox 2343 5033 2398 5088; x_wconf 77' lang='lat'><strong>2.</strong></span> <span class='ocrx_word' id='word_1_853' title='bbox 2442 5033 2626 5089; x_wconf 84' lang='lat' dir='ltr'><strong>Videu’</strong></span> <span class='ocrx_word' id='word_1_854' title='bbox 2654 5034 2920 5104; x_wconf 90' lang='lat' dir='ltr'><strong>quomodo</strong></span> <span class='ocrx_word' id='word_1_855' title='bbox 2951 5035 3200 5103; x_wconf 86' lang='lat' dir='ltr'><strong>paulatim</strong></span> <span class='ocrx_word' id='word_1_856' title='bbox 3231 5036 3295 5089; x_wconf 88' lang='lat' dir='ltr'><strong>ad</strong></span> <span class='ocrx_word' id='word_1_857' title='bbox 3314 5036 3622 5106; x_wconf 79' lang='lat' dir='ltr'><strong>dogmatum</strong></span> <span class='ocrx_word' id='word_1_858' title='bbox 3648 5040 3866 5097; x_wconf 79' lang='lat' dir='ltr'><strong>culmen</strong></span> 
     </span>
    </p>
   </div>
   <div class='ocr_carea' id='block_1_109' title="bbox 2276 5125 3865 5201">
    <p class='ocr_par' dir='ltr' id='par_1_109' title="bbox 2276 5125 3865 5201">
     <span class='ocr_line' id='line_1_109' title="bbox 2276 5125 3865 5201; baseline 0.004 -20"><span class='ocrx_word' id='word_1_859' title='bbox 2276 5126 2607 5181; x_wconf 86' lang='lat' dir='ltr'><strong>deducatur?</strong></span> <span class='ocrx_word' id='word_1_860' title='bbox 2665 5125 2841 5181; x_wconf 88' lang='lat' dir='ltr'><strong>Primo</strong></span> <span class='ocrx_word' id='word_1_861' title='bbox 2916 5127 3119 5196; x_wconf 83' lang='lat' dir='ltr'><strong>putavit</strong></span> <span class='ocrx_word' id='word_1_862' title='bbox 3186 5127 3336 5183; x_wconf 88' lang='lat' dir='ltr'><strong>illuttt</strong></span> <span class='ocrx_word' id='word_1_863' title='bbox 3405 5138 3865 5201; x_wconf 76' lang='lat' dir='ltr'><strong>transgressoretu</strong></span> 
     </span>
    </p>
   </div>
   <div class='ocr_carea' id='block_1_110' title="bbox 2276 5216 3865 5289">
    <p class='ocr_par' dir='ltr' id='par_1_110' title="bbox 2276 5216 3865 5289">
     <span class='ocr_line' id='line_1_110' title="bbox 2276 5216 3865 5289; baseline 0.006 -19"><span class='ocrx_word' id='word_1_864' title='bbox 2276 5218 2578 5287; x_wconf 89' lang='lat' dir='ltr'><strong>quempiam</strong></span> <span class='ocrx_word' id='word_1_865' title='bbox 2605 5216 2845 5271; x_wconf 71' lang='lat' dir='ltr'><strong>Judmum</strong></span> <span class='ocrx_word' id='word_1_866' title='bbox 2870 5232 3023 5282; x_wconf 84' lang='lat' dir='ltr'><strong>esse;</strong></span> <span class='ocrx_word' id='word_1_867' title='bbox 3052 5218 3247 5273; x_wconf 89' lang='lat' dir='ltr'><strong>deinde</strong></span> <span class='ocrx_word' id='word_1_868' title='bbox 3295 5220 3415 5289; x_wconf 90' lang='lat' dir='ltr'><strong>quia</strong></span> <span class='ocrx_word' id='word_1_869' title='bbox 3457 5221 3595 5276; x_wconf 88' lang='lat' dir='ltr'><strong>hanc</strong></span> <span class='ocrx_word' id='word_1_870' title='bbox 3627 5223 3720 5279; x_wconf 87' lang='lat' dir='ltr'><strong>ille</strong></span> <span class='ocrx_word' id='word_1_871' title='bbox 3761 5226 3865 5280; x_wconf 85' lang='lat' dir='ltr'><strong>cri-</strong></span> 
     </span>
    </p>
   </div>
   <div class='ocr_carea' id='block_1_111' title="bbox 2278 5309 3866 5385">
    <p class='ocr_par' dir='ltr' id='par_1_111' title="bbox 2278 5309 3866 5385">
     <span class='ocr_line' id='line_1_111' title="bbox 2278 5309 3866 5385; baseline 0.005 -21"><span class='ocrx_word' id='word_1_872' title='bbox 2278 5310 2621 5365; x_wconf 88' lang='lat' dir='ltr'><strong>minationem</strong></span> <span class='ocrx_word' id='word_1_873' title='bbox 2646 5309 2851 5379; x_wconf 90' lang='lat' dir='ltr'><strong>depulit</strong></span> <span class='ocrx_word' id='word_1_874' title='bbox 2876 5310 3003 5381; x_wconf 91' lang='lat' dir='ltr'><strong>(non</strong></span> <span class='ocrx_word' id='word_1_875' title='bbox 3034 5311 3258 5367; x_wconf 86' lang='lat' dir='ltr'><strong>decebat</strong></span> <span class='ocrx_word' id='word_1_876' title='bbox 3278 5314 3419 5369; x_wconf 82' lang='lat' dir='ltr'><strong>enim</strong></span> <span class='ocrx_word' id='word_1_877' title='bbox 3447 5328 3571 5368; x_wconf 91' lang='lat' dir='ltr'><strong>eum</strong></span> <span class='ocrx_word' id='word_1_878' title='bbox 3600 5318 3692 5385; x_wconf 90' lang='lat' dir='ltr'><strong>qui</strong></span> <span class='ocrx_word' id='word_1_879' title='bbox 3723 5318 3866 5371; x_wconf 88' lang='lat' dir='ltr'><strong>illam</strong></span> 
     </span>
    </p>
   </div>
   <div class='ocr_carea' id='block_1_112' title="bbox 2278 5400 3865 5478">
    <p class='ocr_par' dir='ltr' id='par_1_112' title="bbox 2278 5400 3865 5478">
     <span class='ocr_line' id='line_1_112' title="bbox 2278 5400 3865 5478; baseline 0.003 -23"><span class='ocrx_word' id='word_1_880' title='bbox 2278 5400 2564 5455; x_wconf 81' lang='lat' dir='ltr'><strong>edocturus</strong></span> <span class='ocrx_word' id='word_1_881' title='bbox 2589 5408 2723 5462; x_wconf 83' lang='lat' dir='ltr'><strong>erat,</strong></span> <span class='ocrx_word' id='word_1_882' title='bbox 2743 5412 3048 5470; x_wconf 75' lang='lat' dir='ltr'><strong>suspectum</strong></span> <span class='ocrx_word' id='word_1_883' title='bbox 3075 5401 3239 5471; x_wconf 86' lang='lat' dir='ltr'><strong>esse),</strong></span> <span class='ocrx_word' id='word_1_884' title='bbox 3265 5418 3385 5456; x_wconf 92' lang='lat' dir='ltr'><strong>cum</strong></span> <span class='ocrx_word' id='word_1_885' title='bbox 3408 5403 3649 5459; x_wconf 86' lang='lat' dir='ltr'><strong>audisset</strong></span> <span class='ocrx_word' id='word_1_886' title='bbox 3674 5421 3865 5478; x_wconf 85' lang='lat' dir='ltr'><strong>aquam</strong></span> 
     </span>
    </p>
   </div>
   <div class='ocr_carea' id='block_1_113' title="bbox 2280 5490 3865 5562">
    <p class='ocr_par' dir='ltr' id='par_1_113' title="bbox 2280 5490 3865 5562">
     <span class='ocr_line' id='line_1_113' title="bbox 2280 5490 3865 5562; baseline 0.006 -19"><span class='ocrx_word' id='word_1_887' title='bbox 2280 5491 2475 5555; x_wconf 86' lang='lat' dir='ltr'><strong>vivam,</strong></span> <span class='ocrx_word' id='word_1_888' title='bbox 2502 5492 2702 5559; x_wconf 86' lang='lat' dir='ltr'><strong>putavit</strong></span> <span class='ocrx_word' id='word_1_889' title='bbox 2723 5490 2790 5545; x_wconf 89' lang='lat' dir='ltr'><strong>de</strong></span> <span class='ocrx_word' id='word_1_890' title='bbox 2815 5492 2999 5547; x_wconf 89' lang='lat' dir='ltr'><strong>sensili</strong></span> <span class='ocrx_word' id='word_1_891' title='bbox 3035 5507 3170 5562; x_wconf 88' lang='lat' dir='ltr'><strong>aqua</strong></span> <span class='ocrx_word' id='word_1_892' title='bbox 3204 5494 3305 5548; x_wconf 90' lang='lat' dir='ltr'><strong>hoc</strong></span> <span class='ocrx_word' id='word_1_893' title='bbox 3333 5494 3459 5549; x_wconf 88' lang='lat' dir='ltr'><strong>dici.</strong></span> <span class='ocrx_word' id='word_1_894' title='bbox 3485 5494 3716 5550; x_wconf 87' lang='lat' dir='ltr'><strong>Demum</strong></span> <span class='ocrx_word' id='word_1_895' title='bbox 3748 5515 3865 5552; x_wconf 82' lang='lat' dir='ltr'><strong>cum</strong></span> 
     </span>
    </p>
   </div>
   <div class='ocr_carea' id='block_1_114' title="bbox 2281 5582 3866 5654">
    <p class='ocr_par' dir='ltr' id='par_1_114' title="bbox 2281 5582 3866 5654">
     <span class='ocr_line' id='line_1_114' title="bbox 2281 5582 3866 5654; baseline 0.006 -20"><span class='ocrx_word' id='word_1_896' title='bbox 2281 5582 2515 5636; x_wconf 88' lang='lat' dir='ltr'><strong>audisset</strong></span> <span class='ocrx_word' id='word_1_897' title='bbox 2539 5597 2600 5636; x_wconf 91' lang='lat' dir='ltr'><strong>ea</strong></span> <span class='ocrx_word' id='word_1_898' title='bbox 2631 5598 2747 5651; x_wconf 69' lang='lat' dir='ltr'><strong>quae</strong></span> <span class='ocrx_word' id='word_1_899' title='bbox 2775 5584 3107 5648; x_wconf 89' lang='lat' dir='ltr'><strong>dicebantur,</strong></span> <span class='ocrx_word' id='word_1_900' title='bbox 3133 5598 3255 5638; x_wconf 90' lang='lat' dir='ltr'><strong>esse</strong></span> <span class='ocrx_word' id='word_1_901' title='bbox 3274 5585 3599 5654; x_wconf 89' lang='lat' dir='ltr'><strong>spiritualia,</strong></span> <span class='ocrx_word' id='word_1_902' title='bbox 3641 5590 3866 5644; x_wconf 86' lang='lat' dir='ltr'><strong>credidit</strong></span> 
     </span>
    </p>
   </div>
   <div class='ocr_carea' id='block_1_115' title="bbox 2284 5676 3867 5747">
    <p class='ocr_par' dir='ltr' id='par_1_115' title="bbox 2284 5676 3867 5747">
     <span class='ocr_line' id='line_1_115' title="bbox 2284 5676 3867 5747; baseline 0.006 -22"><span class='ocrx_word' id='word_1_903' title='bbox 2284 5676 2496 5747; x_wconf 83' lang='lat' dir='ltr'><strong>quidem</strong></span> <span class='ocrx_word' id='word_1_904' title='bbox 2526 5691 2682 5745; x_wconf 89' lang='lat' dir='ltr'><strong>posse</strong></span> <span class='ocrx_word' id='word_1_905' title='bbox 2710 5677 2853 5731; x_wconf 89' lang='lat' dir='ltr'><strong>illam</strong></span> <span class='ocrx_word' id='word_1_906' title='bbox 2876 5691 3066 5747; x_wconf 85' lang='lat' dir='ltr'><strong>aquam</strong></span> <span class='ocrx_word' id='word_1_907' title='bbox 3098 5677 3301 5747; x_wconf 88' lang='lat' dir='ltr'><strong>pellere</strong></span> <span class='ocrx_word' id='word_1_908' title='bbox 3340 5678 3513 5743; x_wconf 87' lang='lat' dir='ltr'><strong>sitim,</strong></span> <span class='ocrx_word' id='word_1_909' title='bbox 3568 5696 3669 5737; x_wconf 81' lang='lat' dir='ltr'><strong>nec</strong></span> <span class='ocrx_word' id='word_1_910' title='bbox 3696 5693 3867 5735; x_wconf 80' lang='lat' dir='ltr'><strong>tamen</strong></span> 
     </span>
    </p>
   </div>
   <div class='ocr_carea' id='block_1_116' title="bbox 2286 5766 3867 5843">
    <p class='ocr_par' dir='ltr' id='par_1_116' title="bbox 2286 5766 3867 5843">
     <span class='ocr_line' id='line_1_116' title="bbox 2286 5766 3867 5843; baseline 0.003 -21"><span class='ocrx_word' id='word_1_911' title='bbox 2286 5769 2409 5841; x_wconf 84' lang='lat' dir='ltr'><strong>quid</strong></span> <span class='ocrx_word' id='word_1_912' title='bbox 2436 5769 2522 5824; x_wconf 86' lang='lat' dir='ltr'><strong>illa</strong></span> <span class='ocrx_word' id='word_1_913' title='bbox 2539 5777 2679 5825; x_wconf 85' lang='lat' dir='ltr'><strong>esset</strong></span> <span class='ocrx_word' id='word_1_914' title='bbox 2711 5766 2934 5838; x_wconf 87' lang='lat' dir='ltr'><strong>sciebat,</strong></span> <span class='ocrx_word' id='word_1_915' title='bbox 2967 5767 3059 5823; x_wconf 83' lang='lat' dir='ltr'><strong>sed</strong></span> <span class='ocrx_word' id='word_1_916' title='bbox 3091 5767 3263 5827; x_wconf 85' lang='lat' dir='ltr'><strong>adhuc</strong></span> <span class='ocrx_word' id='word_1_917' title='bbox 3292 5767 3574 5825; x_wconf 86' lang='lat' dir='ltr'><strong>dubitabat</strong></span> <span class='ocrx_word' id='word_1_918' title='bbox 3604 5789 3615 5823; x_wconf 89' lang='lat'>:</span> <span class='ocrx_word' id='word_1_919' title='bbox 3660 5774 3867 5843; x_wconf 83' lang='lat' dir='ltr'><strong>putabat</strong></span> 
     </span>
    </p>
   </div>
  </div>
