4024 6452
168 431 281 487 285

169 555 332 602 certe
371 546 486 600 hzcc
530 538 838 597 sublimiora
869 551 1011 600 esse,
1043 547 1203 606 quam
1260 540 1317 584 ut
1361 541 1523 583 sensu
1574 521 1774 594 percipi

167 645 442 709 possent;
486 631 581 689 sed
638 620 745 685 non
792 640 1014 700 prorsus
1062 625 1114 680 id
1162 621 1289 693 quid
1335 623 1482 675 esset
1530 623 1776 671 noverat.

169 729 337 784 Nunc
358 718 507 781 certe
533 722 726 778 melius
751 718 985 784 videbat,
1035 729 1208 784 neque
1246 724 1425 767 tamen
1457 717 1624 763 totum
1656 719 1778 774 per-

168 819 416 890 cipiebat
451 834 464 870 :
490 831 614 871 nam
659 817 769 878 ait,
817 812 896 866 Da
936 811 1062 864 mihi
1090 809 1222 862 hanc
1250 820 1470 875 aquam,
1497 811 1555 854 ut
1582 815 1681 852 non
1709 797 1782 890 si-

167 889 329 976 tiam,
381 924 537 979 neque
579 907 776 961 ueniam
828 904 925 958 huc
956 902 1180 956 haurire.
1230 897 1348 953 Jam
1391 895 1541 949 illum
1577 889 1779 946 Jacobo

169 1001 525 1074 praeferebat.
557 999 673 1053 Non
702 997 803 1051 hoc
825 995 972 1050 fonte
1001 1008 1137 1064 opus
1156 990 1348 1054 habeo,
1372 988 1416 1042 si
1448 1001 1475 1040 a
1511 994 1562 1038 te
1584 996 1777 1052 aquam

169 1095 328 1148 illam
375 1092 656 1160 accipiam.
703 1087 893 1142 Viden’
947 1083 1218 1156 quomodo
1266 1081 1413 1136 illum
1463 1074 1780 1148 patriarcha

166 1182 515 1253 anteponat?
559 1181 668 1235 lloc
700 1177 851 1249 probi
892 1177 1056 1232 animi
1100 1174 1353 1230 indicium
1399 1177 1502 1226 est.
1535 1165 1784 1223 Ostendit

165 1291 345 1347 quam
387 1275 456 1330 de
502 1271 702 1328 Jacobo
746 1270 1058 1340 opinionem
1105 1267 1370 1322 haberet:
1399 1263 1533 1319 vidit
1579 1260 1783 1317 Jacobo

167 1369 483 1432 meliorem,
510 1381 681 1436 neque
703 1365 870 1432 prima
898 1359 985 1417 illa
1007 1361 1259 1431 opinione
1286 1365 1494 1414 retenta
1519 1354 1634 1411 fuit.
1665 1353 1780 1408 Non

169 1474 316 1528 ergo
346 1457 503 1512 facile
551 1455 747 1509 mulier
789 1453 1059 1516 credidit,
1089 1466 1266 1521 neque
1296 1459 1499 1505 temere
1523 1447 1664 1502 dicta
1699 1462 1784 1500 re-

170 1552 348 1620 cepit,
382 1564 500 1619 qtae
534 1556 677 1601 tanta
708 1546 1052 1601 accuratione
1082 1542 1358 1614 quaesivit;
1403 1555 1576 1610 neque
1617 1538 1780 1593 etiam

171 1639 523 1710 irnmorigera
553 1638 636 1691 vel
682 1637 1017 1692 contentiosa
1052 1636 1167 1689 fuit.
1213 1633 1377 1702 quue
1419 1647 1485 1685 ex
1522 1630 1782 1700 petitione

170 1747 280 1789 sua
322 1728 736 1786 demonstravit.
775 1727 932 1798 Atqui
962 1725 1165 1782 Juda:is
1194 1724 1331 1780 dixit
1356 1721 1606 1778 Chriszus
1637 1737 1649 1773 :
1682 1719 1782 1784 Qui

169 1824 455 1880 comederit
480 1822 543 1876 de
586 1837 742 1875 carne
787 1836 918 1886 mea,
949 1836 1050 1874 non
1080 1818 1300 1881 esuriet;
1341 1826 1389 1869 et
1431 1815 1518 1885 qui
1545 1813 1702 1868 credit
1729 1812 1784 1864 in

171 1931 284 1977 nte,
319 1931 419 1968 non
438 1914 572 1968 sitiet
603 1928 840 1983 umquam
870 1912 888 1980 (
917 1908 1075 1964 Joan.
1105 1909 1157 1965 6.
1184 1909 1252 1964 55
1279 1909 1330 1977 );
1365 1907 1459 1962 sed
1485 1921 1590 1959 non
1621 1904 1783 1958 modo

174 2021 294 2060 non
340 2004 702 2068 crediderunt,
753 2002 848 2058 sed
889 2002 1049 2056 etiam
1094 1998 1437 2076 scandalizati
1478 2005 1622 2051 sunt.
1655 1995 1785 2050 ﬂmc

175 2097 386 2154 mulier
411 2105 598 2151 contra
621 2104 895 2164 exspectat
917 2101 974 2150 et
998 2094 1148 2163 petit.
1177 2091 1377 2146 Judaeis
1404 2090 1494 2144 illc
1534 2088 1745 2142 dicebat
1768 2127 1783 2150 ,

179 2187 292 2256 Qui
320 2187 479 2241 credit
505 2188 558 2241 in
581 2204 660 2240 me
687 2202 787 2241 non
810 2187 975 2251 sitiet;
1002 2182 1213 2239 mulieri
1243 2198 1375 2238 vero
1405 2195 1510 2234 non
1543 2179 1613 2233 ita
1641 2221 1654 2244 ,
1688 2177 1783 2232 sed

179 2278 411 2332 rudiore
441 2277 621 2342 modo,
654 2276 756 2343 Qui
779 2276 952 2330 biberit
978 2274 1150 2329 exhac
1172 2290 1327 2344 aqua,
1347 2288 1448 2326 non
1466 2271 1621 2325 sitiet.
1653 2269 1785 2323 Prn-

177 2369 379 2423 missio
404 2382 635 2439 namque
662 2376 778 2423 erat
805 2365 1165 2435 spiritualium
1211 2379 1424 2427 rerum,
1461 2379 1567 2418 non
1600 2360 1785 2416 visibi-

180 2460 320 2514 lium
351 2460 392 2513 ί.
423 2457 548 2513 ideo
589 2457 829 2512 mulieris
874 2458 1112 2512 animum
1159 2454 1636 2526 pollicitationibus
1680 2452 1788 2509 eri-

180 2565 351 2622 gens,
381 2549 558 2605 adhuc
584 2549 936 2605 sensibilibus
963 2550 1280 2604 immoratur
1304 2589 1320 2616 ,
1362 2546 1504 2617 quod
1533 2547 1622 2601 illa
1651 2561 1788 2601 non-

180 2644 319 2696 dum
345 2649 526 2711 posset
551 2642 848 2709 spiritualia
878 2649 1127 2696 accurate
1157 2639 1632 2710 comprehendere.
1653 2637 1785 2693 Nam

181 2735 232 2787 si
265 2731 512 2797 dixisset,
557 2731 612 2787 Si
642 2731 939 2787 credideris
971 2732 1025 2785 in
1053 2746 1161 2795 me,
1189 2747 1297 2785 non
1328 2732 1512 2796 sities;
1554 2731 1640 2784 illa
1678 2745 1785 2784 non

184 2826 550 2881 intellexisset
573 2866 588 2889 ,
631 2840 752 2881 cum
805 2841 912 2881 non
962 2836 1146 2882 nosset
1172 2827 1292 2897 quis
1318 2838 1461 2883 es.~et
1491 2827 1582 2882 ille
1611 2841 1672 2881 se
1710 2825 1787 2879 al-

182 2919 439 2989 loquens,
474 2934 572 2974 nec
597 2919 665 2974 de
695 2934 800 2989 qua
829 2919 916 2974 siti
945 2928 1214 2990 ageretur.
1245 2919 1349 2974 Cur
1370 2929 1548 2974 autem
1580 2933 1686 2973 non
1716 2919 1786 2972 ita

184 3011 395 3069 Jndzeis
425 3012 676 3082 loquutus
695 3013 820 3067 est?
849 3012 985 3080 Quia
1017 3013 1090 3066 illi
1121 3013 1284 3067 multa
1326 3012 1474 3082 signa
1500 3012 1785 3076 viderant,

187 3105 284 3160 illa
316 3119 446 3160 vero
478 3104 718 3168 nullum;
759 3104 854 3160 sed
890 3106 1054 3181 verba
1095 3106 1327 3176 primum
1358 3105 1622 3160 audierat.
1661 3104 1788 3159 ideo

189 3211 289 3266 per
320 3195 658 3266 prophetiam
691 3195 942 3267 deinceps
966 3199 1073 3250 vim
1103 3211 1254 3251 suam
1285 3196 1541 3261 ostendit,
1563 3210 1661 3251 nec
1681 3203 1791 3252 sta-

187 3290 288 3344 tim
320 3287 496 3359 arguit
538 3288 718 3355 illam;
759 3288 854 3344 sed
885 3290 1013 3358 quid
1044 3289 1212 3344 dicit?
1244 3290 1328 3344 l6.
1371 3289 1538 3356 Vade,
1569 3305 1692 3343 voca
1717 3289 1791 3342 vi-

185 3399 309 3436 rum
335 3391 500 3448 tuum,
532 3389 579 3434 et
606 3382 719 3435 veni
747 3381 864 3435 huc.
893 3381 980 3436 17.
1012 3379 1114 3436 Illa
1138 3397 1253 3435 vero
1283 3383 1423 3448 dicit,
1470 3380 1644 3435 Virum
1687 3397 1790 3434 non

187 3475 374 3528 habeo.
409 3473 541 3527 Dicit
569 3475 615 3528 ei
633 3472 788 3529 Iesus
808 3516 822 3541 ,
846 3472 986 3529 Bene
1003 3474 1212 3542 dixisti,
1258 3474 1432 3529 Virum
1460 3493 1561 3530 non
1583 3475 1742 3529 habeo
1771 3491 1790 3528 :

190 3567 284 3622 18.
317 3567 540 3636 quinque
564 3569 698 3621 enim
745 3567 877 3622 uiros
913 3567 1132 3621 habuisti
1152 3609 1166 3628 .
1194 3576 1243 3620 et
1267 3584 1401 3621 nunc
1425 3585 1572 3638 quem
1604 3567 1786 3635 habes,

186 3674 296 3712 non
326 3667 400 3712 est
431 3667 545 3712 tuus
571 3659 668 3712 vir.
705 3657 818 3712 Hoc
837 3675 949 3713 vere
979 3660 1172 3713 dixisti.
1209 3660 1297 3714 l9.
1329 3660 1472 3713 Dicit
1495 3663 1542 3714 ei
1569 3661 1787 3725 mulier,

187 3747 430 3813 Domine,
461 3750 603 3802 video
628 3749 750 3820 quia
773 3750 1019 3820 propheta
1047 3767 1099 3804 es
1125 3761 1198 3803 tu.

266 3839 610 3895 Samaritana
629 3842 949 3913 philosOphia
968 3843 1114 3896 malae
1130 3844 1250 3909 ﬁdei
1262 3843 1561 3899 Judazorum
1579 3845 1793 3916 opponi-

188 3929 554 4000 tur.—-—Paprc,
583 3940 778 4001 quanta
799 3932 1038 3987 mulieris
1056 3933 1390 4003 philOSOpilia
1418 3935 1431 3988 l
1461 3950 1618 4004 quam
1641 3951 1795 3989 man-

188 4027 349 4074 suete
382 4020 858 4089 reprehensionem
883 4022 1115 4077 admittit
1138 4023 1150 4077 Ξ
1170 4023 1297 4087 Cur,
1318 4025 1548 4093 inquies,
1574 4040 1679 4079 non
1697 4026 1793 4080 ad-

189 4109 472 4163 misisset?
505 4123 682 4164 nonne
711 4120 856 4177 stepe
897 4111 1112 4167 Judzeos
1137 4113 1314 4168 acrius
1337 4114 1645 4185 redarguit?
1674 4115 1788 4170 Non

186 4199 336 4253 enim
357 4199 498 4268 paris
523 4199 734 4254 virtutis
747 4211 829 4255 est
847 4203 1040 4256 mentis
1069 4203 1340 4258 secretam
1361 4205 1594 4259 medium
1625 4206 1793 4260 addu-

188 4307 341 4359 cere,
379 4301 435 4346 et
470 4307 582 4346 rem
614 4293 749 4346 clam
768 4303 1054 4365 peractam,
1072 4295 1330 4350 revelare.
1366 4296 1501 4351 lllud
1520 4297 1662 4352 enim
1697 4299 1790 4354 Dei

189 4395 399 4438 tantum
419 4395 520 4447 est,
545 4399 664 4438 cum
696 4399 853 4441 nemo
873 4389 1037 4454 novit,
1058 4389 1158 4443 nisi
1177 4389 1321 4459 isqui
1337 4390 1386 4444 id
1417 4389 1469 4444 in
1489 4401 1668 4447 mente
1692 4392 1790 4448 ha-

188 4476 304 4538 bet;
333 4473 558 4528 alterum
575 4489 702 4529 vero
717 4476 905 4530 saltem
925 4476 1274 4533 familiaribus
1311 4491 1495 4538 notum
1513 4492 1612 4538 est.
1639 4484 1793 4538 Atta-

189 4581 317 4621 men
335 4565 504 4621 ,ἰυάωὶ
521 4581 579 4622 se
600 4569 955 4638 reprehensos
980 4585 1098 4626 esse
1127 4572 1342 4642 indigne
1370 4574 1561 4629 lerunt.
1579 4575 1682 4630 Sed
1702 4577 1792 4632 illo

189 4657 575 4726 dicente,Quid
600 4675 680 4713 me
705 4662 930 4730 quaeritis
950 4662 1231 4732 interﬁcere
1252 4663 1431 4735 (Joan.
1461 4667 1511 4720 7.
1539 4667 1658 4740 20)?
1684 4685 1788 4724 non

190 4748 356 4803 modo
375 4762 479 4804 non
507 4751 862 4819 admirantur,
886 4762 943 4808 ut
964 4757 1278 4822 mulierilla,
1309 4760 1400 4813 sed
1421 4762 1582 4816 etiam
1605 4763 1789 4818 convi-

189 4839 293 4893 ciis
322 4847 376 4892 et
395 4842 734 4896 contumeliis
750 4842 1008 4912 afficiunt,
1035 4849 1243 4902 etiamsi
1269 4850 1491 4905 aliorum
1514 4855 1788 4924 signorum

190 4939 506 4999 argumenta
555 4931 853 4988 haberent:
883 4934 1000 4992 lucc
1046 4948 1224 4993 autem
1255 4940 1356 4995 hoc
1394 4959 1554 4998 unum
1585 4953 1789 5000 tantum

190 5017 459 5074 audierat.
508 5021 760 5076 Attamen
810 5024 882 5079 illi
934 5042 1040 5081 non
1081 5029 1242 5084 modo
1288 5047 1391 5085 non
1427 5034 1603 5088 mirati
1643 5051 1785 5103 sum,

189 5109 289 5164 sed
320 5111 481 5165 etiam
507 5113 705 5180 probro
731 5115 1022 5174 affecerunt
1053 5122 1315 5188 dicentes,
1349 5124 1667 5182 Daemonium
1698 5119 1790 5183 ha-

190 5199 297 5262 bes,
344 5202 456 5270 quis
501 5212 548 5257 te
589 5207 769 5275 quierit
819 5209 1136 5278 interﬁcere?
1165 5212 1291 5269 ilrcc
1331 5231 1459 5271 vero
1489 5233 1598 5273 non
1632 5219 1791 5274 modo

192 5304 300 5344 non
331 5292 684 5360 conviciatur,
715 5297 808 5351 sed
841 5299 1063 5355 miratur
1092 5312 1145 5357 et
1184 5303 1531 5375 obstupescit,
1559 5309 1792 5380 prophe-

181 5389 410 5450 tamque
436 5384 688 5453 Opinatur
714 5402 869 5454 esse;
913 5391 1011 5445 etsi
1041 5395 1217 5449 acrius
1247 5394 1384 5452 hanc
1409 5398 1789 5467 reprehendat,

191 5486 353 5540 quam
398 5471 541 5528 illos.
595 5475 706 5531 lloc
743 5480 884 5533 enim
930 5497 1206 5549 peceatum
1239 5488 1393 5542 unius
1438 5488 1604 5559 ipsius
1640 5504 1788 5559 erat;

192 5561 322 5616 illud
349 5578 476 5618 vero
503 5568 755 5622 omnibus
783 5587 1085 5629 commune.
1119 5577 1232 5632 Non
1256 5568 1432 5634 autem
1459 5583 1527 5636 ita
1557 5587 1789 5641 morderi

189 5655 431 5709 solemus
457 5657 524 5711 de
566 5663 940 5718 communibus
980 5665 1213 5735 delictis,
1248 5680 1304 5723 ut
1342 5671 1408 5726 de
1437 5677 1686 5743 propriis.
1725 5679 1790 5734 Et

256 5809 271 5840 ’
307 5807 406 5861 Alii
429 5813 618 5877 legunt,
637 5815 1136 5887 iudetermuuuorum,
1163 5839 1272 5890 pro,
1297 5843 1389 5882 non
1417 5833 1690 5885 tusibitium.

1175 415 1242 472 IN
1280 409 1592 470 JOANNEM
1637 405 1865 462 llOMIL.
1908 405 2124 460 XXXII.
2167 407 2237 460 al.
2285 405 2475 462 XXXI.

3390 409 3490 464 186

1888 519 1965 574 illi
1992 521 2208 590 quidem
2243 537 2493 592 magnum
2521 521 2792 592 quidpiam
2821 537 2882 578 se
2926 519 3182 591 pellicere
3213 521 3488 591 putabant,

1886 611 1934 666 si
1961 610 2234 667 Christum
2264 613 2671 670 interficerent:
2698 615 2939 669 mulieris
2980 627 3108 668 vero
3136 613 3342 668 facinus
3371 630 3488 666 nta-

1887 700 1996 755 lum
2029 716 2149 758 esse
2175 703 2315 774 apud
2343 719 2534 760 omnes
2563 705 2615 760 in
2655 704 2906 760 confesso
2934 714 3070 760 erat.
3099 708 3349 760 Attamen
3384 721 3491 760 non

1886 809 2030 865 agre
2056 796 2172 851 tulit
2195 796 2408 865 mulier,
2428 798 2523 855 sed
2544 798 2816 868 obstupuit
2841 801 3137 870 mirataque
3159 810 3260 852 est.
3287 799 3488 854 Eodem

1887 902 2099 957 quoque
2126 889 2285 944 modo
2310 905 2430 946 eum
2463 890 2793 946 Nathanaele
2813 891 3062 946 Christus
3085 906 3144 946 se
3163 892 3347 962 gessit.
3371 891 3489 946 Non

1863 979 2119 1048 primum
2153 981 2490 1051 prophetiam
2519 982 2747 1045 induxit,
2783 999 2957 1053 neque
2986 983 3143 1049 dixit,
3183 980 3306 1036 Vidi
3331 993 3378 1036 te
3398 983 3490 1037 sub

1889 1072 2025 1140 ﬁcu;
2052 1072 2146 1128 sed
2191 1088 2314 1128 cum
2365 1075 2453 1129 ille
2493 1075 2740 1142 dixisset,
2773 1075 2922 1131 Unde
2951 1093 3031 1130 nte
3054 1078 3188 1130 nosti
3228 1075 3409 1148 (Joau.
3437 1078 3490 1131 1.

1888 1163 2011 1234 48)ἳ
2038 1163 2086 1218 id
2121 1165 2418 1235 respondit.
2449 1166 2675 1222 Volebat
2704 1170 2849 1222 enim
2881 1167 3139 1222 miracula
3170 1175 3225 1222 et
3256 1167 3493 1236 prophe-

1891 1255 1990 1309 tias
2016 1257 2084 1310 ab
2111 1257 2215 1312 illis
2243 1257 2500 1327 incipere,
2531 1259 2620 1327 qui
2653 1259 2718 1313 ad
2766 1259 2940 1328 ipsum
2971 1259 3322 1324 accedebant,
3355 1267 3412 1314 ut
3440 1269 3496 1314 et

1890 1345 2059 1415 magis
2086 1347 2208 1401 illos
2233 1347 2331 1401 sibi
2376 1349 2711 1414 conciliaret,
2740 1357 2795 1404 et
2825 1364 2974 1403 vanae
3013 1347 3199 1419 gloriae
3230 1350 3490 1418 suspicio-

1892 1451 2013 1489 nem
2041 1435 2315 1506 eﬂ‘ugeret.
2351 1437 2463 1492 Hoc
2495 1441 2668 1508 ipsum
2702 1438 2787 1494 hic
2814 1440 2941 1509 agit.
2968 1439 3319 1495 Existimabat
3349 1444 3492 1495 enim

1890 1528 2175 1584 moli-slum
2205 1541 2258 1584 et
2282 1530 2612 1600 superﬂuum
2641 1531 2772 1594 fore,
2799 1533 2843 1587 si
2870 1546 2988 1587 eam
3012 1533 3191 1589 statim
3218 1543 3498 1588 accusaret

1889 1621 2141 1688 dicendo,
2201 1621 2379 1677 Virum
2410 1640 2511 1677 non
2542 1623 2714 1678 habes.
2751 1624 2882 1678 Illud
2913 1639 3046 1680 vero
3073 1625 3344 1695 corrigere
3379 1636 3496 1695 po~t

1890 1722 2165 1781 acceptam
2197 1713 2264 1768 ab
2291 1713 2480 1768 eadem
2509 1715 2620 1783 ipsa
2648 1716 3009 1782 occasionem,
3039 1726 3186 1773 certe
3211 1729 3499 1772 consenta-

1893 1819 2052 1857 neum
2079 1814 2216 1870 erat,
2248 1814 2299 1860 et
2331 1807 2639 1860 audientem
2670 1811 3102 1864 mansuetiorem’
3123 1809 3401 1865 reddebat.
3431 1811 3498 1865 Et

1891 1909 2139 1963 quamam
2191 1895 2280 1949 illa
2328 1898 2736 1966 consequentia,
2789 1897 3020 1967 inquies,
3072 1899 3274 1965 dicere,
3334 1899 3494 1965 Vade,

1891 1999 2013 2039 uoca
2041 1986 2201 2040 virum
2231 1996 2374 2040 tuum
2392 1988 2418 2042 ?
2446 1987 2520 2042 De
2545 1988 2691 2044 dono
2717 1989 2975 2060 agebatur
3002 1999 3061 2046 et
3096 1991 3162 2045 de
3199 1993 3368 2061 gratia
3399 1991 3499 2046 hu-

1894 2090 2105 2129 manam
2131 2085 2376 2132 naturam
2403 2087 2710 2148 superante.
2744 2077 2982 2134 Instabat
3012 2080 3206 2135 mulier
3227 2081 3496 2152 flagitans,

1894 2174 1946 2221 et
1969 2166 2103 2222 dixit
2129 2168 2200 2232 ei,
2244 2168 2381 2222 Voca
2405 2171 2567 2224 virum
2589 2180 2764 2238 tuum;
2791 2172 3139 2240 subindicans
3180 2174 3329 2228 illmn
3359 2190 3498 2245 quo-

1892 2275 1998 2330 que
2044 2260 2236 2316 horum
2283 2264 2596 2334 participem
2629 2280 2748 2321 esse
2775 2265 2974 2322 debere
2997 2267 3034 2319 ί.
3076 2265 3171 2321 Illa
3197 2268 3497 2337 accipiendi

1891 2352 2084 2422 cupida
2103 2355 2145 2420 ’,
2190 2369 2342 2409 suam
2389 2355 2530 2411 celat
2574 2357 2981 2426 turpitudinem,
3028 2373 3194 2429 seque
3224 2359 3496 2415 hominem

1893 2444 2088 2515 alloqui
2118 2454 2310 2510 putans
2334 2447 2428 2512 ait,
2461 2440 2584 2501 Non
2611 2449 2768 2504 habeo
2793 2452 2974 2504 virum.
3000 2450 3135 2506 Hinc
3159 2454 3498 2508 occasionem

1892 2544 2118 2602 captans
2139 2537 2386 2593 Christus
2407 2547 2710 2608 Opportune
2732 2540 2877 2595 illam
2898 2541 3268 2611 reprehendit,
3295 2552 3502 2598 utrum-

1893 2643 1999 2697 que
2028 2639 2277 2684 accurate
2309 2630 2586 2699 explicans
2621 2648 2633 2683 :
2668 2646 2790 2685 nam
2840 2633 3046 2702 priores
3087 2648 3278 2689 omnes
3309 2649 3500 2689 nume-

1894 2721 2052 2788 ravit,
2085 2731 2140 2777 et
2166 2723 2307 2776 hunc
2333 2723 2604 2779 occultum
2636 2723 2910 2778 revelnvit.
2945 2724 3080 2792 Quid
3108 2740 3240 2796 ergo
3267 2727 3502 2780 mulier?

1893 2813 2009 2869 Non
2041 2830 2184 2886 aegre
2231 2816 2371 2879 tulit.
2421 2831 2528 2871 non
2577 2816 2666 2870 illo
2691 2816 2878 2871 relicto
2908 2815 3057 2888 fugit,
3092 2832 3198 2872 non
3231 2816 3283 2871 id
3313 2828 3504 2872 contu-

1895 2907 2121 2961 meliam
2160 2922 2283 2962 esse
2336 2904 2572 2977 putmit;
2628 2907 2722 2962 sed
2773 2909 2940 2978 magis
2983 2907 3299 2972 admiratur,
3331 2911 3502 2979 magis

1896 3008 2207 3068 perseverat
2234 3016 2247 3052 :
2279 3013 2398 3052 nam
2431 3000 2526 3063 ait,
2569 2996 2727 3052 Video
2761 2999 2880 3068 quia
2905 3000 3154 3069 propheta
3183 3016 3234 3052 es
3265 3008 3339 3053 tu.
3373 2999 3504 3068 Ejus

1896 3104 2024 3143 vero
2056 3087 2396 3157 prudentiam
2428 3089 2723 3160 perpende.
2756 3088 2873 3144 Non
2915 3091 3093 3144 Statim
3121 3092 3374 3153 aecurrit,
3406 3090 3502 3144 sed

1895 3180 2073 3236 adlmc
2118 3181 2427 3237 considerat
2470 3187 2525 3237 et
2573 3182 2819 3237 miratur.
2871 3182 3002 3237 illud
3031 3183 3200 3250 enim,
3240 3181 3419 3249 Video,
3449 3182 3503 3238 id

1895 3282 2000 3342 est,
2049 3272 2262 3328 Videris
2305 3274 2435 3327 mihi
2488 3275 2758 3344 propheta
2796 3289 2937 3330 esse.
2995 3275 3198 3331 Deinde
3245 3277 3366 3346 quia
3400 3275 3504 3330 hoc

1895 3366 2165 3435 SuSpicata
2198 3377 2336 3432 crat,
2364 3366 2495 3420 nihil
2529 3377 2800 3422 terrenum
2831 3368 3148 3439 interrogat,
3182 3385 3288 3424 non
3316 3369 3383 3424 de
3411 3384 3505 3423 va-

1899 3457 2136 3513 letudine
2162 3458 2406 3528 corporis
2437 3467 2607 3527 rogat,
2635 3475 2740 3512 non
2769 3457 2837 3514 de
2873 3459 3086 3527 opibus,
3117 3474 3222 3514 non
3265 3460 3331 3515 de
3361 3460 3503 3516 divi-

1899 3548 2006 3608 tiis.
2031 3548 2126 3604 sed
2153 3549 2221 3603 de
2243 3549 2582 3618 dogmatibus
2610 3551 2810 3602 statim.
2845 3548 2984 3617 Quid
3025 3551 3168 3604 enim
3204 3550 3370 3606 dicit?
3409 3551 3502 3607 20.

1899 3638 2083 3694 Patres
2109 3641 2268 3695 nostri
2312 3641 2364 3694 in
2405 3650 2574 3694 monte
2614 3641 2709 3693 hoc
2734 3641 3094 3708 adoraucrunt,
3129 3643 3396 3698 Abraham
3427 3646 3505 3700 si-

1897 3732 2178 3802 gnificans,
2230 3747 2390 3802 quem
2438 3733 2606 3787 lilium
2658 3749 2724 3788 eo
2767 3734 3056 3790 adduxisse
3104 3736 3390 3792 dicebant:
3437 3737 3505 3792 Et

1898 3825 2150 3892 quomodo
2179 3838 2265 3878 vos
2293 3825 2460 3878 dicitis
2487 3826 2607 3894 quia
2631 3823 2968 3897 Jerosolymis
2995 3836 3067 3881 est
3094 3827 3236 3884 locus
3263 3831 3348 3884 ubi
3374 3831 3505 3885 ado-

1898 3931 2016 3968 rare
2042 3915 2278 3983 Oportet?

1971 4006 2023 4060 5.
2070 4004 2116 4058 E
2139 4006 2486 4061 Samaritana:
2504 4008 2673 4061 studio
2698 4008 2944 4077 fervorem
2968 4011 3279 4084 audientium
3298 4015 3505 4070 excitat.

1899 4098 2070 4152 Lectio
2113 4099 2401 4153 divinorum
2446 4100 2688 4154 librorum
2732 4104 3133 4157 commendatur.
3169 4105 3310 4160 Libri
3337 4109 3505 4161 (turris

1900 4192 2175 4246 litteris.—
2192 4192 2382 4247 Viden’
2397 4209 2554 4263 quam
2582 4205 2764 4250 mente
2781 4196 3061 4251 sublimior
3078 4199 3349 4253 evaserit?
3371 4199 3504 4254 Nam

1900 4284 1990 4339 illa
2018 4285 2104 4340 cui
2136 4284 2203 4340 de
2225 4286 2463 4340 sedanda
2493 4287 2580 4340 siti
2611 4301 2739 4340 cura
2763 4297 2900 4353 erat,
2928 4289 3038 4357 jam
3068 4289 3136 4344 de
3162 4289 3504 4359 dogmatibus

1900 4379 2215 4449 interrogat.
2255 4378 2393 4446 Quid
2424 4395 2554 4450 ergo
2584 4381 2868 4436 Christus?
2897 4382 3012 4435 Non
3053 4383 3212 4437 solvit
3245 4385 3504 4454 qutestio-

1899 4488 2022 4527 nem
2052 4473 2200 4543 (non
2243 4473 2388 4528 enim
2431 4474 2535 4529 hoc
2577 4475 2820 4541 curabat,
2855 4485 2912 4530 ut
2950 4476 3016 4531 ad
3046 4479 3223 4531 omnia
3254 4491 3506 4535 accurate

1898 4565 2281 4635 responderet;
2317 4567 2366 4621 id
2411 4569 2608 4638 quippe
2645 4585 3099 4638 supervacaneum
3142 4570 3377 4643 fuisset),
3412 4574 3505 4627 sed

1899 4671 2084 4711 rursus
2130 4655 2410 4712 mulierem
2457 4658 2524 4712 ad
2575 4659 2836 4730 majorem
2885 4661 3267 4718 sublimitatem
3322 4662 3506 4729 ducit;

1899 4767 1999 4805 nec
2047 4751 2195 4820 prius
2245 4752 2332 4806 illa
2380 4760 2593 4818 tractat,
2641 4769 2802 4825 quam
2836 4755 3030 4811 mulier
3075 4755 3323 4812 confessa
3358 4768 3508 4813 esset

1899 4844 2074 4912 ipsum
2096 4859 2216 4898 esse
2243 4843 2582 4914 prophetam,
2603 4857 2663 4898 ut
2688 4845 2946 4913 majorem
2972 4856 3154 4916 postea
3169 4846 3322 4903 dictis
3346 4848 3507 4906 fidem

1900 4935 2143 4990 haberet.
2175 4933 2304 5003 Quae
2331 4939 2475 4990 enim
2511 4937 2611 4991 hoc
2641 4937 2910 5003 crederet,
2940 4953 3046 4993 non
3079 4941 3213 4994 ultra
3257 4940 3325 4996 de
3351 4942 3510 4998 dictis

1899 5024 2203 5079 dubitatura
2254 5035 2388 5080 erat.
2436 5026 2644 5082 Pudeat
2675 5043 2805 5098 ergo
2832 5043 2951 5095 nos,
3001 5038 3057 5085 et
3101 5033 3506 5090 erubescamus.

1899 5118 2088 5174 Mulier
2115 5135 2236 5189 qum
2267 5121 2502 5191 quinque
2529 5122 2674 5176 viros
2701 5121 2982 5188 habuerat,
3013 5123 3368 5192 Samaritana,
3395 5136 3510 5182 tan-

1902 5219 2010 5265 tum
2028 5211 2288 5266 doctrinte
2305 5212 2646 5268 addiscendae
2661 5215 2897 5269 studium
2911 5215 3091 5282 habet,
3112 5232 3214 5273 nec
3231 5218 3357 5273 hora
3376 5220 3506 5288 diei,

1898 5317 2001 5357 nec
2019 5301 2161 5356 aliud
2182 5302 2408 5373 quodvis
2423 5302 2661 5359 officium
2681 5305 2761 5359 vel
2783 5305 3050 5373 negotium
3066 5307 3208 5362 illam
3227 5308 3296 5364 ab
3319 5309 3508 5380 hujus-

1899 5395 2044 5449 modi
2063 5397 2360 5465 qurestione
2380 5395 2630 5452 abducit:
2657 5412 2755 5451 nos
2785 5405 2965 5452 autem
2999 5414 3103 5454 non
3125 5399 3283 5455 modo
3308 5401 3378 5456 de
3406 5402 3506 5456 do—

1899 5488 2167 5558 gmatibus
2198 5502 2304 5542 non
2334 5488 2746 5558 interrogamus,
2772 5491 2865 5544 sed
2887 5491 2938 5544 in
2961 5491 3211 5548 omnibus
3253 5495 3510 5548 socordes

1903 5578 2187 5649 ignavique
2233 5595 2439 5634 sumus.
2489 5579 2614 5635 ideo
2644 5582 2823 5635 omnia
2856 5583 3216 5652 negliguntur.
3262 5586 3390 5652 Quis
3418 5601 3508 5638 ve-

1933 5711 1979 5823 nt
2003 5717 2116 5824 Quale
2140 5717 2414 5774 sequuntur
2439 5720 2548 5774 post
2570 5711 2710 5773 illud,
2740 5721 2864 5763 Voca
2889 5712 3045 5763 virum
3063 5720 3216 5778 tuum,
3259 5713 3336 5765 alii
3362 5713 3510 5763 aliter

1970 5787 2093 5823 erun
2123 5813 2132 5823 .

1901 5787 2040 5825 enen
2047 5788 2059 5822 ι
2067 5787 2132 5824 l'll.

1965 5839 1984 5868 ²
2019 5836 2182 5887 Morel.
2222 5835 2405 5886 habet:
2447 5835 2538 5888 Illa
2562 5836 2710 5888 latere
2735 5835 2953 5900 cupiens.
