4024 6458
563 414 659 466 187

559 540 752 593 strum,
785 539 984 596 qumso,
1015 522 1159 579 denti
1186 521 1532 578 christianum
1562 520 1752 574 librum
1773 516 1979 586 arripit,
1995 512 2135 568 dicta

560 620 850 683 examinat,
906 625 995 669 aut
1046 614 1374 683 Scripturam
1420 610 1727 667 scrutatur?
1773 606 2135 669 Nemo.sane;

561 711 653 766 sed
684 709 818 764 talos
844 716 897 763 et
925 706 1089 761 cubos
1116 704 1256 776 apud
1280 704 1563 774 plerosque
1596 699 1945 763 inveniemus,
1975 697 2138 752 libros

562 814 837 870 nusquam,
890 797 973 852 vel
1017 796 1159 867 apud
1207 808 1401 866 paucos
1442 802 1606 849 certe.
1640 791 1704 847 Hi
1753 804 1883 846 vero
1920 786 2138 859 perinde

560 893 735 949 al'fecti
783 899 927 955 sunt,
958 898 1120 961 atque
1148 888 1184 943 ii
1210 888 1298 959 qui
1329 902 1433 941 non
1464 885 1683 951 habent,
1711 884 1800 955 qui
1837 883 2023 953 ligatos
2052 879 2138 934 vel

561 998 782 1054 prorsus
828 982 879 1037 in
923 982 1135 1037 scriniis
1171 980 1443 1049 depositos
1469 986 1704 1042 servant,
1733 988 1993 1043 omneque
2020 981 2136 1027 stu-

560 1072 708 1128 dium
735 1082 939 1143 ponunt
976 1072 1027 1127 in
1058 1070 1488 1126 membranarum
1516 1067 1795 1130 tenuitate,
1822 1074 1912 1119 aut
1940 1066 1989 1119 in
2017 1064 2139 1119 lite—

562 1180 739 1220 rarum
770 1162 1182 1233 pulchritudine,
1210 1161 1450 1232 neglecta
1492 1160 1742 1215 lectione.
1773 1157 1957 1228 Neque
1994 1156 2138 1211 enim

561 1256 625 1309 ad
650 1255 930 1310 utilitatem
967 1254 1270 1325 quampiam
1317 1252 1437 1307 illos
1464 1252 1765 1321 acquirunt,
1794 1247 1887 1304 sed
1914 1256 1971 1301 ut
2005 1260 2138 1316 opu-

560 1346 775 1401 lentiam
805 1359 955 1401 suam
987 1344 1267 1399 ambitiose
1296 1351 1569 1399 ostentent
1600 1359 1614 1397 :
1646 1348 1822 1395 tantus
1848 1350 1930 1395 est
1966 1338 2140 1393 inanis

560 1437 743 1505 gloria:
784 1436 970 1491 fastus.
1011 1434 1290 1492 Neminem
1339 1435 1498 1490 audio
1545 1434 1596 1489 id
1640 1434 1843 1489 ambire
1886 1441 1945 1487 ut
1975 1431 2138 1486 libros

561 1526 852 1596 intelligat;
882 1524 978 1581 sed
1011 1527 1188 1595 potius
1217 1540 1275 1581 se
1312 1525 1479 1579 libros
1506 1523 1705 1578 habere
1728 1522 1930 1591 jactant
1963 1520 2139 1574 aureis

562 1615 731 1670 literis
757 1617 1003 1684 scriptos.
1036 1615 1271 1684 thuid,
1304 1628 1507 1684 quaeso,
1550 1613 1675 1668 hinc
1701 1611 1832 1667 lucri
1860 1610 2139 1681 provenit?

562 1706 675 1759 Non
706 1706 847 1773 enim
876 1715 1157 1774 propterea
1185 1704 1327 1758 data:
1370 1704 1526 1759 nobis
1566 1713 1692 1758 sunt
1734 1702 2050 1770 Scriptum.
2082 1707 2143 1754 ut

561 1796 679 1851 illas
710 1796 762 1850 in
805 1794 956 1849 libris
1002 1802 1206 1848 tantum
1244 1793 1568 1858 habeamus;
1598 1791 1693 1849 sed
1722 1799 1779 1846 ut
1807 1792 1861 1846 in
1890 1789 2141 1846 cordibus

561 1885 943 1954 insculpamus.
974 1882 1133 1940 Certe
1174 1882 1289 1938 hzec
1334 1883 1589 1938 librorum
1613 1882 1883 1953 possessio
1907 1880 2139 1936 ludalca

560 1975 867 2030 ambitionis
895 1983 998 2041 est,
1029 1988 1149 2029 cum
1180 1973 1427 2029 videlicet
1472 1981 1736 2043 praecepta
1778 1972 1945 2028 literis
1969 1972 2143 2028 solum

561 2065 901 2121 mandantur.
932 2064 1096 2121 Nobis
1124 2064 1307 2135 utique
1349 2079 1457 2119 non
1499 2063 1568 2120 ab
1597 2063 1749 2119 initio
1795 2063 1873 2119 sic
1903 2062 1988 2118 lex
2019 2063 2142 2117 data

564 2156 681 2223 fuit,
710 2156 803 2212 sed
829 2156 880 2210 in
904 2155 1093 2211 tabulis
1117 2155 1295 2211 cordis
1323 2155 1645 2211 carnalibus.
1677 2154 1803 2209 Haec
1843 2167 1972 2209 vero
1999 2153 2141 2221 dico,

563 2262 670 2302 non
701 2245 839 2317 quod
858 2245 1021 2301 libros
1036 2259 1349 2316 comparare
1365 2245 1701 2317 prohibeam,
1724 2246 1834 2301 imo
1871 2245 1923 2300 id
1957 2245 2138 2313 laudo,

563 2347 617 2393 et
657 2346 715 2392 ut
754 2336 846 2391 ﬁat
896 2345 1126 2408 excpto;
1169 2336 1263 2392 sed
1309 2336 1467 2393 velim
1508 2352 1694 2394 eorum
1734 2345 1790 2395 et
1816 2337 1957 2393 dicta
1984 2338 2056 2394 ita
2090 2346 2145 2394 et

564 2444 718 2484 sensa
757 2430 810 2485 in
851 2429 1045 2484 animis
1075 2429 1271 2485 nostris
1295 2430 1521 2497 versari,
1550 2439 1610 2486 ut
1644 2430 1680 2486 ii
1709 2431 2028 2502 scriptorum
2058 2432 2143 2486 in-

568 2518 862 2589 telligentia
911 2528 1225 2589 purgentur.
1256 2519 1388 2573 Nam
1419 2520 1462 2575 si
1492 2520 1732 2586 domum,
1782 2521 1873 2576 ubi
1899 2520 2145 2593 Evange-

564 2611 695 2666 lium
724 2618 827 2677 est,
857 2610 1008 2666 adire
1035 2626 1140 2665 non
1172 2610 1333 2666 audet
1373 2610 1649 2676 diabolus;
1678 2613 1847 2668 multo
1874 2613 2050 2669 minus
2078 2612 2146 2669 ad

566 2702 796 2757 animam
833 2701 1151 2773 evangelicis
1177 2702 1433 2757 imbutam
1469 2705 1751 2760 sententiis
1774 2703 2031 2761 accedere
2055 2713 2148 2761 aut

566 2794 776 2850 daemon
806 2801 898 2849 aut
926 2801 1204 2864 peccatum
1235 2794 1472 2850 audebit.
1521 2796 1804 2852 Sanctiﬁca
1844 2798 2004 2868 igitur
2031 2798 2144 2852 ani~

565 2898 705 2939 mam
729 2892 900 2950 .tuam,
935 2884 1203 2941 sanctifica
1235 2900 1431 2955 corpus
1460 2904 1471 2939 :
1503 2886 1617 2943 haec
1646 2903 1860 2959 semper
1889 2889 1941 2943 in
1979 2889 2145 2946 corde

562 2984 619 3031 et
644 2976 695 3030 in
718 2976 895 3046 lingua
915 2989 1117 3032 verses.
1146 2976 1279 3031 Nam
1307 2977 1350 3031 si
1380 2978 1551 3046 turpia
1578 2978 1737 3035 verba
1772 2980 2067 3051 inquinant,
2091 2988 2147 3036 et

564 3066 837 3123 dcmones
865 3076 1122 3129 evocant;
1167 3068 1339 3137 palam
1375 3075 1523 3123 certe
1558 3077 1640 3123 est
1668 3069 1951 3127 lectionem
1983 3072 2144 3141 spiri-

566 3159 763 3213 tualetn
789 3156 1123 3215 sanctificare
1150 3170 1203 3214 et
1244 3159 1570 3230 spiritualem
1600 3162 1824 3232 gratiam
1854 3163 2142 3218 attrahere.

565 3249 852 3320 Scriptura:
864 3250 1040 3305 divina
1054 3260 1177 3308 sunt
1193 3254 1419 3309 cantica.
1437 3254 1726 3311 Cantemus
1742 3270 1871 3327 ergo
1888 3257 2023 3312 intra
2048 3272 2146 3313 nos

565 3341 731 3411 ipsos,
761 3357 822 3396 ac
845 3342 1041 3398 morbis
1063 3342 1254 3397 animus
1286 3344 1400 3400 haec
1421 3345 1655 3401 remedia
1692 3346 2059 3403 adhibeamus.
2090 3350 2143 3406 Si

564 3436 823 3491 sciremus
866 3437 1008 3491 enim
1026 3451 1087 3492 ea
1105 3453 1226 3508 qua:
1253 3438 1519 3508 leguntur,
1540 3454 1733 3511 magno
1754 3441 1840 3496 illa
1863 3441 2037 3497 studio
2052 3457 2145 3497 au-

563 3524 819 3581 diremus.
849 3526 972 3581 Hzec
992 3542 1207 3598 semper
1231 3529 1373 3595 dico,
1393 3544 1493 3585 nec
1521 3528 1679 3587 linem
1698 3530 1907 3587 dicendi
1933 3532 2140 3589 faciam.

564 3619 755 3671 Annon
769 3616 1053 3675 absurdum
1072 3618 1247 3683 fuerit,
1275 3620 1318 3675 si
1330 3619 1458 3675 dum
1476 3620 1720 3678 homines
1740 3624 1793 3679 in
1817 3622 1932 3678 foro
1947 3624 2145 3679 seden-

567 3717 668 3770 tes,
682 3708 981 3779 aurigarum
999 3718 1054 3764 et
1068 3711 1376 3765 saltatorum
1395 3713 1632 3781 nomina,
1654 3729 1841 3784 genus,
1854 3715 2034 3780 urbes,
2066 3716 2148 3770 in-

564 3798 847 3863 dustriam,
881 3800 987 3855 imo
1029 3815 1288 3871 equorum
1334 3801 1584 3858 virtutem
1604 3813 1705 3869 aut
1730 3804 1853 3858 vitia
1885 3816 2143 3859 narrant:

568 3888 641 3941 illi
671 3888 759 3958 qui
789 3886 891 3943 huc
912 3892 1257 3955 conveniunt,
1290 3900 1625 3964 eorurrqua
1650 3893 1736 3947 hic
1756 3902 1985 3963 aguntur
2015 3894 2144 3948 nihil

562 3981 758 4045 sciant,
802 3980 908 4035 imo
948 3981 1119 4053 ipsum
1170 3982 1427 4037 librorum
1460 3998 1739 4039 numerum
1781 3984 2063 4054 ignorent?
2089 3984 2142 4041 Si

561 4073 706 4125 cnim
755 4058 1041 4143 voluptatis
1086 4088 1245 4128 causa
1278 4074 1365 4128 illa
1411 4075 1695 4145 percipias,
1728 4074 2005 4132 ostendam
2051 4078 2142 4133 tibi

1297 408 1353 465 8.
1389 404 1665 464 JOANNIS
1700 392 2167 458 CHRYSOSTOMI
2205 395 2519 454 ARCIIIEP.
2559 395 3091 455 CONSTANTINOP.

3748 394 3842 450 I88

2242 510 2365 565 hinc
2391 511 2645 580 majorem
2672 510 2885 578 decerpi
2910 510 3254 579 voluptatem.
3278 506 3415 582 Quid
3431 510 3601 576 enim,
3623 522 3837 581 quasso,

2241 603 2497 657 suavius?
2520 603 2645 673 quid
2672 602 3008 657 mirabilius?
3030 616 3097 657 an
3141 600 3412 657 hominem
3448 615 3573 657 cum
3612 602 3841 658 homine

2242 694 2524 750 luctantem
2550 709 2791 759 cernere,
2821 710 2887 749 an
2911 692 3178 749 hominem
3204 709 3326 751 cum
3353 693 3572 749 diabolo
3592 710 3843 765 pugnan-

2243 793 2373 850 tem,
2400 795 2455 841 et
2477 800 2671 856 corpus
2693 799 2814 840 cum
2838 786 3152 855 incorporea
3185 792 3449 855 potestate
3472 784 3841 855 congrediens

2243 890 2299 937 et
2317 882 2611 953 superans?
2635 881 2737 935 Has
2756 893 2961 952 pugnas
2975 880 3420 949 contemplemur;
3440 879 3558 947 has,
3587 880 3840 949 inquam,

2243 988 2377 1045 quas
2406 974 2604 1029 imitari
2627 972 2883 1029 decorum
2916 973 3153 1042 utileque
3180 979 3283 1037 est,
3316 986 3448 1041 quas
3472 971 3563 1041 qui
3612 970 3841 1025 imitan-

2244 1072 2351 1130 tur,
2395 1076 2648 1119 coronam
2696 1061 2966 1134 accipiunt
2996 1078 3010 1115 :
3040 1075 3147 1116 non
3198 1070 3377 1115 autem
3426 1061 3566 1126 illas,
3600 1074 3840 1130 quarum

2242 1155 2478 1211 studium
2505 1154 2846 1226 ignominiam
2875 1154 3016 1225 parit
3036 1153 3386 1208 imitantibus.
3414 1152 3563 1207 Illam
3576 1152 3731 1208 enim
3751 1152 3844 1222 pit-

2241 1262 2400 1317 gnam
2416 1261 2537 1303 cum
2560 1246 2890 1302 damonibus
2905 1244 3154 1315 aspicies,
3174 1245 3220 1301 si
3236 1242 3530 1315 aspexeris;
3553 1244 3700 1301 banc
3718 1260 3841 1301 cum

2242 1339 2445 1410 angelis
2460 1350 2515 1394 et
2536 1338 2844 1411 angelorum
2865 1339 2881 1371 ¹
2902 1337 3149 1394 Domino.
3166 1337 3262 1393 Dic
3295 1340 3436 1392 enim
3460 1338 3615 1403 mihi,
3638 1339 3686 1393 si
3721 1338 3842 1395 lice-

2244 1444 2323 1487 ret
2340 1432 2431 1487 tibi
2445 1448 2565 1487 cum
2584 1432 2910 1502 principibus
2920 1446 2984 1486 ac
2999 1432 3211 1501 regibus
3222 1432 3498 1488 sedentem
3512 1434 3844 1503 spectaculis

2246 1522 2369 1589 frui,
2398 1538 2576 1578 annon
2606 1523 2733 1578 illud
2761 1523 2914 1579 valde
2934 1521 3287 1578 honorificum
3309 1523 3562 1593 putares?
3586 1524 3685 1579 llic
3714 1538 3844 1579 vero

2245 1626 2365 1667 cum
2396 1612 2540 1684 Rege
2579 1612 2893 1684 angelorum
2936 1614 3123 1669 videns
3151 1612 3425 1669 diabolum
3465 1628 3493 1667 a
3516 1613 3684 1669 dorso
3712 1629 3842 1671 eor-

2246 1714 2479 1773 reptum,
2526 1704 2991 1761 reluctantem'ac
3031 1705 3247 1762 vincere
3293 1705 3493 1761 frustra
3523 1717 3837 1773 conantem,

2245 1807 2422 1849 annon
2449 1792 2623 1848 curris
2647 1794 2713 1850 ad
2745 1794 2845 1850 hoc
2874 1796 3280 1866 spectaculum?
3305 1779 3378 1851 Et
3418 1798 3718 1868 quomodo,
3756 1800 3839 1854 itt-

2245 1885 2417 1956 quies,
2469 1895 2694 1955 possnnt
2750 1885 2865 1941 haec
2894 1886 3049 1941 fieri?
3088 1886 3143 1941 Si
3198 1887 3389 1941 librum
3435 1903 3546 1958 pra
3589 1891 3843 1946 manibus

2249 1977 2467 2033 habeas.
2511 1977 2568 2032 In
2616 1977 2708 2033 illo
2755 1992 2987 2048 namque
3017 1977 3246 2045 videbis,
3275 1988 3329 2034 et
3373 1977 3566 2045 fossas,
3596 1989 3655 2036 et
3683 1983 3839 2053 longa

2250 2069 2537 2136 curricula,
2564 2077 2619 2125 et
2647 2068 2893 2140 captandi
2923 2084 3101 2135 ansas,
3136 2080 3190 2126 et
3212 2069 3341 2140 justi
3372 2069 3681 2127 artificium.
3714 2072 3841 2128 llarc

2248 2160 2292 2216 si
2341 2160 2643 2230 spectacula
2692 2161 2954 2225 intueare,
3006 2160 3183 2217 disces
3232 2161 3472 2217 certandi
3514 2162 3757 2230 modum,
3786 2172 3841 2219 et

2246 2252 2522 2308 daemonas
2564 2252 2862 2323 superabis.
2898 2251 2987 2312 Illa
3017 2268 3147 2309 vero
3190 2255 3493 2323 spectacula
3524 2256 3838 2312 diemonum

2248 2354 2374 2401 sunt
2400 2345 2764 2409 celebritates.
2792 2360 2899 2401 non
2930 2345 3206 2401 hominum
3236 2345 3444 2401 theatra
3465 2346 3507 2400 ³.
3540 2347 3678 2403 Nam
3704 2350 3750 2404 si
3788 2350 3837 2404 in

2248 2438 2513 2494 idolorum
2557 2438 2813 2509 templum
2853 2454 2961 2494 non
3011 2438 3135 2495 licet
3179 2438 3409 2509 ingredi,
3456 2440 3631 2495 multo
3664 2442 3839 2497 minus

2248 2532 2373 2588 licet
2400 2531 2453 2587 in
2480 2531 2770 2587 satanicam
2796 2531 3181 2587 celebritatem.
3213 2530 3338 2587 Ilaic
3357 2532 3539 2588 dicere
3562 2540 3615 2588 et
3637 2534 3840 2604 agitare

2250 2640 2359 2680 non
2408 2623 2669 2690 desinam,
2713 2621 2884 2678 donec
2927 2638 3024 2678 vos
3050 2631 3283 2678 mutatos
3322 2623 3529 2679 videro.
3560 2624 3695 2679 Nam
3725 2624 3841 2681 haec

2250 2716 2449 2781 dicere,
2494 2714 2629 2769 Mihi
2664 2716 2864 2784 quidem
2908 2731 3009 2769 non
3038 2716 3258 2786 pigrum,
3291 2715 3481 2784 inquit,
3510 2716 3651 2771 vobis
3676 2728 3841 2772 autem

2251 2818 2414 2863 tutum
2459 2818 2533 2863 est
2563 2807 2829 2880 (Philipp.
2867 2808 2920 2862 5.
2950 2809 2973 2863 I
3094 2807 3169 2863 Ne
3209 2808 3368 2879 igitur
3412 2809 3839 2865 admonitionem

2249 2916 2389 2971 mgre
2417 2900 2619 2957 feratis.
2652 2901 2784 2955 Nam
2814 2902 2859 2957 si
2896 2902 3128 2972 graviter
3154 2900 3453 2970 ferendum,
3497 2904 3628 2959 mihi
3664 2906 3841 2975 potius

2250 3004 2393 3049 esset
2420 2991 2510 3064 qui
2534 3008 2638 3049 non
2660 2992 2868 3056 audior,
2893 3008 3051 3064 quam
3079 2993 3231 3049 vobis
3251 2994 3343 3064 qui
3368 3008 3585 3065 semper
3618 2998 3840 3065 auditis,

2252 3099 2542 3155 numquam
2570 3092 2748 3139 autem
2792 3083 3190 3153 obtemperatis.
3227 3085 3334 3142 Sed
3373 3087 3516 3142 absit
3544 3098 3603 3143 ut
3627 3103 3843 3159 semper

2253 3191 2347 3231 vos
2388 3190 2643 3231 accusare
2681 3190 2873 3247 cogar;
2924 3174 3055 3230 faxit
3100 3176 3240 3231 Deus
3281 3185 3338 3232 ut
3376 3176 3478 3232 hac
3513 3180 3842 3248 turpitudine

2251 3268 2481 3333 liberati,
2531 3268 2791 3337 spirituali
2842 3266 3519 3339 spectaculo‘dignemini,
3569 3280 3624 3325 et
3663 3270 3841 3326 futura

2248 3362 2414 3431 gluria
2447 3359 2701 3414 fruamini
2728 3377 2741 3411 :
2782 3360 2953 3429 gratia
2975 3368 3031 3415 et
3075 3360 3403 3431 benignitate
3432 3360 3642 3417 Domini
3669 3365 3840 3419 nostri

2248 3453 2377 3509 Jesu
2424 3452 2644 3517 Christi,
2691 3451 2905 3521 quicum
2957 3450 3099 3506 Patri
3126 3452 3319 3522 gloria,
3377 3468 3588 3524 unaque
3618 3454 3841 3526 Spiritui

2248 3554 2455 3607 saneto,
2480 3543 2532 3596 in
2564 3541 2757 3597 szecula
2788 3541 3130 3598 saeculorum.
3164 3544 3358 3598 Amen.

2315 3720 2330 3750 ι
2365 3715 2497 3788 savii
2519 3716 2703 3775 habet,
2729 3727 2840 3765 cum
2862 3713 3047 3778 angelis
3074 3720 3121 3764 et
3158 3713 3462 3779 archangelis
3483 3720 3531 3765 et
3552 3716 3841 3779 mtgelorttm

2250 3787 2617 3909 Ὓιῖἕοξξοτει.
2645 3836 2954 3909 Ιεεῑωτηη...
2981 3834 3147 3909 videns
3176 3834 3423 3887 diabolum
3443 3850 3508 3887 ea;
3528 3838 3743 3891 oraculis
3764 3840 3839 3890 di-

2248 3900 2369 3950 uinis
2392 3898 2576 3961 pudore
2597 3896 2847 3961 sumisum,
2873 3896 3202 3961 reluctantem.

2315 3963 2334 3994 ³
2368 3958 2461 4029 Hic
2483 3958 2774 4029 additgaiil.
2802 3969 2817 4007 :
2847 3959 3248 4023 ttaque,obsecro
3270 3971 3366 4019 vos,
3386 3973 3418 4009 α
3437 3959 3669 4011 salamcis
3698 3960 3840 4014 absti-

2250 4030 2355 4073 nete
2378 4019 2749 4071 celebritatibus.

2312 4084 2334 4116 δ
2369 4082 2530 4133 atorel.
2555 4082 2721 4141 habet,
2745 4080 2941 4132 talentis
2964 4080 3126 4141 bonis,
3152 4092 3259 4144 pro,
3280 4081 3527 4147 spirituali
3543 4084 3838 4145 spectaculo.

1872 4282 2219 4345 HOMILIA
2267 4282 2570 4343 XXXIII.

560 4432 651 4485 21.
687 4429 818 4483 Dicit
848 4430 889 4482 ei
916 4427 1102 4482 Iesus:
1136 4427 1339 4492 Mulier,
1362 4427 1507 4480 crede
1528 4428 1671 4492 mihi,
1698 4429 1816 4498 quia
1845 4429 1972 4483 venit
1996 4429 2140 4496 hora,

630 4521 835 4591 quando
874 4534 1029 4589 neque
1053 4520 1104 4573 in
1126 4528 1291 4572 monte
1318 4519 1430 4585 hoc,
1457 4536 1614 4586 neque
1644 4518 1979 4591 Jerosolymis
2009 4521 2137 4574 ado-

634 4615 808 4667 rabilis
861 4609 1086 4665 Patrem.
1142 4610 1231 4665 ΞΩ.
1293 4609 1392 4664 Vos
1439 4612 1664 4666 adoratis
1704 4612 1840 4681 quod
1888 4612 2089 4667 nescitis
2121 4628 2139 4665 :

631 4721 723 4759 nos
777 4702 1047 4756 adoramus
1113 4700 1248 4771 quod
1308 4702 1511 4768 sciurus,
1565 4702 1685 4772 quia
1733 4702 1872 4757 salus
1924 4718 1989 4757 ea:
2038 4702 2139 4757 Ju-

630 4797 752 4849 dtzis
783 4804 873 4848 est.

636 4888 687 4938 l.
716 4884 862 4937 Fidei
888 4883 1169 4938 necessitas.
1198 4882 1343 4937 Illud
1363 4925 1377 4948 ,
1410 4881 1581 4938 Crede
1610 4883 1739 4937 mihi
1763 4922 1778 4948 ,
1811 4884 2137 4939 mulier......

557 4977 848 5031 ador-abitis
877 4975 1105 5040 Patrem,
1155 4984 1543 5030 commutatur.
1575 4972 1751 5029 Cultus
1779 4974 2139 5029 Samaritano-

558 5086 694 5123 rum.
726 5067 1025 5120 Iudaeorum
1052 5082 1201 5135 super
1243 5066 1593 5121 Samnritanos
1621 5068 1930 5135 pmstantia.
1954 5066 2141 5123 Christi

557 5162 609 5213 in
634 5167 978 5214 testamentum
1005 5166 1141 5210 vetus
1168 5156 1485 5226 sttﬂ'rugium.
1510 5187 1579 5197 -—
1607 5156 1813 5229 Ubique
1840 5156 1944 5213 llde
1984 5158 2139 5213 nobis

558 5264 694 5319 opus
713 5260 814 5314 est,
847 5248 1047 5313 dilecti,
1074 5246 1196 5311 lide,
1228 5247 1486 5301 bonorum
1528 5256 1719 5311 matre,
1754 5248 1941 5302 salutis
1968 5247 2140 5303 medi—

558 5338 832 5403 cina,sine
860 5352 961 5407 qua
1011 5337 1208 5390 nullam
1261 5350 1568 5404 magnarum
1618 5352 1793 5390 rerum
1834 5336 2132 5391 doctrinam

558 5432 830 5500 percipere
860 5444 1137 5497 possumus
1160 5445 1175 5495 ;
1202 5428 1295 5485 sed
1339 5416 1569 5498 perinde
1599 5437 1756 5497 atque
1787 5429 1857 5483 illi
1888 5430 1975 5498 qui
2020 5431 2136 5485 sine

556 5522 677 5574 navi
706 5535 848 5573 mare
873 5519 1119 5588 trajicere
1144 5528 1424 5584 conantur,
1460 5518 1723 5572 tantillum
1757 5528 1978 5586 possunt
2020 5535 2136 5573 ma-

558 5614 712 5667 nibus
744 5612 1067 5681 pedibusque
1094 5622 1295 5675 natare,
1325 5610 1417 5664 sed
1446 5610 1668 5665 ulterius
1710 5610 1997 5680 progressi,
2024 5610 2136 5665 cito

558 5722 587 5757 a
612 5702 853 5756 ﬂuctibus
877 5702 1287 5771 demerguntur;
1334 5701 1410 5755 sic
1456 5709 1510 5754 et
1532 5701 1617 5770 qui
1661 5700 1888 5769 propriis
1915 5710 2135 5757 utuntur

562 5797 867 5863 ratiociniis,
892 5807 1169 5865 antequam
1198 5794 1500 5861 didicerint,
1535 5793 1866 5864 naufragium
1891 5792 2088 5850 faciunt
2117 5814 2129 5852 :

2251 4422 2697 4496 quemadmodum
2721 4432 2773 4479 et
2801 4422 2991 4478 Paulus
3029 4422 3123 4489 ait,
3151 4422 3251 4489 Qui
3277 4424 3411 4477 circa
3440 4424 3592 4493 ﬁdem
3623 4431 3837 4500 neum.

2195 4559 2199 4563 .
2244 4526 2448 4587 gerunt.
2472 4514 2621 4583 Quod
2652 4531 2716 4569 ne
2738 4530 2835 4569 nos
2862 4528 3075 4584 quoque
3096 4514 3377 4583 patiamur,
3402 4530 3609 4572 sacram
3654 4529 3836 4576 tenea-

2247 4624 2365 4663 mus
2392 4623 2665 4672 ancoram,
2688 4622 2786 4679 per
2815 4621 2973 4675 quam
3000 4603 3245 4660 Christus
3267 4604 3658 4664 Samaritanam
3683 4626 3826 4667 nunc

2244 4700 2410 4754 ducit.
2433 4698 2565 4752 Nam
2587 4713 2705 4752 cum
2738 4698 2823 4752 illa
2852 4697 3075 4761 diceret,
3108 4695 3373 4761 Quomodo
3409 4713 3492 4752 eos
3517 4699 3688 4755 dicitis
3714 4701 3834 4771 quia

2244 4793 2297 4845 ih
2325 4792 2658 4861 Jerosolymis
2696 4800 2768 4845 est
2811 4792 2969 4857 locus,
3004 4792 3056 4844 in
3081 4808 3179 4861 quo
3205 4801 3399 4859 Oportet
3438 4791 3696 4847 adorare!
3740 4810 3828 4851 re-

2246 4883 2459 4951 spondit
2486 4882 2732 4937 Christus
2758 4898 2773 4933 :
2801 4881 2958 4935 Crede
2983 4882 3135 4947 mihi,
3153 4883 3353 4947 mulier,
3380 4884 3496 4951 quia
3521 4886 3653 4938 venit
3681 4887 3829 4954 hora,

2244 4976 2445 5044 quando
2469 4992 2625 5045 neque
2652 4976 2705 5028 in
2739 4973 3091 5045 Jerosolymis,
3118 4990 3277 5045 neque
3299 4974 3351 5027 in
3388 4985 3553 5030 monte
3583 4976 3678 5031 hoc
3704 4978 3833 5033 ado-

2244 5067 2417 5121 rabitis
2444 5066 2669 5121 Patrem.
2693 5066 2978 5121 Maximum
3011 5064 3132 5120 huic
3157 5065 3349 5136 dogma
3387 5066 3665 5135 revelavit,
3687 5069 3829 5140 quod

2244 5173 2344 5213 nec
2371 5154 2678 5224 Nicodemo,
2699 5171 2799 5211 nec
2818 5156 3129 5211 Nathanaeli
3153 5155 3305 5211 dixit.
3326 5158 3446 5212 llaec
3466 5173 3561 5213 sua
3590 5158 3829 5217 Judaieia

2244 5249 2609 5316 prasstantiora
2646 5263 2767 5303 esse
2814 5247 3110 5311 contendit,
3159 5256 3213 5302 et
3256 5257 3467 5317 patrum
3510 5252 3797 5307 auctoritat

2246 5339 2456 5394 firmare
2486 5340 2673 5393 nititur
2696 5338 2973 5393 :Christus
2995 5354 3124 5392 vero
3150 5338 3279 5392 nihil
3305 5339 3369 5393 ad
3398 5338 3500 5393 hoc
3526 5343 3827 5411 reSpondit.

2243 5430 2701 5498 Supervacaneum
2730 5431 2872 5485 enim
2904 5441 3028 5484 tunc
3054 5430 3237 5485 fuisset
3266 5430 3567 5493 ostendere,
3602 5448 3699 5487 cur
3734 5450 3831 5504 pa-

2244 5532 2353 5576 tres
2385 5523 2434 5575 in
2465 5534 2663 5588 monte,
2704 5539 2798 5577 cur
2844 5522 3012 5578 ludzri
3042 5523 3093 5576 in
3120 5521 3468 5592 Jerosolymis
3511 5524 3820 5579 adorarent.

2242 5614 2365 5668 ldeo
2419 5614 2545 5670 illud
2594 5616 2789 5679 tacuit;
2822 5624 2876 5669 et
2908 5614 3114 5669 sublata
3162 5613 3229 5669 de
3258 5615 3531 5684 utriusque
3559 5617 3659 5670 loci
3692 5634 3825 5687 prte-

2240 5704 2431 5758 stantia
2458 5705 2769 5772 qurestioue,
2795 5705 2910 5773 ejus
2930 5706 3161 5758 animam
3188 5705 3371 5774 erigit,
3402 5706 3691 5759 ostendens
3723 5722 3821 5761 ne-

2242 5810 2345 5865 que
2383 5795 2595 5851 Judwos
2651 5811 2822 5867 neque
2858 5805 3039 5865 patres
3065 5809 3221 5865 posse
3264 5810 3510 5867 maguum
3550 5797 3820 5867 quidpiam
