4024 6452
139 419 256 475 189

137 537 203 593 in
233 542 412 592 futuro
440 546 740 606 praestare;
772 545 826 595 et
849 545 975 594 tunc
1006 535 1362 591 dill‘erentiam
1387 534 1609 590 inducit.
1639 532 1752 587 Ve-

133 640 456 684 rumtamen
486 630 889 699 przrstantiores
907 628 1123 683 Judtcos
1140 626 1424 697 signiﬁcat,
1447 641 1552 680 non
1577 625 1754 679 locum

137 723 270 776 loco
300 732 659 791 anteponens,
675 722 770 777 sed
796 722 882 776 illa
904 722 1075 776 solum
1103 724 1313 776 ratione
1331 720 1534 775 Judaais
1559 719 1756 789 primas

133 812 474 876 Concedens,
509 828 573 866 ac
596 813 640 868 si
664 812 868 866 diceret
899 828 911 864 :
942 812 1083 866 Nihil
1109 813 1175 866 de
1202 812 1320 866 loco
1341 811 1452 880 jam
1479 811 1756 878 disputan-

135 904 301 958 dum.
338 903 392 957 In
423 905 600 958 cultus
628 903 844 974 quidem
876 905 1034 958 modo
1064 903 1234 958 Judaei
1259 903 1581 974 praeferendi
1601 910 1758 957 erant

133 994 502 1052 Samaritanis
537 1015 548 1048 :
594 995 713 1059 Vos,
743 997 932 1066 inquit,
966 997 1193 1050 adoratis
1221 997 1358 1066 quod
1381 997 1582 1050 nescitis
1615 1012 1632 1048 :
1663 1010 1756 1048 nos

133 1103 430 1140 aaoramus
492 1089 627 1156 quod
669 1089 878 1141 scimus.
933 1087 1218 1156 Quomodo
1261 1102 1391 1157 ergo
1445 1086 1758 1142 nesciebant

134 1178 476 1234 Samaritani
499 1179 626 1246 quid
653 1178 987 1234 adorarent?
1015 1180 1148 1247 Quia
1185 1180 1354 1234 Deum
1383 1180 1504 1234 loco
1526 1180 1757 1234 circum-

133 1269 336 1334 scribi,
371 1271 479 1322 imo
522 1269 675 1338 quissi
724 1269 887 1323 dividi
935 1285 1094 1338 posse
1134 1269 1414 1339 putabant.
1457 1269 1549 1325 Sic
1593 1269 1755 1340 igitur

134 1360 296 1413 illum
343 1360 632 1424 colebant;
694 1360 772 1415 sic
819 1361 998 1416 Persis
1053 1363 1406 1426 nuntiarunt,
1447 1361 1604 1415 istius
1645 1361 1754 1414 loci

135 1451 310 1505 deum
341 1451 440 1504 sibi
472 1451 666 1505 iratum
697 1465 840 1516 esse,
884 1451 1013 1506 nihil
1041 1451 1110 1506 de
1136 1467 1201 1506 eo
1243 1452 1475 1522 amplius
1502 1467 1659 1521 quam
1688 1451 1756 1506 de

139 1541 297 1595 idolo
326 1541 448 1594 rati.
479 1540 818 1610 Quapropter
846 1543 1272 1611 perseverabant
1298 1551 1354 1596 et
1392 1543 1540 1596 illum
1569 1551 1623 1597 et
1645 1542 1756 1597 dm-

135 1650 338 1689 inonas
363 1635 565 1700 colere,
605 1649 665 1689 ea
693 1649 813 1704 quas
861 1635 1074 1689 misceri
1112 1651 1220 1689 non
1255 1645 1504 1705 poterant
1528 1634 1756 1690 confun-

133 1727 354 1781 dentes.
386 1725 559 1780 Judaei
591 1741 720 1780 vero
745 1724 848 1780 hac
880 1726 1136 1795 opinione
1167 1727 1320 1780 liberi
1354 1735 1528 1792 erant,
1555 1727 1757 1795 ipsum-

131 1833 248 1886 que
283 1817 539 1886 putabant
566 1831 686 1872 esse
716 1818 862 1871 orbis
880 1817 1083 1883 Deum;
1113 1818 1325 1872 etiamsi
1358 1817 1408 1872 id
1441 1834 1547 1872 non
1565 1832 1756 1872 omnes

130 1910 454 1965 crederent.
482 1910 772 1979 Propterea
793 1910 955 1964 dicit:
987 1910 1088 1964 Vos
1113 1911 1338 1964 adoratis
1363 1912 1500 1982 quod
1520 1911 1752 1965 nescitis:

132 2017 236 2055 nos
267 2001 545 2054 adoramus
564 2001 704 2075 quod
732 2002 938 2055 scimus.
972 2001 1051 2057 Ne
1071 2003 1282 2073 mireris
1308 2012 1487 2058 autem
1522 2003 1663 2072 quod
1697 2018 1756 2058 se

139 2093 356 2148 iudicis
382 2103 706 2148 annumeret
736 2111 748 2146 :
777 2109 905 2148 nam
930 2095 1228 2149 secundum
1268 2097 1511 2151 mulieris
1538 2097 1754 2165 opinio-

135 2204 271 2242 nem
329 2187 588 2256 loquitur,
634 2189 786 2258 quasi
823 2189 1084 2259 propheta
1131 2189 1478 2253 Judmorum;
1527 2191 1755 2259 ideoque

133 2278 297 2343 illud,
327 2277 638 2342 Adoramus,
667 2279 864 2348 posuit.
897 2279 1052 2346 Quod
1082 2281 1226 2335 enim
1259 2280 1518 2336 adoretur
1546 2282 1748 2336 nemini

135 2388 249 2424 non
282 2379 467 2425 notum
492 2380 568 2424 est
595 2388 609 2434 ;
643 2372 876 2427 adorare
907 2373 1052 2427 enim
1102 2381 1369 2428 creatura:
1404 2384 1507 2437 est,
1535 2373 1749 2428 adorari

135 2477 294 2527 vero,
327 2470 697 2516 creaturarum
745 2463 975 2517 Domini.
1036 2464 1233 2518 Verum
1292 2465 1507 2519 interim
1557 2465 1650 2521 ille
1699 2475 1757 2520 ut

132 2555 366 2610 Judaaus
390 2556 641 2625 loquitur.
679 2555 812 2610 Illud
838 2571 988 2626 ergo,
1018 2556 1156 2624 Nos,
1191 2557 1242 2612 id
1281 2569 1384 2624 e51,
1425 2558 1530 2612 Nos
1559 2557 1750 2613 Judaei.

133 2646 366 2702 Judaica
398 2647 557 2717 igitur
583 2648 870 2710 extollens,
904 2662 964 2703 se
1008 2649 1114 2705 lide
1155 2649 1377 2719 dignum
1428 2650 1652 2720 praebet,
1701 2661 1755 2705 et

134 2740 302 2794 dictis
352 2740 466 2794 suis
522 2739 681 2794 (idem
730 2740 1008 2806 conciliat,
1051 2743 1415 2810 suspicionem
1473 2757 1754 2806 amovens,

136 2832 546 2902 ostendensque
569 2848 630 2889 se
654 2849 759 2887 non
791 2835 1134 2904 cognationis
1158 2837 1329 2904 gratia
1351 2836 1439 2889 illa
1468 2836 1751 2891 extollere.

133 2927 246 2993 Qui
273 2927 418 2981 enim
459 2926 602 2981 circa
661 2927 838 2981 locum
885 2928 1046 2982 talem
1079 2929 1283 2997 profert
1311 2931 1653 2994 sententiam,
1688 2932 1756 2986 de

136 3035 250 3090 quo
297 3020 416 3073 loco
441 3019 610 3074 Judari
643 3021 876 3076 maxime
926 3022 1316 3090 gloriabantur,
1345 3037 1408 3076 ac
1437 3038 1496 3078 se
1526 3024 1741 3077 cancris

136 3110 510 3180 pra-ferendos
539 3112 852 3176 censebant,
890 3113 1016 3167 dum
1061 3112 1200 3168 hanc
1246 3115 1354 3169 illis
1380 3116 1752 3186 prcestantiam

136 3201 340 3267 aufert,
375 3204 547 3270 palam
584 3213 668 3257 est
691 3219 811 3258 eum
833 3205 943 3274 jam
977 3221 1081 3258 non
1107 3205 1175 3260 ad
1200 3206 1427 3275 gratiam
1453 3207 1751 3276 cujuspiam

137 3296 313 3365 loqui,
348 3295 441 3349 sed
473 3310 535 3348 ex
561 3297 788 3349 veritate
817 3305 870 3350 et
908 3311 978 3351 ex
1001 3296 1059 3349 ivi
1108 3297 1439 3368 prophetica.
1471 3299 1606 3365 Quia
1656 3298 1754 3367 igi-

141 3399 234 3444 tur
261 3403 290 3442 a
322 3389 410 3442 tali
465 3388 867 3443 existimatione
917 3388 1141 3444 abduxit
1169 3389 1377 3452 dicens,
1410 3389 1570 3444 Crede
1605 3392 1752 3455 mihi,

138 3481 348 3546 mulier,
379 3489 510 3543 elc.,
533 3479 738 3549 adjicit,
769 3481 902 3546 Quia
921 3482 1061 3535 salus
1080 3498 1114 3534 α
1142 3481 1344 3537 Judwis
1371 3491 1481 3546 est;
1508 3482 1612 3537 hoc
1648 3491 1752 3547 est,

139 3574 225 3627 vel
255 3573 397 3644 quod
421 3572 544 3626 hinc
565 3571 688 3627 orbi
715 3572 852 3627 bona
876 3573 1070 3627 collata
1090 3573 1202 3627 sint
1231 3574 1377 3643 (nam
1409 3573 1500 3627 llei
1519 3573 1755 3643 cognitio

139 3665 520 3734 idolorumque
540 3664 857 3734 reprobatio
881 3664 1007 3718 hinc
1034 3677 1210 3719 ortmn
1236 3665 1441 3730 habuit,
1464 3681 1672 3721 necnon
1702 3675 1757 3721 et

138 3759 248 3812 alia
279 3758 460 3812 omnia
483 3758 754 3828 dogmata,
787 3765 840 3812 at
864 3769 1047 3812 veSter
1071 3758 1247 3812 cultus
1274 3759 1400 3812 licet
1431 3775 1535 3813 non
1574 3770 1756 3815 rectus

137 3850 210 3903 sit
235 3865 250 3912 ;
278 3863 305 3900 a
331 3848 531 3902 inda-is
549 3849 691 3904 enim
715 3861 893 3926 ortum
928 3849 1133 3922 habuit)
1160 3869 1173 3907 :
1207 3851 1293 3905 vel
1329 3851 1444 3907 htec
1473 3867 1623 3922 ergo,
1669 3853 1751 3908 vel

133 3940 440 3994 adventuum
468 3955 622 3994 suum
654 3941 880 3994 salutem
923 3950 1099 3996 vocat.
1131 3942 1243 3997 lmo
1295 3957 1425 3997 vero
1455 3960 1559 3997 non
1597 3943 1756 3998 aber-

139 4031 625 4100 raveritquispiam
639 4032 683 4087 si
714 4032 857 4086 dicat
880 4032 994 4088 haec
1017 4034 1178 4089 ambo
1205 4034 1430 4088 salutem
1458 4049 1599 4100 esse,
1634 4050 1752 4090 eam

140 4124 352 4180 scilicet
379 4140 539 4194 quam
565 4140 628 4179 ex
651 4125 853 4180 Judreis
883 4140 1002 4180 esse
1035 4127 1182 4180 dicit.
1205 4127 1360 4195 Quod
1393 4128 1592 4182 Paulus
1621 4129 1755 4183 sub-

140 4215 388 4271 indicans
431 4216 679 4280 dicebat,
716 4216 799 4270 Ea:
846 4219 1026 4288 quibus
1056 4219 1286 4272 Christus
1316 4221 1593 4273 secundum
1633 4237 1750 4274 car—

141 4323 278 4372 nent,
308 4308 391 4377 qui
417 4317 491 4361 est
539 4325 691 4378 super
734 4311 907 4362 omnia
958 4308 1090 4362 Deus
1125 4308 1300 4379 (Rom.
1351 4311 1404 4365 9.
1450 4310 1530 4379 5).
1567 4311 1752 4366 Vidcn‘

134 4398 415 4469 quomodo
438 4399 604 4454 Vetus
636 4400 888 4468 praedicet
915 4400 1321 4456 Testamentum
1350 4445 1363 4468 ,
1397 4421 1460 4457 ac
1489 4403 1749 4459 bonorum

142 4489 382 4544 radicem
405 4503 526 4545 esse
550 4489 815 4552 declaret,
862 4500 917 4545 et
958 4507 1019 4546 se
1048 4495 1196 4546 nullo
1230 4493 1390 4548 modo
1415 4499 1749 4551 contrarium

139 4595 263 4636 esse
286 4581 424 4651 legi?
451 4581 715 4651 siquidem
741 4597 804 4637 ex
839 4582 1042 4638 Judaeis
1073 4585 1338 4639 honorum
1381 4601 1600 4640 causam
1633 4604 1752 4642 om-

138 4678 290 4728 nium
316 4687 436 4727 esse
461 4671 609 4727 dicit.
631 4672 724 4728 25.
750 4674 856 4727 Sed
881 4676 1013 4728 venit
1025 4676 1169 4739 hora,
1201 4687 1248 4730 et
1273 4693 1406 4730 nunc
1434 4689 1525 4743 est,
1547 4680 1751 4748 quando

140 4766 243 4818 veri
263 4765 562 4818 adoratores
581 4765 870 4819 adorabunt
896 4764 1127 4821 Putrem.
1159 4768 1322 4822 Vobis
1346 4773 1749 4838 prmstantiorcs

138 4871 351 4922 sumus,
373 4870 408 4910 ο
441 4855 654 4922 mulier,
698 4858 892 4928 inquit,
941 4860 993 4913 in
1025 4861 1284 4915 adorandi
1317 4862 1479 4916 modo
1517 4882 1527 4917 :
1561 4881 1746 4919 verum

141 4949 225 5002 hic
265 4947 448 5004 cultus
485 4948 741 5017 deinceps
774 4950 935 5004 linem
987 4951 1224 5005 habebit.
1259 4951 1374 5006 Non
1424 4955 1568 5008 eiiim
1601 4956 1748 5011 locus

141 5052 372 5105 tantum,
404 5041 498 5096 sed
523 5041 686 5096 etiam
717 5043 907 5095 inodns
937 5043 1152 5097 colendi
1179 5045 1511 5101 mutabitur:
1548 5058 1602 5103 et
1635 5051 1748 5102 lucc

139 5139 202 5193 ad
230 5138 451 5208 jauuam
480 5145 624 5191 sunt.
670 5135 811 5189 Venit
837 5137 977 5192 enim
1008 5138 1154 5206 hora,
1174 5150 1221 5191 et
1243 5157 1374 5193 nunc
1398 5151 1490 5193 est.

207 5230 264 5284 2.
291 5229 462 5297 Quare
475 5228 711 5283 Christus
737 5229 1011 5294 addiderit,
1031 5240 1085 5284 et
1111 5247 1250 5285 nunc
1276 5242 1358 5285 est
1381 5232 1528 5295 ;Veri
1554 5235 1743 5287 adora-

139 5334 269 5377 tores
291 5325 385 5394 qui.
405 5323 448 5376 si
465 5333 523 5376 rt.
548 5323 684 5388 Quid
714 5322 806 5377 sibi
819 5323 932 5376 velit
951 5325 1107 5389 istud,
1125 5324 1174 5378 in
1202 5326 1392 5395 spiritu
1422 5337 1473 5380 ct
1497 5329 1741 5382 veritate.

141 5413 371 5470 Christus
391 5416 442 5468 in
465 5416 606 5469 libris
627 5414 680 5467 Μ
686 5417 820 5486 oysis
835 5431 972 5483 saepe
991 5416 1261 5485 prtedictus
1285 5420 1746 5490 prw/iguratusque

140 5517 228 5562 est.
266 5506 485 5562 Praestat
515 5507 716 5562 ludatis
747 5508 929 5562 mulier
951 5509 1303 5563 Samaritana.
1333 5543 1404 5550 —
1433 5513 1565 5578 Quia
1598 5516 1739 5567 cnim

141 5601 418 5670 propheta;
463 5600 631 5654 multo
659 5608 783 5653 ante
827 5608 1070 5670 tempore
1121 5601 1326 5671 loquuti
1372 5613 1517 5666 sunt,
1555 5605 1605 5657 id
1637 5604 1741 5658 hoc

137 5691 258 5747 loco
290 5691 483 5745 tollens
509 5691 658 5755 dicit,
688 5690 751 5743 Et
774 5708 907 5745 nunc
935 5704 1027 5746 est.
1054 5692 1130 5747 Ne
1154 5703 1330 5762 putes,
1365 5695 1556 5764 inquit,
1599 5696 1738 5753 banc

139 5786 472 5856 prophetiam
526 5794 645 5853 post
672 5786 896 5839 multum
929 5795 1142 5855 tempus
1194 5789 1526 5857 implendam
1571 5806 1732 5847 esse:

140 5895 228 5934 res
255 5876 398 5931 enim
429 5877 611 5939 instat,
646 5885 699 5929 et
731 5876 780 5928 in
799 5874 978 5945 januis
1001 5889 1101 5939 cst.
1140 5880 1359 5944 Quando
1398 5882 1500 5934 veri
1549 5883 1740 5937 adora-

448 5974 720 6032 l’s't‘noL.
755 5977 872 6033 (in.
923 5977 987 6035 Li
1008 5980 1078 6037 Χ.

1165 421 1238 476 IN
1279 417 1590 476 JOANNEM
1629 416 1861 472 IIOMIL.
1906 417 2142 474 XXXIII.
2177 422 2249 476 al.
2293 422 2511 479 XXX”.

3380 445 3484 502 190

1865 542 1999 587 tores
2025 536 2316 591 adorabunt
2346 537 2556 594 Patrem
2583 542 2635 596 in
2664 544 2844 613 spiritu
2867 550 3158 604 etveritate.
3175 553 3314 608 Cum
3345 559 3485 612 dixit

1864 639 2044 691 veros,
2077 640 2200 682 cum
2228 627 2584 688 Samaritanis
2604 632 2818 690 Judzeos
2842 640 3070 709 repulit;
3101 633 3310 700 etianisi
3339 650 3481 703 enim

1866 716 2066 772 illisint
2097 718 2180 775 his
2220 723 2497 790 meliores,
2533 729 2774 783 venturis
2803 739 2982 787 tamen
3017 733 3174 803 longe
3196 748 3324 793 sunt
3350 740 3502 796 infe-

1864 810 2058 880 riores,
2091 822 2144 867 et
2167 827 2426 884 quantum
2456 820 2656 874 veritas
2687 821 2854 891 ﬁgura
2901 826 3097 880 melior
3126 837 3227 882 est.
3260 831 3336 886 De
3382 834 3454 888 Ec
3476 864 3493 874 ο

1861 903 2026 958 clesia
2060 920 2189 960 vero
2232 907 2492 978 loquitur,
2521 913 2644 980 quia
2699 930 2821 968 vera
2854 917 3072 987 Deoque
3116 933 3477 981 consentanea

1863 993 2108 1049 adoratio
2140 996 2225 1050 illa
2259 997 2374 1069 ipsa
2397 1009 2496 1054 est.
2536 1000 2677 1055 Nam
2706 1003 2866 1058 Pater
2896 1009 3022 1062 tales
3043 1013 3227 1078 qucerit
3248 1014 3482 1068 adorato-

1861 1100 1961 1138 res.
1994 1085 2135 1156 Ergo
2162 1089 2207 1143 si
2233 1091 2367 1145 tales
2397 1095 2696 1162 quaerebat,
2724 1114 2832 1152 non
2864 1115 2929 1154 ex
2961 1102 3243 1159 voluntate
3265 1109 3480 1174 propria

1863 1176 1969 1232 illis
1998 1180 2127 1236 olim
2161 1183 2320 1239 talem
2349 1188 2620 1241 concessit
2644 1189 2888 1254 modum,
2916 1192 3010 1247 sed
3026 1207 3093 1248 ex
3127 1195 3481 1267 indulgentia,

1861 1277 1920 1322 ut
1965 1269 2066 1326 hos
2119 1273 2282 1329 etiam
2335 1275 2722 1334 introduceret.
2756 1280 2986 1347 Quinam
3038 1300 3167 1355 ergo
3210 1297 3336 1341 sunt
3364 1291 3480 1344 veri

1861 1361 2220 1420 adoratorcs?
2243 1369 2343 1435 Qui
2366 1371 2571 1426 cultum
2614 1388 2720 1426 non
2768 1374 2888 1429 loco
2922 1376 3392 1448 circumscribunt,
3420 1398 3484 1437 ac

1863 1453 2030 1508 Deum
2086 1459 2137 1510 in
2182 1459 2376 1528 spiritu
2423 1461 2644 1529 colunt;
2694 1464 2834 1519 sicut
2888 1475 2944 1520 et
2981 1467 3182 1523 Paulus
3225 1472 3340 1525 ait:
3388 1472 3483 1526 Cui

1860 1547 2021 1599 servio
2037 1548 2088 1600 in
2111 1549 2296 1618 spiritu
2319 1567 2450 1617 mea,
2475 1553 2530 1606 in
2552 1557 2814 1626 evangelio
2836 1554 2963 1611 Filii
2974 1559 3090 1622 eius
3112 1559 3293 1630 (Rom.
3320 1563 3372 1617 1.
3391 1564 3445 1630 9)
3466 1580 3482 1625 :

1861 1644 1915 1689 et
1963 1637 2155 1692 iterum
2178 1681 2191 1702 ,
2238 1639 2466 1696 Obsecro
2496 1659 2584 1698 vos
2635 1654 2690 1699 ut
2720 1647 3000 1703 exhibeatis
3045 1667 3264 1720 corpora
3318 1667 3486 1708 vestra

1861 1730 2079 1784 hostiam
2103 1733 2366 1798 viventem,
2385 1734 2493 1790 Deo
2517 1739 2822 1806 placentem,
2855 1740 3160 1797 rationabile
3187 1745 3484 1814 obsequium

1860 1830 2079 1874 vestrum
2108 1823 2272 1894 (Ibid.
2304 1826 2392 1880 I2.
2429 1828 2503 1896 1).
2540 1829 2678 1882 Cum
2708 1841 2887 1884 autem
2918 1823 3068 1898 dicil,
3112 1833 3204 1888 24.
3253 1835 3484 1905 Spiritus

1861 1924 1932 1966 est
1965 1913 2131 1977 Deus,
2175 1917 2308 1972 nihil
2357 1919 2501 1974 aliud
2542 1936 2705 1990 quam
2755 1922 3137 1991 incorporeum
3196 1927 3477 1998 signilicat.

1859 2004 2084 2074 Oportet
2117 2007 2278 2078 igitur
2301 2010 2607 2081 incorporei
2632 2014 2836 2068 cultum
2865 2017 3028 2070 etiam
3057 2018 3220 2073 talem
3252 2035 3393 2088 esse,
3428 2033 3484 2078 et

1861 2112 1956 2166 per
1987 2099 2039 2152 id
2069 2100 2213 2166 quod
2245 2101 2624 2172 incorporeum
2658 2106 2708 2159 in
2738 2107 2896 2161 nobis
2925 2119 3008 2164 est
3033 2109 3250 2176 olTerri;
3296 2111 3348 2166 id
3373 2125 3477 2178 est,

1862 2204 1958 2257 per
1987 2191 2222 2246 animam
2247 2201 2300 2248 et
2329 2209 2425 2263 per
2469 2197 2669 2251 mentis
2699 2199 3012 2266 puritatem.
3046 2201 3251 2257 idcirco
3273 2205 3380 2257 ait-
3413 2203 3480 2258 Et

1860 2279 2160 2336 adoratorcs
2199 2283 2329 2353 ejus,
2359 2286 2412 2340 in
2441 2287 2628 2356 spiritu
2670 2298 2718 2342 et
2746 2291 2954 2344 veritate
3001 2302 3196 2360 oportet
3239 2296 3477 2350 adorare.

1860 2371 1994 2424 Cum
2024 2373 2168 2427 enim
2201 2384 2254 2429 et
2287 2375 2360 2429 illi
2392 2385 2448 2432 et
2475 2377 2646 2432 Judaei
2679 2380 2915 2436 animam
2946 2383 3304 2454 negligerent.
3341 2391 3480 2441 mul-

1862 2471 2078 2534 tamque
2122 2469 2603 2537 corporiS'curam
2656 2484 2930 2543 gererent,
2976 2476 3258 2549 ipsumque
3305 2485 3480 2537 omni-

1864 2558 2021 2612 inode
2048 2571 2359 2630 purgarent,
2389 2562 2521 2619 dicit
2544 2580 2649 2619 non
2679 2570 2927 2636 corporis
2957 2571 3213 2640 puritate,
3264 2575 3357 2629 sed
3391 2576 3481 2630 illo

1861 2652 2002 2721 quod
2034 2656 2412 2726 incorporeum
2452 2661 2502 2713 in
2550 2659 2709 2717 nobis
2753 2673 2856 2729 est,
2909 2666 3116 2720 scilicet
3166 2679 3368 2734 mente,
3400 2672 3480 2725 iu-

1861 2759 2184 2813 corporeum
2217 2761 2338 2804 esse
2367 2749 2675 2806 colendum.
2700 2752 2780 2810 Ne
2811 2755 2993 2829 itaque
3014 2772 3142 2812 oves
3171 2770 3226 2814 et
3257 2761 3477 2828 vitulos,

1861 2835 1955 2889 sed
1982 2836 2209 2904 teipsum
2243 2838 2379 2894 oll‘er
2408 2841 2518 2896 Deo
2541 2843 2591 2896 in
2624 2845 2996 2900 holocausmm
3033 2866 3046 2901 ε
3080 2848 3182 2906 hoc
3217 2862 3300 2906 est
3332 2855 3476 2906 enim

1865 2926 2094 2982 hostiam
2123 2933 2391 2986 viventem
2421 2934 2695 2989 exhibere.
2750 2937 2804 2990 ln
2834 2941 3058 2994 veritate
3095 2957 3325 3014 namque
3350 2945 3481 2999 ado-

1862 3035 1982 3073 rare
2011 3029 2242 3089 oportet.
2280 3021 2349 3077 Ut
2402 3025 2578 3093 priora
2612 3036 2769 3097 typus
2798 3039 2972 3093 erant,
3021 3049 3216 3103 nempe
3245 3037 3476 3090 circum-

1860 3111 2016 3178 cisio,
2057 3112 2394 3182 holocausta,
2450 3119 2738 3185 saerilicia,
2784 3122 3103 3190 incensum;
3139 3144 3281 3184 nunc
3332 3141 3479 3186 certe

1864 3219 1970 3257 non
2002 3206 2159 3270 item;
2194 3206 2287 3261 sed
2315 3209 2496 3262 omnia
2522 3211 2742 3266 veritas.
2775 3214 2891 3269 Non
2915 3219 3058 3272 enim
3087 3234 3214 3275 caro
3237 3223 3474 3278 circum-

1863 3295 2111 3360 cidenda,
2157 3298 2252 3352 sed
2299 3300 2548 3369 maligna:
2577 3305 2957 3373 cogitationes,
2987 3324 3049 3362 ac
3074 3311 3312 3381 seipsum
3344 3329 3476 3369 cru»

1862 3386 2082 3456 ciligere
2103 3398 2338 3457 Oportet,
2373 3389 2745 3463 absurdasque
2771 3399 3239 3468 concupiscentias
3286 3405 3480 3462 tollere

1862 3488 1915 3531 et
1940 3478 2241 3534 immolare.
2277 3480 2404 3536 Haec
2437 3483 2654 3538 mulieri
2690 3487 2920 3544 obscura
2944 3491 3056 3546 visa
3099 3504 3264 3549 sunt:
3295 3496 3477 3552 dicto-

1863 3584 1979 3621 rum
2013 3568 2401 3626 sublimitatem
2423 3588 2529 3628 non
2561 3588 2852 3646 assequuta
2885 3581 2997 3647 illa,
3018 3595 3072 3638 et
3096 3583 3327 3653 hzercns,
3353 3589 3479 3644 audi

1860 3661 1987 3730 quid
2034 3662 2176 3717 dicat
2227 3681 2240 3719 :
2286 3665 2378 3722 25.
2413 3666 2536 3721 Scio
2590 3671 2711 3736 quia
2741 3674 2874 3726 venit
2920 3674 3138 3731 Messias
3163 3681 3252 3744 qui
3296 3682 3481 3736 dicitur

1861 3751 2094 3809 Christus
2115 3771 2135 3809 :
2155 3773 2268 3810 cum
2295 3760 2486 3813 venerit
2509 3760 2616 3830 ille,
2649 3766 2970 3820 antmntiabit
2996 3769 3142 3825 nobis
3167 3775 3364 3835 omnia.
3386 3776 3479 3830 21;.

1864 3844 1999 3898 Dicit
2020 3850 2066 3899 ei
2084 3845 2240 3903 Iesus
2261 3865 2278 3902 :
2306 3850 2412 3921 Ego
2424 3869 2536 3907 sum
2554 3855 2641 3924 qui
2669 3856 2851 3926 loquor
2876 3869 3059 3916 tecum.
3079 3861 3144 3917 Et
3167 3865 3306 3921 unde
3325 3867 3480 3922 Chri-

1861 3941 1927 3993 sti
1969 3940 2261 3997 adventum
2313 3947 2707 4012 exspectabaut
2760 3947 3105 4020 Samaritani,
3157 3955 3248 4023 qui
3298 3960 3472 4012 solum

1863 4029 2101 4101 Iloysem
2140 4034 2508 4102 recipiebant?
2538 4037 2621 4093 Ex
2649 4039 2778 4108 ipsis
2822 4041 3023 4114 Moysis
3071 4046 3310 4116 scriptis.
3344 4049 3476 4104 Nam

1864 4125 1913 4176 in
1944 4126 2209 4198 principio
2243 4128 2434 4183 Filium
2469 4133 2745 4188 revelavit.
2780 4134 2918 4191 illud
2970 4139 3154 4193 enim:
3203 4140 3482 4198 Faciamus

1863 4215 2116 4270 hominem
2161 4219 2231 4272 ad
2256 4219 2531 4289 imaginem
2562 4233 2607 4277 et
2647 4226 3032 4283 similitudinem
3064 4241 3292 4285 nostram
3325 4235 3477 4304 (Cen.

1865 4311 1915 4365 1.
1945 4310 2066 4383 26),
2103 4313 2168 4367 ad
2200 4313 2394 4368 Filium
2424 4316 2630 4371 dictum
2666 4317 2871 4384 fuerat;
2900 4331 2952 4376 et
2975 4322 3286 4381 Abrahamo
3314 4328 3366 4383 in
3397 4339 3478 4384 ta-

1861 4402 2157 4458 bernacqu
2185 4405 2354 4459 Filius
2385 4406 2658 4476 loquitur;
2708 4421 2762 4464 et
2812 4411 2981 4466 Jacob
3010 4413 3079 4468 de
3121 4415 3211 4471 illo
3243 4421 3477 4488 prophe-

1862 4496 1966 4549 liee
1984 4496 2228 4566 prtcdicit
2261 4515 2273 4550 :
2310 4496 2432 4554 Non
2462 4500 2664 4565 deﬁciet
2681 4503 2920 4574 princeps
2951 4505 3015 4559 de
3030 4506 3062 4559 J
3073 4509 3198 4572 uda,
3246 4527 3339 4564 nec
3369 4513 3479 4565 dum:

1861 4589 1921 4640 de
1953 4591 2230 4660 feruoribus
2256 4593 2386 4662 ejus,
2422 4593 2582 4647 donec
2611 4597 2778 4649 veniat
2810 4599 2853 4650 is
2895 4600 2978 4651 cui
3009 4603 3284 4670 repositum
3309 4613 3403 4668 est,
3433 4616 3478 4659 et

1858 4682 1968 4750 ipse
2007 4684 2314 4753 exspectatio
2345 4686 2588 4755 gentium.
2627 4687 2783 4756 (Cen.
2814 4688 2905 4743 «l9.
2955 4691 3070 4760 l0).
3121 4693 3237 4764 Ipse
3261 4711 3478 4767 qunque

1858 4773 2071 4845 Moyses
2091 4776 2165 4828 ait
2195 4795 2206 4829 :
2243 4775 2559 4845 PrOphetam
2576 4782 2714 4834 vobis
2734 4783 2997 4837 suscitabit
3026 4785 3278 4842 Dominus
3297 4788 3441 4844 Deus
3457 4834 3470 4852 ,

1858 4867 1921 4919 tle
1949 4868 2195 4935 fratribus
2225 4871 2404 4924 vestris
2430 4871 2559 4925 sicut
2587 4888 2698 4935 me;
2725 4875 2896 4942 ipsum
2921 4877 3140 4932 audietis
3169 4880 3347 4950 (Deut.
3386 4885 3474 4938 18.

1860 4957 1971 5026 15).
2000 4959 2130 5012 Item
2157 4975 2278 5029 qua:
2305 4960 2373 5015 de
2395 4973 2668 5031 serpente,
2700 4965 2767 5018 de
2791 4965 2936 5034 virga
2955 4967 3175 5040 ,Moysis
3196 4971 3294 5030 ,de
3331 4973 3475 5028 Isaac

1855 5050 1996 5103 etde
2023 5066 2144 5114 ove,
2195 5053 2471 5122 multaque
2514 5054 2639 5117 alia,
2682 5055 2803 5126 quis
2834 5057 3090 5128 colligere
3138 5065 3328 5131 possit,
3354 5083 3475 5136 quin

1857 5142 2147 5196 adientum
2195 5144 2333 5198 Illius
2391 5145 2781 5213 pratdicebant.
2819 5150 2884 5204 Et
2935 5167 3075 5217 cur,
3108 5154 3338 5224 inquies,
3392 5158 3474 5211 his

1855 5234 2102 5289 Christus
2142 5249 2249 5288 non
2274 5251 2403 5290 usus
2429 5247 2513 5292 est
2545 5247 2601 5292 ut
2628 5240 2840 5295 mulieri
2874 5242 3147 5311 suaderet,
3177 5248 3272 5302 sed
3298 5249 3464 5303 Nico-

1854 5328 2014 5383 demo
2045 5339 2354 5398 serpentem
2389 5331 2629 5401 protulit,
2661 5333 2976 5393 Nathanaeli
2996 5341 3470 5408 pr0phetiascom-

1855 5422 2204 5483 memoravit;
2234 5421 2356 5477 huic
2393 5439 2524 5478 vero
2548 5425 2680 5479 nihil
2711 5427 2891 5482 simile
2923 5429 3102 5485 dixit?
3129 5434 3240 5488 Cur
3269 5447 3323 5489 et
3363 5454 3464 5506 qua

1850 5511 1919 5566 de
1949 5514 2147 5565 causa?
2177 5512 2310 5580 Quia
2341 5514 2414 5568 illi
2434 5516 2529 5568 viri
2559 5526 2736 5582 erant,
2785 5520 2876 5589 qui
2911 5521 2962 5574 in
2993 5521 3080 5576 his
3109 5527 3466 5582 versabantur

1853 5604 2045 5668 rebus;
2096 5604 2210 5659 haec
2249 5621 2376 5660 vero
2407 5607 2605 5662 mulier
2652 5610 2827 5680 inops,
2863 5615 3032 5678 rudis,
3063 5615 3462 5685 Scripturarum
3536 5665 3540 5668 .

1850 5712 2065 5766 expers.
2094 5697 2326 5769 ideoque
2346 5715 2451 5754 non
2484 5701 2573 5755 illa
2597 5703 2882 5758 mulierem
2901 5707 3179 5776 alloquens
3201 5711 3417 5766 adhibet
3441 5731 3459 5778 ς

1847 5791 1943 5862 sed
1977 5807 2038 5845 ex
2071 5807 2206 5877 aqua
2241 5809 2417 5862 exque
2463 5796 2746 5867 prophetia
2808 5797 2953 5852 illam
2983 5801 3231 5864 attrahit,
3265 5817 3327 5857 ac
3362 5820 3466 5876 per

1854 5885 1939 5937 illa
1977 5885 2246 5939 Christum
2289 5886 2338 5939 in
2383 5888 2696 5941 memoriam
2733 5900 2971 5957 revocat,
3007 5907 3067 5944 ac
3096 5895 3335 5964 scipsutn
3368 5895 3460 5948 du-

3033 5987 3107 6044 12
