4024 6480
577 435 671 493 191

570 565 724 608 mutu
778 545 999 603 revelat.
1052 544 1182 612 Quae
1216 543 1275 598 -si
1320 543 1471 598 initio
1519 554 1624 595 non
1650 535 1908 610 quasrenti
1949 529 2157 589 mulieri

566 642 815 706 dixisset,
840 637 984 692 visus
1012 634 1201 691 fuisset
1226 634 1279 690 ei
1302 633 1530 689 delirare
1558 641 1613 687 et
1640 629 1806 685 futilia
1829 626 1991 697 loqui.
2011 624 2163 680 Nunc

575 740 753 787 autem
813 725 1066 798 paulatim
1098 723 1172 778 illi
1221 723 1535 779 memoriam
1588 732 1869 783 revocans,
1900 725 2161 786 oportune

575 838 696 880 sese
720 820 939 876 revelat.
966 816 1033 872 Et
1060 814 1274 887 quidem
1304 814 1505 871 Judaais
1528 826 1673 880 stepe
1698 808 2019 871 dicentibus,
2057 802 2162 860 Ua-

575 928 769 984 quequo
821 910 1047 965 animant
1100 916 1328 962 nostram
1385 902 1564 959 ωιιεεγ
1591 900 1702 997 Βὶσ-
1740 900 1883 954 nobis
1926 898 1970 953 si
2028 906 2165 997 nica

576 1003 809 1059 Christus
841 999 1017 1072 (Joan.
1077 998 1161 1053 10.
1200 996 1293 1067 ει)
1322 1013 1337 1047 :
1370 995 1451 1048 his
1501 1007 1605 1047 non
1655 991 1802 1046 clare
1848 985 2161 1057 respondit;

578 1094 706 1150 huic
728 1108 857 1149 vero
883 1088 1168 1146 manifeste
1183 1088 1316 1143 dixit
1336 1102 1395 1143 se
1418 1085 1688 1141 Christum
1720 1097 1841 1138 esse
1864 1100 1878 1135 :
1912 1094 2031 1134 nam
2055 1091 2166 1132 me-

577 1186 681 1239 lius
705 1183 896 1238 ail'ecta
921 1180 1115 1237 mulier
1137 1188 1274 1245 erat,
1297 1191 1455 1247 quam
1485 1171 1772 1231 JudteiJlli
1798 1171 1938 1225 enim
1968 1182 2072 1223 non
2097 1164 2163 1219 ad

576 1274 887 1330 discendum
916 1269 1224 1342 quaerebant
1241 1301 1255 1327 ,
1282 1266 1377 1323 sed
1398 1276 1456 1321 ut
1482 1265 1655 1335 ipsum
1684 1277 1896 1332 semper
1919 1257 2166 1314 traduce-

580 1375 716 1420 rent.
739 1364 870 1419 Nam
896 1364 943 1418 si
976 1364 1187 1419 discere
1209 1359 1527 1420 voluissent.
1557 1356 1685 1411 satis
1712 1354 1900 1409 fuisset
1927 1351 2164 1406 doctrina

577 1456 886 1517 verborum,
916 1452 1339 1522 Scripturarum,
1360 1450 1655 1517 signorum.
1677 1446 1767 1499 llla
1790 1458 1917 1499 vero
1940 1438 2167 1529 simplici

576 1554 760 1603 mente
785 1555 841 1600 et
862 1545 1075 1599 sincero
1100 1540 1292 1596 aﬂ'ectu
1316 1540 1655 1609 loquebatur,
1694 1547 1749 1591 ut
1778 1536 1950 1606 palam
1978 1542 2063 1589 est
2102 1532 2169 1587 ex

581 1638 650 1692 iis
682 1650 802 1707 qua:
825 1642 1007 1703 postea
1034 1631 1181 1686 fecit.
1213 1629 1348 1685 Nam
1377 1629 1578 1683 audivit
1606 1638 1659 1682 et
1687 1626 1931 1689 credidit,
1961 1634 2014 1680 et
2035 1624 2169 1680 alios

583 1726 652 1781 ad
682 1724 1009 1780 credendum
1042 1721 1267 1785 induxit,
1298 1721 1351 1774 in
1374 1720 1730 1787 omnibusque
1755 1717 1939 1771 videre
1952 1727 2037 1771 est
2056 1730 2173 1770 mu-

579 1815 725 1871 lieris
751 1814 1085 1883 diligentiam
1112 1820 1169 1866 et
1194 1809 1377 1865 fidem.
1406 1810 1497 1863 27.
1545 1805 1615 1861 Et
1640 1813 1878 1861 continuo
1930 1816 2170 1861 venerunt

580 1905 817 1975 diacipuii
841 1907 967 1975 ejus.
993 1902 1338 1972 Tempestive
1368 1900 1737 1963 advenerunt,
1777 1914 1900 1954 cum
1926 1898 2171 1954 doctrina

580 1997 689 2066 iam
718 1992 957 2065 perfecte
976 1992 1177 2047 tradita
1230 1999 1396 2046 esset.
1448 1989 1520 2043 Et
1547 1989 1864 2043 mirabantur
1897 1990 2033 2060 quod
2060 2005 2175 2042 cum

500 2110 503 2113 <
582 2087 796 2141 muliere
832 2085 1133 2154 loqueretur.
1176 2080 1343 2135 Nemo
1394 2090 1561 2135 tamen
1599 2080 1745 2148 dixit,
1780 2079 1916 2144 Quid
1951 2079 2176 2150 quaeris?

581 2187 690 2241 aut,
725 2175 859 2243 Quid
884 2174 1107 2244 loqueris
1141 2187 1257 2226 cum
1281 2188 1340 2225 ett
1365 2172 1392 2225 2

652 2268 706 2323 ὅ.
736 2264 872 2335 Quid
898 2263 1266 2319 mirabantur?
1294 2260 2023 2329 Facilitatem,humilitatem
2052 2271 2168 2316 tan-

583 2368 729 2423 tam;
755 2354 897 2426 quod
920 2364 1025 2409 tam
1054 2354 1375 2423 conspicuus
1415 2367 1537 2407 eum
1578 2362 1742 2417 esset,
1796 2367 1863 2407 eo
1898 2366 1956 2407 se
1984 2351 2176 2407 demit-

586 2459 700 2504 tere
746 2446 1074 2516 dignaretur,
1105 2456 1165 2499 ut
1192 2443 1469 2498 mulierem
1514 2444 1749 2511 inopem,
1786 2442 2175 2497 Samaritanam

584 2530 965 2606 alloqtleretur.
1024 2535 1278 2589 Attamen
1320 2534 1441 2588 licet
1485 2530 1798 2601 stupefacti,
1835 2546 2048 2586 causam
2073 2547 2177 2586 non

586 2626 946 2698 quasierunt;
978 2625 1273 2694 itanempe
1299 2623 1525 2678 inStituti
1571 2632 1763 2689 erant,
1794 2630 1850 2676 ut
1887 2622 2178 2693 discipulo—

587 2731 705 2770 rum
725 2728 939 2783 semper
957 2713 1201 2769 ordinem
1232 2720 1475 2768 tenerent
1500 2729 1513 2766 :
1542 2712 1614 2767 ita
1639 2714 1810 2781 ipsum
1838 2713 2096 2769 timebant
2115 2730 2181 2770 ac

589 2804 993 2860 reverebantur.
1038 2802 1259 2858 Etiamsi
1309 2803 1453 2858 enim
1506 2802 1744 2857 nondum
1793 2803 2007 2873 dignam
2062 2807 2177 2875 eius

589 2894 1037 2951 existimationem
1102 2892 1397 2958 haberent,
1467 2900 1523 2946 at
1583 2894 1734 2962 quasi
1807 2893 2177 2950 admirandum

589 2986 875 3058 quemdam
900 2986 1072 3039 virum
1096 2984 1269 3054 ipsum
1296 2981 1659 3054 suspiciebant
1688 2985 2177 3057 observabautque.

593 3080 849 3133 Attamen
875 3090 1021 3146 saepe
1050 3074 1391 3129 audentiores
1431 3075 1530 3129 visi
1556 3082 1703 3139 sunt,
1730 3086 1789 3129 ut
1808 3090 1927 3129 cum
1949 3075 2182 3132 Joannes

596 3180 756 3235 supra
786 3173 973 3235 pectus
1007 3164 1123 3233 ejus
1146 3164 1426 3229 recubuit;
1467 3172 1522 3219 et
1559 3179 1679 3219 cum
1728 3175 2070 3220 accesserunt
2117 3167 2183 3222 ad

595 3274 717 3314 eum
739 3258 994 3321 dicentes,
1020 3256 1147 3324 Quia
1163 3260 1327 3325 maior
1342 3267 1415 3311 est
1435 3257 1489 3311 in
1509 3274 1662 3329 regno
1680 3259 1921 3315 calorum
1948 3261 1969 3331 (
1993 3260 2181 3314 Matth.

596 3349 816 3418 18.1)?
860 3363 982 3403 cum
1020 3347 1381 3403 lilii-Zebedzni
1424 3359 1614 3421 rogant
1646 3360 1704 3404 ut
1730 3351 1867 3405 alter
1900 3367 1930 3406 a
1959 3353 2183 3420 dextris,

598 3440 736 3495 alter
775 3454 803 3493 a
842 3439 1075 3493 sinistris
1099 3438 1283 3494 sedeat
1313 3436 1506 3508 (itare.
1537 3441 1621 3495 i0.
1658 3442 1742 3496 55.
1775 3444 1840 3498 57
1864 3442 1903 3514 ).
1931 3442 2037 3497 Cur
2057 3459 2186 3515 ergo

600 3532 687 3586 hic
727 3546 831 3584 non
893 3530 1327 3600 interrogarunt?
1377 3531 1510 3599 Quia
1561 3546 1684 3589 tunc
1745 3550 1866 3590 cum
1914 3537 1981 3591 de
2027 3539 2187 3594 rebus

598 3624 711 3677 suis
737 3632 1005 3692 ageretur,
1052 3624 1357 3677 necessario
1413 3626 1853 3692 sciscitabantur;
1899 3628 1986 3683 hic
2011 3640 2188 3685 autem

602 3727 689 3768 res
732 3713 861 3767 nihil
902 3712 967 3766 ad
1006 3727 1100 3767 eos
1148 3714 1467 3782 pertinebat.
1518 3714 1753 3773 Joannes
1792 3728 1970 3775 autem
2022 3724 2192 3778 multo

602 3813 726 3872 post
755 3811 995 3872 tempore
1025 3801 1126 3856 hoe
1156 3801 1330 3859 facere
1358 3805 1583 3871 solebat,
1616 3809 1828 3876 quando
1850 3810 2047 3865 Christi
2067 3827 2190 3883 erga

601 3908 664 3949 se
703 3893 991 3949 dilectione
1034 3892 1222 3959 fretus,
1256 3895 1424 3965 m’agis
1464 3895 1660 3951 fidebat
1694 3916 1708 3951 :
1742 3898 1841 3952 llic
1869 3901 2002 3953 enim
2051 3912 2192 3967 erat,

603 3984 792 4053 inquit,
834 4000 980 4053 quem
1022 3984 1261 4054 diligebat
1308 3985 1460 4039 Iesus
1510 3984 1707 4054 (Joan.
1769 3989 1858 4044 i9.
1892 3989 2025 4060 26).
2056 3992 2196 4059 Quid

606 4075 730 4130 huic
783 4073 1097 4129 beatitudini
1125 4074 1255 4143 par?
1308 4072 1499 4129 Verum
1549 4092 1653 4131 non
1684 4078 1768 4132 hic
1792 4080 2013 4149 gradum
2045 4082 2199 4137 sista-

604 4180 747 4230 mus,
778 4164 982 4232 dilecti,
1010 4173 1068 4218 ut
1110 4166 1409 4235 apostolum
1451 4168 1662 4224 beatum
1695 4172 2075 4241 pra-dicemus;
2104 4176 2198 4232 sed

608 4255 742 4310 nihil
770 4270 875 4310 non
905 4270 1126 4327 agamus
1152 4266 1209 4311 ut
1232 4257 1283 4311 in
1330 4257 1609 4314 beatorum
1655 4278 1879 4318 numero
1914 4280 2200 4322 accenseo-

609 4362 756 4414 mnr;
781 4348 1050 4403 imitemur
1070 4350 1476 4418 evangelistam,
1500 4362 1550 4405 et
1578 4353 1854 4408 videamus
1882 4357 2008 4424 quid
2030 4371 2204 4412 causa:

611 4437 786 4503 fuerit,
810 4436 949 4505 quod
986 4446 1185 4491 tantam
1211 4438 1310 4493 sibi
1342 4438 1539 4493 Christi
1591 4440 1935 4499 dilectionem
1967 4447 2205 4503 attrahe-

613 4535 721 4582 ret.
748 4526 1001 4591 Qumnam
1049 4520 1205 4582 causa
1238 4527 1375 4582 fuit?
1405 4530 1617 4584 Patrem
1665 4533 1875 4602 reliquit
1901 4546 1953 4589 et
1993 4539 2207 4592 navicu-

612 4615 717 4670 lam
748 4624 803 4668 et
828 4626 963 4683 rete,
995 4624 1050 4670 et
1085 4615 1267 4672 Jesum
1299 4616 1557 4688 seq‘uutus
1609 4630 1712 4677 est.
1760 4622 1956 4679 Verum
2000 4626 2100 4681 hoc
2130 4628 2205 4681 illi

619 4720 1053 4761 oommunecum
1091 4707 1256 4764 fratre
1300 4724 1398 4764 suo
1425 4721 1576 4779 erat,
1611 4716 1845 4783 itemque
1885 4733 2003 4770 cum
2049 4718 2209 4775 Petro

615 4808 670 4849 et
698 4795 932 4861 Andrea,
968 4806 1023 4851 et
1052 4812 1171 4851 cum
1209 4801 1422 4854 caeteris
1452 4804 1734 4870 apostolis.
1765 4806 1901 4871 Quid
1952 4822 2080 4875 ergo
2100 4810 2210 4862 cxi-

618 4887 1016 4951 mium-habuit,
1048 4890 1187 4957 quod
1218 4899 1417 4945 tantam
1450 4892 1548 4960 ipsi
1576 4893 1917 4950 dilectionem
1953 4898 2204 4952 concilia-

620 4981 853 5038 ret?llle
878 4983 944 5037 de
989 4983 1170 5053 seipse
1195 4984 1328 5039 nihil
1368 4985 1671 5055 huiusmodi
1713 4987 1863 5054 dixit,
1894 4991 1995 5045 nisi
2041 4994 2211 5048 solum

619 5077 761 5145 quod
784 5077 1123 5149 diligeretur;
1151 5095 1371 5135 causam
1401 5098 1527 5136 vero
1554 5097 1649 5137 cur
1679 5083 1991 5154 diligeretur
2023 5088 2211 5143 mode-

622 5181 703 5224 ste
744 5173 925 5226 tacuit.
957 5172 1110 5237 Quod
1141 5174 1283 5227 enim
1337 5174 1533 5229 eximie
1580 5190 1608 5227 a
1640 5176 1854 5231 Christo
1904 5178 2214 5248 diligeretur

625 5262 873 5315 omnibus
896 5263 1069 5331 palam
1093 5272 1207 5319 erat
1235 5282 1248 5317 :
1273 5275 1507 5320 attamen
1534 5281 1638 5321 non
1662 5269 2009 5323 observamus
2041 5272 2212 5339 ipsum

626 5350 1006 5418 alloquentem,
1036 5370 1098 5409 ac
1136 5358 1359 5410 seorsim
1392 5359 1776 5425 sciscitantem,
1811 5371 1867 5415 ut
1921 5362 2046 5416 fecit
2077 5379 2218 5432 saepe

628 5439 836 5505 Petrus,
870 5454 926 5497 ut
956 5444 1254 5517 Philippus,
1290 5457 1347 5502 ut
1372 5448 1559 5514 Judas,
1591 5460 1647 5504 ut
1674 5450 1942 5518 Thomas;
1969 5454 2069 5507 nisi
2105 5466 2218 5509 tan-

632 5545 743 5585 tum
768 5537 931 5589 semel
959 5538 1010 5590 iu
1032 5540 1254 5607 gratiam
1279 5542 1574 5609 coapostoli
1602 5542 1682 5595 sui
1706 5546 1943 5611 rogantis
1973 5559 2053 5598 se.
2089 5546 2219 5601 Nam

630 5622 886 5679 innuente
914 5630 1278 5695 apostolorum
1309 5634 1613 5703 corypliteo,
1648 5643 1771 5688 tunc
1801 5639 2108 5691 necessario
2137 5641 2218 5692 in-

634 5718 950 5785 terrogavit;
994 5719 1044 5772 hi
1081 5722 1223 5774 enim
1249 5730 1432 5775 mutuo
1477 5736 1536 5776 se
1588 5738 1769 5779 amore
1797 5725 2103 5795 diligebant.
2136 5728 2222 5783 Sic

632 5806 688 5860 in
716 5809 965 5879 templum
1005 5811 1157 5868 simul
1188 5813 1511 5880 ascendisse,
1541 5815 1695 5869 simul
1728 5818 2070 5874 concinnatus
2101 5834 2217 5875 esse

1246 428 1303 484 3.
1339 421 1614 483 JOANNlS
1648 412 2116 479 CBRYSOSTO)“
2155 410 2473 471 ABCIIIEP.
2512 413 3039 473 CONSTANTINOP.

3762 419 3863 479 ιω

2272 544 2538 589 narratur.
2571 534 2729 604 Atqui
2755 534 2945 590 Petrus
2966 546 3146 592 tamen
3176 535 3451 592 ardentius
3480 550 3627 607 saepe
3660 546 3719 593 et
3745 553 3865 593 mo-

2268 632 2420 679 vetur
2458 634 2511 681 et
2553 624 2787 693 loquitur
2837 643 2848 681 :
2897 640 2960 680 ac
3004 626 3219 682 demum
3269 625 3540 682 Christum
3586 626 3863 685 dicentem

2265 713 2415 769 audit
2464 732 2478 769 :
2517 713 2699 779 Petra,
2756 732 2899 770 amas
2942 732 3022 769 me
3054 717 3177 785 plus
3224 717 3303 772 Itis
3355 718 3551 790 (Joan.
3589 717 3682 773 2f.
3716 721 3864 788 i5)?

2268 804 2368 871 Qui
2409 820 2537 860 vero
2563 804 2681 875 plus
2706 807 2919 863 caeteris
2945 808 3230 879 diligebat,
3261 811 3446 879 procul
3478 810 3645 865 dubio
3672 813 3865 882 dilige-

2269 894 2445 950 batur.
2468 896 2660 951 Verum
2691 897 2919 952 alterum
2950 914 3017 955 ex
3042 914 3224 955 amore
3247 914 3369 970 erga
3396 900 3599 965 Jesum,
3632 910 3865 957 alterum

2268 1001 2333 1042 ex
2362 1003 2544 1044 amore
2571 989 2696 1044 .lesu
2726 1006 2851 1061 erga
2880 991 3029 1047 illum
3063 992 3236 1061 palam
3264 1002 3400 1048 erat.
3439 994 3575 1062 Quid
3608 1011 3741 1066 ergo
3787 996 3864 1051 illi

2269 1076 2411 1133 hunc
2435 1080 2688 1135 eximium
2720 1096 2957 1137 amorem
2984 1085 3332 1139 conciliavit?
3376 1086 3597 1142 Videtur
3619 1088 3753 1142 mihi
3778 1089 3866 1143 ille

2270 1168 2586 1225 modestiam
2633 1180 2688 1226 et
2726 1173 3190 1229 mansuetudinem
3220 1191 3465 1246 magnam
3510 1177 3862 1233 exhibuisse:

2270 1268 2593 1329 quapropter
2629 1276 2771 1332 stupe
2802 1278 2909 1318 non
2941 1266 3010 1319 ita
3040 1265 3208 1322 libere
3246 1276 3300 1321 et
3328 1266 3557 1324 ﬁdenter
3575 1285 3741 1341 agerc
3768 1272 3865 1326 de-

2270 1351 2637 1419 prehenditur.
2663 1354 2790 1410 Haec
2828 1367 3022 1427 quanta
3052 1360 3123 1413 sit
3160 1359 3347 1424 virtus,
3378 1376 3444 1416 ex
3474 1362 3661 1434 Moyse
3689 1366 3869 1436 argui-

2271 1450 2358 1494 tur
2386 1456 2546 1497 :nam
2574 1444 2689 1501 haec
2717 1447 2861 1501 illum
2894 1448 3052 1502 talem
3084 1458 3138 1504 ct
3167 1459 3371 1504 tantum
3402 1451 3603 1507 cﬂ'ccit.

2348 1531 2624 1589 Humilitaa
2640 1538 3023 1606 fundamentum
3040 1542 3296 1595 uirtutum.
3322 1530 3629 1597 Diuitiarum
3649 1547 3863 1601 uanitas.

2274 1620 2612 1695 Eleemosyna
2660 1629 3059 1684 commendatur.
3108 1659 3185 1672 —
3237 1631 3379 1687 Nihil
3431 1649 3526 1701 par
3583 1636 3871 1691 humilitati

2274 1723 2373 1769 est.
2403 1712 2527 1770 ideo
2551 1718 2676 1771 hinc
2722 1719 3078 1777 beatitudines
3107 1720 3356 1778 Christus
3400 1724 3602 1794 incepit
3630 1727 3651 1794 (
3680 1726 3871 1780 Matth.

2274 1806 2328 1861 5.
2361 1806 2445 1877 5).
2485 1806 2619 1862 Nam
2643 1812 2794 1879 quasi
2824 1811 3034 1866 aedilicii
3079 1814 3293 1868 maximi
3342 1812 3758 1871 fundamentum
3793 1818 3871 1888 ja-

2274 1910 2478 1964 cturus,
2526 1898 2877 1956 humilitatem
2922 1903 3149 1973 primam
3207 1907 3384 1975 posuit
3454 1906 3630 1962 Nemo
3675 1911 3875 1980 quippe

2276 2000 2452 2059 potest
2478 1991 2681 2062 absque
2705 1994 2791 2065 illa
2818 1994 3044 2050 salutem
3074 2000 3329 2067 consequi
3350 2016 3364 2064 ;
3389 1999 3485 2055 scd
3509 2001 3729 2056 etiamsi
3756 2005 3873 2073 quis

2274 2084 2627 2154 jejunaverit,
2675 2088 2884 2144 etiamsi
2933 2101 3184 2159 precatus
3231 2091 3303 2147 sit
3360 2093 3876 2167 eleemosynamque

2278 2177 2530 2244 erogarit,
2559 2177 2605 2230 si
2633 2177 2683 2231 id
2712 2180 2941 2250 superbe
2969 2181 3145 2247 faciat,
3175 2183 3289 2237 haec
3309 2186 3487 2239 omnia
3509 2185 3872 2241 abominanda

2279 2276 2440 2329 sunt;
2470 2275 2739 2323 utcontra
2773 2270 2817 2323 si
2862 2270 3003 2325 adsit
3047 2272 3337 2339 humilitas,
3387 2276 3568 2330 omnia
3624 2278 3874 2347 optabilia

2279 2359 2632 2430 amabiliaque
2660 2371 2786 2418 sunt
2812 2372 2868 2418 et
2900 2378 3020 2419 cum
3061 2366 3347 2422 securitate
3391 2380 3744 2424 exercentur.
3769 2371 3875 2425 Mo-

2280 2449 2431 2505 deste
2462 2452 2622 2521 igitur
2646 2469 2885 2523 agamus,
2935 2456 3141 2524 dilecti,
3172 2458 3412 2513 modeste
3440 2473 3673 2528 agamus
3699 2478 3712 2514 :
3738 2472 3877 2517 certe

2284 2541 2453 2597 facilis
2482 2544 2595 2598 haec
2619 2546 2789 2600 virtus
2806 2555 2916 2612 est,
2941 2548 2983 2601 si
3009 2549 3306 2618 vigilemus.
3329 2548 3467 2617 Quid
3492 2552 3717 2606 tandem
3752 2554 3879 2607 illud

2284 2643 2402 2700 est,
2435 2639 2505 2688 mi
2538 2635 2719 2701 homo,
2742 2638 2881 2706 quod
2911 2646 2963 2692 te
3000 2639 3051 2694 in
3081 2642 3447 2710 arrogantiam
3498 2646 3768 2699 extollit?
3788 2661 3877 2701 an-

2288 2740 2392 2780 non
2438 2727 2587 2782 vides
2631 2737 2835 2783 natura:
2873 2729 3179 2786 vilitatem?
3219 2732 3545 2787 voluntatem
3574 2736 3646 2788 ad
3678 2737 3879 2806 lapsum

2287 2819 2550 2888 pronam?
2580 2819 2762 2889 Cogita
2793 2832 3020 2876 mortem
3053 2830 3217 2888 tuam,
3254 2833 3600 2893 peccaturum
3640 2828 3883 2883 multitu-

2286 2910 2485 2965 dinem.
2536 2911 2732 2967 Vernm
2764 2913 3005 2969 fortassis
3026 2914 3096 2968 ob
3141 2916 3305 2969 multa
3332 2917 3595 2986 praeclare
3624 2932 3782 2988 gesta
3808 2924 3885 2976 al-

2288 3010 2400 3056 tum
2431 3002 2608 3072 sapis?
2638 3003 2751 3059 lioc
2779 3005 2896 3073 ipso
2919 3007 3100 3060 omnia
3129 3008 3367 3061 amittes.
3398 3009 3749 3080 Quapropter
3784 3030 3885 3069 non

2290 3102 2397 3147 tam
2423 3099 2691 3162 peccator,
2715 3110 2872 3163 quam
2902 3096 3112 3151 virtutis
3157 3106 3389 3154 sectator
3432 3100 3722 3158 modestia:
3767 3120 3891 3174 opo-

2292 3200 2406 3239 ram
2434 3184 2559 3240 dare
2579 3184 2759 3240 debet.
2781 3186 2995 3253 Quare?
3020 3186 3150 3255 Quia
3187 3189 3275 3242 ille
3299 3204 3363 3243 ex
3386 3191 3724 3247 conscientia
3754 3194 3820 3247 ad
3842 3194 3888 3248 id

2297 3277 2537 3345 cogitur;
2591 3277 2675 3329 hic
2707 3290 2854 3341 vero,
2890 3277 2990 3331 nisi
3028 3278 3317 3333 admodum
3345 3280 3547 3350 vigilet,
3596 3284 3710 3338 cito
3743 3300 3841 3339 ceu
3865 3302 3889 3339 τι

2296 3376 2455 3419 vento
2475 3366 2724 3435 quopiam
2747 3366 3009 3436 abripitur
3034 3376 3088 3422 et
3104 3369 3393 3436 evanescit,
3423 3371 3563 3425 sicut
3584 3372 3893 3430 Pharismus

2293 3458 2403 3511 ille.
2433 3457 2538 3512 Sed
2568 3458 2891 3527 pauperibus
2917 3460 3148 3530 erogas?
3191 3461 3385 3517 Verum
3419 3478 3526 3518 non
3561 3475 3679 3533 tua,
3709 3468 3807 3523 sed
3836 3484 3894 3523 ea

2294 3565 2414 3621 quae
2461 3550 2669 3604 Domini
2726 3560 2883 3613 sunt.
2934 3567 3053 3620 quae
3082 3563 3210 3609 sunt
3252 3555 3531 3610 conservis
3557 3561 3892 3615 communia.

2298 3640 2527 3709 Ideoque
2556 3640 2831 3695 humiliter
2865 3641 3226 3709 sentiendum,
3275 3643 3403 3699 dum
3429 3645 3481 3700 in
3508 3648 3893 3704 contribulium

2298 3731 2710 3798 calamitatibus,
2758 3746 2878 3801 quae
2915 3730 3010 3785 tibi
3067 3732 3271 3787 instent
3296 3735 3581 3803 prmvides,
3609 3750 3668 3792 et
3695 3748 3896 3794 natura:

2302 3832 2404 3877 tuae
2430 3822 2792 3878 conditionem
2828 3823 2879 3875 in
2911 3822 3028 3877 aliis
3049 3822 3264 3878 ediscis.
3293 3823 3546 3883 Fortasse
3572 3844 3679 3883 nos
3704 3830 3898 3885 talibus

2301 3914 2403 3968 orti
2443 3928 2627 3969 sumus
2674 3915 3128 3983 progenitoribus.
3174 3916 3323 3982 Quod
3366 3918 3411 3971 si
3462 3918 3671 3977 divitiae
3711 3924 3782 3977 ad
3811 3938 3900 3978 nos

2303 4006 2585 4069 transiere,
2621 4007 2741 4059 illas
2786 4005 2924 4060 haud
2970 4006 3131 4063 dubie
3172 4008 3558 4079 relinquemus.
3600 4014 3748 4078 Quid
3779 4030 3900 4069 vero

2302 4106 2426 4152 sunt
2450 4097 2685 4152 divitiae?
2714 4097 2908 4153 Umbra
2950 4098 3126 4154 inanis
3149 4141 3162 4167 ,
3208 4099 3386 4155 fumus
3412 4118 3754 4162 evanescens
3809 4108 3899 4160 flos

2304 4188 2456 4255 faeni,
2500 4192 2607 4245 imo
2636 4189 2768 4245 ﬂore
2793 4200 2919 4245 sunt
2943 4192 3182 4247 viliores.
3213 4192 3322 4247 Cur
3347 4194 3413 4248 de
3442 4194 3592 4250 fmno
3620 4198 3796 4253 altum
3821 4215 3899 4254 sa-

2312 4278 2429 4346 pis?
2451 4277 2640 4334 Nonne
2669 4289 2723 4333 et
2764 4279 2993 4341 furibus,
3022 4290 3079 4335 et
3124 4281 3398 4349 mollibus,
3426 4293 3481 4339 et
3523 4290 3902 4345 meretricibus

2310 4376 2365 4421 et
2386 4368 2749 4436 sepulcrorum
2778 4370 3128 4427 effossoribus
3155 4372 3355 4428 divitia:
3375 4376 3679 4433 accedunt?
3712 4381 3902 4436 ldeune

2312 4457 2621 4512 intumescis
2646 4459 2787 4528 quod
2818 4461 2952 4517 tales
2983 4476 3144 4531 opum
3191 4475 3471 4521 consortes
3499 4465 3709 4525 habeas
3731 4475 3756 4525 ἲ
3808 4473 3902 4527 Sed

2312 4546 2529 4603 honoris
2551 4549 2773 4617 cupidus
2795 4552 2891 4604 es?
2925 4552 3122 4608 Verum
3152 4554 3282 4609 nihil
3324 4559 3389 4610 ad
3415 4558 3680 4615 honorem
3714 4579 3904 4635 oppor-

2312 4640 2489 4693 tunius
2506 4640 2864 4710 eleemosyna.
2898 4642 3027 4697 Nam
3060 4644 3295 4702 honores
3314 4663 3381 4704 ex
3407 4649 3610 4706 divitiis
3632 4664 3692 4707 et
3724 4667 3902 4725 poten-

2314 4730 2385 4783 tia
2414 4732 2567 4798 parti,
2600 4733 2768 4787 coacti
2800 4743 2926 4788 snnt
2954 4745 3008 4791 et
3036 4737 3239 4805 odiosi;
3268 4740 3324 4795 hi
3351 4758 3476 4797 vero
3500 4760 3571 4799 ex
3604 4748 3838 4803 arbitrio
3861 4762 3905 4803 et

2316 4824 2638 4877 conscientia
2670 4824 3047 4883 honorantium
3081 4832 3379 4899 prodeunt,
3410 4850 3547 4904 quos
3594 4856 3664 4892 ne
3715 4842 3751 4895 ii
3800 4844 3905 4911 qui-

2318 4913 2437 4967 dem
2488 4916 2574 4983 qui
2625 4916 2893 4972 honorant
2950 4920 3017 4975 de
3058 4924 3235 4978 medio
3271 4926 3457 4981 tollere
3486 4941 3739 4997 possunt.
3767 4934 3903 5001 Quod

2318 5006 2359 5059 si
2390 5006 2630 5062 homines
2657 5018 2859 5064 tantam
2892 5028 3016 5082 erga
3065 5015 3461 5089 eleemosynam
3505 5037 3805 5090 erogantes
3834 5042 3905 5081 re-

2320 5099 2615 5152 verentiam
2637 5099 2850 5163 habent,
2881 5114 2934 5157 et
2961 5108 3138 5160 omnia
3176 5109 3306 5177 ipsis
3336 5110 3470 5165 bona
3498 5127 3867 5185 apprecantur
3894 5139 3903 5173 :

2320 5187 2491 5255 cogita
2542 5200 2791 5257 quantam
2822 5208 2850 5245 a
2881 5194 3111 5264 benigno
3150 5197 3258 5251 Deo
3303 5201 3608 5258 mercedem
3639 5212 3904 5278 accepturi

2321 5280 2447 5340 sint,
2481 5296 2635 5349 quam
2678 5284 3104 5341 retributionem.
3140 5289 3245 5343 llas
3287 5307 3415 5360 ergo
3436 5310 3755 5364 quaeramus
3783 5301 3906 5356 divi-

2325 5369 2423 5423 tias
2474 5384 2684 5439 semper
2715 5385 3011 5440 manentes,
3042 5393 3327 5448 numquam
3370 5381 3671 5450 fugientes;
3701 5401 3761 5443 ut
3787 5392 3903 5445 etin

2326 5460 2423 5515 hac
2469 5463 2572 5516 vita
2618 5467 2813 5533 magni,
2865 5477 2917 5520 et
2967 5469 3016 5522 in
3061 5471 3151 5525 illa
3198 5475 3474 5542 conspicui
3520 5480 3720 5546 simus,
3764 5495 3904 5553 atque

2326 5562 2523 5607 aeterna
2552 5568 2942 5624 consequamur
2971 5559 3142 5621 bona;
3186 5565 3353 5632 gratia
3375 5574 3429 5619 et
3458 5571 3796 5641 benignitate
3822 5576 3906 5628 Do-

2329 5644 2457 5696 mini
2483 5646 2645 5697 nostri
2673 5644 2801 5701 Jesu
2822 5646 3053 5717 Christi,
3084 5653 3297 5722 quicum
3321 5654 3463 5713 Patri
3492 5662 3690 5731 gloria,
3713 5682 3907 5735 unaque

2327 5733 2543 5793 Spiritui
2572 5745 2777 5803 sancto,
2811 5754 2951 5794 nunc
2979 5750 3034 5797 et
3057 5756 3268 5813 semper
3296 5757 3350 5803 et
3380 5746 3429 5803 in
3466 5755 3665 5809 szecula
3697 5733 3904 5812 saeculo-
3992 5804 3993 5819 χ

2335 5836 2468 5878 rum.
2502 5828 2540 5877 Α
2550 5841 2691 5881 men.
