  <div class='ocr_page' id='page_1' title='image "/cluster/home/n/w/nwhite01/storage/ocr_20150623/59/ien.35556001660869/200.png"; bbox 0 0 4024 6466; ppageno 0'>
   <div class='ocr_carea' id='block_1_1' title="bbox 155 442 258 504">
    <p class='ocr_par' dir='ltr' id='par_1_1' title="bbox 155 442 258 504">
     <span class='ocr_line' id='line_1_1' title="bbox 155 442 258 504; baseline -0.019 0"><span class='ocrx_word' id='word_1_1' title='bbox 155 442 258 504; x_wconf 68' lang='lat'><strong><em>(9‘5</em></strong></span> 
     </span>
    </p>
   </div>
   <div class='ocr_carea' id='block_1_2' title="bbox 1182 421 2555 485">
    <p class='ocr_par' dir='ltr' id='par_1_2' title="bbox 1182 421 2555 485">
     <span class='ocr_line' id='line_1_2' title="bbox 1182 421 2555 485; baseline -0.006 -1"><span class='ocrx_word' id='word_1_2' title='bbox 1182 429 1247 484; x_wconf 81' lang='grc' dir='ltr'><strong>ΙΝ</strong></span> <span class='ocrx_word' id='word_1_3' title='bbox 1287 423 1604 485; x_wconf 72' lang='grc' dir='ltr'><strong><em>ΙΟΑΝΝΕΜ</em></strong></span> <span class='ocrx_word' id='word_1_4' title='bbox 1647 422 1876 480; x_wconf 79' lang='lat' dir='ltr'><strong><em>HOMIL.</em></strong></span> <span class='ocrx_word' id='word_1_5' title='bbox 1924 422 2160 479; x_wconf 71' lang='lat' dir='ltr'><strong>XXXIV.</strong></span> <span class='ocrx_word' id='word_1_6' title='bbox 2202 423 2271 475; x_wconf 87' lang='lat' dir='ltr'><strong><em>al.</em></strong></span> <span class='ocrx_word' id='word_1_7' title='bbox 2318 421 2555 477; x_wconf 74' lang='lat' dir='ltr'><strong>XXXIII.</strong></span> 
     </span>
    </p>
   </div>
   <div class='ocr_carea' id='block_1_3' title="bbox 3352 427 3458 486">
    <p class='ocr_par' dir='ltr' id='par_1_3' title="bbox 3352 427 3458 486">
     <span class='ocr_line' id='line_1_3' title="bbox 3352 427 3458 486; baseline 0.019 -2"><span class='ocrx_word' id='word_1_8' title='bbox 3352 427 3458 486; x_wconf 65' lang='grc' dir='ltr'><strong><em>ιιι</em></strong></span> 
     </span>
    </p>
   </div>
   <div class='ocr_carea' id='block_1_4' title="bbox 156 539 2790 577">
    <p class='ocr_par' dir='ltr' id='par_1_4' title="bbox 156 539 2790 577">
     <span class='ocr_line' id='line_1_4' title="bbox 156 539 2790 577; baseline -0 -22"><span class='ocrx_word' id='word_1_9' title='bbox 156 539 2790 577; x_wconf 78' lang='lat'><strong><em>_______________________________.__._.______.</em></strong></span> 
     </span>
    </p>
   </div>
   <div class='ocr_carea' id='block_1_5' title="bbox 1471 600 2172 667">
    <p class='ocr_par' dir='ltr' id='par_1_5' title="bbox 1471 600 2172 667">
     <span class='ocr_line' id='line_1_5' title="bbox 1471 600 2172 667; baseline -0.013 1"><span class='ocrx_word' id='word_1_10' title='bbox 1471 603 1822 667; x_wconf 77' lang='lat' dir='ltr'><strong><em>HOMILIA</em></strong></span> <span class='ocrx_word' id='word_1_11' title='bbox 1867 600 2172 662; x_wconf 87' lang='lat' dir='ltr'><strong>XXXIV.</strong></span> 
     </span>
    </p>
   </div>
   <div class='ocr_carea' id='block_1_6' title="bbox 149 706 1748 790">
    <p class='ocr_par' dir='ltr' id='par_1_6' title="bbox 149 706 1748 790">
     <span class='ocr_line' id='line_1_6' title="bbox 149 706 1748 790; baseline -0.015 -9"><span class='ocrx_word' id='word_1_12' title='bbox 149 724 243 781; x_wconf 74' lang='lat'><strong><em>28.</em></strong></span> <span class='ocrx_word' id='word_1_13' title='bbox 279 722 503 789; x_wconf 83' lang='lat' dir='ltr'><strong><em>Reliquit</em></strong></span> <span class='ocrx_word' id='word_1_14' title='bbox 525 733 645 790; x_wconf 81' lang='lat' dir='ltr'><strong><em>ergo</em></strong></span> <span class='ocrx_word' id='word_1_15' title='bbox 675 715 913 787; x_wconf 81' lang='lat' dir='ltr'><strong><em>hydriam</em></strong></span> <span class='ocrx_word' id='word_1_16' title='bbox 949 727 1094 766; x_wconf 91' lang='lat' dir='ltr'><strong><em>suam</em></strong></span> <span class='ocrx_word' id='word_1_17' title='bbox 1130 711 1331 776; x_wconf 80' lang='lat' dir='ltr'><strong><em>mulier,</em></strong></span> <span class='ocrx_word' id='word_1_18' title='bbox 1373 718 1421 763; x_wconf 90' lang='lat' dir='ltr'><strong><em>et</em></strong></span> <span class='ocrx_word' id='word_1_19' title='bbox 1448 708 1568 763; x_wconf 83' lang='lat' dir='ltr'><strong><em>abiit</em></strong></span> <span class='ocrx_word' id='word_1_20' title='bbox 1597 708 1648 759; x_wconf 91' lang='lat' dir='ltr'><strong><em>in</em></strong></span> <span class='ocrx_word' id='word_1_21' title='bbox 1671 706 1748 758; x_wconf 82' lang='lat' dir='ltr'><strong><em>ci-</em></strong></span> 
     </span>
    </p>
   </div>
   <div class='ocr_carea' id='block_1_7' title="bbox 227 796 1752 874">
    <p class='ocr_par' dir='ltr' id='par_1_7' title="bbox 227 796 1752 874">
     <span class='ocr_line' id='line_1_7' title="bbox 227 796 1752 874; baseline -0.013 -7"><span class='ocrx_word' id='word_1_22' title='bbox 227 813 448 874; x_wconf 82' lang='lat' dir='ltr'><strong><em>vitalem,</em></strong></span> <span class='ocrx_word' id='word_1_23' title='bbox 478 816 525 862; x_wconf 87' lang='lat' dir='ltr'><strong><em>et</em></strong></span> <span class='ocrx_word' id='word_1_24' title='bbox 550 808 678 862; x_wconf 71' lang='lat' dir='ltr'><strong><em>dixit</em></strong></span> <span class='ocrx_word' id='word_1_25' title='bbox 707 802 990 859; x_wconf 86' lang='lat' dir='ltr'><strong><em>hominibus</em></strong></span> <span class='ocrx_word' id='word_1_26' title='bbox 1020 799 1148 855; x_wconf 71' lang='lat'><strong><em>:29.</em></strong></span> <span class='ocrx_word' id='word_1_27' title='bbox 1184 797 1377 866; x_wconf 82' lang='lat' dir='ltr'><strong><em>Venite,</em></strong></span> <span class='ocrx_word' id='word_1_28' title='bbox 1406 799 1567 852; x_wconf 82' lang='lat' dir='ltr'><strong><em>uidete</em></strong></span> <span class='ocrx_word' id='word_1_29' title='bbox 1589 796 1752 849; x_wconf 88' lang='lat' dir='ltr'><strong><em>homi-</em></strong></span> 
     </span>
    </p>
   </div>
   <div class='ocr_carea' id='block_1_8' title="bbox 223 886 1750 970">
    <p class='ocr_par' dir='ltr' id='par_1_8' title="bbox 223 886 1750 970">
     <span class='ocr_line' id='line_1_8' title="bbox 223 886 1750 970; baseline -0.012 -14"><span class='ocrx_word' id='word_1_30' title='bbox 223 918 360 967; x_wconf 87' lang='lat' dir='ltr'><strong><em>nem,</em></strong></span> <span class='ocrx_word' id='word_1_31' title='bbox 395 901 480 970; x_wconf 89' lang='lat' dir='ltr'><strong><em>qui</em></strong></span> <span class='ocrx_word' id='word_1_32' title='bbox 508 899 638 953; x_wconf 68' lang='lat' dir='ltr'><strong><em>dixit</em></strong></span> <span class='ocrx_word' id='word_1_33' title='bbox 676 895 804 949; x_wconf 82' lang='lat' dir='ltr'><strong><em>mihi</em></strong></span> <span class='ocrx_word' id='word_1_34' title='bbox 841 906 1169 963; x_wconf 71' lang='lat' dir='ltr'><strong><em>quacumque</em></strong></span> <span class='ocrx_word' id='word_1_35' title='bbox 1189 891 1288 963; x_wconf 72' lang='lat' dir='ltr'><strong><em>feci</em></strong></span> <span class='ocrx_word' id='word_1_36' title='bbox 1315 905 1335 944; x_wconf 90' lang='lat'><strong><em>:</em></strong></span> <span class='ocrx_word' id='word_1_37' title='bbox 1361 887 1609 959; x_wconf 78' lang='lat' dir='ltr'><strong><em>numquid</em></strong></span> <span class='ocrx_word' id='word_1_38' title='bbox 1637 886 1750 954; x_wconf 86' lang='lat' dir='ltr'><strong><em>ipse</em></strong></span> 
     </span>
    </p>
   </div>
   <div class='ocr_carea' id='block_1_9' title="bbox 224 988 600 1046">
    <p class='ocr_par' dir='ltr' id='par_1_9' title="bbox 224 988 600 1046">
     <span class='ocr_line' id='line_1_9' title="bbox 224 988 600 1046; baseline -0.013 0"><span class='ocrx_word' id='word_1_39' title='bbox 224 999 300 1046; x_wconf 86' lang='lat' dir='ltr'><strong><em>est</em></strong></span> <span class='ocrx_word' id='word_1_40' title='bbox 329 988 600 1045; x_wconf 80' lang='lat' dir='ltr'><strong><em>Christus?</em></strong></span> 
     </span>
    </p>
   </div>
   <div class='ocr_carea' id='block_1_10' title="bbox 227 1070 1751 1142">
    <p class='ocr_par' dir='ltr' id='par_1_10' title="bbox 227 1070 1751 1142">
     <span class='ocr_line' id='line_1_10' title="bbox 227 1070 1751 1142; baseline -0.013 -4"><span class='ocrx_word' id='word_1_41' title='bbox 227 1085 280 1138; x_wconf 83' lang='grc' dir='ltr'><strong><em>Ι.</em></strong></span> <span class='ocrx_word' id='word_1_42' title='bbox 310 1081 580 1137; x_wconf 82' lang='lat' dir='ltr'><strong><em>Fervorem</em></strong></span> <span class='ocrx_word' id='word_1_43' title='bbox 607 1076 920 1131; x_wconf 85' lang='lat' dir='ltr'><strong><em>audientium</em></strong></span> <span class='ocrx_word' id='word_1_44' title='bbox 960 1074 1146 1129; x_wconf 67' lang='lat' dir='ltr'><strong><em>excitat</em></strong></span> <span class='ocrx_word' id='word_1_45' title='bbox 1204 1070 1593 1142; x_wconf 79' lang='lat' dir='ltr'><strong><em>Chrysostomus</em></strong></span> <span class='ocrx_word' id='word_1_46' title='bbox 1636 1082 1751 1121; x_wconf 89' lang='lat' dir='ltr'><strong><em>cum</em></strong></span> 
     </span>
    </p>
   </div>
   <div class='ocr_carea' id='block_1_11' title="bbox 159 1158 1752 1236">
    <p class='ocr_par' dir='ltr' id='par_1_11' title="bbox 159 1158 1752 1236">
     <span class='ocr_line' id='line_1_11' title="bbox 159 1158 1752 1236; baseline -0.01 -8"><span class='ocrx_word' id='word_1_47' title='bbox 159 1174 327 1228; x_wconf 80' lang='lat' dir='ltr'><strong><em>rerbis</em></strong></span> <span class='ocrx_word' id='word_1_48' title='bbox 352 1171 572 1234; x_wconf 91' lang='lat' dir='ltr'><strong><em>Christi,</em></strong></span> <span class='ocrx_word' id='word_1_49' title='bbox 599 1177 703 1222; x_wconf 89' lang='lat' dir='ltr'><strong><em>tum</em></strong></span> <span class='ocrx_word' id='word_1_50' title='bbox 732 1165 960 1236; x_wconf 63' lang='lat' dir='ltr'><strong><em>exemplo</em></strong></span> <span class='ocrx_word' id='word_1_51' title='bbox 984 1165 1208 1218; x_wconf 84' lang='lat' dir='ltr'><strong><em>mulieris</em></strong></span> <span class='ocrx_word' id='word_1_52' title='bbox 1240 1161 1584 1217; x_wconf 70' lang='lat' dir='ltr'><strong><em>Samaritana</em></strong></span> <span class='ocrx_word' id='word_1_53' title='bbox 1607 1158 1752 1227; x_wconf 86' lang='lat' dir='ltr'><strong><em>cujus</em></strong></span> 
     </span>
    </p>
   </div>
   <div class='ocr_carea' id='block_1_12' title="bbox 163 1249 1751 1323">
    <p class='ocr_par' dir='ltr' id='par_1_12' title="bbox 163 1249 1751 1323">
     <span class='ocr_line' id='line_1_12' title="bbox 163 1249 1751 1323; baseline -0.01 -7"><span class='ocrx_word' id='word_1_54' title='bbox 163 1264 322 1317; x_wconf 86' lang='lat' dir='ltr'><strong><em>etiam</em></strong></span> <span class='ocrx_word' id='word_1_55' title='bbox 347 1261 678 1314; x_wconf 81' lang='lat' dir='ltr'><strong><em>humilitatem</em></strong></span> <span class='ocrx_word' id='word_1_56' title='bbox 699 1255 894 1310; x_wconf 82' lang='lat' dir='ltr'><strong><em>laudat.</em></strong></span> <span class='ocrx_word' id='word_1_57' title='bbox 918 1255 1151 1310; x_wconf 72' lang='lat' dir='ltr'><strong><em>Christus</em></strong></span> <span class='ocrx_word' id='word_1_58' title='bbox 1175 1269 1325 1323; x_wconf 89' lang='lat' dir='ltr'><strong><em>quam</em></strong></span> <span class='ocrx_word' id='word_1_59' title='bbox 1354 1251 1419 1306; x_wconf 87' lang='lat' dir='ltr'><strong><em>de</em></strong></span> <span class='ocrx_word' id='word_1_60' title='bbox 1450 1249 1618 1305; x_wconf 86' lang='lat' dir='ltr'><strong><em>salute</em></strong></span> <span class='ocrx_word' id='word_1_61' title='bbox 1653 1249 1751 1302; x_wconf 88' lang='lat' dir='ltr'><strong><em>ho-</em></strong></span> 
     </span>
    </p>
   </div>
   <div class='ocr_carea' id='block_1_13' title="bbox 151 1337 1754 1418">
    <p class='ocr_par' dir='ltr' id='par_1_13' title="bbox 151 1337 1754 1418">
     <span class='ocr_line' id='line_1_13' title="bbox 151 1337 1754 1418; baseline -0.01 -12"><span class='ocrx_word' id='word_1_62' title='bbox 151 1355 348 1406; x_wconf 86' lang='lat' dir='ltr'><strong><em>minum</em></strong></span> <span class='ocrx_word' id='word_1_63' title='bbox 366 1350 635 1412; x_wconf 85' lang='lat' dir='ltr'><strong><em>sollicitus,</em></strong></span> <span class='ocrx_word' id='word_1_64' title='bbox 654 1363 804 1418; x_wconf 84' lang='lat' dir='ltr'><strong><em>quam</em></strong></span> <span class='ocrx_word' id='word_1_65' title='bbox 831 1346 884 1399; x_wconf 88' lang='lat' dir='ltr'><strong><em>in</em></strong></span> <span class='ocrx_word' id='word_1_66' title='bbox 910 1344 1214 1398; x_wconf 83' lang='lat' dir='ltr'><strong><em>inculcanda</em></strong></span> <span class='ocrx_word' id='word_1_67' title='bbox 1239 1342 1472 1396; x_wconf 85' lang='lat' dir='ltr'><strong><em>doctrina</em></strong></span> <span class='ocrx_word' id='word_1_68' title='bbox 1494 1337 1754 1409; x_wconf 82' lang='lat' dir='ltr'><strong><em>prudens!</em></strong></span> 
     </span>
    </p>
   </div>
   <div class='ocr_carea' id='block_1_14' title="bbox 150 1427 1749 1506">
    <p class='ocr_par' dir='ltr' id='par_1_14' title="bbox 150 1427 1749 1506">
     <span class='ocr_line' id='line_1_14' title="bbox 150 1427 1749 1506; baseline -0.012 -9"><span class='ocrx_word' id='word_1_69' title='bbox 150 1442 405 1496; x_wconf 74' lang='grc' dir='ltr'>-Μιιιιο</span> <span class='ocrx_word' id='word_1_70' title='bbox 443 1455 542 1494; x_wconf 90' lang='lat' dir='ltr'><strong><em>nos</em></strong></span> <span class='ocrx_word' id='word_1_71' title='bbox 571 1437 784 1492; x_wconf 79' lang='lat' dir='ltr'><strong><em>fervore</em></strong></span> <span class='ocrx_word' id='word_1_72' title='bbox 810 1443 1044 1506; x_wconf 76' lang='lat' dir='ltr'><strong><em>oportet,</em></strong></span> <span class='ocrx_word' id='word_1_73' title='bbox 1077 1434 1247 1487; x_wconf 88' lang='lat' dir='ltr'><strong><em>multo</em></strong></span> <span class='ocrx_word' id='word_1_74' title='bbox 1293 1431 1514 1487; x_wconf 86' lang='lat' dir='ltr'><strong><em>excitari</em></strong></span> <span class='ocrx_word' id='word_1_75' title='bbox 1543 1427 1749 1489; x_wconf 87' lang='lat' dir='ltr'><strong><em>studio;</em></strong></span> 
     </span>
    </p>
   </div>
   <div class='ocr_carea' id='block_1_15' title="bbox 151 1517 1752 1601">
    <p class='ocr_par' dir='ltr' id='par_1_15' title="bbox 151 1517 1752 1601">
     <span class='ocr_line' id='line_1_15' title="bbox 151 1517 1752 1601; baseline -0.01 -15"><span class='ocrx_word' id='word_1_76' title='bbox 151 1534 392 1601; x_wconf 83' lang='lat' dir='ltr'><strong><em>alioquin</em></strong></span> <span class='ocrx_word' id='word_1_77' title='bbox 415 1530 674 1600; x_wconf 87' lang='lat' dir='ltr'><strong><em>promissa</em></strong></span> <span class='ocrx_word' id='word_1_78' title='bbox 693 1528 831 1582; x_wconf 90' lang='lat' dir='ltr'><strong><em>bona</em></strong></span> <span class='ocrx_word' id='word_1_79' title='bbox 853 1525 1106 1595; x_wconf 85' lang='lat' dir='ltr'><strong><em>consequi</em></strong></span> <span class='ocrx_word' id='word_1_80' title='bbox 1137 1538 1241 1578; x_wconf 91' lang='lat' dir='ltr'><strong><em>non</em></strong></span> <span class='ocrx_word' id='word_1_81' title='bbox 1265 1523 1579 1592; x_wconf 72' lang='lat' dir='ltr'><strong><em>petet-imus.</em></strong></span> <span class='ocrx_word' id='word_1_82' title='bbox 1598 1517 1752 1586; x_wconf 85' lang='lat' dir='ltr'><strong><em>Quod</em></strong></span> 
     </span>
    </p>
   </div>
   <div class='ocr_carea' id='block_1_16' title="bbox 155 1612 1751 1694">
    <p class='ocr_par' dir='ltr' id='par_1_16' title="bbox 155 1612 1751 1694">
     <span class='ocr_line' id='line_1_16' title="bbox 155 1612 1751 1694; baseline -0.009 -17"><span class='ocrx_word' id='word_1_83' title='bbox 155 1622 471 1694; x_wconf 71' lang='lat' dir='ltr'><strong><em>significans</em></strong></span> <span class='ocrx_word' id='word_1_84' title='bbox 519 1619 763 1676; x_wconf 74' lang='lat' dir='ltr'><strong><em>Christus</em></strong></span> <span class='ocrx_word' id='word_1_85' title='bbox 809 1617 969 1672; x_wconf 89' lang='lat' dir='ltr'><strong><em>modo</em></strong></span> <span class='ocrx_word' id='word_1_86' title='bbox 1014 1615 1228 1685; x_wconf 86' lang='lat' dir='ltr'><strong><em>quidem</em></strong></span> <span class='ocrx_word' id='word_1_87' title='bbox 1275 1615 1350 1668; x_wconf 86' lang='lat' dir='ltr'><strong><em>ait</em></strong></span> <span class='ocrx_word' id='word_1_88' title='bbox 1379 1635 1392 1670; x_wconf 91' lang='lat'><strong>:</strong></span> <span class='ocrx_word' id='word_1_89' title='bbox 1421 1612 1483 1667; x_wconf 88' lang='lat' dir='ltr'><strong><em>Si</em></strong></span> <span class='ocrx_word' id='word_1_90' title='bbox 1511 1613 1622 1680; x_wconf 85' lang='lat' dir='ltr'><strong><em>quis</em></strong></span> <span class='ocrx_word' id='word_1_91' title='bbox 1649 1625 1751 1663; x_wconf 89' lang='lat' dir='ltr'><strong><em>non</em></strong></span> 
     </span>
    </p>
   </div>
   <div class='ocr_carea' id='block_1_17' title="bbox 151 1701 1752 1780">
    <p class='ocr_par' dir='ltr' id='par_1_17' title="bbox 151 1701 1752 1780">
     <span class='ocr_line' id='line_1_17' title="bbox 151 1701 1752 1780; baseline -0.009 -13"><span class='ocrx_word' id='word_1_92' title='bbox 151 1713 343 1780; x_wconf 78' lang='lat' dir='ltr'><strong><em>accipit</em></strong></span> <span class='ocrx_word' id='word_1_93' title='bbox 372 1726 570 1764; x_wconf 89' lang='lat' dir='ltr'><strong><em>crucem</em></strong></span> <span class='ocrx_word' id='word_1_94' title='bbox 594 1725 763 1775; x_wconf 92' lang='lat' dir='ltr'><strong><em>suam,</em></strong></span> <span class='ocrx_word' id='word_1_95' title='bbox 791 1715 839 1761; x_wconf 88' lang='lat' dir='ltr'><strong><em>et</em></strong></span> <span class='ocrx_word' id='word_1_96' title='bbox 875 1704 1101 1775; x_wconf 74' lang='lat' dir='ltr'><strong><em>sequitur</em></strong></span> <span class='ocrx_word' id='word_1_97' title='bbox 1125 1721 1223 1768; x_wconf 85' lang='lat' dir='ltr'><strong><em>me,</em></strong></span> <span class='ocrx_word' id='word_1_98' title='bbox 1251 1721 1355 1760; x_wconf 87' lang='lat' dir='ltr'><strong><em>non</em></strong></span> <span class='ocrx_word' id='word_1_99' title='bbox 1372 1713 1445 1758; x_wconf 86' lang='lat' dir='ltr'><strong><em>est</em></strong></span> <span class='ocrx_word' id='word_1_100' title='bbox 1467 1719 1546 1756; x_wconf 90' lang='lat' dir='ltr'><strong><em>me</em></strong></span> <span class='ocrx_word' id='word_1_101' title='bbox 1569 1701 1752 1769; x_wconf 82' lang='lat' dir='ltr'><strong><em>dignus</em></strong></span> 
     </span>
    </p>
   </div>
   <div class='ocr_carea' id='block_1_18' title="bbox 158 1790 1753 1875">
    <p class='ocr_par' dir='ltr' id='par_1_18' title="bbox 158 1790 1753 1875">
     <span class='ocr_line' id='line_1_18' title="bbox 158 1790 1753 1875; baseline -0.009 -18"><span class='ocrx_word' id='word_1_102' title='bbox 158 1803 392 1875; x_wconf 75' lang='lat' dir='ltr'><strong><em>(Matth.</em></strong></span> <span class='ocrx_word' id='word_1_103' title='bbox 430 1801 510 1857; x_wconf 81' lang='grc'><strong><em>10.</em></strong></span> <span class='ocrx_word' id='word_1_104' title='bbox 542 1799 644 1872; x_wconf 82' lang='grc'><strong><em>58)</em></strong></span> <span class='ocrx_word' id='word_1_105' title='bbox 668 1816 684 1864; x_wconf 87' lang='grc'><strong>;</strong></span> <span class='ocrx_word' id='word_1_106' title='bbox 706 1798 866 1852; x_wconf 90' lang='lat' dir='ltr'><strong><em>modo</em></strong></span> <span class='ocrx_word' id='word_1_107' title='bbox 895 1806 1105 1863; x_wconf 88' lang='lat' dir='ltr'><strong><em>autem,</em></strong></span> <span class='ocrx_word' id='word_1_108' title='bbox 1133 1794 1316 1867; x_wconf 82' lang='lat' dir='ltr'><strong><em>Ignem</em></strong></span> <span class='ocrx_word' id='word_1_109' title='bbox 1344 1793 1456 1848; x_wconf 85' lang='lat' dir='ltr'><strong><em>ueni</em></strong></span> <span class='ocrx_word' id='word_1_110' title='bbox 1477 1794 1671 1846; x_wconf 85' lang='lat' dir='ltr'><strong><em>mittere</em></strong></span> <span class='ocrx_word' id='word_1_111' title='bbox 1698 1790 1753 1843; x_wconf 90' lang='lat' dir='ltr'><strong><em>in</em></strong></span> 
     </span>
    </p>
   </div>
   <div class='ocr_carea' id='block_1_19' title="bbox 152 1881 1752 1962">
    <p class='ocr_par' dir='ltr' id='par_1_19' title="bbox 152 1881 1752 1962">
     <span class='ocr_line' id='line_1_19' title="bbox 152 1881 1752 1962; baseline -0.006 -16"><span class='ocrx_word' id='word_1_112' title='bbox 152 1903 340 1945; x_wconf 86' lang='lat' dir='ltr'><strong><em>terram</em></strong></span> <span class='ocrx_word' id='word_1_113' title='bbox 360 1933 375 1960; x_wconf 92' lang='lat'><strong><em>,</em></strong></span> <span class='ocrx_word' id='word_1_114' title='bbox 409 1900 455 1946; x_wconf 89' lang='lat' dir='ltr'><strong><em>et</em></strong></span> <span class='ocrx_word' id='word_1_115' title='bbox 478 1890 599 1962; x_wconf 86' lang='lat' dir='ltr'><strong><em>quid</em></strong></span> <span class='ocrx_word' id='word_1_116' title='bbox 624 1889 736 1944; x_wconf 82' lang='lat' dir='ltr'><strong><em>volo</em></strong></span> <span class='ocrx_word' id='word_1_117' title='bbox 756 1890 857 1942; x_wconf 89' lang='lat' dir='ltr'><strong><em>nisi</em></strong></span> <span class='ocrx_word' id='word_1_118' title='bbox 873 1898 926 1942; x_wconf 91' lang='lat' dir='ltr'><strong><em>ut</em></strong></span> <span class='ocrx_word' id='word_1_119' title='bbox 946 1887 1253 1941; x_wconf 84' lang='lat' dir='ltr'><strong><em>accendatur</em></strong></span> <span class='ocrx_word' id='word_1_120' title='bbox 1287 1883 1456 1957; x_wconf 90' lang='lat' dir='ltr'><strong><em>(Luc.</em></strong></span> <span class='ocrx_word' id='word_1_121' title='bbox 1489 1882 1587 1938; x_wconf 67' lang='grc'><strong><em>12-</em></strong></span> <span class='ocrx_word' id='word_1_122' title='bbox 1605 1881 1676 1937; x_wconf 71' lang='grc'><strong><em>49</em></strong></span> <span class='ocrx_word' id='word_1_123' title='bbox 1695 1881 1752 1952; x_wconf 79' lang='lat' dir='ltr'><strong><em>)‘l</em></strong></span> 
     </span>
    </p>
   </div>
   <div class='ocr_carea' id='block_1_20' title="bbox 153 1973 1750 2052">
    <p class='ocr_par' dir='ltr' id='par_1_20' title="bbox 153 1973 1750 2052">
     <span class='ocr_line' id='line_1_20' title="bbox 153 1973 1750 2052; baseline -0.008 -12"><span class='ocrx_word' id='word_1_124' title='bbox 153 1983 398 2052; x_wconf 84' lang='lat' dir='ltr'><strong><em>Utroque</em></strong></span> <span class='ocrx_word' id='word_1_125' title='bbox 444 1981 608 2046; x_wconf 91' lang='lat' dir='ltr'><strong><em>dicto,</em></strong></span> <span class='ocrx_word' id='word_1_126' title='bbox 653 1978 953 2035; x_wconf 81' lang='lat' dir='ltr'><strong><em>ferventem</em></strong></span> <span class='ocrx_word' id='word_1_127' title='bbox 1004 1979 1390 2046; x_wconf 89' lang='lat' dir='ltr'><strong><em>incensumque</em></strong></span> <span class='ocrx_word' id='word_1_128' title='bbox 1429 1973 1750 2043; x_wconf 90' lang='lat' dir='ltr'><strong><em>discipulum</em></strong></span> 
     </span>
    </p>
   </div>
   <div class='ocr_carea' id='block_1_21' title="bbox 154 2065 1756 2141">
    <p class='ocr_par' dir='ltr' id='par_1_21' title="bbox 154 2065 1756 2141">
     <span class='ocr_line' id='line_1_21' title="bbox 154 2065 1756 2141; baseline -0.009 -9"><span class='ocrx_word' id='word_1_129' title='bbox 154 2077 337 2141; x_wconf 86' lang='lat' dir='ltr'><strong><em>nobis,</em></strong></span> <span class='ocrx_word' id='word_1_130' title='bbox 360 2086 410 2131; x_wconf 91' lang='lat' dir='ltr'><strong><em>et</em></strong></span> <span class='ocrx_word' id='word_1_131' title='bbox 434 2074 503 2129; x_wconf 89' lang='lat' dir='ltr'><strong><em>ad</em></strong></span> <span class='ocrx_word' id='word_1_132' title='bbox 529 2072 707 2128; x_wconf 88' lang='lat' dir='ltr'><strong><em>omnia</em></strong></span> <span class='ocrx_word' id='word_1_133' title='bbox 736 2070 1012 2126; x_wconf 88' lang='lat' dir='ltr'><strong><em>subeunda</em></strong></span> <span class='ocrx_word' id='word_1_134' title='bbox 1043 2069 1276 2140; x_wconf 88' lang='lat' dir='ltr'><strong><em>pericula</em></strong></span> <span class='ocrx_word' id='word_1_135' title='bbox 1319 2074 1562 2138; x_wconf 84' lang='lat' dir='ltr'><strong><em>paratum</em></strong></span> <span class='ocrx_word' id='word_1_136' title='bbox 1588 2065 1756 2136; x_wconf 80' lang='lat' dir='ltr'><strong><em>signi-</em></strong></span> 
     </span>
    </p>
   </div>
   <div class='ocr_carea' id='block_1_22' title="bbox 155 2154 1755 2223">
    <p class='ocr_par' dir='ltr' id='par_1_22' title="bbox 155 2154 1755 2223">
     <span class='ocr_line' id='line_1_22' title="bbox 155 2154 1755 2223; baseline -0.008 -1"><span class='ocrx_word' id='word_1_137' title='bbox 155 2170 305 2223; x_wconf 88' lang='lat' dir='ltr'><strong><em>licat.</em></strong></span> <span class='ocrx_word' id='word_1_138' title='bbox 365 2166 510 2221; x_wconf 81' lang='lat' dir='ltr'><strong><em>Talis</em></strong></span> <span class='ocrx_word' id='word_1_139' title='bbox 562 2171 682 2219; x_wconf 89' lang='lat' dir='ltr'><strong><em>erat</em></strong></span> <span class='ocrx_word' id='word_1_140' title='bbox 732 2172 786 2217; x_wconf 89' lang='lat' dir='ltr'><strong><em>et</em></strong></span> <span class='ocrx_word' id='word_1_141' title='bbox 833 2161 951 2216; x_wconf 61' lang='lat' dir='ltr'><strong><em>haec</em></strong></span> <span class='ocrx_word' id='word_1_142' title='bbox 999 2160 1232 2216; x_wconf 89' lang='lat' dir='ltr'><strong><em>mulier:</em></strong></span> <span class='ocrx_word' id='word_1_143' title='bbox 1264 2159 1337 2213; x_wconf 92' lang='lat' dir='ltr'><strong><em>ita</em></strong></span> <span class='ocrx_word' id='word_1_144' title='bbox 1381 2157 1525 2213; x_wconf 87' lang='lat' dir='ltr'><strong><em>enim</em></strong></span> <span class='ocrx_word' id='word_1_145' title='bbox 1572 2154 1755 2210; x_wconf 79' lang='lat' dir='ltr'><strong><em>verbis</em></strong></span> 
     </span>
    </p>
   </div>
   <div class='ocr_carea' id='block_1_23' title="bbox 153 2245 1755 2322">
    <p class='ocr_par' dir='ltr' id='par_1_23' title="bbox 153 2245 1755 2322">
     <span class='ocr_line' id='line_1_23' title="bbox 153 2245 1755 2322; baseline -0.012 -6"><span class='ocrx_word' id='word_1_146' title='bbox 153 2258 359 2316; x_wconf 83' lang='lat' dir='ltr'><strong><em>Christi</em></strong></span> <span class='ocrx_word' id='word_1_147' title='bbox 391 2258 604 2311; x_wconf 87' lang='lat' dir='ltr'><strong><em>incensa</em></strong></span> <span class='ocrx_word' id='word_1_148' title='bbox 635 2264 747 2319; x_wconf 91' lang='lat' dir='ltr'><strong><em>est,</em></strong></span> <span class='ocrx_word' id='word_1_149' title='bbox 777 2261 835 2306; x_wconf 91' lang='lat' dir='ltr'><strong><em>ut</em></strong></span> <span class='ocrx_word' id='word_1_150' title='bbox 860 2252 1049 2308; x_wconf 88' lang='lat' dir='ltr'><strong><em>relicta</em></strong></span> <span class='ocrx_word' id='word_1_151' title='bbox 1105 2249 1296 2322; x_wconf 79' lang='lat' dir='ltr'><strong><em>hydria</em></strong></span> <span class='ocrx_word' id='word_1_152' title='bbox 1324 2258 1382 2305; x_wconf 87' lang='lat' dir='ltr'><strong><em>et</em></strong></span> <span class='ocrx_word' id='word_1_153' title='bbox 1407 2262 1568 2318; x_wconf 84' lang='lat' dir='ltr'><strong><em>aqua,</em></strong></span> <span class='ocrx_word' id='word_1_154' title='bbox 1599 2245 1755 2313; x_wconf 84' lang='lat' dir='ltr'><strong><em>cujus</em></strong></span> 
     </span>
    </p>
   </div>
   <div class='ocr_carea' id='block_1_24' title="bbox 154 2334 1755 2420">
    <p class='ocr_par' dir='ltr' id='par_1_24' title="bbox 154 2334 1755 2420">
     <span class='ocr_line' id='line_1_24' title="bbox 154 2334 1755 2420; baseline -0.009 -16"><span class='ocrx_word' id='word_1_155' title='bbox 154 2349 328 2420; x_wconf 77' lang='lat' dir='ltr'><strong><em>gratia</em></strong></span> <span class='ocrx_word' id='word_1_156' title='bbox 360 2361 426 2404; x_wconf 91' lang='lat' dir='ltr'><strong><em>eo</em></strong></span> <span class='ocrx_word' id='word_1_157' title='bbox 443 2352 800 2408; x_wconf 84' lang='lat' dir='ltr'><strong><em>concesserat,</em></strong></span> <span class='ocrx_word' id='word_1_158' title='bbox 830 2334 887 2399; x_wconf 80' lang='lat' dir='ltr'><strong><em>et</em></strong></span> <span class='ocrx_word' id='word_1_159' title='bbox 915 2343 969 2397; x_wconf 91' lang='lat' dir='ltr'><strong><em>in</em></strong></span> <span class='ocrx_word' id='word_1_160' title='bbox 997 2341 1181 2396; x_wconf 85' lang='lat' dir='ltr'><strong><em>urbem</em></strong></span> <span class='ocrx_word' id='word_1_161' title='bbox 1204 2352 1513 2402; x_wconf 88' lang='lat' dir='ltr'><strong><em>accurrens,</em></strong></span> <span class='ocrx_word' id='word_1_162' title='bbox 1540 2337 1755 2390; x_wconf 84' lang='lat' dir='ltr'><strong><em>univer-</em></strong></span> 
     </span>
    </p>
   </div>
   <div class='ocr_carea' id='block_1_25' title="bbox 157 2430 1756 2510">
    <p class='ocr_par' dir='ltr' id='par_1_25' title="bbox 157 2430 1756 2510">
     <span class='ocr_line' id='line_1_25' title="bbox 157 2430 1756 2510; baseline -0.009 -14"><span class='ocrx_word' id='word_1_163' title='bbox 157 2457 283 2496; x_wconf 88' lang='lat' dir='ltr'><strong><em>sum</em></strong></span> <span class='ocrx_word' id='word_1_164' title='bbox 318 2439 568 2510; x_wconf 91' lang='lat' dir='ltr'><strong><em>populum</em></strong></span> <span class='ocrx_word' id='word_1_165' title='bbox 595 2437 662 2493; x_wconf 91' lang='lat' dir='ltr'><strong><em>ad</em></strong></span> <span class='ocrx_word' id='word_1_166' title='bbox 701 2437 883 2493; x_wconf 85' lang='lat' dir='ltr'><strong><em>Jcsum</em></strong></span> <span class='ocrx_word' id='word_1_167' title='bbox 920 2434 1181 2491; x_wconf 81' lang='lat' dir='ltr'><strong><em>traheret.</em></strong></span> <span class='ocrx_word' id='word_1_168' title='bbox 1233 2431 1431 2498; x_wconf 85' lang='lat' dir='ltr'><strong><em>Venite,</em></strong></span> <span class='ocrx_word' id='word_1_169' title='bbox 1488 2430 1676 2500; x_wconf 89' lang='lat' dir='ltr'><strong><em>inquit,</em></strong></span> <span class='ocrx_word' id='word_1_170' title='bbox 1709 2437 1756 2482; x_wconf 88' lang='lat' dir='ltr'><strong><em>et</em></strong></span> 
     </span>
    </p>
   </div>
   <div class='ocr_carea' id='block_1_26' title="bbox 158 2523 1752 2600">
    <p class='ocr_par' dir='ltr' id='par_1_26' title="bbox 158 2523 1752 2600">
     <span class='ocr_line' id='line_1_26' title="bbox 158 2523 1752 2600; baseline -0.008 -13"><span class='ocrx_word' id='word_1_171' title='bbox 158 2535 328 2588; x_wconf 76' lang='lat' dir='ltr'><strong><em>ridete</em></strong></span> <span class='ocrx_word' id='word_1_172' title='bbox 349 2532 621 2597; x_wconf 80' lang='lat' dir='ltr'><strong><em>hominem,</em></strong></span> <span class='ocrx_word' id='word_1_173' title='bbox 649 2531 736 2600; x_wconf 89' lang='lat' dir='ltr'><strong><em>qui</em></strong></span> <span class='ocrx_word' id='word_1_174' title='bbox 766 2529 896 2583; x_wconf 74' lang='lat' dir='ltr'><strong><em>dixit</em></strong></span> <span class='ocrx_word' id='word_1_175' title='bbox 932 2528 1059 2581; x_wconf 88' lang='lat' dir='ltr'><strong><em>mihi</em></strong></span> <span class='ocrx_word' id='word_1_176' title='bbox 1083 2527 1254 2580; x_wconf 86' lang='lat' dir='ltr'><strong><em>omnia</em></strong></span> <span class='ocrx_word' id='word_1_177' title='bbox 1282 2538 1609 2596; x_wconf 73' lang='lat' dir='ltr'><strong><em>quaecumque</em></strong></span> <span class='ocrx_word' id='word_1_178' title='bbox 1630 2523 1752 2595; x_wconf 78' lang='lat' dir='ltr'><strong><em>feci.</em></strong></span> 
     </span>
    </p>
   </div>
   <div class='ocr_carea' id='block_1_27' title="bbox 163 2612 1754 2690">
    <p class='ocr_par' dir='ltr' id='par_1_27' title="bbox 163 2612 1754 2690">
     <span class='ocr_line' id='line_1_27' title="bbox 163 2612 1754 2690; baseline -0.007 -12"><span class='ocrx_word' id='word_1_179' title='bbox 163 2622 300 2678; x_wconf 84' lang='lat' dir='ltr'><strong><em>Vide</em></strong></span> <span class='ocrx_word' id='word_1_180' title='bbox 330 2622 584 2685; x_wconf 89' lang='lat' dir='ltr'><strong><em>studium,</em></strong></span> <span class='ocrx_word' id='word_1_181' title='bbox 616 2622 738 2675; x_wconf 91' lang='lat' dir='ltr'><strong><em>vide</em></strong></span> <span class='ocrx_word' id='word_1_182' title='bbox 771 2618 1133 2690; x_wconf 88' lang='lat' dir='ltr'><strong><em>prudentiam.</em></strong></span> <span class='ocrx_word' id='word_1_183' title='bbox 1180 2616 1417 2672; x_wconf 83' lang='lat' dir='ltr'><strong><em>Venerat</em></strong></span> <span class='ocrx_word' id='word_1_184' title='bbox 1463 2623 1523 2670; x_wconf 90' lang='lat' dir='ltr'><strong><em>ut</em></strong></span> <span class='ocrx_word' id='word_1_185' title='bbox 1561 2612 1754 2682; x_wconf 86' lang='lat' dir='ltr'><strong><em>aquam</em></strong></span> 
     </span>
    </p>
   </div>
   <div class='ocr_carea' id='block_1_28' title="bbox 159 2704 1756 2776">
    <p class='ocr_par' dir='ltr' id='par_1_28' title="bbox 159 2704 1756 2776">
     <span class='ocr_line' id='line_1_28' title="bbox 159 2704 1756 2776; baseline -0.007 -7"><span class='ocrx_word' id='word_1_186' title='bbox 159 2713 426 2776; x_wconf 81' lang='lat' dir='ltr'><strong><em>hauriret,</em></strong></span> <span class='ocrx_word' id='word_1_187' title='bbox 459 2723 662 2767; x_wconf 92' lang='lat' dir='ltr'><strong><em>etcum</em></strong></span> <span class='ocrx_word' id='word_1_188' title='bbox 707 2725 896 2766; x_wconf 88' lang='lat' dir='ltr'><strong><em>verum</em></strong></span> <span class='ocrx_word' id='word_1_189' title='bbox 927 2709 1127 2765; x_wconf 84' lang='lat' dir='ltr'><strong><em>fontem</em></strong></span> <span class='ocrx_word' id='word_1_190' title='bbox 1181 2708 1499 2773; x_wconf 85' lang='lat' dir='ltr'><strong><em>invenisset,</em></strong></span> <span class='ocrx_word' id='word_1_191' title='bbox 1555 2704 1756 2760; x_wconf 83' lang='lat' dir='ltr'><strong><em>l‘ontem</em></strong></span> 
     </span>
    </p>
   </div>
   <div class='ocr_carea' id='block_1_29' title="bbox 159 2795 1758 2870">
    <p class='ocr_par' dir='ltr' id='par_1_29' title="bbox 159 2795 1758 2870">
     <span class='ocr_line' id='line_1_29' title="bbox 159 2795 1758 2870; baseline -0.008 -9"><span class='ocrx_word' id='word_1_192' title='bbox 159 2806 266 2861; x_wconf 85' lang='lat' dir='ltr'><strong><em>sub</em></strong></span> <span class='ocrx_word' id='word_1_193' title='bbox 291 2819 510 2859; x_wconf 87' lang='lat' dir='ltr'><strong><em>sensum</em></strong></span> <span class='ocrx_word' id='word_1_194' title='bbox 539 2802 820 2857; x_wconf 89' lang='lat' dir='ltr'><strong><em>cadentem</em></strong></span> <span class='ocrx_word' id='word_1_195' title='bbox 869 2800 1138 2870; x_wconf 83' lang='lat' dir='ltr'><strong><em>despexit,</em></strong></span> <span class='ocrx_word' id='word_1_196' title='bbox 1173 2809 1231 2853; x_wconf 90' lang='lat' dir='ltr'><strong><em>ut</em></strong></span> <span class='ocrx_word' id='word_1_197' title='bbox 1258 2813 1357 2852; x_wconf 89' lang='lat' dir='ltr'><strong><em>nos</em></strong></span> <span class='ocrx_word' id='word_1_198' title='bbox 1383 2797 1622 2861; x_wconf 86' lang='lat' dir='ltr'><strong><em>doceret,</em></strong></span> <span class='ocrx_word' id='word_1_199' title='bbox 1655 2795 1758 2850; x_wconf 86' lang='lat' dir='ltr'><strong><em>etsi</em></strong></span> 
     </span>
    </p>
   </div>
   <div class='ocr_carea' id='block_1_30' title="bbox 159 2885 1758 2964">
    <p class='ocr_par' dir='ltr' id='par_1_30' title="bbox 159 2885 1758 2964">
     <span class='ocr_line' id='line_1_30' title="bbox 159 2885 1758 2964; baseline -0.008 -14"><span class='ocrx_word' id='word_1_200' title='bbox 159 2898 360 2964; x_wconf 82' lang='lat' dir='ltr'><strong><em>exiguo</em></strong></span> <span class='ocrx_word' id='word_1_201' title='bbox 384 2894 650 2964; x_wconf 88' lang='lat' dir='ltr'><strong><em>exemplo,</em></strong></span> <span class='ocrx_word' id='word_1_202' title='bbox 689 2891 954 2963; x_wconf 88' lang='lat' dir='ltr'><strong><em>splritnali</em></strong></span> <span class='ocrx_word' id='word_1_203' title='bbox 983 2891 1240 2945; x_wconf 71' lang='lat' dir='ltr'><strong><em>doctrina:</em></strong></span> <span class='ocrx_word' id='word_1_204' title='bbox 1271 2889 1506 2944; x_wconf 88' lang='lat' dir='ltr'><strong><em>intentos</em></strong></span> <span class='ocrx_word' id='word_1_205' title='bbox 1527 2885 1758 2941; x_wconf 71' lang='lat' dir='ltr'><strong><em>saecula-</em></strong></span> 
     </span>
    </p>
   </div>
   <div class='ocr_carea' id='block_1_31' title="bbox 159 2979 1758 3055">
    <p class='ocr_par' dir='ltr' id='par_1_31' title="bbox 159 2979 1758 3055">
     <span class='ocr_line' id='line_1_31' title="bbox 159 2979 1758 3055; baseline -0.007 -13"><span class='ocrx_word' id='word_1_206' title='bbox 159 2989 246 3042; x_wconf 85' lang='lat' dir='ltr'><strong><em>ria</em></strong></span> <span class='ocrx_word' id='word_1_207' title='bbox 268 2998 617 3043; x_wconf 85' lang='lat' dir='ltr'><strong><em>contemnere</em></strong></span> <span class='ocrx_word' id='word_1_208' title='bbox 646 2995 920 3055; x_wconf 87' lang='lat' dir='ltr'><strong><em>oportcrc,</em></strong></span> <span class='ocrx_word' id='word_1_209' title='bbox 953 2985 1258 3053; x_wconf 87' lang='lat' dir='ltr'><strong><em>nullamque</em></strong></span> <span class='ocrx_word' id='word_1_210' title='bbox 1284 2991 1545 3051; x_wconf 91' lang='lat' dir='ltr'><strong><em>quantum</em></strong></span> <span class='ocrx_word' id='word_1_211' title='bbox 1572 2979 1623 3032; x_wconf 91' lang='lat' dir='ltr'><strong><em>in</em></strong></span> <span class='ocrx_word' id='word_1_212' title='bbox 1658 2992 1758 3031; x_wconf 86' lang='lat' dir='ltr'><strong><em>no-</em></strong></span> 
     </span>
    </p>
   </div>
   <div class='ocr_carea' id='block_1_32' title="bbox 162 3071 1759 3141">
    <p class='ocr_par' dir='ltr' id='par_1_32' title="bbox 162 3071 1759 3141">
     <span class='ocr_line' id='line_1_32' title="bbox 162 3071 1759 3141; baseline -0.006 -7"><span class='ocrx_word' id='word_1_213' title='bbox 162 3079 249 3134; x_wconf 88' lang='lat' dir='ltr'><strong><em>his</em></strong></span> <span class='ocrx_word' id='word_1_214' title='bbox 277 3087 379 3140; x_wconf 86' lang='lat' dir='ltr'><strong><em>est,</em></strong></span> <span class='ocrx_word' id='word_1_215' title='bbox 414 3078 628 3131; x_wconf 89' lang='lat' dir='ltr'><strong><em>illorum</em></strong></span> <span class='ocrx_word' id='word_1_216' title='bbox 657 3077 916 3130; x_wconf 89' lang='lat' dir='ltr'><strong><em>rationem</em></strong></span> <span class='ocrx_word' id='word_1_217' title='bbox 963 3075 1182 3129; x_wconf 87' lang='lat' dir='ltr'><strong><em>habere.</em></strong></span> <span class='ocrx_word' id='word_1_218' title='bbox 1215 3072 1370 3141; x_wconf 85' lang='lat' dir='ltr'><strong><em>Quod</em></strong></span> <span class='ocrx_word' id='word_1_219' title='bbox 1427 3080 1483 3126; x_wconf 90' lang='lat' dir='ltr'><strong><em>et</em></strong></span> <span class='ocrx_word' id='word_1_220' title='bbox 1529 3071 1759 3140; x_wconf 90' lang='lat' dir='ltr'><strong><em>apostoli</em></strong></span> 
     </span>
    </p>
   </div>
   <div class='ocr_carea' id='block_1_33' title="bbox 162 3163 1762 3239">
    <p class='ocr_par' dir='ltr' id='par_1_33' title="bbox 162 3163 1762 3239">
     <span class='ocr_line' id='line_1_33' title="bbox 162 3163 1762 3239; baseline -0.006 -14"><span class='ocrx_word' id='word_1_221' title='bbox 162 3172 434 3235; x_wconf 81' lang='lat' dir='ltr'><strong><em>fecerunt,</em></strong></span> <span class='ocrx_word' id='word_1_222' title='bbox 480 3170 591 3239; x_wconf 88' lang='lat' dir='ltr'><strong><em>ipsa</em></strong></span> <span class='ocrx_word' id='word_1_223' title='bbox 618 3183 852 3239; x_wconf 88' lang='lat' dir='ltr'><strong><em>quoque,</em></strong></span> <span class='ocrx_word' id='word_1_224' title='bbox 877 3168 986 3222; x_wconf 89' lang='lat' dir='ltr'><strong><em>imo</em></strong></span> <span class='ocrx_word' id='word_1_225' title='bbox 1021 3165 1316 3222; x_wconf 75' lang='lat' dir='ltr'><strong><em>ferventius</em></strong></span> <span class='ocrx_word' id='word_1_226' title='bbox 1361 3165 1626 3235; x_wconf 57' lang='lat' dir='ltr'><strong><em>praestitit.</em></strong></span> <span class='ocrx_word' id='word_1_227' title='bbox 1682 3163 1762 3217; x_wconf 92' lang='lat' dir='ltr'><strong><em>llli</em></strong></span> 
     </span>
    </p>
   </div>
   <div class='ocr_carea' id='block_1_34' title="bbox 163 3258 1764 3339">
    <p class='ocr_par' dir='ltr' id='par_1_34' title="bbox 163 3258 1764 3339">
     <span class='ocr_line' id='line_1_34' title="bbox 163 3258 1764 3339; baseline -0.005 -22"><span class='ocrx_word' id='word_1_228' title='bbox 163 3277 397 3339; x_wconf 72' lang='lat' dir='ltr'><strong><em>namque</em></strong></span> <span class='ocrx_word' id='word_1_229' title='bbox 449 3262 641 3324; x_wconf 78' lang='lat' dir='ltr'><strong><em>vocati,</em></strong></span> <span class='ocrx_word' id='word_1_230' title='bbox 690 3261 823 3313; x_wconf 85' lang='lat' dir='ltr'><strong><em>retia</em></strong></span> <span class='ocrx_word' id='word_1_231' title='bbox 872 3259 1228 3324; x_wconf 89' lang='lat' dir='ltr'><strong><em>dimiserunt;</em></strong></span> <span class='ocrx_word' id='word_1_232' title='bbox 1273 3258 1388 3312; x_wconf 72' lang='lat' dir='ltr'><strong><em>hmo</em></strong></span> <span class='ocrx_word' id='word_1_233' title='bbox 1416 3271 1543 3311; x_wconf 90' lang='lat' dir='ltr'><strong><em>vero</em></strong></span> <span class='ocrx_word' id='word_1_234' title='bbox 1569 3264 1764 3325; x_wconf 87' lang='lat' dir='ltr'><strong><em>sponte</em></strong></span> 
     </span>
    </p>
   </div>
   <div class='ocr_carea' id='block_1_35' title="bbox 163 3348 1764 3421">
    <p class='ocr_par' dir='ltr' id='par_1_35' title="bbox 163 3348 1764 3421">
     <span class='ocr_line' id='line_1_35' title="bbox 163 3348 1764 3421; baseline -0.004 -13"><span class='ocrx_word' id='word_1_235' title='bbox 163 3369 289 3419; x_wconf 82' lang='lat' dir='ltr'><strong><em>sua,</em></strong></span> <span class='ocrx_word' id='word_1_236' title='bbox 319 3353 464 3406; x_wconf 90' lang='lat' dir='ltr'><strong><em>nullo</em></strong></span> <span class='ocrx_word' id='word_1_237' title='bbox 493 3351 857 3420; x_wconf 71' lang='lat' dir='ltr'><strong><em>pnecipiente,</em></strong></span> <span class='ocrx_word' id='word_1_238' title='bbox 887 3349 1140 3419; x_wconf 90' lang='lat' dir='ltr'><strong><em>relinquit</em></strong></span> <span class='ocrx_word' id='word_1_239' title='bbox 1170 3348 1414 3421; x_wconf 87' lang='lat' dir='ltr'><strong><em>hydriam</em></strong></span> <span class='ocrx_word' id='word_1_240' title='bbox 1452 3355 1507 3402; x_wconf 89' lang='lat' dir='ltr'><strong><em>et</em></strong></span> <span class='ocrx_word' id='word_1_241' title='bbox 1531 3360 1764 3417; x_wconf 83' lang='lat' dir='ltr'><strong><em>evange-</em></strong></span> 
     </span>
    </p>
   </div>
   <div class='ocr_carea' id='block_1_36' title="bbox 164 3425 1762 3518">
    <p class='ocr_par' dir='ltr' id='par_1_36' title="bbox 164 3425 1762 3518">
     <span class='ocr_line' id='line_1_36' title="bbox 164 3425 1762 3518; baseline -0.005 -18"><span class='ocrx_word' id='word_1_242' title='bbox 164 3446 417 3500; x_wconf 69' lang='lat' dir='ltr'><strong><em>listarum</em></strong></span> <span class='ocrx_word' id='word_1_243' title='bbox 463 3443 638 3498; x_wconf 77' lang='lat' dir='ltr'><strong><em>ofﬁcio</em></strong></span> <span class='ocrx_word' id='word_1_244' title='bbox 685 3442 938 3512; x_wconf 79' lang='lat' dir='ltr'><strong><em>fungitur,</em></strong></span> <span class='ocrx_word' id='word_1_245' title='bbox 985 3425 1180 3511; x_wconf 84' lang='lat' dir='ltr'><strong><em>gaudio</em></strong></span> <span class='ocrx_word' id='word_1_246' title='bbox 1211 3439 1311 3509; x_wconf 88' lang='lat' dir='ltr'><strong><em>ipsi</em></strong></span> <span class='ocrx_word' id='word_1_247' title='bbox 1338 3439 1452 3493; x_wconf 85' lang='lat' dir='ltr'><strong><em>alas</em></strong></span> <span class='ocrx_word' id='word_1_248' title='bbox 1497 3437 1762 3518; x_wconf 74' lang='lat' dir='ltr'><strong><em>addente;</em></strong></span> 
     </span>
    </p>
   </div>
   <div class='ocr_carea' id='block_1_37' title="bbox 165 3528 1764 3604">
    <p class='ocr_par' dir='ltr' id='par_1_37' title="bbox 165 3528 1764 3604">
     <span class='ocr_line' id='line_1_37' title="bbox 165 3528 1764 3604; baseline -0.006 -14"><span class='ocrx_word' id='word_1_249' title='bbox 165 3551 344 3604; x_wconf 76' lang='lat' dir='ltr'><strong><em>neque</em></strong></span> <span class='ocrx_word' id='word_1_250' title='bbox 389 3549 550 3588; x_wconf 89' lang='lat' dir='ltr'><strong><em>unum</em></strong></span> <span class='ocrx_word' id='word_1_251' title='bbox 595 3543 687 3587; x_wconf 89' lang='lat' dir='ltr'><strong><em>aut</em></strong></span> <span class='ocrx_word' id='word_1_252' title='bbox 728 3533 980 3597; x_wconf 89' lang='lat' dir='ltr'><strong><em>alterum,</em></strong></span> <span class='ocrx_word' id='word_1_253' title='bbox 1015 3541 1074 3586; x_wconf 92' lang='lat' dir='ltr'><strong><em>ut</em></strong></span> <span class='ocrx_word' id='word_1_254' title='bbox 1107 3530 1351 3586; x_wconf 72' lang='lat' dir='ltr'><strong><em>Andreas</em></strong></span> <span class='ocrx_word' id='word_1_255' title='bbox 1371 3540 1426 3584; x_wconf 90' lang='lat' dir='ltr'><strong><em>et</em></strong></span> <span class='ocrx_word' id='word_1_256' title='bbox 1453 3528 1764 3598; x_wconf 87' lang='lat' dir='ltr'><strong><em>Philippus,</em></strong></span> 
     </span>
    </p>
   </div>
   <div class='ocr_carea' id='block_1_38' title="bbox 164 3623 1770 3689">
    <p class='ocr_par' dir='ltr' id='par_1_38' title="bbox 164 3623 1770 3689">
     <span class='ocr_line' id='line_1_38' title="bbox 164 3623 1770 3689; baseline -0.006 -7"><span class='ocrx_word' id='word_1_257' title='bbox 164 3625 264 3682; x_wconf 73' lang='lat' dir='ltr'><strong><em>Sed</em></strong></span> <span class='ocrx_word' id='word_1_258' title='bbox 291 3627 590 3679; x_wconf 85' lang='lat' dir='ltr'><strong><em>universam</em></strong></span> <span class='ocrx_word' id='word_1_259' title='bbox 614 3632 916 3679; x_wconf 70' lang='lat' dir='ltr'><strong><em>Commovet</em></strong></span> <span class='ocrx_word' id='word_1_260' title='bbox 943 3623 1238 3687; x_wconf 87' lang='lat' dir='ltr'><strong><em>civitatem,</em></strong></span> <span class='ocrx_word' id='word_1_261' title='bbox 1271 3631 1322 3677; x_wconf 87' lang='lat' dir='ltr'><strong><em>et</em></strong></span> <span class='ocrx_word' id='word_1_262' title='bbox 1361 3628 1565 3675; x_wconf 90' lang='lat' dir='ltr'><strong><em>tantum</em></strong></span> <span class='ocrx_word' id='word_1_263' title='bbox 1599 3634 1770 3689; x_wconf 92' lang='lat' dir='ltr'><strong><em>popu-</em></strong></span> 
     </span>
    </p>
   </div>
   <div class='ocr_carea' id='block_1_39' title="bbox 166 3709 1768 3781">
    <p class='ocr_par' dir='ltr' id='par_1_39' title="bbox 166 3709 1768 3781">
     <span class='ocr_line' id='line_1_39' title="bbox 166 3709 1768 3781; baseline -0.005 -10"><span class='ocrx_word' id='word_1_264' title='bbox 166 3719 279 3771; x_wconf 90' lang='lat' dir='ltr'><strong><em>lum</em></strong></span> <span class='ocrx_word' id='word_1_265' title='bbox 311 3716 376 3768; x_wconf 85' lang='lat' dir='ltr'><strong><em>ad</em></strong></span> <span class='ocrx_word' id='word_1_266' title='bbox 402 3714 673 3768; x_wconf 88' lang='lat' dir='ltr'><strong><em>Christum</em></strong></span> <span class='ocrx_word' id='word_1_267' title='bbox 699 3714 934 3768; x_wconf 89' lang='lat' dir='ltr'><strong><em>adducit.</em></strong></span> <span class='ocrx_word' id='word_1_268' title='bbox 979 3712 1049 3767; x_wconf 89' lang='lat' dir='ltr'><strong><em>Et</em></strong></span> <span class='ocrx_word' id='word_1_269' title='bbox 1087 3713 1209 3767; x_wconf 85' lang='lat' dir='ltr'><strong><em>vide</em></strong></span> <span class='ocrx_word' id='word_1_270' title='bbox 1257 3725 1419 3781; x_wconf 87' lang='lat' dir='ltr'><strong><em>quam</em></strong></span> <span class='ocrx_word' id='word_1_271' title='bbox 1471 3709 1768 3780; x_wconf 88' lang='lat' dir='ltr'><strong><em>prudenter</em></strong></span> 
     </span>
    </p>
   </div>
   <div class='ocr_carea' id='block_1_40' title="bbox 166 3797 1769 3876">
    <p class='ocr_par' dir='ltr' id='par_1_40' title="bbox 166 3797 1769 3876">
     <span class='ocr_line' id='line_1_40' title="bbox 166 3797 1769 3876; baseline -0.006 -13"><span class='ocrx_word' id='word_1_272' title='bbox 166 3810 440 3876; x_wconf 84' lang='lat' dir='ltr'><strong><em>loquatur.</em></strong></span> <span class='ocrx_word' id='word_1_273' title='bbox 471 3805 585 3859; x_wconf 81' lang='lat' dir='ltr'><strong><em>Non</em></strong></span> <span class='ocrx_word' id='word_1_274' title='bbox 628 3805 779 3868; x_wconf 78' lang='lat' dir='ltr'><strong><em>dixit,</em></strong></span> <span class='ocrx_word' id='word_1_275' title='bbox 834 3803 1044 3869; x_wconf 81' lang='lat' dir='ltr'><strong><em>Venite,</em></strong></span> <span class='ocrx_word' id='word_1_276' title='bbox 1096 3803 1276 3857; x_wconf 87' lang='lat' dir='ltr'><strong><em>videte</em></strong></span> <span class='ocrx_word' id='word_1_277' title='bbox 1316 3800 1619 3865; x_wconf 85' lang='lat' dir='ltr'><strong><em>Christum;</em></strong></span> <span class='ocrx_word' id='word_1_278' title='bbox 1672 3797 1769 3854; x_wconf 90' lang='lat' dir='ltr'><strong><em>sed</em></strong></span> 
     </span>
    </p>
   </div>
   <div class='ocr_carea' id='block_1_41' title="bbox 166 3893 1771 3964">
    <p class='ocr_par' dir='ltr' id='par_1_41' title="bbox 166 3893 1771 3964">
     <span class='ocr_line' id='line_1_41' title="bbox 166 3893 1771 3964; baseline -0.005 -10"><span class='ocrx_word' id='word_1_279' title='bbox 166 3913 294 3954; x_wconf 88' lang='lat' dir='ltr'><strong><em>cum</em></strong></span> <span class='ocrx_word' id='word_1_280' title='bbox 345 3896 529 3952; x_wconf 85' lang='lat' dir='ltr'><strong><em>eadem</em></strong></span> <span class='ocrx_word' id='word_1_281' title='bbox 574 3897 1026 3964; x_wconf 87' lang='lat' dir='ltr'><strong><em>attemperatione</em></strong></span> <span class='ocrx_word' id='word_1_282' title='bbox 1072 3909 1178 3963; x_wconf 87' lang='lat' dir='ltr'><strong><em>qua</em></strong></span> <span class='ocrx_word' id='word_1_283' title='bbox 1209 3893 1453 3948; x_wconf 89' lang='lat' dir='ltr'><strong><em>Christus</em></strong></span> <span class='ocrx_word' id='word_1_284' title='bbox 1484 3893 1653 3962; x_wconf 85' lang='lat' dir='ltr'><strong><em>ipsam</em></strong></span> <span class='ocrx_word' id='word_1_285' title='bbox 1680 3905 1771 3946; x_wconf 90' lang='lat' dir='ltr'><strong><em>ce-</em></strong></span> 
     </span>
    </p>
   </div>
   <div class='ocr_carea' id='block_1_42' title="bbox 167 3981 1771 4059">
    <p class='ocr_par' dir='ltr' id='par_1_42' title="bbox 167 3981 1771 4059">
     <span class='ocr_line' id='line_1_42' title="bbox 167 3981 1771 4059; baseline -0.004 -17"><span class='ocrx_word' id='word_1_286' title='bbox 167 3999 346 4059; x_wconf 83' lang='lat' dir='ltr'><strong><em>perat,</em></strong></span> <span class='ocrx_word' id='word_1_287' title='bbox 382 3988 496 4040; x_wconf 85' lang='lat' dir='ltr'><strong><em>illos</em></strong></span> <span class='ocrx_word' id='word_1_288' title='bbox 513 3987 698 4041; x_wconf 84' lang='lat' dir='ltr'><strong><em>allicit.</em></strong></span> <span class='ocrx_word' id='word_1_289' title='bbox 743 3985 934 4053; x_wconf 83' lang='lat' dir='ltr'><strong><em>Venite,</em></strong></span> <span class='ocrx_word' id='word_1_290' title='bbox 967 3987 1163 4055; x_wconf 84' lang='lat' dir='ltr'><strong><em>inquit,</em></strong></span> <span class='ocrx_word' id='word_1_291' title='bbox 1186 3985 1349 4038; x_wconf 83' lang='lat' dir='ltr'><strong><em>uidete</em></strong></span> <span class='ocrx_word' id='word_1_292' title='bbox 1378 3983 1654 4047; x_wconf 86' lang='lat' dir='ltr'><strong><em>hominem,</em></strong></span> <span class='ocrx_word' id='word_1_293' title='bbox 1683 3981 1771 4052; x_wconf 85' lang='lat' dir='ltr'><strong><em>qui</em></strong></span> 
     </span>
    </p>
   </div>
   <div class='ocr_carea' id='block_1_43' title="bbox 168 4072 1772 4146">
    <p class='ocr_par' dir='ltr' id='par_1_43' title="bbox 168 4072 1772 4146">
     <span class='ocr_line' id='line_1_43' title="bbox 168 4072 1772 4146; baseline -0.004 -14"><span class='ocrx_word' id='word_1_294' title='bbox 168 4078 301 4132; x_wconf 76' lang='lat' dir='ltr'><strong><em>dixit</em></strong></span> <span class='ocrx_word' id='word_1_295' title='bbox 331 4077 453 4130; x_wconf 89' lang='lat' dir='ltr'><strong><em>mihi</em></strong></span> <span class='ocrx_word' id='word_1_296' title='bbox 476 4077 647 4129; x_wconf 82' lang='lat' dir='ltr'><strong><em>omnia</em></strong></span> <span class='ocrx_word' id='word_1_297' title='bbox 671 4092 994 4146; x_wconf 76' lang='lat' dir='ltr'><strong><em>qutt’cttmque</em></strong></span> <span class='ocrx_word' id='word_1_298' title='bbox 1018 4075 1135 4144; x_wconf 77' lang='lat' dir='ltr'><strong><em>feci.</em></strong></span> <span class='ocrx_word' id='word_1_299' title='bbox 1163 4074 1271 4129; x_wconf 85' lang='lat' dir='ltr'><strong><em>Nec</em></strong></span> <span class='ocrx_word' id='word_1_300' title='bbox 1301 4074 1490 4145; x_wconf 90' lang='lat' dir='ltr'><strong><em>puduit</em></strong></span> <span class='ocrx_word' id='word_1_301' title='bbox 1512 4075 1656 4129; x_wconf 88' lang='lat' dir='ltr'><strong><em>illam</em></strong></span> <span class='ocrx_word' id='word_1_302' title='bbox 1689 4072 1772 4127; x_wconf 86' lang='lat' dir='ltr'><strong><em>di-</em></strong></span> 
     </span>
    </p>
   </div>
   <div class='ocr_carea' id='block_1_44' title="bbox 169 4165 1773 4238">
    <p class='ocr_par' dir='ltr' id='par_1_44' title="bbox 169 4165 1773 4238">
     <span class='ocr_line' id='line_1_44' title="bbox 169 4165 1773 4238; baseline -0.004 -12"><span class='ocrx_word' id='word_1_303' title='bbox 169 4184 320 4234; x_wconf 85' lang='lat' dir='ltr'><strong><em>cere,</em></strong></span> <span class='ocrx_word' id='word_1_304' title='bbox 355 4168 492 4222; x_wconf 77' lang='lat' dir='ltr'><strong><em>Dixit</em></strong></span> <span class='ocrx_word' id='word_1_305' title='bbox 523 4168 645 4220; x_wconf 88' lang='lat' dir='ltr'><strong><em>mihi</em></strong></span> <span class='ocrx_word' id='word_1_306' title='bbox 681 4169 852 4222; x_wconf 86' lang='lat' dir='ltr'><strong><em>omnia</em></strong></span> <span class='ocrx_word' id='word_1_307' title='bbox 888 4183 1215 4238; x_wconf 69' lang='lat' dir='ltr'><strong><em>quacumque</em></strong></span> <span class='ocrx_word' id='word_1_308' title='bbox 1268 4170 1403 4237; x_wconf 75' lang='lat' dir='ltr'><strong><em>fect;</em></strong></span> <span class='ocrx_word' id='word_1_309' title='bbox 1443 4167 1546 4221; x_wconf 87' lang='lat' dir='ltr'><strong><em>etsi</em></strong></span> <span class='ocrx_word' id='word_1_310' title='bbox 1591 4165 1773 4220; x_wconf 84' lang='lat' dir='ltr'><strong><em>dicere</em></strong></span> 
     </span>
    </p>
   </div>
   <div class='ocr_carea' id='block_1_45' title="bbox 172 4257 1770 4331">
    <p class='ocr_par' dir='ltr' id='par_1_45' title="bbox 172 4257 1770 4331">
     <span class='ocr_line' id='line_1_45' title="bbox 172 4257 1770 4331; baseline -0.003 -17"><span class='ocrx_word' id='word_1_311' title='bbox 172 4260 467 4331; x_wconf 84' lang='lat' dir='ltr'><strong><em>potuisset,</em></strong></span> <span class='ocrx_word' id='word_1_312' title='bbox 521 4257 748 4325; x_wconf 86' lang='lat' dir='ltr'><strong><em>Venite,</em></strong></span> <span class='ocrx_word' id='word_1_313' title='bbox 799 4258 976 4312; x_wconf 87' lang='lat' dir='ltr'><strong><em>videte</em></strong></span> <span class='ocrx_word' id='word_1_314' title='bbox 1024 4258 1337 4328; x_wconf 88' lang='lat' dir='ltr'><strong><em>prophetam</em></strong></span> <span class='ocrx_word' id='word_1_315' title='bbox 1372 4273 1600 4312; x_wconf 83' lang='lat' dir='ltr'><strong><em>:verutu</em></strong></span> <span class='ocrx_word' id='word_1_316' title='bbox 1646 4271 1770 4310; x_wconf 91' lang='lat' dir='ltr'><strong><em>cum</em></strong></span> 
     </span>
    </p>
   </div>
   <div class='ocr_carea' id='block_1_46' title="bbox 170 4351 1771 4423">
    <p class='ocr_par' dir='ltr' id='par_1_46' title="bbox 170 4351 1771 4423">
     <span class='ocr_line' id='line_1_46' title="bbox 170 4351 1771 4423; baseline -0.003 -14"><span class='ocrx_word' id='word_1_317' title='bbox 170 4354 354 4410; x_wconf 87' lang='lat' dir='ltr'><strong><em>anima</em></strong></span> <span class='ocrx_word' id='word_1_318' title='bbox 379 4354 559 4407; x_wconf 88' lang='lat' dir='ltr'><strong><em>divino</em></strong></span> <span class='ocrx_word' id='word_1_319' title='bbox 590 4353 713 4423; x_wconf 85' lang='lat' dir='ltr'><strong><em>igne</em></strong></span> <span class='ocrx_word' id='word_1_320' title='bbox 758 4365 1018 4408; x_wconf 84' lang='lat' dir='ltr'><strong><em>succensa</em></strong></span> <span class='ocrx_word' id='word_1_321' title='bbox 1049 4360 1152 4416; x_wconf 89' lang='lat' dir='ltr'><strong><em>est,</em></strong></span> <span class='ocrx_word' id='word_1_322' title='bbox 1177 4351 1307 4404; x_wconf 89' lang='lat' dir='ltr'><strong><em>nihil</em></strong></span> <span class='ocrx_word' id='word_1_323' title='bbox 1331 4353 1469 4406; x_wconf 86' lang='lat' dir='ltr'><strong><em>ultra</em></strong></span> <span class='ocrx_word' id='word_1_324' title='bbox 1499 4359 1771 4406; x_wconf 89' lang='lat' dir='ltr'><strong><em>terrenum</em></strong></span> 
     </span>
    </p>
   </div>
   <div class='ocr_carea' id='block_1_47' title="bbox 173 4440 1774 4514">
    <p class='ocr_par' dir='ltr' id='par_1_47' title="bbox 173 4440 1774 4514">
     <span class='ocr_line' id='line_1_47' title="bbox 173 4440 1774 4514; baseline -0.005 -12"><span class='ocrx_word' id='word_1_325' title='bbox 173 4446 417 4514; x_wconf 83' lang='lat' dir='ltr'><strong><em>respicit,</em></strong></span> <span class='ocrx_word' id='word_1_326' title='bbox 456 4459 560 4497; x_wconf 91' lang='lat' dir='ltr'><strong><em>non</em></strong></span> <span class='ocrx_word' id='word_1_327' title='bbox 607 4442 826 4507; x_wconf 81' lang='lat' dir='ltr'><strong><em>famam,</em></strong></span> <span class='ocrx_word' id='word_1_328' title='bbox 876 4457 985 4497; x_wconf 90' lang='lat' dir='ltr'><strong><em>non</em></strong></span> <span class='ocrx_word' id='word_1_329' title='bbox 1041 4440 1351 4509; x_wconf 81' lang='lat' dir='ltr'><strong><em>infamiam;</em></strong></span> <span class='ocrx_word' id='word_1_330' title='bbox 1401 4442 1494 4496; x_wconf 88' lang='lat' dir='ltr'><strong><em>sed</em></strong></span> <span class='ocrx_word' id='word_1_331' title='bbox 1542 4441 1774 4496; x_wconf 75' lang='lat' dir='ltr'><strong><em>ﬂamma:</em></strong></span> 
     </span>
    </p>
   </div>
   <div class='ocr_carea' id='block_1_48' title="bbox 175 4531 1776 4603">
    <p class='ocr_par' dir='ltr' id='par_1_48' title="bbox 175 4531 1776 4603">
     <span class='ocr_line' id='line_1_48' title="bbox 175 4531 1776 4603; baseline -0.004 -12"><span class='ocrx_word' id='word_1_332' title='bbox 175 4547 383 4591; x_wconf 88' lang='lat' dir='ltr'><strong><em>tantum</em></strong></span> <span class='ocrx_word' id='word_1_333' title='bbox 412 4535 604 4589; x_wconf 86' lang='lat' dir='ltr'><strong><em>ardore</em></strong></span> <span class='ocrx_word' id='word_1_334' title='bbox 648 4544 914 4588; x_wconf 88' lang='lat' dir='ltr'><strong><em>movetur.</em></strong></span> <span class='ocrx_word' id='word_1_335' title='bbox 950 4531 1215 4603; x_wconf 84' lang='lat' dir='ltr'><strong><em>Numquid</em></strong></span> <span class='ocrx_word' id='word_1_336' title='bbox 1242 4533 1351 4601; x_wconf 87' lang='lat' dir='ltr'><strong><em>ipse</em></strong></span> <span class='ocrx_word' id='word_1_337' title='bbox 1389 4542 1462 4587; x_wconf 87' lang='lat' dir='ltr'><strong><em>est</em></strong></span> <span class='ocrx_word' id='word_1_338' title='bbox 1503 4531 1776 4587; x_wconf 80' lang='lat' dir='ltr'><strong><em>Christus?</em></strong></span> 
     </span>
    </p>
   </div>
   <div class='ocr_carea' id='block_1_49' title="bbox 175 4622 1770 4694">
    <p class='ocr_par' dir='ltr' id='par_1_49' title="bbox 175 4622 1770 4694">
     <span class='ocr_line' id='line_1_49' title="bbox 175 4622 1770 4694; baseline -0.006 -11"><span class='ocrx_word' id='word_1_339' title='bbox 175 4627 559 4683; x_wconf 80' lang='lat' dir='ltr'><strong><em>Animadverte</em></strong></span> <span class='ocrx_word' id='word_1_340' title='bbox 605 4626 796 4678; x_wconf 88' lang='lat' dir='ltr'><strong><em>iterum</em></strong></span> <span class='ocrx_word' id='word_1_341' title='bbox 841 4639 1088 4694; x_wconf 82' lang='lat' dir='ltr'><strong><em>magnam</em></strong></span> <span class='ocrx_word' id='word_1_342' title='bbox 1139 4623 1378 4677; x_wconf 89' lang='lat' dir='ltr'><strong><em>mulieris</em></strong></span> <span class='ocrx_word' id='word_1_343' title='bbox 1430 4622 1770 4691; x_wconf 84' lang='lat' dir='ltr'><strong><em>sapientiam.</em></strong></span> 
     </span>
    </p>
   </div>
   <div class='ocr_carea' id='block_1_50' title="bbox 176 4711 1773 4788">
    <p class='ocr_par' dir='ltr' id='par_1_50' title="bbox 176 4711 1773 4788">
     <span class='ocr_line' id='line_1_50' title="bbox 176 4711 1773 4788; baseline -0.006 -13"><span class='ocrx_word' id='word_1_344' title='bbox 176 4719 364 4788; x_wconf 78' lang='lat' dir='ltr'><strong><em>Neque</em></strong></span> <span class='ocrx_word' id='word_1_345' title='bbox 393 4719 601 4787; x_wconf 88' lang='lat' dir='ltr'><strong><em>penitus</em></strong></span> <span class='ocrx_word' id='word_1_346' title='bbox 621 4716 875 4783; x_wconf 79' lang='lat' dir='ltr'><strong><em>al‘lirmat,</em></strong></span> <span class='ocrx_word' id='word_1_347' title='bbox 909 4730 1084 4784; x_wconf 88' lang='lat' dir='ltr'><strong><em>neque</em></strong></span> <span class='ocrx_word' id='word_1_348' title='bbox 1132 4713 1342 4768; x_wconf 87' lang='lat' dir='ltr'><strong><em>reticet.</em></strong></span> <span class='ocrx_word' id='word_1_349' title='bbox 1375 4711 1602 4767; x_wconf 84' lang='lat' dir='ltr'><strong><em>Volebat</em></strong></span> <span class='ocrx_word' id='word_1_350' title='bbox 1631 4713 1773 4766; x_wconf 91' lang='lat' dir='ltr'><strong><em>enim</em></strong></span> 
     </span>
    </p>
   </div>
   <div class='ocr_carea' id='block_1_51' title="bbox 179 4804 1771 4878">
    <p class='ocr_par' dir='ltr' id='par_1_51' title="bbox 179 4804 1771 4878">
     <span class='ocr_line' id='line_1_51' title="bbox 179 4804 1771 4878; baseline -0.003 -14"><span class='ocrx_word' id='word_1_351' title='bbox 179 4827 290 4865; x_wconf 91' lang='lat' dir='ltr'><strong><em>non</em></strong></span> <span class='ocrx_word' id='word_1_352' title='bbox 315 4825 381 4863; x_wconf 87' lang='lat' dir='ltr'><strong><em>ex</em></strong></span> <span class='ocrx_word' id='word_1_353' title='bbox 406 4809 656 4878; x_wconf 91' lang='lat' dir='ltr'><strong><em>opinione</em></strong></span> <span class='ocrx_word' id='word_1_354' title='bbox 682 4823 777 4861; x_wconf 88' lang='lat' dir='ltr'><strong><em>sua</em></strong></span> <span class='ocrx_word' id='word_1_355' title='bbox 807 4808 926 4862; x_wconf 91' lang='lat' dir='ltr'><strong><em>illos</em></strong></span> <span class='ocrx_word' id='word_1_356' title='bbox 958 4805 1250 4870; x_wconf 85' lang='lat' dir='ltr'><strong><em>inducere;</em></strong></span> <span class='ocrx_word' id='word_1_357' title='bbox 1283 4804 1379 4860; x_wconf 86' lang='lat' dir='ltr'><strong><em>sed</em></strong></span> <span class='ocrx_word' id='word_1_358' title='bbox 1419 4805 1509 4858; x_wconf 91' lang='lat' dir='ltr'><strong><em>illo</em></strong></span> <span class='ocrx_word' id='word_1_359' title='bbox 1549 4804 1733 4859; x_wconf 91' lang='lat' dir='ltr'><strong><em>audito</em></strong></span> <span class='ocrx_word' id='word_1_360' title='bbox 1757 4847 1771 4872; x_wconf 91' lang='lat'><strong><em>,</em></strong></span> 
     </span>
    </p>
   </div>
   <div class='ocr_carea' id='block_1_52' title="bbox 179 4893 1774 4970">
    <p class='ocr_par' dir='ltr' id='par_1_52' title="bbox 179 4893 1774 4970">
     <span class='ocr_line' id='line_1_52' title="bbox 179 4893 1774 4970; baseline -0.006 -15"><span class='ocrx_word' id='word_1_361' title='bbox 179 4901 328 4970; x_wconf 85' lang='lat' dir='ltr'><strong><em>ipsos</em></strong></span> <span class='ocrx_word' id='word_1_362' title='bbox 355 4913 462 4952; x_wconf 72' lang='lat' dir='ltr'><strong><em>suze</em></strong></span> <span class='ocrx_word' id='word_1_363' title='bbox 492 4899 771 4952; x_wconf 70' lang='lat' dir='ltr'><strong><em>sententia:</em></strong></span> <span class='ocrx_word' id='word_1_364' title='bbox 794 4907 1073 4951; x_wconf 79' lang='lat' dir='ltr'><strong><em>consortes</em></strong></span> <span class='ocrx_word' id='word_1_365' title='bbox 1099 4896 1324 4958; x_wconf 86' lang='lat' dir='ltr'><strong><em>habere,</em></strong></span> <span class='ocrx_word' id='word_1_366' title='bbox 1355 4893 1495 4949; x_wconf 86' lang='lat' dir='ltr'><strong><em>unde</em></strong></span> <span class='ocrx_word' id='word_1_367' title='bbox 1526 4909 1613 4948; x_wconf 88' lang='lat' dir='ltr'><strong><em>res</em></strong></span> <span class='ocrx_word' id='word_1_368' title='bbox 1657 4909 1774 4947; x_wconf 79' lang='lat' dir='ltr'><strong><em>nia-</em></strong></span> 
     </span>
    </p>
   </div>
   <div class='ocr_carea' id='block_1_53' title="bbox 175 4984 1776 5060">
    <p class='ocr_par' dir='ltr' id='par_1_53' title="bbox 175 4984 1776 5060">
     <span class='ocr_line' id='line_1_53' title="bbox 175 4984 1776 5060; baseline -0.002 -19"><span class='ocrx_word' id='word_1_369' title='bbox 175 4992 263 5060; x_wconf 80' lang='lat' dir='ltr'><strong><em>gis</em></strong></span> <span class='ocrx_word' id='word_1_370' title='bbox 293 4988 580 5058; x_wconf 84' lang='lat' dir='ltr'><strong><em>probabilis</em></strong></span> <span class='ocrx_word' id='word_1_371' title='bbox 602 5003 825 5042; x_wconf 87' lang='lat' dir='ltr'><strong><em>evasura</em></strong></span> <span class='ocrx_word' id='word_1_372' title='bbox 853 4997 992 5042; x_wconf 88' lang='lat' dir='ltr'><strong><em>erat.</em></strong></span> <span class='ocrx_word' id='word_1_373' title='bbox 1051 4988 1214 5056; x_wconf 86' lang='lat' dir='ltr'><strong><em>Atqui</em></strong></span> <span class='ocrx_word' id='word_1_374' title='bbox 1257 5001 1365 5040; x_wconf 92' lang='lat' dir='ltr'><strong><em>non</em></strong></span> <span class='ocrx_word' id='word_1_375' title='bbox 1399 4995 1563 5038; x_wconf 89' lang='lat' dir='ltr'><strong><em>totam</em></strong></span> <span class='ocrx_word' id='word_1_376' title='bbox 1614 4984 1776 5037; x_wconf 85' lang='lat' dir='ltr'><strong><em>vitam</em></strong></span> 
     </span>
    </p>
   </div>
   <div class='ocr_carea' id='block_1_54' title="bbox 179 5073 1776 5147">
    <p class='ocr_par' dir='ltr' id='par_1_54' title="bbox 179 5073 1776 5147">
     <span class='ocr_line' id='line_1_54' title="bbox 179 5073 1776 5147; baseline -0.004 -13"><span class='ocrx_word' id='word_1_377' title='bbox 179 5094 334 5134; x_wconf 84' lang='lat' dir='ltr'><strong><em>suam</em></strong></span> <span class='ocrx_word' id='word_1_378' title='bbox 365 5079 463 5147; x_wconf 81' lang='lat' dir='ltr'><strong><em>ipsi</em></strong></span> <span class='ocrx_word' id='word_1_379' title='bbox 493 5076 737 5133; x_wconf 86' lang='lat' dir='ltr'><strong><em>Christus</em></strong></span> <span class='ocrx_word' id='word_1_380' title='bbox 765 5077 1168 5140; x_wconf 87' lang='lat' dir='ltr'><strong><em>declaraverat;</em></strong></span> <span class='ocrx_word' id='word_1_381' title='bbox 1219 5075 1312 5130; x_wconf 89' lang='lat' dir='ltr'><strong><em>sed</em></strong></span> <span class='ocrx_word' id='word_1_382' title='bbox 1341 5090 1408 5128; x_wconf 77' lang='lat' dir='ltr'><strong><em>ex</em></strong></span> <span class='ocrx_word' id='word_1_383' title='bbox 1433 5073 1592 5128; x_wconf 87' lang='lat' dir='ltr'><strong><em>dictis</em></strong></span> <span class='ocrx_word' id='word_1_384' title='bbox 1612 5083 1776 5128; x_wconf 80' lang='lat' dir='ltr'><strong><em>caete-</em></strong></span> 
     </span>
    </p>
   </div>
   <div class='ocr_carea' id='block_1_55' title="bbox 182 5164 1778 5238">
    <p class='ocr_par' dir='ltr' id='par_1_55' title="bbox 182 5164 1778 5238">
     <span class='ocr_line' id='line_1_55' title="bbox 182 5164 1778 5238; baseline -0.003 -16"><span class='ocrx_word' id='word_1_385' title='bbox 182 5183 368 5222; x_wconf 85' lang='lat' dir='ltr'><strong><em>rorum</em></strong></span> <span class='ocrx_word' id='word_1_386' title='bbox 391 5183 602 5238; x_wconf 81' lang='lat' dir='ltr'><strong><em>quoque</em></strong></span> <span class='ocrx_word' id='word_1_387' title='bbox 645 5167 890 5222; x_wconf 85' lang='lat' dir='ltr'><strong><em>notitiam</em></strong></span> <span class='ocrx_word' id='word_1_388' title='bbox 922 5165 1095 5236; x_wconf 83' lang='lat' dir='ltr'><strong><em>ipsum</em></strong></span> <span class='ocrx_word' id='word_1_389' title='bbox 1146 5165 1346 5220; x_wconf 80' lang='lat' dir='ltr'><strong><em>habere</em></strong></span> <span class='ocrx_word' id='word_1_390' title='bbox 1393 5165 1639 5219; x_wconf 87' lang='lat' dir='ltr'><strong><em>credidit.</em></strong></span> <span class='ocrx_word' id='word_1_391' title='bbox 1670 5164 1778 5218; x_wconf 83' lang='lat' dir='ltr'><strong><em>Nec</em></strong></span> 
     </span>
    </p>
   </div>
   <div class='ocr_carea' id='block_1_56' title="bbox 181 5254 1779 5325">
    <p class='ocr_par' dir='ltr' id='par_1_56' title="bbox 181 5254 1779 5325">
     <span class='ocr_line' id='line_1_56' title="bbox 181 5254 1779 5325; baseline -0.001 -13"><span class='ocrx_word' id='word_1_392' title='bbox 181 5256 339 5325; x_wconf 71' lang='lat' dir='ltr'><strong><em>dixit,</em></strong></span> <span class='ocrx_word' id='word_1_393' title='bbox 366 5258 574 5322; x_wconf 88' lang='lat' dir='ltr'><strong><em>Venite,</em></strong></span> <span class='ocrx_word' id='word_1_394' title='bbox 597 5259 832 5322; x_wconf 89' lang='lat' dir='ltr'><strong><em>credite;</em></strong></span> <span class='ocrx_word' id='word_1_395' title='bbox 860 5257 975 5320; x_wconf 88' lang='lat' dir='ltr'><strong><em>sed,</em></strong></span> <span class='ocrx_word' id='word_1_396' title='bbox 1018 5254 1213 5320; x_wconf 86' lang='lat' dir='ltr'><strong><em>Venite,</em></strong></span> <span class='ocrx_word' id='word_1_397' title='bbox 1245 5256 1425 5320; x_wconf 85' lang='lat' dir='ltr'><strong><em>videte,</em></strong></span> <span class='ocrx_word' id='word_1_398' title='bbox 1478 5256 1619 5325; x_wconf 86' lang='lat' dir='ltr'><strong><em>quod</em></strong></span> <span class='ocrx_word' id='word_1_399' title='bbox 1648 5270 1779 5310; x_wconf 86' lang='lat' dir='ltr'><strong><em>sane</em></strong></span> 
     </span>
    </p>
   </div>
   <div class='ocr_carea' id='block_1_57' title="bbox 183 5345 1778 5417">
    <p class='ocr_par' dir='ltr' id='par_1_57' title="bbox 183 5345 1778 5417">
     <span class='ocr_line' id='line_1_57' title="bbox 183 5345 1778 5417; baseline -0.003 -14"><span class='ocrx_word' id='word_1_400' title='bbox 183 5349 356 5403; x_wconf 88' lang='lat' dir='ltr'><strong><em>levius</em></strong></span> <span class='ocrx_word' id='word_1_401' title='bbox 387 5359 521 5413; x_wconf 88' lang='lat' dir='ltr'><strong><em>erat,</em></strong></span> <span class='ocrx_word' id='word_1_402' title='bbox 581 5358 636 5402; x_wconf 90' lang='lat' dir='ltr'><strong><em>et</em></strong></span> <span class='ocrx_word' id='word_1_403' title='bbox 683 5347 849 5417; x_wconf 86' lang='lat' dir='ltr'><strong><em>magis</em></strong></span> <span class='ocrx_word' id='word_1_404' title='bbox 882 5347 1028 5416; x_wconf 85' lang='lat' dir='ltr'><strong><em>ipsos</em></strong></span> <span class='ocrx_word' id='word_1_405' title='bbox 1054 5346 1274 5400; x_wconf 79' lang='lat' dir='ltr'><strong><em>allicere</em></strong></span> <span class='ocrx_word' id='word_1_406' title='bbox 1317 5355 1544 5416; x_wconf 88' lang='lat' dir='ltr'><strong><em>poterat.</em></strong></span> <span class='ocrx_word' id='word_1_407' title='bbox 1591 5345 1778 5398; x_wconf 87' lang='lat' dir='ltr'><strong><em>Vidisti</em></strong></span> 
     </span>
    </p>
   </div>
   <div class='ocr_carea' id='block_1_58' title="bbox 183 5438 1777 5510">
    <p class='ocr_par' dir='ltr' id='par_1_58' title="bbox 183 5438 1777 5510">
     <span class='ocr_line' id='line_1_58' title="bbox 183 5438 1777 5510; baseline -0.004 -15"><span class='ocrx_word' id='word_1_408' title='bbox 183 5440 426 5495; x_wconf 89' lang='lat' dir='ltr'><strong><em>mulieris</em></strong></span> <span class='ocrx_word' id='word_1_409' title='bbox 451 5440 812 5510; x_wconf 85' lang='lat' dir='ltr'><strong><em>sapientiam?</em></strong></span> <span class='ocrx_word' id='word_1_410' title='bbox 855 5439 1074 5494; x_wconf 86' lang='lat' dir='ltr'><strong><em>Sciebat</em></strong></span> <span class='ocrx_word' id='word_1_411' title='bbox 1101 5440 1244 5492; x_wconf 84' lang='lat' dir='ltr'><strong><em>enim</em></strong></span> <span class='ocrx_word' id='word_1_412' title='bbox 1275 5452 1327 5493; x_wconf 89' lang='lat' dir='ltr'><strong><em>et</em></strong></span> <span class='ocrx_word' id='word_1_413' title='bbox 1355 5439 1513 5507; x_wconf 90' lang='lat' dir='ltr'><strong><em>plane</em></strong></span> <span class='ocrx_word' id='word_1_414' title='bbox 1555 5438 1777 5503; x_wconf 85' lang='lat' dir='ltr'><strong><em>sciebat,</em></strong></span> 
     </span>
    </p>
   </div>
   <div class='ocr_carea' id='block_1_59' title="bbox 183 5530 1780 5601">
    <p class='ocr_par' dir='ltr' id='par_1_59' title="bbox 183 5530 1780 5601">
     <span class='ocr_line' id='line_1_59' title="bbox 183 5530 1780 5601; baseline -0.001 -14"><span class='ocrx_word' id='word_1_415' title='bbox 183 5531 279 5587; x_wconf 88' lang='lat' dir='ltr'><strong><em>illo</em></strong></span> <span class='ocrx_word' id='word_1_416' title='bbox 319 5535 600 5601; x_wconf 74' lang='lat' dir='ltr'><strong><em>degustato</em></strong></span> <span class='ocrx_word' id='word_1_417' title='bbox 644 5531 812 5598; x_wconf 77' lang='lat' dir='ltr'><strong><em>fonte,</em></strong></span> <span class='ocrx_word' id='word_1_418' title='bbox 857 5530 1088 5598; x_wconf 86' lang='lat' dir='ltr'><strong><em>idipsum</em></strong></span> <span class='ocrx_word' id='word_1_419' title='bbox 1146 5531 1254 5584; x_wconf 88' lang='lat' dir='ltr'><strong><em>illis</em></strong></span> <span class='ocrx_word' id='word_1_420' title='bbox 1299 5541 1614 5586; x_wconf 87' lang='lat' dir='ltr'><strong><em>eventurum</em></strong></span> <span class='ocrx_word' id='word_1_421' title='bbox 1659 5546 1780 5586; x_wconf 87' lang='lat' dir='ltr'><strong><em>esse</em></strong></span> 
     </span>
    </p>
   </div>
   <div class='ocr_carea' id='block_1_60' title="bbox 185 5622 1778 5694">
    <p class='ocr_par' dir='ltr' id='par_1_60' title="bbox 185 5622 1778 5694">
     <span class='ocr_line' id='line_1_60' title="bbox 185 5622 1778 5694; baseline -0.001 -16"><span class='ocrx_word' id='word_1_422' title='bbox 185 5625 327 5694; x_wconf 87' lang='lat' dir='ltr'><strong><em>quod</em></strong></span> <span class='ocrx_word' id='word_1_423' title='bbox 383 5624 481 5679; x_wconf 89' lang='lat' dir='ltr'><strong><em>sibi</em></strong></span> <span class='ocrx_word' id='word_1_424' title='bbox 533 5633 805 5678; x_wconf 81' lang='lat' dir='ltr'><strong><em>evenerat.</em></strong></span> <span class='ocrx_word' id='word_1_425' title='bbox 854 5624 1014 5692; x_wconf 79' lang='lat' dir='ltr'><strong><em>Atqui</em></strong></span> <span class='ocrx_word' id='word_1_426' title='bbox 1061 5622 1199 5676; x_wconf 86' lang='lat' dir='ltr'><strong><em>alius</em></strong></span> <span class='ocrx_word' id='word_1_427' title='bbox 1246 5623 1531 5677; x_wconf 89' lang='lat' dir='ltr'><strong><em>crassioris</em></strong></span> <span class='ocrx_word' id='word_1_428' title='bbox 1559 5622 1778 5693; x_wconf 79' lang='lat' dir='ltr'><strong><em>ingenii,</em></strong></span> 
     </span>
    </p>
   </div>
   <div class='ocr_carea' id='block_1_61' title="bbox 185 5715 1780 5781">
    <p class='ocr_par' dir='ltr' id='par_1_61' title="bbox 185 5715 1780 5781">
     <span class='ocr_line' id='line_1_61' title="bbox 185 5715 1780 5781; baseline 0 -13"><span class='ocrx_word' id='word_1_429' title='bbox 185 5715 615 5770; x_wconf 83' lang='lat' dir='ltr'><strong><em>criminationem</em></strong></span> <span class='ocrx_word' id='word_1_430' title='bbox 665 5715 767 5770; x_wconf 90' lang='lat' dir='ltr'><strong><em>sibi</em></strong></span> <span class='ocrx_word' id='word_1_431' title='bbox 822 5715 1015 5771; x_wconf 85' lang='lat' dir='ltr'><strong><em>laetam</em></strong></span> <span class='ocrx_word' id='word_1_432' title='bbox 1074 5715 1357 5769; x_wconf 89' lang='lat' dir='ltr'><strong><em>obscurius</em></strong></span> <span class='ocrx_word' id='word_1_433' title='bbox 1407 5715 1662 5781; x_wconf 77' lang='lat' dir='ltr'><strong><em>dixisset;</em></strong></span> <span class='ocrx_word' id='word_1_434' title='bbox 1695 5715 1780 5768; x_wconf 87' lang='lat' dir='ltr'><strong><em>illa</em></strong></span> 
     </span>
    </p>
   </div>
   <div class='ocr_carea' id='block_1_62' title="bbox 187 5807 1785 5872">
    <p class='ocr_par' dir='ltr' id='par_1_62' title="bbox 187 5807 1785 5872">
     <span class='ocr_line' id='line_1_62' title="bbox 187 5807 1785 5872; baseline 0.001 -14"><span class='ocrx_word' id='word_1_435' title='bbox 187 5821 320 5862; x_wconf 79' lang='lat' dir='ltr'><strong><em>vero</em></strong></span> <span class='ocrx_word' id='word_1_436' title='bbox 343 5810 504 5861; x_wconf 89' lang='lat' dir='ltr'><strong><em>vitam</em></strong></span> <span class='ocrx_word' id='word_1_437' title='bbox 533 5823 684 5861; x_wconf 87' lang='lat' dir='ltr'><strong><em>suam</em></strong></span> <span class='ocrx_word' id='word_1_438' title='bbox 711 5807 945 5863; x_wconf 83' lang='lat' dir='ltr'><strong><em>declarat</em></strong></span> <span class='ocrx_word' id='word_1_439' title='bbox 973 5817 1029 5860; x_wconf 90' lang='lat' dir='ltr'><strong><em>et</em></strong></span> <span class='ocrx_word' id='word_1_440' title='bbox 1064 5807 1114 5859; x_wconf 92' lang='lat' dir='ltr'><strong><em>in</em></strong></span> <span class='ocrx_word' id='word_1_441' title='bbox 1149 5807 1382 5861; x_wconf 88' lang='lat' dir='ltr'><strong><em>medium</em></strong></span> <span class='ocrx_word' id='word_1_442' title='bbox 1409 5807 1622 5862; x_wconf 87' lang='lat' dir='ltr'><strong><em>adducit</em></strong></span> <span class='ocrx_word' id='word_1_443' title='bbox 1652 5848 1666 5872; x_wconf 93' lang='lat'><strong><em>,</em></strong></span> <span class='ocrx_word' id='word_1_444' title='bbox 1726 5814 1785 5861; x_wconf 88' lang='lat' dir='ltr'><strong><em>ut</em></strong></span> 
     </span>
    </p>
   </div>
   <div class='ocr_carea' id='block_1_63' title="bbox 191 5896 1784 5970">
    <p class='ocr_par' dir='ltr' id='par_1_63' title="bbox 191 5896 1784 5970">
     <span class='ocr_line' id='line_1_63' title="bbox 191 5896 1784 5970; baseline 0.001 -19"><span class='ocrx_word' id='word_1_445' title='bbox 191 5913 378 5955; x_wconf 84' lang='lat' dir='ltr'><strong><em>onmcs</em></strong></span> <span class='ocrx_word' id='word_1_446' title='bbox 418 5899 708 5954; x_wconf 79' lang='lat' dir='ltr'><strong><em>attrahet&#39;ct</em></strong></span> <span class='ocrx_word' id='word_1_447' title='bbox 765 5907 1105 5968; x_wconf 81' lang='lat' dir='ltr'><strong><em>cuperetque.</em></strong></span> <span class='ocrx_word' id='word_1_448' title='bbox 1158 5899 1245 5954; x_wconf 79' lang='lat'><strong><em>&#39;51.</em></strong></span> <span class='ocrx_word' id='word_1_449' title='bbox 1289 5896 1494 5952; x_wconf 78' lang='lat' dir='ltr'><strong><em>Interea</em></strong></span> <span class='ocrx_word' id='word_1_450' title='bbox 1540 5899 1784 5970; x_wconf 80' lang='lat' dir='ltr'><strong><em>rogabunt</em></strong></span> 
     </span>
    </p>
   </div>
   <div class='ocr_carea' id='block_1_64' title="bbox 1854 700 3453 772">
    <p class='ocr_par' dir='ltr' id='par_1_64' title="bbox 1854 700 3453 772">
     <span class='ocr_line' id='line_1_64' title="bbox 1854 700 3453 772; baseline 0.004 -18"><span class='ocrx_word' id='word_1_451' title='bbox 1854 718 1969 755; x_wconf 88' lang='lat' dir='ltr'><strong><em>eum</em></strong></span> <span class='ocrx_word' id='word_1_452' title='bbox 1988 700 2232 770; x_wconf 81' lang='lat' dir='ltr'><strong><em>discipuli</em></strong></span> <span class='ocrx_word' id='word_1_453' title='bbox 2287 703 2418 767; x_wconf 82' lang='lat' dir='ltr'><strong><em>eius,</em></strong></span> <span class='ocrx_word' id='word_1_454' title='bbox 2469 702 2695 758; x_wconf 86' lang='lat' dir='ltr'><strong><em>dicentes</em></strong></span> <span class='ocrx_word' id='word_1_455' title='bbox 2729 704 2954 772; x_wconf 87' lang='lat' dir='ltr'><strong><em>:Rabbi,</em></strong></span> <span class='ocrx_word' id='word_1_456' title='bbox 2985 707 3261 760; x_wconf 84' lang='lat' dir='ltr'><strong><em>manduca.</em></strong></span> <span class='ocrx_word' id='word_1_457' title='bbox 3291 705 3420 761; x_wconf 88' lang='lat' dir='ltr'><strong><em>lllud</em></strong></span> <span class='ocrx_word' id='word_1_458' title='bbox 3439 748 3453 771; x_wconf 89' lang='lat'><strong><em>,</em></strong></span> 
     </span>
    </p>
   </div>
   <div class='ocr_carea' id='block_1_65' title="bbox 1854 791 3456 866">
    <p class='ocr_par' dir='ltr' id='par_1_65' title="bbox 1854 791 3456 866">
     <span class='ocr_line' id='line_1_65' title="bbox 1854 791 3456 866; baseline 0.005 -20"><span class='ocrx_word' id='word_1_459' title='bbox 1854 791 2148 862; x_wconf 79' lang='lat' dir='ltr'><strong><em>Rogabont,</em></strong></span> <span class='ocrx_word' id='word_1_460' title='bbox 2201 793 2457 848; x_wconf 90' lang='lat' dir='ltr'><strong><em>idiomate</em></strong></span> <span class='ocrx_word' id='word_1_461' title='bbox 2497 810 2598 850; x_wconf 87' lang='lat' dir='ltr'><strong><em>suo</em></strong></span> <span class='ocrx_word' id='word_1_462' title='bbox 2635 794 2723 851; x_wconf 89' lang='lat' dir='ltr'><strong><em>hic</em></strong></span> <span class='ocrx_word' id='word_1_463' title='bbox 2750 793 3036 866; x_wconf 84' lang='lat' dir='ltr'><strong><em>signiﬁcat,</em></strong></span> <span class='ocrx_word' id='word_1_464' title='bbox 3071 796 3456 855; x_wconf 84' lang='lat' dir='ltr'><strong><em>Hortahantur.</em></strong></span> 
     </span>
    </p>
   </div>
   <div class='ocr_carea' id='block_1_66' title="bbox 1857 885 3455 960">
    <p class='ocr_par' dir='ltr' id='par_1_66' title="bbox 1857 885 3455 960">
     <span class='ocr_line' id='line_1_66' title="bbox 1857 885 3455 960; baseline 0.003 -20"><span class='ocrx_word' id='word_1_465' title='bbox 1857 885 2114 942; x_wconf 87' lang='lat' dir='ltr'><strong><em>Videntes</em></strong></span> <span class='ocrx_word' id='word_1_466' title='bbox 2156 885 2302 941; x_wconf 89' lang='lat' dir='ltr'><strong><em>enim</em></strong></span> <span class='ocrx_word' id='word_1_467' title='bbox 2333 901 2455 941; x_wconf 89' lang='lat' dir='ltr'><strong><em>eum</em></strong></span> <span class='ocrx_word' id='word_1_468' title='bbox 2485 901 2553 941; x_wconf 88' lang='lat' dir='ltr'><strong><em>ex</em></strong></span> <span class='ocrx_word' id='word_1_469' title='bbox 2579 888 2773 943; x_wconf 86' lang='lat' dir='ltr'><strong><em>itinere</em></strong></span> <span class='ocrx_word' id='word_1_470' title='bbox 2811 897 2868 943; x_wconf 88' lang='lat' dir='ltr'><strong><em>et</em></strong></span> <span class='ocrx_word' id='word_1_471' title='bbox 2909 897 3044 943; x_wconf 75' lang='lat' dir='ltr'><strong><em>testu</em></strong></span> <span class='ocrx_word' id='word_1_472' title='bbox 3069 887 3413 960; x_wconf 79' lang='lat' dir='ltr'><strong><em>defatigatum</em></strong></span> <span class='ocrx_word' id='word_1_473' title='bbox 3441 932 3455 956; x_wconf 91' lang='lat'><strong><em>,</em></strong></span> 
     </span>
    </p>
   </div>
   <div class='ocr_carea' id='block_1_67' title="bbox 1855 976 3455 1049">
    <p class='ocr_par' dir='ltr' id='par_1_67' title="bbox 1855 976 3455 1049">
     <span class='ocr_line' id='line_1_67' title="bbox 1855 976 3455 1049; baseline 0.004 -19"><span class='ocrx_word' id='word_1_474' title='bbox 1855 976 2208 1031; x_wconf 90' lang='lat' dir='ltr'><strong><em>hortabantur</em></strong></span> <span class='ocrx_word' id='word_1_475' title='bbox 2235 992 2380 1032; x_wconf 90' lang='lat' dir='ltr'><strong><em>eum.</em></strong></span> <span class='ocrx_word' id='word_1_476' title='bbox 2421 976 2539 1032; x_wconf 84' lang='lat' dir='ltr'><strong><em>Non</em></strong></span> <span class='ocrx_word' id='word_1_477' title='bbox 2594 980 2738 1035; x_wconf 90' lang='lat' dir='ltr'><strong><em>enim</em></strong></span> <span class='ocrx_word' id='word_1_478' title='bbox 2770 995 2835 1034; x_wconf 91' lang='lat' dir='ltr'><strong><em>ex</em></strong></span> <span class='ocrx_word' id='word_1_479' title='bbox 2865 981 3159 1049; x_wconf 85' lang='lat' dir='ltr'><strong><em>petulantia</em></strong></span> <span class='ocrx_word' id='word_1_480' title='bbox 3185 1021 3200 1042; x_wconf 93' lang='lat'><strong>.</strong></span> <span class='ocrx_word' id='word_1_481' title='bbox 3251 982 3348 1038; x_wconf 83' lang='lat' dir='ltr'><strong><em>sed</em></strong></span> <span class='ocrx_word' id='word_1_482' title='bbox 3389 998 3455 1036; x_wconf 80' lang='lat' dir='ltr'><strong><em>ex</em></strong></span> 
     </span>
    </p>
   </div>
   <div class='ocr_carea' id='block_1_68' title="bbox 1846 1065 3452 1139">
    <p class='ocr_par' dir='ltr' id='par_1_68' title="bbox 1846 1065 3452 1139">
     <span class='ocr_line' id='line_1_68' title="bbox 1846 1065 3452 1139; baseline 0.003 -18"><span class='ocrx_word' id='word_1_483' title='bbox 1846 1081 2040 1121; x_wconf 84' lang='lat' dir='ltr'><strong><em>amore</em></strong></span> <span class='ocrx_word' id='word_1_484' title='bbox 2065 1065 2305 1122; x_wconf 88' lang='lat' dir='ltr'><strong><em>doctoris</em></strong></span> <span class='ocrx_word' id='word_1_485' title='bbox 2331 1068 2398 1121; x_wconf 87' lang='lat' dir='ltr'><strong><em>ad</em></strong></span> <span class='ocrx_word' id='word_1_486' title='bbox 2424 1069 2604 1122; x_wconf 89' lang='lat' dir='ltr'><strong><em>cibum</em></strong></span> <span class='ocrx_word' id='word_1_487' title='bbox 2631 1070 2952 1126; x_wconf 87' lang='lat' dir='ltr'><strong><em>sumendum</em></strong></span> <span class='ocrx_word' id='word_1_488' title='bbox 2990 1071 3285 1139; x_wconf 86' lang='lat' dir='ltr'><strong><em>pellebant.</em></strong></span> <span class='ocrx_word' id='word_1_489' title='bbox 3317 1071 3452 1139; x_wconf 82' lang='lat' dir='ltr'><strong><em>Quid</em></strong></span> 
     </span>
    </p>
   </div>
   <div class='ocr_carea' id='block_1_69' title="bbox 1855 1157 3457 1236">
    <p class='ocr_par' dir='ltr' id='par_1_69' title="bbox 1855 1157 3457 1236">
     <span class='ocr_line' id='line_1_69' title="bbox 1855 1157 3457 1236; baseline 0.004 -25"><span class='ocrx_word' id='word_1_490' title='bbox 1855 1170 1985 1228; x_wconf 79' lang='lat' dir='ltr'><strong><em>ergo</em></strong></span> <span class='ocrx_word' id='word_1_491' title='bbox 2007 1157 2296 1212; x_wconf 77' lang='lat' dir='ltr'><strong><em>Christus?</em></strong></span> <span class='ocrx_word' id='word_1_492' title='bbox 2325 1159 2414 1214; x_wconf 74' lang='grc'><strong><em>52.</em></strong></span> <span class='ocrx_word' id='word_1_493' title='bbox 2449 1159 2557 1231; x_wconf 82' lang='lat' dir='ltr'><strong><em>Ego</em></strong></span> <span class='ocrx_word' id='word_1_494' title='bbox 2581 1160 2748 1215; x_wconf 85' lang='lat' dir='ltr'><strong><em>cibum</em></strong></span> <span class='ocrx_word' id='word_1_495' title='bbox 2772 1161 2930 1218; x_wconf 87' lang='lat' dir='ltr'><strong><em>habeo</em></strong></span> <span class='ocrx_word' id='word_1_496' title='bbox 2955 1164 3282 1231; x_wconf 84' lang='lat' dir='ltr'><strong><em>manducare,</em></strong></span> <span class='ocrx_word' id='word_1_497' title='bbox 3307 1181 3457 1236; x_wconf 84' lang='lat' dir='ltr'><strong><em>quem</em></strong></span> 
     </span>
    </p>
   </div>
   <div class='ocr_carea' id='block_1_70' title="bbox 1856 1249 3456 1324">
    <p class='ocr_par' dir='ltr' id='par_1_70' title="bbox 1856 1249 3456 1324">
     <span class='ocr_line' id='line_1_70' title="bbox 1856 1249 3456 1324; baseline 0.004 -22"><span class='ocrx_word' id='word_1_498' title='bbox 1856 1264 1941 1302; x_wconf 78' lang='lat' dir='ltr'><strong><em>vos</em></strong></span> <span class='ocrx_word' id='word_1_499' title='bbox 1962 1249 2161 1302; x_wconf 85' lang='lat' dir='ltr'><strong><em>nescitis</em></strong></span> <span class='ocrx_word' id='word_1_500' title='bbox 2189 1263 2208 1302; x_wconf 89' lang='lat'><strong><em>:</em></strong></span> <span class='ocrx_word' id='word_1_501' title='bbox 2228 1249 2318 1305; x_wconf 77' lang='lat'><strong><em>5&#39;5.</em></strong></span> <span class='ocrx_word' id='word_1_502' title='bbox 2361 1249 2611 1306; x_wconf 86' lang='lat' dir='ltr'><strong><em>Dicebant</em></strong></span> <span class='ocrx_word' id='word_1_503' title='bbox 2638 1268 2760 1321; x_wconf 88' lang='lat' dir='ltr'><strong><em>ergo</em></strong></span> <span class='ocrx_word' id='word_1_504' title='bbox 2799 1253 2869 1307; x_wconf 92' lang='lat' dir='ltr'><strong><em>ad</em></strong></span> <span class='ocrx_word' id='word_1_505' title='bbox 2906 1254 3119 1308; x_wconf 79' lang='lat' dir='ltr'><strong><em>invicem</em></strong></span> <span class='ocrx_word' id='word_1_506' title='bbox 3145 1269 3167 1310; x_wconf 90' lang='lat'><strong><em>:</em></strong></span> <span class='ocrx_word' id='word_1_507' title='bbox 3190 1253 3456 1324; x_wconf 83' lang='lat' dir='ltr'><strong><em>Numquid</em></strong></span> 
     </span>
    </p>
   </div>
   <div class='ocr_carea' id='block_1_71' title="bbox 1857 1337 3455 1413">
    <p class='ocr_par' dir='ltr' id='par_1_71' title="bbox 1857 1337 3455 1413">
     <span class='ocr_line' id='line_1_71' title="bbox 1857 1337 3455 1413; baseline 0.005 -24"><span class='ocrx_word' id='word_1_508' title='bbox 1857 1337 2040 1408; x_wconf 85' lang='lat' dir='ltr'><strong><em>aliquis</em></strong></span> <span class='ocrx_word' id='word_1_509' title='bbox 2059 1339 2230 1392; x_wconf 88' lang='lat' dir='ltr'><strong><em>attulit</em></strong></span> <span class='ocrx_word' id='word_1_510' title='bbox 2256 1339 2302 1392; x_wconf 91' lang='lat' dir='ltr'><strong><em>ei</em></strong></span> <span class='ocrx_word' id='word_1_511' title='bbox 2322 1341 2628 1395; x_wconf 87' lang='lat' dir='ltr'><strong><em>manducare</em></strong></span> <span class='ocrx_word' id='word_1_512' title='bbox 2649 1343 2675 1395; x_wconf 70' lang='lat'><strong><em>.9</em></strong></span> <span class='ocrx_word' id='word_1_513' title='bbox 2694 1342 2830 1410; x_wconf 87' lang='lat' dir='ltr'><strong><em>Quid</em></strong></span> <span class='ocrx_word' id='word_1_514' title='bbox 2857 1359 2987 1413; x_wconf 88' lang='lat' dir='ltr'><strong><em>ergo</em></strong></span> <span class='ocrx_word' id='word_1_515' title='bbox 3017 1345 3230 1399; x_wconf 89' lang='lat' dir='ltr'><strong><em>miraris</em></strong></span> <span class='ocrx_word' id='word_1_516' title='bbox 3259 1344 3306 1400; x_wconf 88' lang='lat' dir='ltr'><strong><em>si</em></strong></span> <span class='ocrx_word' id='word_1_517' title='bbox 3335 1362 3455 1399; x_wconf 85' lang='lat' dir='ltr'><strong><em>tnu-</em></strong></span> 
     </span>
    </p>
   </div>
   <div class='ocr_carea' id='block_1_72' title="bbox 1845 1425 3452 1503">
    <p class='ocr_par' dir='ltr' id='par_1_72' title="bbox 1845 1425 3452 1503">
     <span class='ocr_line' id='line_1_72' title="bbox 1845 1425 3452 1503; baseline 0.01 -29"><span class='ocrx_word' id='word_1_518' title='bbox 1845 1425 1959 1481; x_wconf 87' lang='lat' dir='ltr'><strong><em>.lier</em></strong></span> <span class='ocrx_word' id='word_1_519' title='bbox 2009 1441 2202 1495; x_wconf 81' lang='lat' dir='ltr'><strong><em>aquam</em></strong></span> <span class='ocrx_word' id='word_1_520' title='bbox 2231 1429 2478 1496; x_wconf 87' lang='lat' dir='ltr'><strong><em>audiens,</em></strong></span> <span class='ocrx_word' id='word_1_521' title='bbox 2514 1446 2641 1485; x_wconf 88' lang='lat' dir='ltr'><strong><em>vere</em></strong></span> <span class='ocrx_word' id='word_1_522' title='bbox 2666 1447 2859 1503; x_wconf 88' lang='lat' dir='ltr'><strong><em>aquam</em></strong></span> <span class='ocrx_word' id='word_1_523' title='bbox 2909 1449 3031 1490; x_wconf 88' lang='lat' dir='ltr'><strong><em>esse</em></strong></span> <span class='ocrx_word' id='word_1_524' title='bbox 3057 1434 3452 1502; x_wconf 85' lang='lat' dir='ltr'><strong><em>arbitrabatur,</em></strong></span> 
     </span>
    </p>
   </div>
   <div class='ocr_carea' id='block_1_73' title="bbox 1857 1519 3458 1596">
    <p class='ocr_par' dir='ltr' id='par_1_73' title="bbox 1857 1519 3458 1596">
     <span class='ocr_line' id='line_1_73' title="bbox 1857 1519 3458 1596; baseline 0.006 -23"><span class='ocrx_word' id='word_1_525' title='bbox 1857 1519 2071 1590; x_wconf 86' lang='lat' dir='ltr'><strong><em>quando</em></strong></span> <span class='ocrx_word' id='word_1_526' title='bbox 2110 1520 2357 1590; x_wconf 90' lang='lat' dir='ltr'><strong><em>discipuli</em></strong></span> <span class='ocrx_word' id='word_1_527' title='bbox 2413 1521 2528 1588; x_wconf 87' lang='lat' dir='ltr'><strong><em>pari</em></strong></span> <span class='ocrx_word' id='word_1_528' title='bbox 2569 1532 2698 1578; x_wconf 90' lang='lat' dir='ltr'><strong><em>sunt</em></strong></span> <span class='ocrx_word' id='word_1_529' title='bbox 2762 1528 2929 1584; x_wconf 90' lang='lat' dir='ltr'><strong><em>modo</em></strong></span> <span class='ocrx_word' id='word_1_530' title='bbox 2987 1523 3185 1588; x_wconf 70' lang='lat' dir='ltr'><strong><em>allecti,</em></strong></span> <span class='ocrx_word' id='word_1_531' title='bbox 3215 1526 3458 1596; x_wconf 86' lang='lat' dir='ltr'><strong><em>nihilque</em></strong></span> 
     </span>
    </p>
   </div>
   <div class='ocr_carea' id='block_1_74' title="bbox 1858 1607 3455 1681">
    <p class='ocr_par' dir='ltr' id='par_1_74' title="bbox 1858 1607 3455 1681">
     <span class='ocr_line' id='line_1_74' title="bbox 1858 1607 3455 1681; baseline 0.006 -17"><span class='ocrx_word' id='word_1_532' title='bbox 1858 1611 2139 1681; x_wconf 86' lang='lat' dir='ltr'><strong><em>spirituale</em></strong></span> <span class='ocrx_word' id='word_1_533' title='bbox 2163 1610 2504 1681; x_wconf 86' lang='lat' dir='ltr'><strong><em>intelligunt;</em></strong></span> <span class='ocrx_word' id='word_1_534' title='bbox 2551 1612 2647 1669; x_wconf 89' lang='lat' dir='ltr'><strong><em>sed</em></strong></span> <span class='ocrx_word' id='word_1_535' title='bbox 2676 1607 2941 1679; x_wconf 86' lang='lat' dir='ltr'><strong><em>dubitant,</em></strong></span> <span class='ocrx_word' id='word_1_536' title='bbox 2967 1613 3092 1670; x_wconf 90' lang='lat' dir='ltr'><strong><em>dum</em></strong></span> <span class='ocrx_word' id='word_1_537' title='bbox 3121 1615 3332 1673; x_wconf 89' lang='lat' dir='ltr'><strong><em>doctori</em></strong></span> <span class='ocrx_word' id='word_1_538' title='bbox 3367 1635 3455 1673; x_wconf 85' lang='lat' dir='ltr'><strong><em>re-</em></strong></span> 
     </span>
    </p>
   </div>
   <div class='ocr_carea' id='block_1_75' title="bbox 1860 1702 3457 1776">
    <p class='ocr_par' dir='ltr' id='par_1_75' title="bbox 1860 1702 3457 1776">
     <span class='ocr_line' id='line_1_75' title="bbox 1860 1702 3457 1776; baseline 0.003 -20"><span class='ocrx_word' id='word_1_539' title='bbox 1860 1704 2156 1758; x_wconf 89' lang='lat' dir='ltr'><strong><em>verentiam</em></strong></span> <span class='ocrx_word' id='word_1_540' title='bbox 2178 1712 2234 1759; x_wconf 90' lang='lat' dir='ltr'><strong><em>et</em></strong></span> <span class='ocrx_word' id='word_1_541' title='bbox 2264 1702 2526 1759; x_wconf 90' lang='lat' dir='ltr'><strong><em>honorem</em></strong></span> <span class='ocrx_word' id='word_1_542' title='bbox 2551 1720 2652 1776; x_wconf 90' lang='lat' dir='ltr'><strong><em>pro</em></strong></span> <span class='ocrx_word' id='word_1_543' title='bbox 2680 1721 2833 1762; x_wconf 90' lang='lat' dir='ltr'><strong><em>more</em></strong></span> <span class='ocrx_word' id='word_1_544' title='bbox 2866 1707 3148 1772; x_wconf 80' lang='lat' dir='ltr'><strong><em>exhibent,</em></strong></span> <span class='ocrx_word' id='word_1_545' title='bbox 3182 1722 3247 1763; x_wconf 87' lang='lat' dir='ltr'><strong><em>ac</em></strong></span> <span class='ocrx_word' id='word_1_546' title='bbox 3272 1717 3457 1762; x_wconf 86' lang='lat' dir='ltr'><strong><em>mutue</em></strong></span> 
     </span>
    </p>
   </div>
   <div class='ocr_carea' id='block_1_76' title="bbox 1859 1792 3460 1862">
    <p class='ocr_par' dir='ltr' id='par_1_76' title="bbox 1859 1792 3460 1862">
     <span class='ocr_line' id='line_1_76' title="bbox 1859 1792 3460 1862; baseline 0.002 -16"><span class='ocrx_word' id='word_1_547' title='bbox 1859 1792 2266 1862; x_wconf 87' lang='lat' dir='ltr'><strong><em>colloquuntur,</em></strong></span> <span class='ocrx_word' id='word_1_548' title='bbox 2291 1809 2392 1850; x_wconf 86' lang='lat' dir='ltr'><strong><em>nec</em></strong></span> <span class='ocrx_word' id='word_1_549' title='bbox 2411 1795 2610 1851; x_wconf 89' lang='lat' dir='ltr'><strong><em>audent</em></strong></span> <span class='ocrx_word' id='word_1_550' title='bbox 2628 1797 2698 1852; x_wconf 86' lang='lat' dir='ltr'><strong><em>ab</em></strong></span> <span class='ocrx_word' id='word_1_551' title='bbox 2717 1796 2812 1850; x_wconf 91' lang='lat' dir='ltr'><strong><em>illo</em></strong></span> <span class='ocrx_word' id='word_1_552' title='bbox 2836 1796 3138 1852; x_wconf 81' lang='lat' dir='ltr'><strong><em>sciscitari?</em></strong></span> <span class='ocrx_word' id='word_1_553' title='bbox 3162 1797 3273 1853; x_wconf 84' lang='lat' dir='ltr'><strong><em>Hoc</em></strong></span> <span class='ocrx_word' id='word_1_554' title='bbox 3298 1798 3460 1853; x_wconf 87' lang='lat' dir='ltr'><strong><em>etiam</em></strong></span> 
     </span>
    </p>
   </div>
   <div class='ocr_carea' id='block_1_77' title="bbox 1860 1882 3465 1957">
    <p class='ocr_par' dir='ltr' id='par_1_77' title="bbox 1860 1882 3465 1957">
     <span class='ocr_line' id='line_1_77' title="bbox 1860 1882 3465 1957; baseline 0.005 -21"><span class='ocrx_word' id='word_1_555' title='bbox 1860 1882 1986 1936; x_wconf 84' lang='lat' dir='ltr'><strong><em>alibi</em></strong></span> <span class='ocrx_word' id='word_1_556' title='bbox 2015 1883 2235 1948; x_wconf 84' lang='lat' dir='ltr'><strong><em>faciunt,</em></strong></span> <span class='ocrx_word' id='word_1_557' title='bbox 2291 1883 2419 1938; x_wconf 91' lang='lat' dir='ltr'><strong><em>dum</em></strong></span> <span class='ocrx_word' id='word_1_558' title='bbox 2461 1885 2796 1954; x_wconf 78' lang='lat' dir='ltr'><strong><em>interrogare</em></strong></span> <span class='ocrx_word' id='word_1_559' title='bbox 2838 1887 3136 1957; x_wconf 71' lang='lat' dir='ltr'><strong><em>cupientes,</em></strong></span> <span class='ocrx_word' id='word_1_560' title='bbox 3191 1887 3465 1944; x_wconf 81' lang='lat' dir='ltr'><strong><em>abstinent</em></strong></span> 
     </span>
    </p>
   </div>
   <div class='ocr_carea' id='block_1_78' title="bbox 1862 1973 3465 2052">
    <p class='ocr_par' dir='ltr' id='par_1_78' title="bbox 1862 1973 3465 2052">
     <span class='ocr_line' id='line_1_78' title="bbox 1862 1973 3465 2052; baseline 0.005 -26"><span class='ocrx_word' id='word_1_561' title='bbox 1862 1982 2062 2028; x_wconf 87' lang='lat' dir='ltr'><strong><em>tamen.</em></strong></span> <span class='ocrx_word' id='word_1_562' title='bbox 2093 1973 2231 2043; x_wconf 91' lang='lat' dir='ltr'><strong><em>Quid</em></strong></span> <span class='ocrx_word' id='word_1_563' title='bbox 2255 1990 2383 2046; x_wconf 88' lang='lat' dir='ltr'><strong><em>ergo</em></strong></span> <span class='ocrx_word' id='word_1_564' title='bbox 2403 1975 2688 2032; x_wconf 80' lang='lat' dir='ltr'><strong><em>Christus?</em></strong></span> <span class='ocrx_word' id='word_1_565' title='bbox 2719 1978 2808 2034; x_wconf 77' lang='grc'><strong><em>54.</em></strong></span> <span class='ocrx_word' id='word_1_566' title='bbox 2843 1977 2992 2033; x_wconf 80' lang='lat' dir='ltr'><strong><em>Meus</em></strong></span> <span class='ocrx_word' id='word_1_567' title='bbox 3012 1979 3153 2035; x_wconf 86' lang='lat' dir='ltr'><strong><em>cibus</em></strong></span> <span class='ocrx_word' id='word_1_568' title='bbox 3171 1988 3266 2046; x_wconf 88' lang='lat' dir='ltr'><strong><em>est,</em></strong></span> <span class='ocrx_word' id='word_1_569' title='bbox 3295 1989 3352 2034; x_wconf 81' lang='lat' dir='ltr'><strong><em>ut</em></strong></span> <span class='ocrx_word' id='word_1_570' title='bbox 3382 1986 3465 2052; x_wconf 82' lang='lat' dir='ltr'><strong><em>fa-</em></strong></span> 
     </span>
    </p>
   </div>
   <div class='ocr_carea' id='block_1_79' title="bbox 1860 2065 3464 2144">
    <p class='ocr_par' dir='ltr' id='par_1_79' title="bbox 1860 2065 3464 2144">
     <span class='ocr_line' id='line_1_79' title="bbox 1860 2065 3464 2144; baseline 0.005 -26"><span class='ocrx_word' id='word_1_571' title='bbox 1860 2065 1993 2119; x_wconf 84' lang='lat' dir='ltr'><strong><em>ciam</em></strong></span> <span class='ocrx_word' id='word_1_572' title='bbox 2033 2067 2339 2121; x_wconf 86' lang='lat' dir='ltr'><strong><em>voluntatem</em></strong></span> <span class='ocrx_word' id='word_1_573' title='bbox 2379 2068 2489 2138; x_wconf 86' lang='lat' dir='ltr'><strong><em>ejus</em></strong></span> <span class='ocrx_word' id='word_1_574' title='bbox 2511 2069 2601 2138; x_wconf 88' lang='lat' dir='ltr'><strong><em>qui</em></strong></span> <span class='ocrx_word' id='word_1_575' title='bbox 2627 2069 2764 2122; x_wconf 88' lang='lat' dir='ltr'><strong><em>misit</em></strong></span> <span class='ocrx_word' id='word_1_576' title='bbox 2808 2085 2888 2123; x_wconf 88' lang='lat' dir='ltr'><strong><em>me</em></strong></span> <span class='ocrx_word' id='word_1_577' title='bbox 2911 2111 2926 2136; x_wconf 95' lang='lat'><strong><em>,</em></strong></span> <span class='ocrx_word' id='word_1_578' title='bbox 2959 2079 3006 2124; x_wconf 89' lang='lat' dir='ltr'><strong><em>et</em></strong></span> <span class='ocrx_word' id='word_1_579' title='bbox 3031 2071 3295 2142; x_wconf 76' lang='lat' dir='ltr'><strong><em>perﬁciam</em></strong></span> <span class='ocrx_word' id='word_1_580' title='bbox 3335 2089 3464 2144; x_wconf 80' lang='lat' dir='ltr'><strong><em>opus</em></strong></span> 
     </span>
    </p>
   </div>
   <div class='ocr_carea' id='block_1_80' title="bbox 1861 2157 3464 2229">
    <p class='ocr_par' dir='ltr' id='par_1_80' title="bbox 1861 2157 3464 2229">
     <span class='ocr_line' id='line_1_80' title="bbox 1861 2157 3464 2229; baseline 0.006 -20"><span class='ocrx_word' id='word_1_581' title='bbox 1861 2158 1991 2229; x_wconf 87' lang='lat' dir='ltr'><strong><em>ejus.</em></strong></span> <span class='ocrx_word' id='word_1_582' title='bbox 2025 2157 2310 2213; x_wconf 90' lang='lat' dir='ltr'><strong><em>llominum</em></strong></span> <span class='ocrx_word' id='word_1_583' title='bbox 2359 2159 2586 2215; x_wconf 88' lang='lat' dir='ltr'><strong><em>salutem</em></strong></span> <span class='ocrx_word' id='word_1_584' title='bbox 2617 2159 2707 2215; x_wconf 91' lang='lat' dir='ltr'><strong><em>hic</em></strong></span> <span class='ocrx_word' id='word_1_585' title='bbox 2731 2160 2911 2215; x_wconf 88' lang='lat' dir='ltr'><strong><em>cibum</em></strong></span> <span class='ocrx_word' id='word_1_586' title='bbox 2944 2169 3119 2228; x_wconf 85' lang='lat' dir='ltr'><strong><em>vocat,</em></strong></span> <span class='ocrx_word' id='word_1_587' title='bbox 3174 2163 3464 2218; x_wconf 84' lang='lat' dir='ltr'><strong><em>ostendens</em></strong></span> 
     </span>
    </p>
   </div>
   <div class='ocr_carea' id='block_1_81' title="bbox 1860 2249 3460 2332">
    <p class='ocr_par' dir='ltr' id='par_1_81' title="bbox 1860 2249 3460 2332">
     <span class='ocr_line' id='line_1_81' title="bbox 1860 2249 3460 2332; baseline 0.003 -30"><span class='ocrx_word' id='word_1_588' title='bbox 1860 2261 1982 2302; x_wconf 87' lang='lat' dir='ltr'><strong><em>cum</em></strong></span> <span class='ocrx_word' id='word_1_589' title='bbox 2002 2257 2201 2318; x_wconf 89' lang='lat' dir='ltr'><strong><em>quanta</em></strong></span> <span class='ocrx_word' id='word_1_590' title='bbox 2224 2263 2353 2304; x_wconf 90' lang='lat' dir='ltr'><strong><em>cura</em></strong></span> <span class='ocrx_word' id='word_1_591' title='bbox 2379 2249 2535 2332; x_wconf 83' lang='lat' dir='ltr'><strong><em>nobis</em></strong></span> <span class='ocrx_word' id='word_1_592' title='bbox 2560 2251 2855 2320; x_wconf 88' lang='lat' dir='ltr'><strong><em>provideat.</em></strong></span> <span class='ocrx_word' id='word_1_593' title='bbox 2881 2251 2949 2308; x_wconf 89' lang='lat' dir='ltr'><strong><em>Ut</em></strong></span> <span class='ocrx_word' id='word_1_594' title='bbox 2970 2253 3113 2307; x_wconf 90' lang='lat' dir='ltr'><strong><em>enim</em></strong></span> <span class='ocrx_word' id='word_1_595' title='bbox 3136 2268 3234 2308; x_wconf 92' lang='lat' dir='ltr'><strong><em>nos</em></strong></span> <span class='ocrx_word' id='word_1_596' title='bbox 3260 2254 3460 2321; x_wconf 86' lang='lat' dir='ltr'><strong><em>cibum,</em></strong></span> 
     </span>
    </p>
   </div>
   <div class='ocr_carea' id='block_1_82' title="bbox 1863 2340 3464 2418">
    <p class='ocr_par' dir='ltr' id='par_1_82' title="bbox 1863 2340 3464 2418">
     <span class='ocr_line' id='line_1_82' title="bbox 1863 2340 3464 2418; baseline 0.004 -24"><span class='ocrx_word' id='word_1_597' title='bbox 1863 2340 1934 2394; x_wconf 88' lang='lat' dir='ltr'><strong><em>ita</em></strong></span> <span class='ocrx_word' id='word_1_598' title='bbox 1962 2341 2050 2395; x_wconf 89' lang='lat' dir='ltr'><strong><em>ille</em></strong></span> <span class='ocrx_word' id='word_1_599' title='bbox 2076 2351 2317 2396; x_wconf 89' lang='lat' dir='ltr'><strong><em>nostram</em></strong></span> <span class='ocrx_word' id='word_1_600' title='bbox 2339 2343 2569 2398; x_wconf 88' lang='lat' dir='ltr'><strong><em>salutem</em></strong></span> <span class='ocrx_word' id='word_1_601' title='bbox 2597 2343 2890 2400; x_wconf 85' lang='lat' dir='ltr'><strong><em>desiderat.</em></strong></span> <span class='ocrx_word' id='word_1_602' title='bbox 2920 2345 3059 2400; x_wconf 86' lang='lat' dir='ltr'><strong><em>Audi</em></strong></span> <span class='ocrx_word' id='word_1_603' title='bbox 3081 2361 3209 2402; x_wconf 90' lang='lat' dir='ltr'><strong><em>vero</em></strong></span> <span class='ocrx_word' id='word_1_604' title='bbox 3242 2363 3349 2418; x_wconf 87' lang='lat' dir='ltr'><strong><em>quo</em></strong></span> <span class='ocrx_word' id='word_1_605' title='bbox 3369 2364 3464 2417; x_wconf 87' lang='lat' dir='ltr'><strong><em>pa-</em></strong></span> 
     </span>
    </p>
   </div>
   <div class='ocr_carea' id='block_1_83' title="bbox 1860 2431 3468 2508">
    <p class='ocr_par' dir='ltr' id='par_1_83' title="bbox 1860 2431 3468 2508">
     <span class='ocr_line' id='line_1_83' title="bbox 1860 2431 3468 2508; baseline 0.004 -23"><span class='ocrx_word' id='word_1_606' title='bbox 1860 2439 1950 2485; x_wconf 90' lang='lat' dir='ltr'><strong><em>cto</em></strong></span> <span class='ocrx_word' id='word_1_607' title='bbox 1981 2446 2086 2484; x_wconf 90' lang='lat' dir='ltr'><strong><em>non</em></strong></span> <span class='ocrx_word' id='word_1_608' title='bbox 2117 2431 2316 2501; x_wconf 92' lang='lat' dir='ltr'><strong><em>ubique</em></strong></span> <span class='ocrx_word' id='word_1_609' title='bbox 2335 2433 2513 2487; x_wconf 92' lang='lat' dir='ltr'><strong><em>omnia</em></strong></span> <span class='ocrx_word' id='word_1_610' title='bbox 2543 2434 2652 2488; x_wconf 92' lang='lat' dir='ltr'><strong><em>cito</em></strong></span> <span class='ocrx_word' id='word_1_611' title='bbox 2681 2436 2903 2503; x_wconf 88' lang='lat' dir='ltr'><strong><em>revelet,</em></strong></span> <span class='ocrx_word' id='word_1_612' title='bbox 2935 2436 3031 2491; x_wconf 90' lang='lat' dir='ltr'><strong><em>sed</em></strong></span> <span class='ocrx_word' id='word_1_613' title='bbox 3058 2439 3235 2508; x_wconf 87' lang='lat' dir='ltr'><strong><em>primo</em></strong></span> <span class='ocrx_word' id='word_1_614' title='bbox 3255 2439 3468 2492; x_wconf 83' lang='lat' dir='ltr'><strong><em>audito-</em></strong></span> 
     </span>
    </p>
   </div>
   <div class='ocr_carea' id='block_1_84' title="bbox 1864 2521 3465 2600">
    <p class='ocr_par' dir='ltr' id='par_1_84' title="bbox 1864 2521 3465 2600">
     <span class='ocr_line' id='line_1_84' title="bbox 1864 2521 3465 2600; baseline 0.007 -26"><span class='ocrx_word' id='word_1_615' title='bbox 1864 2535 1977 2575; x_wconf 91' lang='lat' dir='ltr'><strong><em>rem</em></strong></span> <span class='ocrx_word' id='word_1_616' title='bbox 2007 2523 2058 2576; x_wconf 91' lang='lat' dir='ltr'><strong><em>in</em></strong></span> <span class='ocrx_word' id='word_1_617' title='bbox 2095 2521 2481 2580; x_wconf 83' lang='lat' dir='ltr'><strong><em>dubitationem</em></strong></span> <span class='ocrx_word' id='word_1_618' title='bbox 2510 2524 2787 2597; x_wconf 87' lang='lat' dir='ltr'><strong><em>conjiciat,</em></strong></span> <span class='ocrx_word' id='word_1_619' title='bbox 2813 2537 2871 2582; x_wconf 91' lang='lat' dir='ltr'><strong><em>ut</em></strong></span> <span class='ocrx_word' id='word_1_620' title='bbox 2906 2539 3192 2599; x_wconf 87' lang='lat' dir='ltr'><strong><em>postquam</em></strong></span> <span class='ocrx_word' id='word_1_621' title='bbox 3219 2545 3465 2600; x_wconf 83' lang='lat' dir='ltr'><strong><em>quaerere</em></strong></span> 
     </span>
    </p>
   </div>
   <div class='ocr_carea' id='block_1_85' title="bbox 1864 2612 3464 2686">
    <p class='ocr_par' dir='ltr' id='par_1_85' title="bbox 1864 2612 3464 2686">
     <span class='ocr_line' id='line_1_85' title="bbox 1864 2612 3464 2686; baseline 0.004 -20"><span class='ocrx_word' id='word_1_622' title='bbox 1864 2612 2063 2682; x_wconf 90' lang='lat' dir='ltr'><strong><em>incepit</em></strong></span> <span class='ocrx_word' id='word_1_623' title='bbox 2107 2612 2232 2683; x_wconf 91' lang='lat' dir='ltr'><strong><em>quid</em></strong></span> <span class='ocrx_word' id='word_1_624' title='bbox 2264 2615 2331 2668; x_wconf 88' lang='lat' dir='ltr'><strong><em>sit</em></strong></span> <span class='ocrx_word' id='word_1_625' title='bbox 2361 2613 2492 2672; x_wconf 89' lang='lat' dir='ltr'><strong><em>illud</em></strong></span> <span class='ocrx_word' id='word_1_626' title='bbox 2541 2617 2686 2686; x_wconf 88' lang='lat' dir='ltr'><strong><em>quod</em></strong></span> <span class='ocrx_word' id='word_1_627' title='bbox 2736 2618 2954 2685; x_wconf 91' lang='lat' dir='ltr'><strong><em>dicitur,</em></strong></span> <span class='ocrx_word' id='word_1_628' title='bbox 3005 2634 3131 2675; x_wconf 89' lang='lat' dir='ltr'><strong><em>cum</em></strong></span> <span class='ocrx_word' id='word_1_629' title='bbox 3170 2620 3464 2676; x_wconf 86' lang='lat' dir='ltr'><strong><em>dubitando</em></strong></span> 
     </span>
    </p>
   </div>
   <div class='ocr_carea' id='block_1_86' title="bbox 1864 2702 3466 2779">
    <p class='ocr_par' dir='ltr' id='par_1_86' title="bbox 1864 2702 3466 2779">
     <span class='ocr_line' id='line_1_86' title="bbox 1864 2702 3466 2779; baseline 0.004 -23"><span class='ocrx_word' id='word_1_630' title='bbox 1864 2702 2092 2768; x_wconf 86' lang='lat' dir='ltr'><strong><em>laborat,</em></strong></span> <span class='ocrx_word' id='word_1_631' title='bbox 2125 2704 2382 2760; x_wconf 88' lang='lat' dir='ltr'><strong><em>libentius</em></strong></span> <span class='ocrx_word' id='word_1_632' title='bbox 2411 2705 2464 2762; x_wconf 91' lang='lat' dir='ltr'><strong><em>id</em></strong></span> <span class='ocrx_word' id='word_1_633' title='bbox 2491 2707 2633 2778; x_wconf 86' lang='lat' dir='ltr'><strong><em>quod</em></strong></span> <span class='ocrx_word' id='word_1_634' title='bbox 2678 2710 2956 2778; x_wconf 74' lang='lat' dir='ltr'><strong><em>qtttcrehat</em></strong></span> <span class='ocrx_word' id='word_1_635' title='bbox 2984 2711 3292 2779; x_wconf 81' lang='lat' dir='ltr'><strong><em>expositum</em></strong></span> <span class='ocrx_word' id='word_1_636' title='bbox 3321 2712 3466 2766; x_wconf 83' lang='lat' dir='ltr'><strong><em>acci-</em></strong></span> 
     </span>
    </p>
   </div>
   <div class='ocr_carea' id='block_1_87' title="bbox 1864 2793 3462 2871">
    <p class='ocr_par' dir='ltr' id='par_1_87' title="bbox 1864 2793 3462 2871">
     <span class='ocr_line' id='line_1_87' title="bbox 1864 2793 3462 2871; baseline 0.006 -25"><span class='ocrx_word' id='word_1_637' title='bbox 1864 2797 1996 2864; x_wconf 88' lang='lat' dir='ltr'><strong><em>piat,</em></strong></span> <span class='ocrx_word' id='word_1_638' title='bbox 2026 2801 2082 2849; x_wconf 86' lang='lat' dir='ltr'><strong><em>et</em></strong></span> <span class='ocrx_word' id='word_1_639' title='bbox 2109 2793 2176 2849; x_wconf 88' lang='lat' dir='ltr'><strong><em>ad</em></strong></span> <span class='ocrx_word' id='word_1_640' title='bbox 2204 2796 2530 2853; x_wconf 88' lang='lat' dir='ltr'><strong><em>audiendum</em></strong></span> <span class='ocrx_word' id='word_1_641' title='bbox 2556 2800 2724 2869; x_wconf 84' lang='lat' dir='ltr'><strong><em>magis</em></strong></span> <span class='ocrx_word' id='word_1_642' title='bbox 2745 2801 3031 2855; x_wconf 82' lang='lat' dir='ltr'><strong><em>excitetur.</em></strong></span> <span class='ocrx_word' id='word_1_643' title='bbox 3063 2800 3168 2856; x_wconf 89' lang='lat' dir='ltr'><strong><em>Cur</em></strong></span> <span class='ocrx_word' id='word_1_644' title='bbox 3197 2815 3325 2871; x_wconf 84' lang='lat' dir='ltr'><strong><em>ergo</em></strong></span> <span class='ocrx_word' id='word_1_645' title='bbox 3357 2816 3462 2855; x_wconf 92' lang='lat' dir='ltr'><strong><em>non</em></strong></span> 
     </span>
    </p>
   </div>
   <div class='ocr_carea' id='block_1_88' title="bbox 1865 2885 3469 2964">
    <p class='ocr_par' dir='ltr' id='par_1_88' title="bbox 1865 2885 3469 2964">
     <span class='ocr_line' id='line_1_88' title="bbox 1865 2885 3469 2964; baseline 0.006 -26"><span class='ocrx_word' id='word_1_646' title='bbox 1865 2885 2044 2939; x_wconf 74' lang='lat' dir='ltr'><strong><em>Statim</em></strong></span> <span class='ocrx_word' id='word_1_647' title='bbox 2075 2885 2230 2953; x_wconf 77' lang='lat' dir='ltr'><strong><em>dixit,</em></strong></span> <span class='ocrx_word' id='word_1_648' title='bbox 2253 2886 2399 2942; x_wconf 73' lang='lat' dir='ltr'><strong><em>Meus</em></strong></span> <span class='ocrx_word' id='word_1_649' title='bbox 2416 2888 2556 2944; x_wconf 81' lang='lat' dir='ltr'><strong><em>cibus</em></strong></span> <span class='ocrx_word' id='word_1_650' title='bbox 2579 2901 2653 2944; x_wconf 91' lang='lat' dir='ltr'><strong><em>est</em></strong></span> <span class='ocrx_word' id='word_1_651' title='bbox 2672 2901 2726 2944; x_wconf 88' lang='lat' dir='ltr'><strong><em>ut</em></strong></span> <span class='ocrx_word' id='word_1_652' title='bbox 2749 2892 2938 2964; x_wconf 79' lang='lat' dir='ltr'><strong><em>faciam</em></strong></span> <span class='ocrx_word' id='word_1_653' title='bbox 2964 2893 3268 2948; x_wconf 85' lang='lat' dir='ltr'><strong><em>voluntatem</em></strong></span> <span class='ocrx_word' id='word_1_654' title='bbox 3293 2892 3469 2948; x_wconf 87' lang='lat' dir='ltr'><strong><em>Patris</em></strong></span> 
     </span>
    </p>
   </div>
   <div class='ocr_carea' id='block_1_89' title="bbox 1866 2978 3471 3050">
    <p class='ocr_par' dir='ltr' id='par_1_89' title="bbox 1866 2978 3471 3050">
     <span class='ocr_line' id='line_1_89' title="bbox 1866 2978 3471 3050; baseline 0.005 -19"><span class='ocrx_word' id='word_1_655' title='bbox 1866 2978 2011 3033; x_wconf 87' lang='lat' dir='ltr'><strong><em>mei:</em></strong></span> <span class='ocrx_word' id='word_1_656' title='bbox 2039 2979 2182 3050; x_wconf 87' lang='lat' dir='ltr'><strong><em>quod</em></strong></span> <span class='ocrx_word' id='word_1_657' title='bbox 2229 2981 2332 3035; x_wconf 89' lang='lat' dir='ltr'><strong><em>etsi</em></strong></span> <span class='ocrx_word' id='word_1_658' title='bbox 2363 2995 2471 3036; x_wconf 92' lang='lat' dir='ltr'><strong><em>non</em></strong></span> <span class='ocrx_word' id='word_1_659' title='bbox 2517 2983 2738 3037; x_wconf 91' lang='lat' dir='ltr'><strong><em>omnino</em></strong></span> <span class='ocrx_word' id='word_1_660' title='bbox 2779 2984 3006 3047; x_wconf 89' lang='lat' dir='ltr'><strong><em>clarum,</em></strong></span> <span class='ocrx_word' id='word_1_661' title='bbox 3047 2994 3227 3039; x_wconf 84' lang='lat' dir='ltr'><strong><em>tamen</em></strong></span> <span class='ocrx_word' id='word_1_662' title='bbox 3273 2985 3471 3040; x_wconf 86' lang='lat' dir='ltr'><strong><em>clarius</em></strong></span> 
     </span>
    </p>
   </div>
   <div class='ocr_carea' id='block_1_90' title="bbox 1869 3069 3470 3148">
    <p class='ocr_par' dir='ltr' id='par_1_90' title="bbox 1869 3069 3470 3148">
     <span class='ocr_line' id='line_1_90' title="bbox 1869 3069 3470 3148; baseline 0.003 -24"><span class='ocrx_word' id='word_1_663' title='bbox 1869 3069 1962 3124; x_wconf 91' lang='lat' dir='ltr'><strong><em>illo</em></strong></span> <span class='ocrx_word' id='word_1_664' title='bbox 1993 3080 2128 3136; x_wconf 84' lang='lat' dir='ltr'><strong><em>erat,</em></strong></span> <span class='ocrx_word' id='word_1_665' title='bbox 2157 3072 2297 3141; x_wconf 90' lang='lat' dir='ltr'><strong><em>quod</em></strong></span> <span class='ocrx_word' id='word_1_666' title='bbox 2316 3072 2427 3142; x_wconf 85' lang='lat' dir='ltr'><strong><em>jam</em></strong></span> <span class='ocrx_word' id='word_1_667' title='bbox 2457 3072 2701 3140; x_wconf 85' lang='lat' dir='ltr'><strong><em>dixerat;</em></strong></span> <span class='ocrx_word' id='word_1_668' title='bbox 2728 3076 2823 3130; x_wconf 88' lang='lat' dir='ltr'><strong><em>sed</em></strong></span> <span class='ocrx_word' id='word_1_669' title='bbox 2854 3076 3024 3145; x_wconf 72' lang='lat' dir='ltr'><strong><em>quid?</em></strong></span> <span class='ocrx_word' id='word_1_670' title='bbox 3047 3075 3158 3148; x_wconf 78' lang='lat' dir='ltr'><strong><em>Ego</em></strong></span> <span class='ocrx_word' id='word_1_671' title='bbox 3183 3077 3350 3130; x_wconf 89' lang='lat' dir='ltr'><strong><em>cibum</em></strong></span> <span class='ocrx_word' id='word_1_672' title='bbox 3373 3078 3470 3130; x_wconf 88' lang='lat' dir='ltr'><strong><em>ha-</em></strong></span> 
     </span>
    </p>
   </div>
   <div class='ocr_carea' id='block_1_91' title="bbox 1868 3160 3475 3237">
    <p class='ocr_par' dir='ltr' id='par_1_91' title="bbox 1868 3160 3475 3237">
     <span class='ocr_line' id='line_1_91' title="bbox 1868 3160 3475 3237; baseline 0.006 -24"><span class='ocrx_word' id='word_1_673' title='bbox 1868 3160 1960 3215; x_wconf 85' lang='lat' dir='ltr'><strong><em>beo</em></strong></span> <span class='ocrx_word' id='word_1_674' title='bbox 1987 3161 2316 3228; x_wconf 85' lang='lat' dir='ltr'><strong><em>manducare,</em></strong></span> <span class='ocrx_word' id='word_1_675' title='bbox 2360 3180 2506 3233; x_wconf 87' lang='lat' dir='ltr'><strong><em>quem</em></strong></span> <span class='ocrx_word' id='word_1_676' title='bbox 2539 3181 2626 3219; x_wconf 80' lang='lat' dir='ltr'><strong><em>vos</em></strong></span> <span class='ocrx_word' id='word_1_677' title='bbox 2673 3166 2894 3220; x_wconf 82' lang='lat' dir='ltr'><strong><em>nescitis.</em></strong></span> <span class='ocrx_word' id='word_1_678' title='bbox 2943 3165 3128 3222; x_wconf 87' lang='lat' dir='ltr'><strong><em>Primo</em></strong></span> <span class='ocrx_word' id='word_1_679' title='bbox 3178 3167 3356 3237; x_wconf 88' lang='lat' dir='ltr'><strong><em>igitur,</em></strong></span> <span class='ocrx_word' id='word_1_680' title='bbox 3417 3178 3475 3222; x_wconf 90' lang='lat' dir='ltr'><strong><em>ut</em></strong></span> 
     </span>
    </p>
   </div>
   <div class='ocr_carea' id='block_1_92' title="bbox 1869 3251 3473 3329">
    <p class='ocr_par' dir='ltr' id='par_1_92' title="bbox 1869 3251 3473 3329">
     <span class='ocr_line' id='line_1_92' title="bbox 1869 3251 3473 3329; baseline 0.004 -22"><span class='ocrx_word' id='word_1_681' title='bbox 1869 3251 2001 3316; x_wconf 88' lang='lat' dir='ltr'><strong><em>dixi,</em></strong></span> <span class='ocrx_word' id='word_1_682' title='bbox 2032 3269 2097 3309; x_wconf 91' lang='lat' dir='ltr'><strong><em>ex</em></strong></span> <span class='ocrx_word' id='word_1_683' title='bbox 2140 3254 2475 3311; x_wconf 88' lang='lat' dir='ltr'><strong><em>dubitatione</em></strong></span> <span class='ocrx_word' id='word_1_684' title='bbox 2519 3257 2845 3314; x_wconf 82' lang='lat' dir='ltr'><strong><em>attentiores</em></strong></span> <span class='ocrx_word' id='word_1_685' title='bbox 2891 3257 3019 3314; x_wconf 89' lang='lat' dir='ltr'><strong><em>illos</em></strong></span> <span class='ocrx_word' id='word_1_686' title='bbox 3068 3257 3268 3323; x_wconf 87' lang='lat' dir='ltr'><strong><em>reddit,</em></strong></span> <span class='ocrx_word' id='word_1_687' title='bbox 3312 3267 3473 3329; x_wconf 88' lang='lat' dir='ltr'><strong><em>atque</em></strong></span> 
     </span>
    </p>
   </div>
   <div class='ocr_carea' id='block_1_93' title="bbox 1869 3344 3473 3420">
    <p class='ocr_par' dir='ltr' id='par_1_93' title="bbox 1869 3344 3473 3420">
     <span class='ocr_line' id='line_1_93' title="bbox 1869 3344 3473 3420; baseline 0.002 -21"><span class='ocrx_word' id='word_1_688' title='bbox 1869 3344 2180 3410; x_wconf 81' lang='lat' dir='ltr'><strong><em>assuefacit,</em></strong></span> <span class='ocrx_word' id='word_1_689' title='bbox 2211 3357 2269 3400; x_wconf 92' lang='lat' dir='ltr'><strong><em>ut</em></strong></span> <span class='ocrx_word' id='word_1_690' title='bbox 2292 3348 2456 3401; x_wconf 89' lang='lat' dir='ltr'><strong><em>etiam</em></strong></span> <span class='ocrx_word' id='word_1_691' title='bbox 2503 3362 2602 3417; x_wconf 90' lang='lat' dir='ltr'><strong><em>per</em></strong></span> <span class='ocrx_word' id='word_1_692' title='bbox 2622 3349 2926 3419; x_wconf 73' lang='lat' dir='ltr'><strong><em>mnigmata,</em></strong></span> <span class='ocrx_word' id='word_1_693' title='bbox 2960 3348 3102 3405; x_wconf 84' lang='lat' dir='ltr'><strong><em>dicta</em></strong></span> <span class='ocrx_word' id='word_1_694' title='bbox 3147 3350 3473 3420; x_wconf 81' lang='lat' dir='ltr'><strong><em>intelligant.</em></strong></span> 
     </span>
    </p>
   </div>
   <div class='ocr_carea' id='block_1_94' title="bbox 1869 3436 3474 3510">
    <p class='ocr_par' dir='ltr' id='par_1_94' title="bbox 1869 3436 3474 3510">
     <span class='ocr_line' id='line_1_94' title="bbox 1869 3436 3474 3510; baseline 0.002 -19"><span class='ocrx_word' id='word_1_695' title='bbox 1869 3436 2008 3504; x_wconf 89' lang='lat' dir='ltr'><strong><em>Quid</em></strong></span> <span class='ocrx_word' id='word_1_696' title='bbox 2062 3446 2240 3491; x_wconf 87' lang='lat' dir='ltr'><strong><em>autem</em></strong></span> <span class='ocrx_word' id='word_1_697' title='bbox 2299 3436 2370 3492; x_wconf 90' lang='lat' dir='ltr'><strong><em>sit</em></strong></span> <span class='ocrx_word' id='word_1_698' title='bbox 2415 3438 2663 3492; x_wconf 86' lang='lat' dir='ltr'><strong><em>voluntas</em></strong></span> <span class='ocrx_word' id='word_1_699' title='bbox 2699 3439 2892 3504; x_wconf 90' lang='lat' dir='ltr'><strong><em>Patris,</em></strong></span> <span class='ocrx_word' id='word_1_700' title='bbox 2923 3439 3177 3510; x_wconf 87' lang='lat' dir='ltr'><strong><em>deinceps</em></strong></span> <span class='ocrx_word' id='word_1_701' title='bbox 3221 3442 3474 3510; x_wconf 87' lang='lat' dir='ltr'><strong><em>explicat.</em></strong></span> 
     </span>
    </p>
   </div>
   <div class='ocr_carea' id='block_1_95' title="bbox 1871 3525 3475 3599">
    <p class='ocr_par' dir='ltr' id='par_1_95' title="bbox 1871 3525 3475 3599">
     <span class='ocr_line' id='line_1_95' title="bbox 1871 3525 3475 3599; baseline 0.002 -17"><span class='ocrx_word' id='word_1_702' title='bbox 1871 3527 1962 3582; x_wconf 76' lang='lat'><strong><em>55.</em></strong></span> <span class='ocrx_word' id='word_1_703' title='bbox 2022 3525 2212 3581; x_wconf 84' lang='lat' dir='ltr'><strong><em>Nonne</em></strong></span> <span class='ocrx_word' id='word_1_704' title='bbox 2248 3543 2334 3581; x_wconf 78' lang='lat' dir='ltr'><strong><em>ros</em></strong></span> <span class='ocrx_word' id='word_1_705' title='bbox 2382 3527 2588 3593; x_wconf 87' lang='lat' dir='ltr'><strong><em>dicitis,</em></strong></span> <span class='ocrx_word' id='word_1_706' title='bbox 2636 3528 2772 3594; x_wconf 83' lang='lat' dir='ltr'><strong><em>quod</em></strong></span> <span class='ocrx_word' id='word_1_707' title='bbox 2819 3529 2990 3583; x_wconf 86' lang='lat' dir='ltr'><strong><em>adhuc</em></strong></span> <span class='ocrx_word' id='word_1_708' title='bbox 3036 3541 3256 3599; x_wconf 87' lang='lat' dir='ltr'><strong><em>quatuor</em></strong></span> <span class='ocrx_word' id='word_1_709' title='bbox 3281 3547 3475 3586; x_wconf 88' lang='lat' dir='ltr'><strong><em>menses</em></strong></span> 
     </span>
    </p>
   </div>
   <div class='ocr_carea' id='block_1_96' title="bbox 1873 3616 3476 3686">
    <p class='ocr_par' dir='ltr' id='par_1_96' title="bbox 1873 3616 3476 3686">
     <span class='ocr_line' id='line_1_96' title="bbox 1873 3616 3476 3686; baseline 0.002 -15"><span class='ocrx_word' id='word_1_710' title='bbox 1873 3627 2022 3684; x_wconf 90' lang='lat' dir='ltr'><strong><em>sunt,</em></strong></span> <span class='ocrx_word' id='word_1_711' title='bbox 2074 3628 2121 3671; x_wconf 88' lang='lat' dir='ltr'><strong><em>et</em></strong></span> <span class='ocrx_word' id='word_1_712' title='bbox 2155 3617 2330 3672; x_wconf 88' lang='lat' dir='ltr'><strong><em>messis</em></strong></span> <span class='ocrx_word' id='word_1_713' title='bbox 2366 3618 2543 3672; x_wconf 77' lang='lat' dir='ltr'><strong><em>venit?</em></strong></span> <span class='ocrx_word' id='word_1_714' title='bbox 2591 3616 2726 3674; x_wconf 82' lang='lat' dir='ltr'><strong><em>Ecce</em></strong></span> <span class='ocrx_word' id='word_1_715' title='bbox 2773 3619 2887 3673; x_wconf 87' lang='lat' dir='ltr'><strong><em>dico</em></strong></span> <span class='ocrx_word' id='word_1_716' title='bbox 2927 3621 3093 3686; x_wconf 83' lang='lat' dir='ltr'><strong><em>uobis,</em></strong></span> <span class='ocrx_word' id='word_1_717' title='bbox 3147 3618 3332 3675; x_wconf 79' lang='lat' dir='ltr'><strong><em>Leoate</em></strong></span> <span class='ocrx_word' id='word_1_718' title='bbox 3356 3637 3476 3675; x_wconf 82' lang='lat' dir='ltr'><strong><em>ocu-</em></strong></span> 
     </span>
    </p>
   </div>
   <div class='ocr_carea' id='block_1_97' title="bbox 1875 3709 3475 3783">
    <p class='ocr_par' dir='ltr' id='par_1_97' title="bbox 1875 3709 3475 3783">
     <span class='ocr_line' id='line_1_97' title="bbox 1875 3709 3475 3783; baseline 0.001 -19"><span class='ocrx_word' id='word_1_719' title='bbox 1875 3709 1951 3765; x_wconf 90' lang='lat' dir='ltr'><strong><em>los</em></strong></span> <span class='ocrx_word' id='word_1_720' title='bbox 1976 3720 2164 3764; x_wconf 78' lang='lat' dir='ltr'><strong><em>vestros</em></strong></span> <span class='ocrx_word' id='word_1_721' title='bbox 2185 3752 2201 3776; x_wconf 93' lang='lat'><strong><em>,</em></strong></span> <span class='ocrx_word' id='word_1_722' title='bbox 2235 3720 2282 3764; x_wconf 89' lang='lat' dir='ltr'><strong><em>et</em></strong></span> <span class='ocrx_word' id='word_1_723' title='bbox 2327 3709 2491 3765; x_wconf 84' lang='lat' dir='ltr'><strong><em>uidete</em></strong></span> <span class='ocrx_word' id='word_1_724' title='bbox 2527 3712 2777 3783; x_wconf 89' lang='lat' dir='ltr'><strong><em>regiones,</em></strong></span> <span class='ocrx_word' id='word_1_725' title='bbox 2813 3711 2932 3783; x_wconf 85' lang='lat' dir='ltr'><strong><em>quia</em></strong></span> <span class='ocrx_word' id='word_1_726' title='bbox 2963 3712 3093 3766; x_wconf 78' lang='lat' dir='ltr'><strong><em>albar</em></strong></span> <span class='ocrx_word' id='word_1_727' title='bbox 3125 3721 3244 3767; x_wconf 84' lang='lat' dir='ltr'><strong><em>sunt</em></strong></span> <span class='ocrx_word' id='word_1_728' title='bbox 3269 3714 3378 3783; x_wconf 75' lang='lat' dir='ltr'><strong><em>iam</em></strong></span> <span class='ocrx_word' id='word_1_729' title='bbox 3407 3714 3475 3766; x_wconf 82' lang='lat' dir='ltr'><strong><em>ad</em></strong></span> 
     </span>
    </p>
   </div>
   <div class='ocr_carea' id='block_1_98' title="bbox 1875 3815 2106 3854">
    <p class='ocr_par' dir='ltr' id='par_1_98' title="bbox 1875 3815 2106 3854">
     <span class='ocr_line' id='line_1_98' title="bbox 1875 3815 2106 3854; baseline -0.009 -1"><span class='ocrx_word' id='word_1_730' title='bbox 1875 3815 2106 3854; x_wconf 75' lang='grc' dir='ltr'><strong><em>ηιεεεεηι.</em></strong></span> 
     </span>
    </p>
   </div>
   <div class='ocr_carea' id='block_1_99' title="bbox 1946 3890 3466 3949">
    <p class='ocr_par' dir='ltr' id='par_1_99' title="bbox 1946 3890 3466 3949">
     <span class='ocr_line' id='line_1_99' title="bbox 1946 3890 3466 3949; baseline 0.001 -3"><span class='ocrx_word' id='word_1_731' title='bbox 1946 3890 2003 3945; x_wconf 77' lang='grc'><strong><em>2.</em></strong></span> <span class='ocrx_word' id='word_1_732' title='bbox 2024 3891 2101 3946; x_wconf 83' lang='lat' dir='ltr'><strong><em>En</em></strong></span> <span class='ocrx_word' id='word_1_733' title='bbox 2129 3905 2340 3945; x_wconf 90' lang='lat' dir='ltr'><strong><em>rursum</em></strong></span> <span class='ocrx_word' id='word_1_734' title='bbox 2363 3891 2711 3947; x_wconf 75' lang='lat' dir='ltr'><strong><em>familiaribus</em></strong></span> <span class='ocrx_word' id='word_1_735' title='bbox 2729 3892 2908 3948; x_wconf 89' lang='lat' dir='ltr'><strong><em>verbis</em></strong></span> <span class='ocrx_word' id='word_1_736' title='bbox 2931 3893 3052 3949; x_wconf 89' lang='lat' dir='ltr'><strong><em>illos</em></strong></span> <span class='ocrx_word' id='word_1_737' title='bbox 3071 3892 3139 3948; x_wconf 84' lang='lat' dir='ltr'><strong><em>ad</em></strong></span> <span class='ocrx_word' id='word_1_738' title='bbox 3161 3893 3466 3949; x_wconf 89' lang='lat' dir='ltr'><strong><em>sublimium</em></strong></span> 
     </span>
    </p>
   </div>
   <div class='ocr_carea' id='block_1_100' title="bbox 1876 3983 3474 4056">
    <p class='ocr_par' dir='ltr' id='par_1_100' title="bbox 1876 3983 3474 4056">
     <span class='ocr_line' id='line_1_100' title="bbox 1876 3983 3474 4056; baseline 0.003 -20"><span class='ocrx_word' id='word_1_739' title='bbox 1876 3997 2057 4036; x_wconf 87' lang='lat' dir='ltr'><strong><em>rerum</em></strong></span> <span class='ocrx_word' id='word_1_740' title='bbox 2085 3983 2589 4052; x_wconf 77' lang='lat' dir='ltr'><strong><em>contemplationem</em></strong></span> <span class='ocrx_word' id='word_1_741' title='bbox 2612 3984 2787 4056; x_wconf 78' lang='lat' dir='ltr'><strong><em>erigit.</em></strong></span> <span class='ocrx_word' id='word_1_742' title='bbox 2816 3984 2948 4040; x_wconf 81' lang='lat' dir='ltr'><strong><em>Nam</em></strong></span> <span class='ocrx_word' id='word_1_743' title='bbox 2972 4001 3094 4040; x_wconf 90' lang='lat' dir='ltr'><strong><em>cum</em></strong></span> <span class='ocrx_word' id='word_1_744' title='bbox 3124 3983 3298 4040; x_wconf 86' lang='lat' dir='ltr'><strong><em>Cibum</em></strong></span> <span class='ocrx_word' id='word_1_745' title='bbox 3318 3985 3474 4050; x_wconf 86' lang='lat' dir='ltr'><strong><em>dixit,</em></strong></span> 
     </span>
    </p>
   </div>
   <div class='ocr_carea' id='block_1_101' title="bbox 1879 4064 3476 4144">
    <p class='ocr_par' dir='ltr' id='par_1_101' title="bbox 1879 4064 3476 4144">
     <span class='ocr_line' id='line_1_101' title="bbox 1879 4064 3476 4144; baseline 0.003 -18"><span class='ocrx_word' id='word_1_746' title='bbox 1879 4073 2010 4127; x_wconf 91' lang='lat' dir='ltr'><strong><em>nihil</em></strong></span> <span class='ocrx_word' id='word_1_747' title='bbox 2033 4073 2172 4127; x_wconf 89' lang='lat' dir='ltr'><strong><em>aliud</em></strong></span> <span class='ocrx_word' id='word_1_748' title='bbox 2201 4089 2360 4144; x_wconf 88' lang='lat' dir='ltr'><strong><em>quam</em></strong></span> <span class='ocrx_word' id='word_1_749' title='bbox 2391 4077 2619 4130; x_wconf 80' lang='lat' dir='ltr'><strong><em>futuram</em></strong></span> <span class='ocrx_word' id='word_1_750' title='bbox 2651 4075 2924 4131; x_wconf 87' lang='lat' dir='ltr'><strong><em>hominum</em></strong></span> <span class='ocrx_word' id='word_1_751' title='bbox 2965 4064 3195 4132; x_wconf 83' lang='lat' dir='ltr'><strong><em>salutem</em></strong></span> <span class='ocrx_word' id='word_1_752' title='bbox 3237 4077 3476 4134; x_wconf 81' lang='lat' dir='ltr'><strong><em>declara-</em></strong></span> 
     </span>
    </p>
   </div>
   <div class='ocr_carea' id='block_1_102' title="bbox 1879 4166 3472 4237">
    <p class='ocr_par' dir='ltr' id='par_1_102' title="bbox 1879 4166 3472 4237">
     <span class='ocr_line' id='line_1_102' title="bbox 1879 4166 3472 4237; baseline 0 -18"><span class='ocrx_word' id='word_1_753' title='bbox 1879 4166 1991 4229; x_wconf 90' lang='lat' dir='ltr'><strong><em>vit;</em></strong></span> <span class='ocrx_word' id='word_1_754' title='bbox 2038 4179 2166 4234; x_wconf 87' lang='lat' dir='ltr'><strong><em>ager</em></strong></span> <span class='ocrx_word' id='word_1_755' title='bbox 2205 4181 2420 4220; x_wconf 90' lang='lat' dir='ltr'><strong><em>rursum</em></strong></span> <span class='ocrx_word' id='word_1_756' title='bbox 2460 4176 2515 4221; x_wconf 91' lang='lat' dir='ltr'><strong><em>et</em></strong></span> <span class='ocrx_word' id='word_1_757' title='bbox 2553 4167 2746 4221; x_wconf 84' lang='lat' dir='ltr'><strong><em>messis</em></strong></span> <span class='ocrx_word' id='word_1_758' title='bbox 2787 4168 2887 4222; x_wconf 89' lang='lat' dir='ltr'><strong><em>hoc</em></strong></span> <span class='ocrx_word' id='word_1_759' title='bbox 2930 4169 3106 4237; x_wconf 89' lang='lat' dir='ltr'><strong><em>ipsum</em></strong></span> <span class='ocrx_word' id='word_1_760' title='bbox 3151 4168 3472 4236; x_wconf 75' lang='lat' dir='ltr'><strong><em>signiﬁcant,</em></strong></span> 
     </span>
    </p>
   </div>
   <div class='ocr_carea' id='block_1_103' title="bbox 1879 4258 3477 4330">
    <p class='ocr_par' dir='ltr' id='par_1_103' title="bbox 1879 4258 3477 4330">
     <span class='ocr_line' id='line_1_103' title="bbox 1879 4258 3477 4330; baseline 0 -17"><span class='ocrx_word' id='word_1_761' title='bbox 1879 4259 2179 4313; x_wconf 90' lang='lat' dir='ltr'><strong><em>animarum</em></strong></span> <span class='ocrx_word' id='word_1_762' title='bbox 2209 4275 2400 4329; x_wconf 89' lang='lat' dir='ltr'><strong><em>nempe</em></strong></span> <span class='ocrx_word' id='word_1_763' title='bbox 2428 4259 2826 4316; x_wconf 81' lang='lat' dir='ltr'><strong><em>multitudinem</em></strong></span> <span class='ocrx_word' id='word_1_764' title='bbox 2853 4259 2916 4314; x_wconf 92' lang='lat' dir='ltr'><strong><em>ad</em></strong></span> <span class='ocrx_word' id='word_1_765' title='bbox 2943 4258 3300 4330; x_wconf 76' lang='lat' dir='ltr'><strong><em>prmtllcantes</em></strong></span> <span class='ocrx_word' id='word_1_766' title='bbox 3322 4262 3477 4316; x_wconf 79' lang='lat' dir='ltr'><strong><em>exci-</em></strong></span> 
     </span>
    </p>
   </div>
   <div class='ocr_carea' id='block_1_104' title="bbox 1881 4336 3477 4418">
    <p class='ocr_par' dir='ltr' id='par_1_104' title="bbox 1881 4336 3477 4418">
     <span class='ocr_line' id='line_1_104' title="bbox 1881 4336 3477 4418; baseline 0.003 -16"><span class='ocrx_word' id='word_1_767' title='bbox 1881 4348 2107 4418; x_wconf 88' lang='lat' dir='ltr'><strong><em>piendos</em></strong></span> <span class='ocrx_word' id='word_1_768' title='bbox 2131 4357 2392 4418; x_wconf 85' lang='lat' dir='ltr'><strong><em>paratam.</em></strong></span> <span class='ocrx_word' id='word_1_769' title='bbox 2420 4348 2616 4404; x_wconf 88' lang='lat' dir='ltr'><strong><em>Oculos</em></strong></span> <span class='ocrx_word' id='word_1_770' title='bbox 2639 4336 2817 4404; x_wconf 84' lang='lat' dir='ltr'><strong><em>autem</em></strong></span> <span class='ocrx_word' id='word_1_771' title='bbox 2855 4349 2940 4404; x_wconf 86' lang='lat' dir='ltr'><strong><em>hic</em></strong></span> <span class='ocrx_word' id='word_1_772' title='bbox 2961 4350 3090 4404; x_wconf 90' lang='lat' dir='ltr'><strong><em>dicit</em></strong></span> <span class='ocrx_word' id='word_1_773' title='bbox 3110 4361 3164 4404; x_wconf 89' lang='lat' dir='ltr'><strong><em>et</em></strong></span> <span class='ocrx_word' id='word_1_774' title='bbox 3187 4351 3382 4406; x_wconf 90' lang='lat' dir='ltr'><strong><em>mentis</em></strong></span> <span class='ocrx_word' id='word_1_775' title='bbox 3422 4361 3477 4406; x_wconf 79' lang='grc' dir='ltr'><strong><em>ιιι</em></strong></span> 
     </span>
    </p>
   </div>
   <div class='ocr_carea' id='block_1_105' title="bbox 1881 4438 3477 4510">
    <p class='ocr_par' dir='ltr' id='par_1_105' title="bbox 1881 4438 3477 4510">
     <span class='ocr_line' id='line_1_105' title="bbox 1881 4438 3477 4510; baseline 0.001 -15"><span class='ocrx_word' id='word_1_776' title='bbox 1881 4441 2124 4510; x_wconf 89' lang='lat' dir='ltr'><strong><em>corporis</em></strong></span> <span class='ocrx_word' id='word_1_777' title='bbox 2157 4458 2170 4494; x_wconf 89' lang='lat'><strong>:</strong></span> <span class='ocrx_word' id='word_1_778' title='bbox 2201 4455 2324 4495; x_wconf 89' lang='lat' dir='ltr'><strong><em>nam</em></strong></span> <span class='ocrx_word' id='word_1_779' title='bbox 2352 4441 2603 4495; x_wconf 87' lang='lat' dir='ltr'><strong><em>videbant</em></strong></span> <span class='ocrx_word' id='word_1_780' title='bbox 2636 4438 3098 4495; x_wconf 83' lang='lat' dir='ltr'><strong><em>Samaritanorum</em></strong></span> <span class='ocrx_word' id='word_1_781' title='bbox 3142 4441 3353 4496; x_wconf 86' lang='lat' dir='ltr'><strong><em>turbam</em></strong></span> <span class='ocrx_word' id='word_1_782' title='bbox 3383 4457 3477 4497; x_wconf 83' lang='lat' dir='ltr'><strong><em>ve—</em></strong></span> 
     </span>
    </p>
   </div>
   <div class='ocr_carea' id='block_1_106' title="bbox 1884 4531 3478 4603">
    <p class='ocr_par' dir='ltr' id='par_1_106' title="bbox 1884 4531 3478 4603">
     <span class='ocr_line' id='line_1_106' title="bbox 1884 4531 3478 4603; baseline 0.001 -17"><span class='ocrx_word' id='word_1_783' title='bbox 1884 4533 2120 4588; x_wconf 88' lang='lat' dir='ltr'><strong><em>nientem</em></strong></span> <span class='ocrx_word' id='word_1_784' title='bbox 2152 4549 2166 4587; x_wconf 91' lang='lat'><strong>:</strong></span> <span class='ocrx_word' id='word_1_785' title='bbox 2192 4532 2405 4587; x_wconf 91' lang='lat' dir='ltr'><strong><em>illorum</em></strong></span> <span class='ocrx_word' id='word_1_786' title='bbox 2447 4547 2576 4588; x_wconf 81' lang='lat' dir='ltr'><strong><em>vero</em></strong></span> <span class='ocrx_word' id='word_1_787' title='bbox 2614 4541 2914 4602; x_wconf 89' lang='lat' dir='ltr'><strong><em>promptam</em></strong></span> <span class='ocrx_word' id='word_1_788' title='bbox 2943 4531 3268 4588; x_wconf 71' lang='lat' dir='ltr'><strong><em>voluntatem</em></strong></span> <span class='ocrx_word' id='word_1_789' title='bbox 3297 4533 3478 4603; x_wconf 85' lang='lat' dir='ltr'><strong><em>regio-</em></strong></span> 
     </span>
    </p>
   </div>
   <div class='ocr_carea' id='block_1_107' title="bbox 1885 4624 3474 4695">
    <p class='ocr_par' dir='ltr' id='par_1_107' title="bbox 1885 4624 3474 4695">
     <span class='ocr_line' id='line_1_107' title="bbox 1885 4624 3474 4695; baseline 0.001 -17"><span class='ocrx_word' id='word_1_790' title='bbox 1885 4639 1981 4680; x_wconf 90' lang='lat' dir='ltr'><strong><em>nes</em></strong></span> <span class='ocrx_word' id='word_1_791' title='bbox 2005 4625 2156 4680; x_wconf 91' lang='lat' dir='ltr'><strong><em>albas</em></strong></span> <span class='ocrx_word' id='word_1_792' title='bbox 2186 4625 2439 4695; x_wconf 88' lang='lat' dir='ltr'><strong><em>appellat.</em></strong></span> <span class='ocrx_word' id='word_1_793' title='bbox 2472 4624 2936 4693; x_wconf 88' lang='lat' dir='ltr'><strong><em>Quemadmodum</em></strong></span> <span class='ocrx_word' id='word_1_794' title='bbox 2966 4624 3109 4678; x_wconf 89' lang='lat' dir='ltr'><strong><em>enim</em></strong></span> <span class='ocrx_word' id='word_1_795' title='bbox 3139 4625 3323 4694; x_wconf 63' lang='lat' dir='ltr'><strong><em>spicae,</em></strong></span> <span class='ocrx_word' id='word_1_796' title='bbox 3351 4639 3474 4679; x_wconf 90' lang='lat' dir='ltr'><strong><em>cum</em></strong></span> 
     </span>
    </p>
   </div>
   <div class='ocr_carea' id='block_1_108' title="bbox 1882 4716 3478 4786">
    <p class='ocr_par' dir='ltr' id='par_1_108' title="bbox 1882 4716 3478 4786">
     <span class='ocr_line' id='line_1_108' title="bbox 1882 4716 3478 4786; baseline 0.001 -16"><span class='ocrx_word' id='word_1_797' title='bbox 1882 4717 2019 4771; x_wconf 71' lang='lat' dir='ltr'><strong><em>alba:</em></strong></span> <span class='ocrx_word' id='word_1_798' title='bbox 2049 4726 2204 4782; x_wconf 89' lang='lat' dir='ltr'><strong><em>sunt,</em></strong></span> <span class='ocrx_word' id='word_1_799' title='bbox 2231 4716 2340 4786; x_wconf 87' lang='lat' dir='ltr'><strong><em>jam</em></strong></span> <span class='ocrx_word' id='word_1_800' title='bbox 2380 4716 2445 4770; x_wconf 90' lang='lat' dir='ltr'><strong><em>ad</em></strong></span> <span class='ocrx_word' id='word_1_801' title='bbox 2498 4731 2729 4772; x_wconf 85' lang='lat' dir='ltr'><strong><em>messem</em></strong></span> <span class='ocrx_word' id='word_1_802' title='bbox 2768 4727 2892 4771; x_wconf 88' lang='lat' dir='ltr'><strong><em>sunt</em></strong></span> <span class='ocrx_word' id='word_1_803' title='bbox 2927 4725 3128 4786; x_wconf 69' lang='lat' dir='ltr'><strong><em>paratae</em></strong></span> <span class='ocrx_word' id='word_1_804' title='bbox 3158 4733 3172 4770; x_wconf 89' lang='lat'>:</span> <span class='ocrx_word' id='word_1_805' title='bbox 3203 4717 3281 4771; x_wconf 90' lang='lat' dir='ltr'><strong><em>sic</em></strong></span> <span class='ocrx_word' id='word_1_806' title='bbox 3310 4727 3363 4771; x_wconf 87' lang='lat' dir='ltr'><strong><em>et</em></strong></span> <span class='ocrx_word' id='word_1_807' title='bbox 3393 4719 3478 4772; x_wconf 91' lang='lat' dir='ltr'><strong><em>isti</em></strong></span> 
     </span>
    </p>
   </div>
   <div class='ocr_carea' id='block_1_109' title="bbox 1883 4805 3479 4877">
    <p class='ocr_par' dir='ltr' id='par_1_109' title="bbox 1883 4805 3479 4877">
     <span class='ocr_line' id='line_1_109' title="bbox 1883 4805 3479 4877; baseline 0 -15"><span class='ocrx_word' id='word_1_808' title='bbox 1883 4808 1950 4862; x_wconf 86' lang='lat' dir='ltr'><strong><em>ad</em></strong></span> <span class='ocrx_word' id='word_1_809' title='bbox 1977 4806 2202 4863; x_wconf 89' lang='lat' dir='ltr'><strong><em>salutem</em></strong></span> <span class='ocrx_word' id='word_1_810' title='bbox 2237 4807 2347 4877; x_wconf 87' lang='lat' dir='ltr'><strong><em>jam</em></strong></span> <span class='ocrx_word' id='word_1_811' title='bbox 2395 4818 2520 4862; x_wconf 89' lang='lat' dir='ltr'><strong><em>sunt</em></strong></span> <span class='ocrx_word' id='word_1_812' title='bbox 2563 4808 2728 4877; x_wconf 89' lang='lat' dir='ltr'><strong><em>parati</em></strong></span> <span class='ocrx_word' id='word_1_813' title='bbox 2771 4816 2826 4861; x_wconf 90' lang='lat' dir='ltr'><strong><em>et</em></strong></span> <span class='ocrx_word' id='word_1_814' title='bbox 2876 4807 3073 4860; x_wconf 89' lang='lat' dir='ltr'><strong><em>idonei.</em></strong></span> <span class='ocrx_word' id='word_1_815' title='bbox 3119 4805 3189 4862; x_wconf 86' lang='lat' dir='ltr'><strong><em>Et</em></strong></span> <span class='ocrx_word' id='word_1_816' title='bbox 3227 4822 3327 4862; x_wconf 91' lang='lat' dir='ltr'><strong><em>cur</em></strong></span> <span class='ocrx_word' id='word_1_817' title='bbox 3372 4825 3479 4862; x_wconf 87' lang='lat' dir='ltr'><strong><em>non</em></strong></span> 
     </span>
    </p>
   </div>
   <div class='ocr_carea' id='block_1_110' title="bbox 1883 4896 3480 4967">
    <p class='ocr_par' dir='ltr' id='par_1_110' title="bbox 1883 4896 3480 4967">
     <span class='ocr_line' id='line_1_110' title="bbox 1883 4896 3480 4967; baseline 0 -13"><span class='ocrx_word' id='word_1_818' title='bbox 1883 4900 2028 4954; x_wconf 87' lang='lat' dir='ltr'><strong><em>clare</em></strong></span> <span class='ocrx_word' id='word_1_819' title='bbox 2054 4897 2210 4965; x_wconf 84' lang='lat' dir='ltr'><strong><em>dixit,</em></strong></span> <span class='ocrx_word' id='word_1_820' title='bbox 2261 4897 2380 4953; x_wconf 90' lang='lat' dir='ltr'><strong><em>illos</em></strong></span> <span class='ocrx_word' id='word_1_821' title='bbox 2418 4898 2482 4952; x_wconf 89' lang='lat' dir='ltr'><strong><em>ad</em></strong></span> <span class='ocrx_word' id='word_1_822' title='bbox 2515 4897 2841 4953; x_wconf 89' lang='lat' dir='ltr'><strong><em>credendum</em></strong></span> <span class='ocrx_word' id='word_1_823' title='bbox 2878 4896 3158 4962; x_wconf 83' lang='lat' dir='ltr'><strong><em>accedere,</em></strong></span> <span class='ocrx_word' id='word_1_824' title='bbox 3186 4908 3239 4952; x_wconf 90' lang='lat' dir='ltr'><strong><em>et</em></strong></span> <span class='ocrx_word' id='word_1_825' title='bbox 3267 4909 3480 4967; x_wconf 85' lang='lat' dir='ltr'><strong><em>paratos</em></strong></span> 
     </span>
    </p>
   </div>
   <div class='ocr_carea' id='block_1_111' title="bbox 1883 4990 3480 5061">
    <p class='ocr_par' dir='ltr' id='par_1_111' title="bbox 1883 4990 3480 5061">
     <span class='ocr_line' id='line_1_111' title="bbox 1883 4990 3480 5061; baseline 0 -17"><span class='ocrx_word' id='word_1_826' title='bbox 1883 4991 1950 5045; x_wconf 90' lang='lat' dir='ltr'><strong><em>ad</em></strong></span> <span class='ocrx_word' id='word_1_827' title='bbox 1982 4991 2202 5046; x_wconf 87' lang='lat' dir='ltr'><strong><em>verbum</em></strong></span> <span class='ocrx_word' id='word_1_828' title='bbox 2233 4990 2633 5060; x_wconf 82' lang='lat' dir='ltr'><strong><em>suscipiendum</em></strong></span> <span class='ocrx_word' id='word_1_829' title='bbox 2658 5005 2799 5056; x_wconf 90' lang='lat' dir='ltr'><strong><em>esse,</em></strong></span> <span class='ocrx_word' id='word_1_830' title='bbox 2828 5005 2857 5043; x_wconf 89' lang='lat' dir='ltr'><strong><em>a</em></strong></span> <span class='ocrx_word' id='word_1_831' title='bbox 2884 4990 3157 5061; x_wconf 73' lang='lat' dir='ltr'><strong><em>prophetis</em></strong></span> <span class='ocrx_word' id='word_1_832' title='bbox 3181 4990 3292 5059; x_wconf 89' lang='lat' dir='ltr'><strong><em>jam</em></strong></span> <span class='ocrx_word' id='word_1_833' title='bbox 3325 4992 3480 5045; x_wconf 85' lang='lat' dir='ltr'><strong><em>insti-</em></strong></span> 
     </span>
    </p>
   </div>
   <div class='ocr_carea' id='block_1_112' title="bbox 1887 5081 3481 5153">
    <p class='ocr_par' dir='ltr' id='par_1_112' title="bbox 1887 5081 3481 5153">
     <span class='ocr_line' id='line_1_112' title="bbox 1887 5081 3481 5153; baseline 0.001 -17"><span class='ocrx_word' id='word_1_834' title='bbox 1887 5093 2050 5146; x_wconf 92' lang='lat' dir='ltr'><strong><em>tutos,</em></strong></span> <span class='ocrx_word' id='word_1_835' title='bbox 2073 5091 2127 5136; x_wconf 90' lang='lat' dir='ltr'><strong><em>et</em></strong></span> <span class='ocrx_word' id='word_1_836' title='bbox 2153 5081 2383 5136; x_wconf 81' lang='lat' dir='ltr'><strong><em>fructum</em></strong></span> <span class='ocrx_word' id='word_1_837' title='bbox 2433 5082 2775 5148; x_wconf 86' lang='lat' dir='ltr'><strong><em>reddituros;</em></strong></span> <span class='ocrx_word' id='word_1_838' title='bbox 2826 5081 2921 5137; x_wconf 84' lang='lat' dir='ltr'><strong><em>sed</em></strong></span> <span class='ocrx_word' id='word_1_839' title='bbox 2962 5083 3234 5153; x_wconf 78' lang='lat' dir='ltr'><strong><em>regionem</em></strong></span> <span class='ocrx_word' id='word_1_840' title='bbox 3258 5093 3312 5138; x_wconf 91' lang='lat' dir='ltr'><strong><em>et</em></strong></span> <span class='ocrx_word' id='word_1_841' title='bbox 3341 5098 3481 5138; x_wconf 89' lang='lat' dir='ltr'><strong><em>mes-</em></strong></span> 
     </span>
    </p>
   </div>
   <div class='ocr_carea' id='block_1_113' title="bbox 1886 5154 3484 5245">
    <p class='ocr_par' dir='ltr' id='par_1_113' title="bbox 1886 5154 3484 5245">
     <span class='ocr_line' id='line_1_113' title="bbox 1886 5154 3484 5245; baseline 0.003 -17"><span class='ocrx_word' id='word_1_842' title='bbox 1886 5188 2002 5228; x_wconf 86' lang='lat' dir='ltr'><strong><em>sem</em></strong></span> <span class='ocrx_word' id='word_1_843' title='bbox 2045 5175 2194 5242; x_wconf 89' lang='lat' dir='ltr'><strong><em>ipsos</em></strong></span> <span class='ocrx_word' id='word_1_844' title='bbox 2235 5169 2569 5243; x_wconf 64' lang='lat' dir='ltr'><strong><em>appellavit?</em></strong></span> <span class='ocrx_word' id='word_1_845' title='bbox 2609 5175 2734 5245; x_wconf 88' lang='lat' dir='ltr'><strong><em>quid</em></strong></span> <span class='ocrx_word' id='word_1_846' title='bbox 2760 5154 2882 5230; x_wconf 44' lang='lat' dir='ltr'><strong><em>.sibi</em></strong></span> <span class='ocrx_word' id='word_1_847' title='bbox 2923 5176 3108 5231; x_wconf 84' lang='lat' dir='ltr'><strong><em>volunt</em></strong></span> <span class='ocrx_word' id='word_1_848' title='bbox 3145 5175 3230 5231; x_wconf 68' lang='lat' dir='ltr'><strong><em>hae</em></strong></span> <span class='ocrx_word' id='word_1_849' title='bbox 3257 5177 3484 5245; x_wconf 69' lang='lat' dir='ltr'><strong><em>ﬁgurae?</em></strong></span> 
     </span>
    </p>
   </div>
   <div class='ocr_carea' id='block_1_114' title="bbox 1886 5263 3486 5335">
    <p class='ocr_par' dir='ltr' id='par_1_114' title="bbox 1886 5263 3486 5335">
     <span class='ocr_line' id='line_1_114' title="bbox 1886 5263 3486 5335; baseline 0.001 -17"><span class='ocrx_word' id='word_1_850' title='bbox 1886 5263 2071 5333; x_wconf 86' lang='lat' dir='ltr'><strong><em>Neque</em></strong></span> <span class='ocrx_word' id='word_1_851' title='bbox 2097 5265 2239 5318; x_wconf 87' lang='lat' dir='ltr'><strong><em>enim</em></strong></span> <span class='ocrx_word' id='word_1_852' title='bbox 2279 5264 2365 5318; x_wconf 90' lang='lat' dir='ltr'><strong><em>hic</em></strong></span> <span class='ocrx_word' id='word_1_853' title='bbox 2409 5273 2636 5331; x_wconf 89' lang='lat' dir='ltr'><strong><em>tantum,</em></strong></span> <span class='ocrx_word' id='word_1_854' title='bbox 2683 5264 2777 5320; x_wconf 88' lang='lat' dir='ltr'><strong><em>sed</em></strong></span> <span class='ocrx_word' id='word_1_855' title='bbox 2805 5267 2964 5320; x_wconf 89' lang='lat' dir='ltr'><strong><em>etiam</em></strong></span> <span class='ocrx_word' id='word_1_856' title='bbox 2991 5279 3089 5335; x_wconf 86' lang='lat' dir='ltr'><strong><em>per</em></strong></span> <span class='ocrx_word' id='word_1_857' title='bbox 3111 5273 3280 5322; x_wconf 88' lang='lat' dir='ltr'><strong><em>totum</em></strong></span> <span class='ocrx_word' id='word_1_858' title='bbox 3317 5282 3486 5321; x_wconf 61' lang='lat' dir='ltr'><strong><em>evan-</em></strong></span> 
     </span>
    </p>
   </div>
   <div class='ocr_carea' id='block_1_115' title="bbox 1887 5353 3483 5426">
    <p class='ocr_par' dir='ltr' id='par_1_115' title="bbox 1887 5353 3483 5426">
     <span class='ocr_line' id='line_1_115' title="bbox 1887 5353 3483 5426; baseline 0 -17"><span class='ocrx_word' id='word_1_859' title='bbox 1887 5355 2082 5426; x_wconf 87' lang='lat' dir='ltr'><strong><em>gelium</em></strong></span> <span class='ocrx_word' id='word_1_860' title='bbox 2111 5353 2163 5408; x_wconf 90' lang='lat' dir='ltr'><strong><em>id</em></strong></span> <span class='ocrx_word' id='word_1_861' title='bbox 2193 5357 2301 5424; x_wconf 87' lang='lat' dir='ltr'><strong><em>agit</em></strong></span> <span class='ocrx_word' id='word_1_862' title='bbox 2329 5373 2341 5407; x_wconf 76' lang='grc' dir='ltr'>ε</span> <span class='ocrx_word' id='word_1_863' title='bbox 2372 5363 2426 5409; x_wconf 89' lang='lat' dir='ltr'><strong><em>et</em></strong></span> <span class='ocrx_word' id='word_1_864' title='bbox 2461 5355 2736 5425; x_wconf 68' lang='lat' dir='ltr'><strong><em>pr0phetxn</em></strong></span> <span class='ocrx_word' id='word_1_865' title='bbox 2761 5370 2976 5425; x_wconf 85' lang='lat' dir='ltr'><strong><em>quoque</em></strong></span> <span class='ocrx_word' id='word_1_866' title='bbox 3005 5369 3072 5412; x_wconf 87' lang='lat' dir='ltr'><strong><em>eo</em></strong></span> <span class='ocrx_word' id='word_1_867' title='bbox 3104 5355 3223 5425; x_wconf 89' lang='lat' dir='ltr'><strong><em>ipso</em></strong></span> <span class='ocrx_word' id='word_1_868' title='bbox 3265 5366 3483 5410; x_wconf 88' lang='lat' dir='ltr'><strong><em>utuntur</em></strong></span> 
     </span>
    </p>
   </div>
   <div class='ocr_carea' id='block_1_116' title="bbox 1887 5445 3483 5518">
    <p class='ocr_par' dir='ltr' id='par_1_116' title="bbox 1887 5445 3483 5518">
     <span class='ocr_line' id='line_1_116' title="bbox 1887 5445 3483 5518; baseline 0 -18"><span class='ocrx_word' id='word_1_869' title='bbox 1887 5460 2075 5511; x_wconf 87' lang='lat' dir='ltr'><strong><em>more,</em></strong></span> <span class='ocrx_word' id='word_1_870' title='bbox 2117 5455 2171 5500; x_wconf 90' lang='lat' dir='ltr'><strong><em>et</em></strong></span> <span class='ocrx_word' id='word_1_871' title='bbox 2215 5445 2579 5514; x_wconf 68' lang='lat' dir='ltr'><strong><em>met-iphoriee</em></strong></span> <span class='ocrx_word' id='word_1_872' title='bbox 2622 5447 2787 5501; x_wconf 87' lang='lat' dir='ltr'><strong><em>multa</em></strong></span> <span class='ocrx_word' id='word_1_873' title='bbox 2835 5446 3039 5502; x_wconf 91' lang='lat' dir='ltr'><strong><em>dicunt.</em></strong></span> <span class='ocrx_word' id='word_1_874' title='bbox 3072 5445 3316 5515; x_wconf 87' lang='lat' dir='ltr'><strong><em>Quanam</em></strong></span> <span class='ocrx_word' id='word_1_875' title='bbox 3356 5463 3483 5518; x_wconf 74' lang='lat' dir='ltr'><strong><em>ergo</em></strong></span> 
     </span>
    </p>
   </div>
   <div class='ocr_carea' id='block_1_117' title="bbox 1887 5534 3483 5608">
    <p class='ocr_par' dir='ltr' id='par_1_117' title="bbox 1887 5534 3483 5608">
     <span class='ocr_line' id='line_1_117' title="bbox 1887 5534 3483 5608; baseline 0 -18"><span class='ocrx_word' id='word_1_876' title='bbox 1887 5535 1956 5591; x_wconf 91' lang='lat' dir='ltr'><strong><em>de</em></strong></span> <span class='ocrx_word' id='word_1_877' title='bbox 1985 5549 2143 5590; x_wconf 88' lang='lat' dir='ltr'><strong><em>causa</em></strong></span> <span class='ocrx_word' id='word_1_878' title='bbox 2167 5534 2191 5587; x_wconf 87' lang='lat'><strong>?</strong></span> <span class='ocrx_word' id='word_1_879' title='bbox 2215 5534 2402 5605; x_wconf 71' lang='lat' dir='ltr'><strong><em>Neque</em></strong></span> <span class='ocrx_word' id='word_1_880' title='bbox 2428 5537 2569 5590; x_wconf 87' lang='lat' dir='ltr'><strong><em>enim</em></strong></span> <span class='ocrx_word' id='word_1_881' title='bbox 2605 5547 2807 5591; x_wconf 90' lang='lat' dir='ltr'><strong><em>temere</em></strong></span> <span class='ocrx_word' id='word_1_882' title='bbox 2838 5538 3071 5606; x_wconf 86' lang='lat' dir='ltr'><strong><em>Spiritus</em></strong></span> <span class='ocrx_word' id='word_1_883' title='bbox 3105 5540 3275 5608; x_wconf 88' lang='lat' dir='ltr'><strong><em>gratia</em></strong></span> <span class='ocrx_word' id='word_1_884' title='bbox 3303 5541 3380 5592; x_wconf 84' lang='lat' dir='ltr'><strong><em>sic</em></strong></span> <span class='ocrx_word' id='word_1_885' title='bbox 3406 5541 3483 5591; x_wconf 78' lang='lat' dir='ltr'><strong><em>in-</em></strong></span> 
     </span>
    </p>
   </div>
   <div class='ocr_carea' id='block_1_118' title="bbox 1889 5623 3482 5695">
    <p class='ocr_par' dir='ltr' id='par_1_118' title="bbox 1889 5623 3482 5695">
     <span class='ocr_line' id='line_1_118' title="bbox 1889 5623 3482 5695; baseline 0.001 -16"><span class='ocrx_word' id='word_1_886' title='bbox 1889 5625 2081 5679; x_wconf 90' lang='lat' dir='ltr'><strong><em>stituit.</em></strong></span> <span class='ocrx_word' id='word_1_887' title='bbox 2122 5623 2227 5678; x_wconf 88' lang='lat' dir='ltr'><strong><em>Sed</em></strong></span> <span class='ocrx_word' id='word_1_888' title='bbox 2258 5640 2355 5677; x_wconf 86' lang='lat' dir='ltr'><strong><em>cur</em></strong></span> <span class='ocrx_word' id='word_1_889' title='bbox 2385 5625 2642 5680; x_wconf 83' lang='lat' dir='ltr'><strong><em>tandem?</em></strong></span> <span class='ocrx_word' id='word_1_890' title='bbox 2691 5625 2904 5680; x_wconf 90' lang='lat' dir='ltr'><strong><em>Duabus</em></strong></span> <span class='ocrx_word' id='word_1_891' title='bbox 2943 5627 3012 5681; x_wconf 91' lang='lat' dir='ltr'><strong><em>de</em></strong></span> <span class='ocrx_word' id='word_1_892' title='bbox 3039 5630 3218 5682; x_wconf 85' lang='lat' dir='ltr'><strong><em>causis</em></strong></span> <span class='ocrx_word' id='word_1_893' title='bbox 3246 5645 3259 5680; x_wconf 91' lang='lat'>:</span> <span class='ocrx_word' id='word_1_894' title='bbox 3289 5628 3482 5695; x_wconf 88' lang='lat' dir='ltr'><strong><em>primo,</em></strong></span> 
     </span>
    </p>
   </div>
   <div class='ocr_carea' id='block_1_119' title="bbox 1892 5715 3483 5787">
    <p class='ocr_par' dir='ltr' id='par_1_119' title="bbox 1892 5715 3483 5787">
     <span class='ocr_line' id='line_1_119' title="bbox 1892 5715 3483 5787; baseline 0 -18"><span class='ocrx_word' id='word_1_895' title='bbox 1892 5726 1948 5770; x_wconf 90' lang='lat' dir='ltr'><strong><em>ut</em></strong></span> <span class='ocrx_word' id='word_1_896' title='bbox 1976 5717 2148 5784; x_wconf 88' lang='lat' dir='ltr'><strong><em>major</em></strong></span> <span class='ocrx_word' id='word_1_897' title='bbox 2175 5715 2441 5769; x_wconf 87' lang='lat' dir='ltr'><strong><em>dictorum</em></strong></span> <span class='ocrx_word' id='word_1_898' title='bbox 2485 5717 2757 5787; x_wconf 84' lang='lat' dir='ltr'><strong><em>emphasis</em></strong></span> <span class='ocrx_word' id='word_1_899' title='bbox 2782 5726 2945 5780; x_wconf 89' lang='lat' dir='ltr'><strong><em>esset,</em></strong></span> <span class='ocrx_word' id='word_1_900' title='bbox 2968 5727 3022 5773; x_wconf 89' lang='lat' dir='ltr'><strong><em>et</em></strong></span> <span class='ocrx_word' id='word_1_901' title='bbox 3042 5734 3104 5775; x_wconf 87' lang='lat' dir='ltr'><strong><em>ea</em></strong></span> <span class='ocrx_word' id='word_1_902' title='bbox 3123 5721 3175 5774; x_wconf 90' lang='lat' dir='ltr'><strong><em>in</em></strong></span> <span class='ocrx_word' id='word_1_903' title='bbox 3191 5728 3483 5786; x_wconf 82' lang='lat' dir='ltr'><strong><em>conspectu</em></strong></span> 
     </span>
    </p>
   </div>
   <div class='ocr_carea' id='block_1_120' title="bbox 1891 5806 3481 5877">
    <p class='ocr_par' dir='ltr' id='par_1_120' title="bbox 1891 5806 3481 5877">
     <span class='ocr_line' id='line_1_120' title="bbox 1891 5806 3481 5877; baseline -0.001 -15"><span class='ocrx_word' id='word_1_904' title='bbox 1891 5815 2236 5876; x_wconf 86' lang='lat' dir='ltr'><strong><em>ponerentur.</em></strong></span> <span class='ocrx_word' id='word_1_905' title='bbox 2281 5806 2432 5862; x_wconf 78' lang='lat' dir='ltr'><strong><em>Mens</em></strong></span> <span class='ocrx_word' id='word_1_906' title='bbox 2473 5811 2617 5862; x_wconf 91' lang='lat' dir='ltr'><strong><em>enim</em></strong></span> <span class='ocrx_word' id='word_1_907' title='bbox 2665 5807 2948 5877; x_wconf 81' lang='lat' dir='ltr'><strong><em>imaginem</em></strong></span> <span class='ocrx_word' id='word_1_908' title='bbox 2989 5810 3149 5862; x_wconf 85' lang='lat' dir='ltr'><strong><em>rebus</em></strong></span> <span class='ocrx_word' id='word_1_909' title='bbox 3188 5821 3481 5861; x_wconf 78' lang='lat' dir='ltr'><strong><em>consonant</em></strong></span> 
     </span>
    </p>
   </div>
   <div class='ocr_carea' id='block_1_121' title="bbox 1892 5898 3482 5970">
    <p class='ocr_par' dir='ltr' id='par_1_121' title="bbox 1892 5898 3482 5970">
     <span class='ocr_line' id='line_1_121' title="bbox 1892 5898 3482 5970; baseline -0.002 -16"><span class='ocrx_word' id='word_1_910' title='bbox 1892 5909 2198 5970; x_wconf 83' lang='lat' dir='ltr'><strong><em>assequuta,</em></strong></span> <span class='ocrx_word' id='word_1_911' title='bbox 2234 5901 2403 5969; x_wconf 71' lang='lat' dir='ltr'><strong><em>magis</em></strong></span> <span class='ocrx_word' id='word_1_912' title='bbox 2431 5899 2714 5965; x_wconf 81' lang='lat' dir='ltr'><strong><em>excitatur,</em></strong></span> <span class='ocrx_word' id='word_1_913' title='bbox 2746 5914 2810 5953; x_wconf 83' lang='lat' dir='ltr'><strong><em>ac</em></strong></span> <span class='ocrx_word' id='word_1_914' title='bbox 2839 5915 2926 5956; x_wconf 85' lang='lat' dir='ltr'><strong><em>res</em></strong></span> <span class='ocrx_word' id='word_1_915' title='bbox 2951 5902 3102 5970; x_wconf 85' lang='lat' dir='ltr'><strong><em>quasi</em></strong></span> <span class='ocrx_word' id='word_1_916' title='bbox 3139 5900 3381 5970; x_wconf 80' lang='lat' dir='ltr'><strong><em>depictas</em></strong></span> <span class='ocrx_word' id='word_1_917' title='bbox 3407 5898 3482 5952; x_wconf 78' lang='lat' dir='ltr'><strong><em>vi~</em></strong></span> 
     </span>
    </p>
   </div>
  </div>
