4024 6452
177 394 283 449 197

170 516 353 561 tamen
384 502 515 558 nihil
554 513 742 562 curas;
771 496 956 553 oculos
987 504 1165 549 autem
1195 491 1476 545 hominum
1507 485 1785 542 formidas.

123 647 130 652 .
169 596 358 665 Cogita
407 607 536 662 ergo
587 601 641 646 te
673 606 779 644 non
815 586 1060 640 homines
1095 585 1264 639 latere
1290 595 1449 652 posse
1475 579 1530 634 in
1556 577 1644 632 die
1667 576 1781 633 illo.

171 687 366 740 Omnia
391 685 536 739 enim
567 682 720 754 quasi
750 682 800 733 in
848 678 1078 747 imagine
1111 687 1237 729 tunc
1264 671 1483 728 stabunt
1506 680 1632 724 ante
1658 681 1788 722 ocu-

175 780 258 834 los
290 788 525 842 nostros,
571 786 632 829 ut
667 772 1032 842 unusquisque
1069 777 1256 824 contra
1303 780 1363 820 se
1394 762 1532 819 ferat
1566 769 1788 815 senten-

174 869 304 924 tiam
331 886 345 934 ;
376 868 517 938 quotl
554 883 622 922 ex
650 865 814 919 divite
858 863 1033 934 palam
1082 869 1183 916 est.
1229 856 1441 914 Etenim
1491 866 1784 925 pauperem

173 962 327 1014 illum
380 976 540 1032 quem
592 959 934 1024 desriexerat,
988 954 1248 1009 Lazarum
1295 951 1439 1014 dico,
1484 947 1556 1002 ob
1602 944 1786 1000 oculos

169 1061 408 1106 stantem
437 1051 587 1105 dives
613 1048 764 1111 vidit,
798 1057 852 1102 et
899 1061 1056 1112 quem
1090 1059 1210 1099 cum
1241 1041 1467 1098 horrore
1505 1037 1784 1104 depulerat

170 1143 406 1214 digitum
429 1143 537 1213 jam
571 1152 722 1210 rogat
750 1139 849 1192 sibi
886 1137 1080 1201 solatio
1118 1150 1260 1190 esse.
1290 1133 1442 1202 Rogo
1474 1131 1654 1201 igitur,
1682 1125 1782 1180 etsi

174 1251 339 1291 nemo
385 1248 568 1288 nosrra
619 1230 818 1294 videat,
861 1228 1057 1299 singuli
1109 1227 1162 1282 in
1204 1241 1356 1280 suam
1398 1219 1782 1277 conscientiam

171 1327 569 1397 ingrediantur,
613 1333 668 1378 et
705 1322 943 1392 judicem
983 1318 1085 1374 sibi
1128 1317 1388 1372 rationem
1431 1312 1783 1371 constituant,

170 1427 394 1488 peccata
427 1415 480 1470 in
509 1414 740 1470 medium
768 1422 946 1482 agant.
982 1410 1044 1464 Et
1075 1409 1174 1464 nisi
1212 1408 1380 1462 velint
1413 1421 1474 1461 ea
1507 1405 1558 1458 in
1580 1403 1668 1457 die
1693 1400 1784 1455 illa

167 1507 400 1562 terribili
447 1504 794 1575 promulgari,
843 1501 1176 1572 paenitentiae
1220 1497 1457 1554 remedia
1488 1501 1781 1566 apponant,

166 1614 235 1654 ac
264 1599 494 1653 vulnera
540 1607 752 1652 sanent.
783 1596 968 1651 Potest
1000 1595 1167 1662 enim,
1201 1595 1388 1663 potest
1407 1590 1652 1660 quisque,
1681 1586 1784 1641 etsi

167 1689 324 1744 mille
365 1689 531 1758 plagis
551 1695 800 1752 onustus,
826 1702 989 1741 sanus
1021 1687 1191 1739 abire.
1216 1684 1348 1739 Nam
1377 1683 1436 1738 Si
1465 1680 1780 1744 dimiseritis,

168 1781 364 1850 inquit.
391 1789 596 1850 peccata
618 1780 937 1832 dimittentur
956 1777 1126 1841 vobis;
1151 1776 1195 1830 si
1219 1791 1321 1830 non
1342 1772 1656 1834 dimiseritis,
1682 1787 1785 1823 non

165 1871 491 1924 dimittantur
518 1869 731 1940 (Matth.
762 1869 815 1923 6.
845 1868 933 1923 14.
960 1867 1078 1937 15).

246 1960 558 2016 Poenitcntia
586 1962 705 2015 vera
730 1976 864 2030 quis.
893 1956 1358 2027 Quemadmodum
1384 1957 1437 2011 in
1463 1955 1785 2026 baptismate

163 2053 350 2107 abluta
374 2063 594 2122 peccata
618 2067 726 2106 non
752 2051 986 2120 amplius
1013 2058 1276 2120 apparent
1306 2067 1319 2102 :
1360 2049 1430 2102 ita
1457 2059 1510 2102 et
1541 2044 1656 2100 lucc
1681 2044 1781 2098 de-

166 2146 444 2209 lcbuntur.
475 2147 518 2200 si
546 2143 917 2215 paenitentiam
955 2157 1200 2212 agamus.
1245 2140 1302 2194 In
1332 2140 1436 2194 hoc
1469 2147 1647 2193 autem
1673 2149 1784 2205 pte-

166 2239 399 2294 nitentia
441 2239 539 2292 sita
567 2247 670 2301 est,
705 2250 773 2292 ne
800 2235 991 2291 eadem
1031 2234 1144 2306 ipsa
1179 2241 1496 2303 patrentur:
1528 2229 1667 2284 Nam
1696 2229 1784 2299 qui

165 2329 241 2382 ad
261 2338 469 2398 peccata
495 2328 782 2391 revertitur,
809 2327 994 2380 similis
1020 2335 1092 2380 est
1119 2327 1235 2379 cani
1264 2326 1332 2376 ad
1368 2323 1610 2378 vomitum
1636 2337 1784 2375 suum

165 2419 406 2474 redeunti
432 2418 510 2490 (2.
534 2417 649 2476 Pet.
672 2419 727 2474 2.
747 2418 840 2473 21.
861 2417 955 2488 92)
979 2435 992 2483 ;
1022 2417 1101 2489 (a)
1129 2415 1362 2491 [necnon
1390 2417 1441 2470 ei
1469 2415 1559 2485 qui
1586 2430 1783 2470 secun-

167 2511 298 2565 dum
331 2510 674 2578 proverbium
707 2511 882 2579 ignem
918 2511 1188 2576 verberat,
1222 2518 1277 2565 et
1305 2509 1358 2563 in
1389 2517 1612 2579 pertuso
1638 2508 1784 2563 dolio

171 2599 402 2675 haurit.)
431 2601 653 2672 Oportet
682 2616 811 2671 ergo
839 2611 892 2656 et
920 2617 979 2656 re
1009 2615 1062 2657 es
1087 2601 1314 2656 animoa
1338 2598 1634 2656 sceleribus
1655 2600 1785 2654 abs—

170 2695 367 2760 tinere,
403 2705 566 2765 atque
594 2694 862 2748 contraria
895 2694 1131 2763 peccatis
1165 2694 1392 2764 singulis
1419 2691 1656 2748 remedia
1684 2707 1785 2762 ap-

169 2800 398 2856 ponere.
435 2785 677 2856 Exempli
725 2799 907 2850 causa,
942 2784 1188 2855 rapuisti,
1218 2794 1272 2839 et
1304 2793 1498 2840 avarus
1525 2783 1709 2838 fuisti?
1741 2785 1784 2837 A

170 2876 361 2945 rapina
391 2877 619 2938 abstine,
649 2885 703 2930 et
731 2875 1092 2946 eleemosynte
1124 2874 1419 2932 remedium
1451 2875 1664 2929 vulneri
1687 2873 1788 2927 ad-

170 2981 355 3021 move.
389 2965 706 3020 Fornicatus
740 2967 834 3020 es?
864 2967 904 3020 Α
940 2965 1299 3020 fornicatione
1327 2965 1547 3029 absiste,
1580 2974 1636 3020 et
1670 2965 1788 3018 vul-

171 3059 290 3113 neri
321 3060 622 3112 castitatem
655 3074 866 3126 appone
919 3057 1121 3113 Fratris
1163 3058 1236 3112 tui
1267 3057 1462 3113 famam
1488 3058 1655 3113 verbo
1689 3058 1786 3113 lte-

171 3149 315 3211 sisti,
349 3150 560 3220 ipsique
589 3150 861 3204 nocuisti?
887 3151 927 3204 A
962 3150 1260 3205 maledictis
1292 3151 1524 3217 abstine,
1557 3159 1610 3206 et
1643 3151 1786 3206 carie

171 3241 301 3297 tatis
347 3242 642 3296 remedium
695 3256 926 3312 appone.
987 3241 1059 3293 Ita
1109 3256 1204 3311 per
1249 3241 1456 3313 singula
1502 3241 1786 3320 faciamus,

171 3349 350 3405 neque
404 3346 618 3403 peccata
663 3345 1112 3390 transcurramus.
1158 3335 1287 3390 Nam
1339 3337 1502 3392 instat
1543 3337 1781 3405 demum,

168 3431 338 3484 instat
363 3441 510 3484 certe
553 3427 776 3483 rationis
823 3427 1111 3483 reddendae
1156 3438 1391 3496 tempus.
1430 3429 1556 3484 Ideo
1588 3429 1786 3485 Paulus

167 3521 390 3576 diccbat
435 3538 447 3574 :
505 3519 761 3573 Dominus
809 3536 971 3590 prope
1017 3529 1088 3572 est
1129 3535 1149 3583 ,°
1213 3520 1342 3574 nihil
1406 3518 1613 3573 solliciti
1673 3521 1786 3575 sitis

168 3613 432 3684 (Philipp.
467 3612 519 3666 4.
551 3611 604 3667 5.
632 3611 712 3682 6).
743 3609 849 3666 Sed
897 3611 1052 3666 nobis
1098 3611 1237 3667 forte
1276 3622 1462 3666 contra
1494 3611 1784 3668 dicendum

167 3713 276 3769 est,
313 3703 570 3758 Dominus
600 3717 771 3773 prope
798 3711 903 3766 est,
937 3702 1150 3757 solliciti
1187 3713 1381 3759 estote.
1431 3703 1511 3758 Illi
1550 3721 1784 3775 namque

167 3810 300 3856 tunc
343 3798 570 3870 pulchre
591 3799 904 3868 audiebant,
957 3799 1109 3853 Nihil
1145 3801 1350 3856 solliciti
1401 3803 1538 3871 sitis,
1590 3805 1680 3874 qui
1730 3807 1782 3859 in

167 3893 455 3958 aerumnis,
488 3892 786 3958 laboribus,
814 3893 1202 3947 certaminibus
1232 3895 1520 3965 degebant.
1563 3896 1663 3963 Qui
1685 3912 1782 3952 au-

167 3995 278 4042 tem
313 3987 364 4041 in
414 3986 615 4055 rapinis
658 3994 965 4051 versantur,
1013 3984 1067 4039 in
1110 3986 1408 4056 voluptate,
1457 3991 1547 4057 qui
1591 4003 1783 4059 graves

167 4066 431 4132 reddituri
477 4086 599 4131 sunt
655 4078 913 4142 rationes,
962 4092 1067 4130 non
1113 4074 1238 4142 hoc,
1289 4078 1382 4132 sed
1427 4078 1556 4133 illud
1587 4081 1782 4135 merito

167 4168 458 4235 audierint,
494 4168 752 4222 Dominus
791 4182 960 4237 prope
990 4175 1110 4222 est:
1153 4167 1375 4224 solliciti
1412 4180 1610 4225 estote.
1660 4169 1779 4225 Non

164 4385 438 4496 “assumit:
454 4383 648 4435 uncinis
663 4381 972 4446 clauduntur,
984 4384 1167 4442 desunt
1189 4387 1240 4436 in
1259 4387 1405 4438 Savil.
1419 4395 1473 4439 et
1488 4390 1780 4454 quibusdam

303 4460 429 4496 81118.

1149 378 1210 434 lli
1252 374 1568 432 JOANNEM
1611 370 1844 429 HOMIL.
1888 367 2112 426 XXXV.
2153 368 2226 422 al.
2269 363 2515 423 XXXIV.

3408 364 3511 421 198

1899 484 2043 536 enim
2071 484 2231 548 longe
2259 492 2287 531 a
2319 470 2789 532 consummatione
2829 472 3087 529 absumus
3117 474 3217 544 (ιι).
3246 476 3338 531 sed
3362 481 3428 534 ad
3461 484 3520 536 ti-

1897 587 2020 627 nem
2053 570 2165 639 jam
2213 569 2451 623 mundus
2500 567 2696 638 vergit.
2757 566 2870 622 lloc
2919 568 3277 636 praenuntiant
3331 569 3514 637 bella,

1896 676 2174 724 aerumutc,
2225 669 2383 714 terra:
2411 658 2755 719 motus.'hoc
2793 658 3060 713 exstincta
3103 661 3322 714 caritas.
3366 659 3519 716 Sient

1897 753 2042 807 enim
2071 765 2269 820 corpus
2310 751 2594 819 exspirans
2623 759 2679 804 et
2706 749 2868 804 morti
2901 749 3206 819 proximum
3239 751 3384 806 mille
3415 753 3518 806 do-

1894 844 2102 901 loribus
2146 842 2399 909 afficitur,
2451 853 2505 897 et
2548 842 2756 897 ruitura
2797 842 2992 898 domus
3027 847 3193 899 multa
3237 847 3518 915 praemittit

1893 953 2015 1007 quae
2045 952 2110 990 ex
2137 945 2278 991 tecto
2302 942 2360 990 et
2387 951 2454 990 ex
2497 935 2796 1005 parietibus
2821 935 3080 992 decidunt
3108 958 3120 990 :
3150 939 3230 992 sic
3256 953 3514 994 consmn-

1894 1029 2064 1085 matio
2091 1029 2239 1085 orbis
2260 1030 2370 1099 jam
2402 1045 2568 1100 prope
2594 1041 2642 1085 et
2682 1045 2779 1098 pro
2818 1029 3024 1086 foribus
3053 1039 3138 1086 est
3167 1048 3180 1083 :
3221 1032 3344 1086 ideo
3375 1035 3513 1087 mala

1894 1123 2132 1190 undique
2158 1121 2332 1190 ipsum
2359 1121 2639 1176 invadunt.
2672 1121 2806 1176 Nam
2831 1123 2873 1176 si
2909 1135 3035 1181 tunc.
3060 1124 3320 1178 Dominus
3349 1139 3516 1195 prope

1892 1224 2030 1276 erat,
2065 1216 2236 1269 multo
2263 1217 2433 1286 magis
2481 1230 2623 1270 nunc
2652 1231 2820 1285 prope
2851 1226 2956 1270 est.
2995 1216 3050 1272 Si
3100 1226 3226 1272 ante
3256 1219 3517 1288 quadrii-

1892 1317 2085 1379 gentos
2115 1310 2131 1339 ί
2174 1323 2349 1379 annos
2403 1324 2523 1363 cum
2568 1308 2686 1364 haec
2732 1308 3079 1374 dicerentur,
3129 1321 3341 1379 tempus
3383 1311 3514 1366 illud

1891 1400 2281 1472 plenitudinem
2328 1412 2634 1471 temporum
2671 1401 2870 1456 Paulus
2910 1393 3163 1467 vocabat,
3200 1403 3370 1457 tnttlto
3399 1407 3519 1458 ma-

1892 1492 1976 1561 gis
2003 1507 2244 1560 prresens
2277 1501 2489 1561 tempus
2533 1494 2604 1547 ita
2640 1494 2966 1547 vocandum.
3008 1495 3077 1548 At
3109 1494 3353 1549 fortassis
3395 1496 3517 1552 ideo

1893 1577 2109 1655 quidam
2140 1601 2245 1640 non
2289 1585 2537 1641 credunt.
2580 1588 2742 1657 Atqui
2790 1585 2911 1641 ideo
2950 1585 3123 1657 magis
3149 1585 3509 1642 ert-dentium.

1892 1676 2048 1732 Unde
2076 1678 2236 1741 nosti,
2269 1678 2338 1731 mi
2366 1672 2549 1742 homo,
2579 1676 2740 1733 linem
2770 1686 2825 1732 et
2854 1692 3015 1747 supra
3043 1677 3184 1732 dicta
3214 1692 3320 1733 non
3345 1693 3518 1748 prope

1891 1770 2056 1825 esse?
2083 1765 2244 1826 Certe
2275 1780 2334 1824 ut
2361 1772 2486 1824 anni
2519 1771 2680 1825 linem
2713 1786 2819 1825 non
2843 1771 2984 1827 diem
3012 1773 3258 1843 ultimum
3285 1773 3517 1827 dicimus

1893 1876 2035 1926 esse,
2065 1863 2161 1917 sed
2193 1863 2354 1917 etiam
2385 1861 2633 1917 ultimum
2681 1876 2949 1922 mensem.
2991 1873 3046 1918 et
3075 1863 3120 1919 si
3154 1863 3368 1932 triginta
3401 1864 3519 1919 die-

1892 1969 2013 2008 rum
2046 1955 2116 2007 sit
2146 1973 2159 2009 :
2194 1954 2264 2008 ita
2296 1954 2339 2008 si
2375 1963 2450 2009 tot
2475 1969 2742 2009 annorum
2775 1954 3365 2024 quadringentesimum
3392 1971 3516 2014 esse

1891 2043 2055 2100 ﬁnem
2085 2044 2404 2111 dixerimus,
2435 2060 2546 2100 non
2576 2045 2974 2101 aberrabimus.
3021 2044 3207 2116 Itaque
3240 2046 3352 2117 jam
3386 2056 3516 2103 tunc

1889 2137 1984 2192 ille
2007 2136 2166 2193 linem
2193 2137 2598 2208 praenuntiavit.
2625 2138 2992 2195 Coerceamus
3015 2140 3177 2210 igitur
3201 2155 3300 2195 nos
3325 2141 3472 2211 ipsos
3497 2160 3511 2194 :

1891 2227 2140 2290 laetemur
2167 2228 2219 2282 in
2263 2229 2455 2283 timore
2502 2228 2618 2284 Dei.
2673 2229 2884 2284 Etenim
2933 2230 3090 2285 nobis
3130 2246 3252 2285 cum
3297 2231 3514 2286 licentia

1891 2319 2256 2386 versantibus,
2287 2335 2392 2375 non
2424 2320 2583 2376 valde
2621 2320 2960 2386 curantibus,
2995 2337 3101 2376 non
3144 2333 3511 2392 exspectanti-

1891 2410 2015 2476 bus,
2050 2420 2274 2481 repente
2315 2412 2492 2468 aderit
2531 2414 2625 2469 Dei
2674 2414 2982 2469 adventus:
3014 2414 3157 2486 quod
3202 2415 3515 2484 signiﬁcans

1891 2504 2143 2560 Christus
2186 2505 2402 2562 dicebat
2439 2524 2453 2560 :
2501 2507 2651 2562 Sicut
2691 2509 2826 2562 enim
2872 2511 3066 2580 factum
3122 2520 3195 2564 est
3236 2510 3289 2563 in
3338 2511 3515 2564 diebus

1894 2594 2031 2659 Noe,
2061 2607 2107 2650 et
2134 2597 2187 2649 in
2216 2597 2391 2652 diebus
2417 2597 2535 2663 Lat,
2557 2600 2630 2654 sic
2656 2600 2757 2656 erit.
2791 2601 2843 2654 in
2874 2603 3310 2656 consummatione
3339 2605 3515 2657 sweuli

1893 2687 2048 2757 hujus
2075 2689 2286 2758 (Matth.
2314 2689 2412 2746 24.
2446 2692 2562 2764 57).
2616 2692 2731 2748 Hoc
2779 2705 2835 2750 et
2877 2695 3078 2749 Paulus
3123 2697 3200 2750 sic
3228 2696 3465 2752 declarat
3498 2715 3513 2753 :

1893 2777 2022 2834 Cum
2052 2781 2293 2848 dixerint,
2326 2782 2444 2836 Pax
2470 2794 2515 2838 et
2539 2786 2807 2849 securitas,
2841 2796 2961 2840 tunc
2990 2789 3286 2859 repentinus
3323 2792 3394 2842 eis
3420 2806 3513 2842 su-

1894 2872 2148 2940 perveniet
2194 2873 2467 2938 interitus,
2515 2876 2647 2928 sicut
2681 2876 2831 2931 dolor
2879 2878 2932 2931 in
2981 2888 3124 2934 utero
3156 2880 3386 2934 habentis
3433 2881 3511 2951 (Ι.

1897 2961 2074 3018 Thess.
2107 2966 2159 3021 5.
2196 2965 2274 3039 5).
2307 2967 2444 3036 Quid
2487 2979 2570 3023 est
2597 2968 2767 3025 Dolor
2793 2973 2845 3024 in
2875 2983 3021 3027 utero
3048 2974 3279 3028 habentis
3304 2974 3329 3028 7
3354 2973 3513 3044 Saepe

1894 3067 2239 3126 praegnantes
2277 3058 2555 3124 mulieres,
2585 3061 2712 3116 dum
2746 3062 2957 3130 ludunt,
3000 3065 3290 3134 prandent,
3316 3067 3368 3121 in
3399 3066 3514 3122 bal-

1893 3164 2019 3216 neo,
2056 3151 2107 3204 in
2137 3149 2256 3205 foro
2277 3162 2422 3218 sunt,
2459 3154 2527 3209 de
2568 3155 2750 3211 futuro
2792 3158 2924 3214 nihil
2956 3162 3277 3230 cogitantes,
3311 3179 3512 3233 repen-

1894 3239 2021 3294 tinis
2047 3240 2374 3297 invaduntur
2404 3243 2706 3301 doloribus.
2739 3245 2877 3302 Cum
2904 3264 3036 3320 ergo
3057 3250 3299 3320 ejusdem
3330 3254 3515 3308 condi-

1893 3332 2056 3386 tionis
2082 3348 2170 3386 res
2196 3343 2395 3388 nostra:
2422 3336 2553 3403 sint,
2578 3337 2748 3392 simus
2765 3354 2984 3408 semper
3012 3343 3202 3410 parati.
3226 3342 3343 3398 Non
3366 3346 3509 3402 enim

1892 3438 2111 3493 semper
2138 3423 2254 3479 haec
2281 3425 2589 3491 audiemus,
2623 3443 2733 3484 non
2763 3445 2980 3501 semper
3017 3431 3158 3490 hanc
3185 3445 3512 3501 potestatem

1894 3515 2230 3570 habebimus.
2281 3515 2350 3570 In
2394 3519 2629 3590 inferno,
2678 3522 2873 3592 inquit,
2915 3525 3029 3594 quis
3071 3526 3397 3593 conﬁtebitur
3423 3529 3514 3584 tibi

1894 3605 2066 3678 (Psal.
2100 3606 2154 3662 ϐ.
2203 3607 2307 3682 8)1
2357 3609 2455 3665 Hic
2498 3612 2679 3682 itaque
2729 3615 3106 3683 paenitentiam
3158 3633 3404 3689 agamus.
3455 3633 3516 3679 ut

1891 3699 1972 3754 sic
2025 3699 2192 3754 Deum
2238 3702 2528 3772 propitium
2579 3705 2897 3773 habeamus,
2931 3723 2994 3764 ac
3039 3709 3252 3778 plenam
3281 3712 3513 3769 delicto-

1891 3805 2012 3843 rum
2065 3793 2276 3847 veniam
2330 3809 2729 3866 consequamur
2783 3815 2798 3850 :
2851 3815 3012 3869 quam
3069 3803 3271 3857 utinam
3322 3820 3511 3864 onnes

1891 3882 2263 3953 impetremus,
2292 3888 2465 3957 gratia
2499 3899 2553 3944 et
2581 3889 2914 3960 benignitate
2945 3893 3158 3950 Domini
3184 3899 3354 3952 nostri
3381 3898 3513 3954 .lesu

1889 3973 2116 4044 Christi,
2157 3978 2244 4034 cui
2269 3978 2440 4050 gloria
2471 3991 2527 4036 et
2553 3981 2838 4053 imperium
2868 3985 2921 4040 in
2939 3988 3136 4043 saecula
3160 3991 3507 4046 saeculorum.

1891 4070 2092 4126 Amen.

1954 4291 2150 4370 [εαξη.
2174 4295 2377 4370 habet,
2405 4306 2670 4358 trecentos,
2698 4307 2751 4351 et
2781 4303 2852 4353 sic
2873 4303 2972 4354 duo
2991 4311 3101 4356 Mss.
3130 4309 3185 4356 At
3219 4305 3390 4370 plures
3417 4308 3502 4358 ha-

1886 4355 2028 4420 bent,
2052 4357 2450 4420 quadringentos.

1950 4411 2024 4481 (α)
2060 4411 2656 4486 rutabat'Chrysostomus
2686 4438 2785 4476 non
2808 4424 2961 4491 longe
2985 4441 3102 4479 esse
3125 4430 3276 4481 tinem
3312 4433 3504 4482 mundi.

165 4604 3497 4661 .___..____________________________

1461 4701 1810 4768 HOMILIA
1867 4700 2147 4770 XXXV.

164 4839 257 4895 ιο.
292 4836 416 4893 Cum
455 4840 710 4895 venissent
749 4857 868 4912 ergo
893 4842 962 4895 ad
991 4843 1140 4898 illum
1179 4844 1498 4902 Samaritani
1522 4890 1536 4912 ,
1569 4867 1778 4922 rogave-

239 4942 358 4985 runt
384 4949 498 4985 eum
522 4944 574 4985 ut
601 4934 670 4987 ibi
692 4947 938 4989 maneret.
965 4936 1032 4990 Et
1059 4941 1243 4992 mansit
1269 4939 1340 4993 ibi
1365 4941 1494 4996 duos
1521 4943 1648 4998 dies.
1683 4946 1774 5002 41.

241 5023 308 5078 Et
339 5027 499 5079 multo
530 5028 700 5095 plures
731 5029 1052 5084 crediderunt
1078 5030 1133 5083 in
1172 5049 1286 5085 cum
1333 5045 1538 5104 propter
1583 5054 1778 5091 sermo-

238 5135 354 5172 nem
381 5120 532 5187 ejus;
565 5121 655 5176 42.
688 5132 736 5174 et
777 5123 980 5177 mulieri
1015 5124 1246 5179 dicebant
1295 5143 1315 5180 :
1347 5127 1488 5194 Quia
1520 5130 1636 5199 jam
1679 5149 1780 5186 non

239 5222 446 5280 prapter
463 5221 600 5266 tuam
632 5214 884 5282 loquelam
904 5217 1158 5271 credimus
1184 5233 1202 5271 :
1220 5219 1322 5285 ipsi
1336 5221 1469 5274 enim
1492 5222 1779 5278 audivimus

238 5310 286 5354 et
311 5303 520 5368 scimus,
545 5306 664 5370 quia
691 5305 774 5358 hic
804 5317 874 5359 est
904 5321 1023 5360 vere
1050 5308 1293 5364 Salvator
1322 5313 1497 5364 mundi
1521 5313 1776 5372 Christus.

234 5394 328 5448 45.
363 5392 431 5447 Et
453 5407 565 5464 post
586 5397 695 5452 dies
717 5397 846 5452 duos
867 5401 1077 5454 excessit
1110 5401 1228 5456 inde
1250 5445 1265 5463 .
1297 5412 1344 5457 et
1373 5404 1494 5458 abiit
1537 5407 1590 5460 iu
1632 5405 1776 5462 Gali-

235 5487 404 5541 liram.

243 5579 291 5632 1.
317 5577 759 5636 Samaritanorum
779 5582 1181 5656 Judteorumque
1201 5604 1320 5661 erga
1337 5588 1429 5646 Ch!
1444 5593 1599 5646 istum
1617 5612 1776 5664 agan-

165 5670 222 5723 di
244 5671 465 5725 rationes
489 5687 854 5741 comparantur
883 5693 900 5730 :
924 5679 1199 5734 laudantur
1225 5685 1442 5751 priores,
1463 5686 1776 5756 redarguun-

167 5771 254 5810 tur
282 5757 479 5814 Judtei.
507 5762 651 5819 Nihil
682 5765 878 5821 invidia
907 5776 961 5822 et
993 5769 1162 5826 livore
1208 5773 1392 5842 pejus,
1444 5775 1577 5829 nihil
1628 5777 1772 5831 inani

168 5848 332 5922 gloria
365 5851 602 5911 deterius
631 5874 643 5910 :
675 5856 790 5914 bch
821 5859 1101 5917 innumera
1130 5877 1479 5937 corrumpere
1507 5867 1643 5924 solet
1675 5869 1741 5924 bo

1893 4872 1984 4908 na.
2011 4854 2184 4912 Judaei
2217 4875 2347 4928 ergo
2376 4875 2497 4916 cum
2533 4865 2795 4933 majorem
2827 4883 2987 4938 quam
3034 4871 3361 4931 Samaritani
3408 4892 3505 4933 cu-

1888 4948 2182 5017 gnitionem
2232 4952 2526 5022 haberent,
2579 4969 2632 5013 et
2679 4976 2802 5016 cum
2850 4964 3133 5034 prophetis
3175 4969 3390 5025 educati
3422 4989 3506 5028 es-

1888 5051 2010 5094 sent
2032 5082 2047 5105 ,
2081 5041 2189 5097 illis
2223 5053 2402 5100 tamen
2436 5048 2563 5103 hinc
2591 5049 2874 5108 inferiores
2901 5054 3139 5112 fuerunt.
3172 5058 3504 5120 Samaritani

1888 5134 2200 5192 testimonio
2242 5138 2485 5195 mulieris
2541 5140 2702 5197 [idem
2756 5143 3031 5215 habuere,
3083 5150 3342 5222 nulloque
3387 5157 3506 5209 viso

1887 5225 2043 5293 signo
2072 5235 2277 5282 exeunt
2299 5232 2535 5298 rogaturi
2577 5233 2852 5291 Christum
2884 5248 2943 5293 ut
2989 5255 3174 5297 secum
3218 5261 3459 5301 maneret
3489 5265 3504 5312 ;

1885 5312 2058 5370 Judaei
2089 5332 2258 5387 vero,
2299 5321 2462 5375 etiam
2493 5324 2624 5379 visis
2674 5327 2990 5395 miraculis,
3039 5347 3147 5386 non
3191 5336 3354 5392 modo
3397 5354 3504 5393 non

1886 5404 2036 5462 illum
2060 5409 2200 5476 apud
2229 5425 2289 5464 se
2311 5412 2691 5483 retinuerunt,
2721 5418 2816 5474 sed
2843 5422 3006 5476 etiam
3055 5423 3228 5493 ipsum
3275 5431 3499 5499 expule-

1887 5513 2010 5554 runt
2031 5542 2045 5564 ,
2077 5501 2316 5573 nihilque
2349 5521 2454 5560 non
2488 5519 2716 5577 egerunt
2747 5521 2804 5565 ut
2849 5513 3028 5582 ipsum
3061 5532 3093 5571 e
3138 5520 3360 5590 regione
3403 5537 3498 5575 sua

1892 5593 2253 5650 eliminat-ent.
2288 5599 2508 5656 Etiamsi
2542 5602 2756 5659 illorum
2809 5609 2980 5677 gratia
3027 5615 3297 5680 venisset,
3349 5616 3497 5671 illum

1884 5686 2238 5743 nihilominus
2270 5691 2590 5762 cjecerunt;
2621 5695 2674 5752 hi
2705 5711 2892 5756 contra
2927 5712 2983 5757 ut
3011 5705 3150 5773 apud
3172 5722 3230 5762 se
3257 5721 3496 5766 manere)

1884 5788 2160 5848 rogarunt.
2195 5780 2333 5836 Num
2366 5800 2495 5856 ergo
2525 5788 2594 5842 ad
2643 5788 2741 5845 hos
2786 5803 3039 5864 rogantes
3083 5813 3190 5852 non
3231 5801 3500 5856 acceden-

1885 5868 2008 5925 tlum
2040 5869 2170 5942 fuit,
2203 5873 2297 5930 sed
2331 5876 2439 5933 illis
2460 5919 2473 5943 ,
2504 5881 2594 5950 qui
2623 5882 2723 5940 sibi
2755 5885 2892 5941 bene
2939 5885 3124 5944 affecti
3169 5903 3356 5959 erant,
3404 5913 3491 5952 rc-
