4024 6438
542 349 642 405 I99

538 468 679 520 lictis
696 506 713 530 ,
742 461 881 535 apud
909 458 1249 515 insidiatores
1274 466 1329 510 et
1355 451 1697 509 adversarios
1721 463 1940 505 manere
1964 459 2115 517 opor-

538 555 674 611 tuitl
704 556 769 609 At
799 566 902 606 non
930 547 1123 604 fuisset
1152 543 1283 601 illud
1329 543 1448 613 ejus
1492 538 1827 612 providentia
1872 536 2109 608 dignum.

538 648 660 701 Ideo
683 656 885 698 morem
907 640 1075 712 gessit
1095 647 1151 694 et
1176 635 1373 693 mansit
1399 633 1539 705 apud
1553 646 1647 688 eos
1672 629 1882 685 duobus
1904 627 2113 684 diebus.

535 735 635 805 Ipsi
666 733 879 804 quidem
908 732 1207 786 voluissent
1232 727 1380 783 illum
1408 731 1666 795 perpetuo
1696 720 1959 777 retinere:
1985 716 2115 773 illud

534 826 676 881 enim
703 824 902 879 indirat
928 821 1255 891 evangelista
1282 818 1366 872 his
1394 816 1568 871 verbis
1596 827 1614 868 :
1647 806 1970 885 [legaverant
2000 825 2114 863 eunt

532 928 589 972 ut
619 916 686 971 ibi
712 924 969 981 maneret;
999 914 1111 985 ipse
1134 926 1259 967 vero
1283 907 1473 973 noluit,
1496 905 1591 962 sed
1611 905 1747 961 duos
1774 912 1977 958 tantum
1999 900 2116 956 dies

528 1024 650 1064 cum
678 1008 782 1062 illis
808 1006 1022 1066 mansit,
1054 1012 1108 1059 et
1136 1002 1229 1056 illo
1263 997 1521 1070 temporis
1548 996 1724 1065 spatio
1751 995 1906 1064 longe
1930 990 2113 1063 plures

529 1094 875 1155 crediderunt
900 1096 951 1149 in
978 1109 1123 1149 eum.
1156 1091 1317 1163 Atqui
1346 1103 1452 1144 non
1480 1086 1774 1144 verisimile
1798 1092 1914 1141 erat
1932 1123 1948 1148 ,
1991 1082 2113 1139 illos

530 1205 650 1247 esse
670 1188 969 1244 credituros
988 1226 1003 1248 ,
1034 1192 1144 1239 tum
1171 1180 1315 1254 quod
1355 1179 1559 1235 nullum
1589 1178 1802 1249 signum
1829 1174 2109 1241 vidissent,

532 1291 642 1336 tum
672 1279 812 1349 quod
842 1277 1059 1333 Judteos
1081 1272 1206 1330 odio
1247 1272 1531 1328 haberent.
1575 1271 1827 1325 Attamen
1868 1266 1990 1336 quia
2033 1265 2115 1320 di-

534 1384 739 1427 ctorum
782 1368 922 1423 illius
951 1367 1233 1422 veritatem
1268 1363 1413 1435 juste
1451 1360 1816 1424 testimarunt,
1860 1357 1943 1412 his
1981 1354 2113 1411 nihil

529 1460 924 1524 officientibus,
955 1457 1265 1514 sublimiora
1313 1455 1382 1509 de
1429 1454 1522 1510 illo
1567 1451 1906 1523 cogitarunt,
1952 1459 2112 1519 quam

528 1569 648 1624 qua:
678 1560 897 1623 possent
924 1546 1228 1618 hujnsmodi
1252 1545 1496 1603 obicibus
1527 1541 1812 1613 impediri,
1841 1555 1905 1595 ac
1924 1548 2104 1595 certa-

531 1648 624 1700 tim
654 1644 797 1699 illum
821 1641 990 1712 magis
1014 1654 1077 1695 ac
1107 1639 1278 1710 magis
1304 1636 1729 1692 admirabantur.
1748 1632 1883 1688 Nam
1904 1630 2114 1686 Mulieri

530 1737 798 1790 dicebant:
822 1730 942 1788 Non
950 1733 1062 1802 jam
1086 1739 1295 1804 propter
1320 1738 1460 1783 tuam
1491 1726 1739 1797 loquelam
1764 1726 1811 1779 ei
1831 1724 2113 1779 credimus:

528 1828 626 1896 ipsi
669 1825 801 1880 enim
835 1822 1117 1877 audiuimus
1156 1830 1202 1875 et
1244 1819 1430 1875 scimus
1450 1859 1464 1884 ,
1493 1818 1611 1887 quia
1636 1816 1717 1870 hic
1743 1824 1819 1870 est
1846 1831 1956 1870 uere
1986 1814 2110 1869 Sal-

529 1928 672 1972 vator
695 1914 868 1969 mundi
895 1914 1141 1969 Christus.
1182 1910 1433 1981 Discipuli
1484 1908 1562 1980 (a)
1615 1909 1920 1978 magistram
1967 1906 2110 1960 illam

528 2018 871 2079 superarunt.
908 2005 968 2059 lli
1008 2018 1238 2073 namque
1265 2001 1480 2057 Judseos
1522 2000 1645 2070 jure
1685 2012 1939 2054 accusare
1984 2011 2109 2067 pos-

528 2110 684 2164 sunt,
718 2108 772 2153 et
793 2096 933 2169 quod
964 2096 1290 2152 crediderint
1317 2103 1373 2149 et
1417 2092 1561 2164 quod
1611 2106 1733 2146 eum
1780 2090 2106 2159 acceperint.

529 2190 604 2246 Illi
627 2204 852 2259 quorum
874 2187 1045 2258 gratia
1069 2193 1240 2241 totum
1263 2183 1364 2239 hoc
1385 2196 1521 2253 opus
1565 2188 1877 2251 susceperat
1902 2220 1917 2246 ,
1963 2194 2109 2249 saepe

528 2284 699 2351 ipsum
733 2280 1138 2350 lapidaverunt;
1170 2276 1221 2331 hi
1251 2291 1380 2331 vero
1412 2291 1519 2330 non
1545 2273 1886 2329 accedentem
1935 2272 2001 2326 ad
2050 2286 2110 2326 se

528 2384 805 2454 tgtxerunt
834 2391 846 2426 :
878 2373 952 2427 illi
979 2374 1106 2426 visis
1133 2370 1297 2441 signis
1323 2369 1625 2439 pertinaces
1654 2374 1892 2431 manent,
1910 2363 1966 2418 hi
1993 2364 2108 2419 sine

522 2469 688 2537 signis
712 2482 957 2537 magnam
980 2481 1103 2536 erga
1128 2465 1274 2519 illum
1307 2462 1463 2518 fidem
1488 2460 1785 2524 exhibent,
1834 2466 1889 2513 et
1934 2472 1995 2513 ea
2041 2456 2110 2511 de

523 2575 681 2616 causa
720 2560 1039 2632 gloriantur,
1072 2558 1213 2628 quod
1242 2557 1361 2611 sine
1403 2556 1570 2626 signis
1617 2553 1979 2617 crediderint;
2032 2552 2107 2607 illi

524 2668 650 2707 vero
678 2652 835 2707 linem
864 2668 971 2706 non
1002 2650 1203 2705 faciunt
1228 2646 1467 2703 tentandi
1509 2656 1566 2701 et
1604 2645 1754 2715 signa
1806 2640 2107 2714 quaerendi.

524 2746 596 2801 Ita
628 2759 842 2815 semper
871 2744 1035 2814 probe
1061 2741 1252 2797 affecta
1284 2740 1463 2795 anima
1512 2753 1649 2809 opus
1693 2747 1776 2793 est
1811 2753 1824 2790 :
1857 2750 2015 2802 quam
2059 2734 2105 2787 si

523 2839 717 2891 veritas
742 2834 930 2898 adeat,
961 2833 1117 2888 facile
1137 2830 1456 2901 occupabit;
1489 2830 1533 2884 si
1579 2846 1683 2883 non
1731 2833 1999 2895 occupet,
2051 2822 2103 2877 id

522 2943 627 2981 non
652 2942 720 2982 ex
748 2926 988 2981 veritatis
1034 2922 1381 2987 inﬁrmitate,
1419 2919 1512 2976 sed
1551 2936 1617 2976 ex
1650 2919 1768 2989 ejus
1806 2915 2105 2989 pervicacia

519 3024 710 3077 oritur.
738 3018 871 3074 Nam
898 3027 953 3073 et
977 3017 1054 3071 sol
1089 3030 1250 3085 puros
1280 3014 1467 3069 oculos
1496 3011 1653 3067 facile
1681 3010 1979 3074 illuminat;
2020 3008 2104 3063 sin

522 3115 737 3177 minus,
766 3112 1043 3166 oculorum
1067 3110 1251 3177 culpa,
1302 3120 1408 3160 non
1444 3103 1573 3158 solis
1622 3101 1954 3156 imbecillitas
1997 3108 2101 3155 est.

523 3205 656 3259 Audi
684 3206 841 3275 igitur
867 3202 992 3272 quid
1022 3201 1073 3253 hi
1104 3200 1286 3253 dicunt
1309 3238 1325 3263 ,
1358 3196 1561 3251 Scimus
1581 3196 1700 3263 quia
1745 3192 1826 3245 hic
1872 3200 1944 3245 est
1992 3205 2106 3245 vere

520 3295 761 3351 Saluator
790 3293 966 3347 mundi
996 3290 1246 3345 Christus.
1269 3287 1461 3342 Viden’
1486 3300 1642 3356 quant
1672 3284 1782 3339 cito
1811 3289 2098 3353 noverunt,

520 3387 691 3456 ipsum
718 3384 902 3439 orbem
936 3392 1197 3437 terrarum
1228 3388 1578 3434 attracturum
1606 3390 1726 3432 esse
1750 3383 1806 3431 et
1842 3374 1910 3429 ad
1948 3388 2102 3429 cont-

522 3494 737 3533 munem
763 3475 1089 3547 operandam
1125 3474 1351 3530 salutent
1401 3465 1648 3535 venisse;
1692 3467 1942 3539 quodque
1992 3481 2101 3522 non

523 3573 573 3625 in
603 3570 733 3625 solis
755 3567 954 3623 Juda'is
978 3567 1097 3637 ejus
1124 3564 1455 3634 providentia
1483 3558 1980 3622 circumcludenda,
2008 3555 2103 3612 sed

523 3660 740 3715 verbum
761 3658 877 3729 ejus
898 3657 1091 3727 ubique
1116 3651 1571 3711 disseminandum
1600 3650 1775 3705 foret?
1817 3650 1888 3702 At
1927 3646 2101 3703 Judtei

522 3767 627 3806 non
656 3752 813 3814 item;
840 3750 946 3803 imo
974 3748 1099 3801 dum
1141 3753 1445 3815 quaererent
1490 3731 1747 3811 justitiam
1789 3754 1940 3795 suam
1991 3749 2103 3793 stac

525 3856 674 3899 tuere
696 3884 711 3906 ,
737 3840 955 3912 iustitiae
982 3838 1075 3892 Dei
1106 3843 1213 3891 non
1242 3835 1467 3903 subjecti
1498 3833 1730 3887 fuerunt.
1762 3830 1827 3885 Hi
1858 3844 1988 3885 vero
2031 3830 2107 3882 fa-

523 3944 700 3990 tentur
722 3946 907 3985 omnes
930 3930 980 3983 in
1009 3928 1161 3997 culpa
1192 3942 1313 3982 esse
1334 3967 1348 3990 ,
1381 3924 1507 3979 illud
1536 3923 1884 3993 apostolicum
1914 3937 2025 3991 pra:
2044 3936 2105 3976 se

523 4029 756 4081 terentes
786 4040 798 4075 :
831 4020 1018 4073 Omnes
1073 4027 1435 4089 peccaverunt,
1487 4024 1531 4070 et
1577 4023 1719 4085 egent
1764 4014 1927 4084 gloria
1968 4011 2101 4077 Dei,

512 4114 782 4186 justi/irati
802 4112 959 4183 gratis
977 4127 1064 4179 per
1088 4110 1301 4181 gratiam
1326 4108 1486 4175 ipsius
1516 4105 1699 4176 (Rom.
1732 4105 1818 4159 10.
1846 4105 1898 4159 5.
1921 4102 2101 4174 ).Cum

520 4209 701 4263 dicunt
726 4208 867 4261 enim
900 4205 1069 4275 ipsum
1117 4218 1235 4257 esse
1269 4201 1596 4257 Salvatorem
1645 4196 1867 4263 mundi,
1916 4206 2101 4252 osteu~

522 4302 653 4355 tluut
702 4298 957 4353 mundum
1006 4294 1272 4365 periisse;
1328 4300 1384 4346 et
1434 4307 1538 4345 non
1585 4289 1745 4343 modo
1774 4288 2105 4343 Salvatorem

521 4407 664 4457 esse,
692 4390 784 4445 sed
811 4402 864 4444 et
890 4389 943 4442 in
965 4387 1124 4442 rebus
1154 4383 1425 4439 maximis.
1458 4382 1730 4437 Venerunt
1770 4380 1911 4433 enim
1955 4380 2105 4433 multi

524 4492 583 4536 ut
610 4481 854 4535 homines
882 4478 1060 4532 salvos
1086 4476 1353 4539 facerent,
1396 4472 1707 4543 prephetai,
1750 4471 1954 4541 angeii;
2008 4470 2105 4524 sed

522 4589 682 4632 verus
706 4573 950 4629 Salvator
973 4570 1059 4625 hic
1086 4578 1169 4623 est
1188 4609 1202 4633 ,
1236 4567 1441 4637 inquit,
1474 4565 1560 4635 qui
1590 4578 1767 4617 veram
1795 4562 1996 4632 praebet
2020 4576 2105 4616 sa-

524 4670 687 4725 lutem
712 4709 727 4733 ,
760 4682 865 4721 non
896 4665 1068 4720 solum
1096 4673 1270 4717 autem
1303 4670 1720 4730 temporaneam.
1745 4655 1857 4710 Hoc
1883 4655 2106 4710 sincera:

526 4758 648 4815 fidei
678 4764 1046 4827 argumentum
1074 4762 1177 4808 est.
1212 4751 1466 4820 Utrinque
1490 4750 1631 4804 enim
1661 4747 1932 4802 mirabiles
1958 4755 2102 4813 sunt,

523 4860 577 4905 et
604 4847 746 4917 quod
768 4844 1091 4902 crediderint
1109 4886 1123 4907 ,
1153 4853 1206 4899 et
1227 4842 1366 4913 quod
1394 4841 1510 4896 sine
1536 4841 1702 4910 signis
1744 4840 2101 4903 crediderint;

523 4952 659 5007 quos
699 4946 753 4993 et
788 4935 1032 4991 Christus
1077 4934 1263 4990 beatos
1300 4931 1553 5004 praedicat
1597 4930 1680 4985 his
1709 4931 1927 4985 verbis:
1959 4929 2107 4983 Beati

524 5030 612 5097 qui
653 5045 753 5084 non
792 5028 1053 5091 viderunt,
1096 5033 1140 5079 et
1166 5022 1695 5095 crediderunt(Rom.
1730 5022 1911 5079 5.33.
1957 5021 2101 5093 l4);

526 5133 581 5177 et
604 5121 742 5191 quod
774 5121 932 5177 etiam
960 5120 1168 5174 sincere
1195 5116 1541 5172 crediderint.
1574 5114 1708 5169 Cum
1754 5115 1897 5169 enim
1949 5115 2105 5168 audi-

532 5220 652 5269 rent
679 5211 951 5265 mulierem
982 5209 1143 5264 dubie
1179 5210 1519 5277 loquentem,
1570 5205 1833 5269 Numquid
1883 5207 1992 5277 ipse
2032 5217 2107 5261 est

526 5300 796 5358 Christus?
828 5316 931 5353 non
954 5300 1201 5354 dixerunt
1224 5340 1238 5366 ,
1266 5298 1373 5354 Nos
1397 5312 1609 5369 quoque
1638 5297 1941 5352 dubitamus
1965 5338 1981 5363 ,
2012 5312 2107 5351 ne-

526 5408 631 5461 que
657 5394 724 5445 ita
756 5390 1154 5456 existimamus,
1188 5390 1316 5455 sed,
1352 5389 1589 5453 Scimus;
1621 5404 1794 5459 neque
1841 5389 1942 5445 hoc
1985 5399 2104 5443 tan-

526 5493 637 5538 tum
663 5523 677 5544 ,
706 5481 799 5537 sed
830 5482 991 5537 etiam
1011 5521 1024 5545 ,
1055 5479 1153 5534 Hic
1181 5490 1252 5534 est
1280 5497 1390 5534 vere
1409 5479 1650 5535 Salvator
1676 5480 1872 5533 mundi.
1919 5479 2107 5549 Neque

525 5574 668 5631 enim
694 5571 963 5628 Christum
996 5582 1052 5627 ut
1080 5587 1241 5627 unum
1271 5587 1301 5628 e
1344 5572 1500 5642 vulgo
1542 5571 1933 5628 conlitcbantur
1957 5612 1971 5641 ,
2012 5571 2105 5629 sed

589 5755 663 5817 (η)
696 5751 831 5805 itane
854 5763 1020 5807 vocent
1044 5751 1106 5806 de
1129 5751 1431 5805 Sauiaritauis
1464 5753 1704 5816 tntcllige.

1213 344 1271 399 8.
1306 336 1584 399 ωΑΝΝιε
1610 328 2080 392 CIIRYSOSTOMI
2120 327 2436 385 ARClllEP.
2477 327 3013 387 CONSTANTINOP.

3717 336 3827 395 ωη

2226 456 2355 499 vere
2381 439 2716 500 Salvatorem
2745 441 3017 500 dicebant.
3047 442 3207 515 Atqui
3234 458 3395 516 quem
3420 444 3490 501 ab
3518 445 3615 503 illo
3638 460 3826 504 serva-

2224 542 2335 588 tum
2366 534 2654 590 viderant?
2693 533 2866 590 Verba
2917 546 3123 590 tantum
3172 535 3497 605 audierant,
3532 547 3589 594 et
3638 549 3823 595 tamen

2222 631 2285 672 ea
2316 616 2429 690 ipsa
2462 616 2742 688 proferunt
2763 634 2883 689 qua:
2907 618 3206 685 dixissent,
3254 622 3300 676 si
3337 621 3601 679 uidissent
3649 625 3821 680 multa

2220 723 2520 779 magnaque
2561 710 2835 765 miracula.
2858 710 2925 766 Et
2952 726 3051 766 cur
3074 712 3411 783 evangelista}
3438 729 3546 769 non
3575 713 3821 770 referunt

2221 814 2283 855 ea
2324 815 2446 871 quae
2486 801 2660 869 dixit,
2691 816 2915 872 quaeque
2960 802 3226 857 mirabilia
3267 804 3464 859 erant?
3517 803 3589 860 Ut
3633 803 3821 861 discas

2222 890 2367 961 ipsos
2393 893 2559 948 multa
2592 907 2659 948 ex
2689 893 2898 965 magnis
2927 895 3087 948 rebus
3116 895 3563 965 pratermittere;
3607 894 3706 951 sed
3749 912 3817 951 ex

2222 990 2420 1037 eventu
2467 991 2639 1038 totum
2687 982 3217 1039 demonstraverunt.
3279 983 3469 1040 Verbis
3509 986 3657 1041 enim
3701 987 3820 1043 suis

2223 1075 2403 1127 totum‘
2425 1073 2679 1144 populum
2701 1114 2718 1141 ,
2752 1075 3164 1145 universamque
3210 1074 3479 1129 civitatem
3522 1076 3815 1132 convertit.

2220 1161 2320 1217 Ubi
2345 1172 2525 1219 autem
2568 1164 2842 1221 auditores
2886 1180 2994 1220 non
3048 1164 3465 1236 obtemperant,
3517 1175 3645 1221 tunc
3689 1181 3817 1236 qua:

2219 1254 2467 1312 Christus
2520 1256 2717 1312 dixerit
2764 1255 2969 1314 referre
3010 1267 3310 1327 coguntur,
3380 1273 3450 1314 ne
3499 1256 3812 1314 auditorum

2219 1345 2484 1416 ignaviam
2513 1347 3000 1404 incencionantem
3053 1348 3174 1419 quis
3226 1348 3445 1404 referat.
3502 1347 3633 1404 Post
3684 1349 3819 1405 duos

2218 1448 2385 1492 autem
2402 1438 2510 1493 dies
2531 1440 2657 1494 exiit
2680 1440 2836 1506 inde,
2862 1449 2910 1495 et
2944 1438 3068 1495 abiit
3106 1440 3163 1493 in
3206 1439 3496 1495 Galilaam.
3541 1439 3633 1496 Μ.
3691 1438 3818 1512 Ipse

2218 1531 2351 1585 enim
2374 1530 2610 1586 Christus
2638 1532 2977 1587 testimonth
3000 1532 3287 1601 perhibuit,
3315 1532 3436 1602 quia
3463 1533 3715 1601 propheta
3754 1533 3816 1587 iss

2219 1625 2383 1692 patria
2412 1639 2505 1678 sua
2550 1625 2791 1679 honorem
2840 1641 2942 1679 non
2984 1624 3154 1679 habet.
3210 1624 3320 1679 Cur
3366 1626 3470 1680 hoc
3518 1625 3819 1695 adjicitur!

2218 1713 2349 1780 Quia
2382 1716 2433 1769 in
2461 1713 2799 1785 Capernaum
2825 1731 2930 1772 non
2960 1716 3127 1781 abiit,
3157 1714 3251 1771 sed
3292 1715 3343 1769 in
3395 1714 3707 1782 Galilaeam,
3757 1726 3817 1773 et

2217 1806 2341 1862 inde
2369 1807 2421 1862 in
2452 1805 2621 1863 Caua.
2651 1808 2728 1863 Ne
2756 1822 2966 1879 quaeras
2992 1808 3138 1863 enim
3161 1848 3179 1875 ,
3211 1822 3307 1862 cur
3339 1822 3445 1862 non
3478 1807 3619 1877 apud
3643 1822 3775 1865 suos
3796 1850 3819 1875 ,

2216 1900 2310 1955 sed
2339 1900 2477 1971 apud
2504 1899 2869 1957 Samaritanus
2895 1910 3148 1963 maneat,
3181 1915 3397 1954 causam
3442 1900 3630 1967 affert,
3668 1902 3818 1972 quod

2218 2006 2410 2059 nempe
2441 1991 2615 2060 ipsum
2664 2006 2769 2045 non
2815 1990 3085 2045 audirent.
3123 1990 3251 2044 Ideo
3282 1990 3441 2059 igitur
3486 2006 3594 2046 non
3634 2008 3703 2048 eo
3757 2007 3819 2048 se

2215 2081 2461 2145 contulit,
2491 2095 2559 2135 ue
2586 2082 2804 2151 gravius
2823 2080 3086 2151 judicium
3112 2081 3377 2137 subirent.

2284 2171 2339 2226 2.
2372 2172 2505 2226 Puto
2527 2172 2671 2225 enim
2721 2172 2806 2227 hic
2852 2172 3078 2243 patriam
3123 2186 3273 2226 suam
3325 2171 3553 2243 intelligi
3607 2172 3817 2243 Caper-

2215 2276 2373 2317 naum
2404 2278 2417 2313 :
2448 2261 2595 2333 quod
2621 2271 2799 2317 autem
2834 2262 2903 2317 ibi
2949 2264 3099 2317 nullo
3124 2276 3248 2317 eum
3295 2262 3501 2317 honore
3550 2274 3816 2335 exceptus

2214 2354 2285 2408 sit
2305 2394 2321 2417 ,
2354 2352 2475 2408 audi
2501 2356 2673 2424 ipsum
2703 2352 2970 2409 dicentem
3002 2371 3014 2406 :
3051 2352 3115 2406 Et
3144 2363 3198 2407 tu
3220 2395 3234 2420 ,
3282 2351 3607 2423 Caperuaum
3630 2396 3645 2421 ,
3700 2370 3819 2424 qua

2215 2460 2370 2501 usque
2397 2444 2465 2497 ad
2492 2445 2673 2499 caelum
2701 2443 2925 2498 excitata
2968 2459 3019 2498 es
3043 2484 3058 2509 ,
3106 2460 3263 2513 usque
3302 2444 3372 2496 ad
3416 2446 3674 2515 infernum
3720 2446 3815 2500 de-

2214 2534 2420 2589 scendes
2450 2533 2617 2606 (Luc.
2654 2536 2741 2590 l0.
2771 2534 2839 2589 15
2860 2532 2903 2607 ).
2935 2534 3168 2589 Patriam
3200 2549 3330 2590 vero
3355 2550 3507 2590 suam
3531 2546 3692 2591 vocat
3723 2553 3815 2594 se-

2216 2627 2449 2682 cundum
2495 2629 2812 2683 meonomia:
2837 2628 3119 2694 rationem,
3148 2627 3268 2697 quia
3298 2627 3496 2682 diutius
3527 2628 3598 2685 ibi
3626 2644 3817 2685 versa-

2214 2724 2301 2773 tus
2330 2718 2524 2773 fuerat.
2548 2717 2686 2785 Quid
2713 2718 2878 2787 ergo?
2905 2718 3146 2787 inquies,
3186 2731 3365 2773 annon
3415 2718 3616 2773 multos
3661 2719 3819 2777 vide-

2212 2822 2346 2872 mus,
2368 2810 2456 2878 qui
2486 2808 2622 2876 apud
2649 2808 2933 2878 populares
2959 2822 3086 2863 suos
3118 2808 3465 2864 admirationi
3505 2807 3821 2868 habentur?

2213 2898 2468 2955 Videmus
2492 2900 2715 2969 utique;
2745 2898 2841 2955 sed
2885 2914 2983 2969 per
3035 2914 3099 2954 ea
3151 2915 3273 2970 quae.
3315 2916 3441 2955 raro
3489 2904 3820 2972 contingunt

2213 3007 2318 3048 non
2348 3001 2432 3046 est
2458 2991 2720 3046 sententia
2751 2990 2994 3046 ferenda.
3026 2990 3180 3058 Quod
3207 2993 3252 3045 si
3276 2992 3492 3061 quidam
3543 2992 3594 3046 in
3639 2995 3819 3062 patria

2212 3098 2306 3139 sua
2336 3084 2595 3137 honorem
2620 3089 2746 3136 sunt
2766 3082 3103 3152 consequuti,
3124 3082 3293 3137 multo
3315 3083 3481 3153 magis
3512 3084 3566 3138 in
3595 3085 3775 3140 aliena
3799 3103 3813 3139 :

2208 3174 2540 3229 consuetudo
2585 3189 2818 3243 namque
2858 3183 3223 3244 contemptum
3274 3189 3462 3245 parere
3504 3176 3667 3231 solet.
3714 3177 3816 3233 45.

2208 3262 2337 3321 Cum
2359 3282 2476 3336 ergo
2500 3265 2713 3319 venisset
2734 3266 2786 3317 in
2811 3264 3081 3320 Galilaam
3102 3306 3117 3331 ,
3146 3275 3453 3336 exceperunt
3496 3282 3611 3321 euut
3663 3266 3818 3322 Gali-

2207 3356 2325 3422 hei,
2370 3372 2483 3410 cum
2527 3355 2768 3411 uidissent
2810 3357 2980 3409 omnia
3024 3372 3140 3426 qua:
3176 3360 3366 3428 fecerat
3386 3355 3727 3429 Jerosolymis
3756 3362 3813 3413 in

2210 3447 2293 3503 die
2316 3446 2443 3517 {esto
2474 3466 2490 3500 :
2516 3448 2617 3518 ipsi
2645 3447 2780 3501 enim
2806 3456 3046 3501 uenerant
3072 3446 3141 3498 ad
3180 3447 3314 3499 diem
3352 3449 3561 3519 festum.
3616 3447 3815 3503 Vidett'

2210 3538 2480 3607 quomodo
2508 3539 2541 3592 ii
2568 3539 2657 3607 qui
2689 3540 2830 3593 male
2859 3536 3189 3603 audiebant,
3218 3536 3317 3605 ipsi
3368 3536 3602 3593 maxime
3643 3538 3811 3593 Chri-

2210 3638 2351 3683 stum
2384 3630 2613 3684 adeant?
2643 3629 2773 3683 Nam
2806 3628 2891 3681 hic
2913 3626 3128 3697 quidem
3157 3626 3483 3697 evangelista
3513 3626 3645 3682 dicit
3673 3647 3687 3682 :
3724 3629 3811 3685 Ex

2213 3719 2439 3775 Nasaret
2462 3730 2621 3790 potest
2645 3720 2840 3789 aliquid
2866 3718 2985 3773 boni
3014 3733 3123 3772 esse
3149 3716 3344 3787 (Joan.
3372 3719 3425 3775 l.
3463 3720 3531 3774 47
3560 3720 3624 3789 )‘l
3668 3723 3813 3778 alius

2210 3822 2421 3876 autem,
2455 3813 2697 3867 Scrutare
2722 3822 2767 3865 et
2788 3811 2932 3876 vide,
2963 3812 3085 3882 quia
3114 3811 3362 3881 prapheta
3383 3814 3416 3865 lt
3437 3810 3655 3867 Galila'a
3696 3830 3810 3867 non

2209 3905 2367 3974 surgit
2415 3901 2611 3973 (Joan.
2653 3904 2704 3957 7.
2735 3903 2845 3972 5‘2)
2878 3920 2890 3957 :
2919 3902 3063 3972 qttod
3110 3903 3165 3956 in
3210 3902 3592 3957 contumeliam
3636 3903 3813 3974 ipsius

2209 3995 2476 4051 dicebant.
2521 3995 2665 4048 Multi
2700 4007 2929 4062 namque
2960 3993 3215 4063 putabant
3243 3994 3423 4063 ipsum
3460 4008 3528 4049 ex
3574 3993 3811 4051 Nazaret

2210 4102 2330 4143 esse
2360 4104 2373 4139 :
2404 4096 2562 4155 atque
2606 4088 2653 4141 ei
2702 4095 2970 4154 tamquam
3001 4084 3340 4139 Samaritano
3379 4085 3807 4153 exprobrabant.

2215 4179 2573 4233 Samaritanus
2625 4194 2710 4242 es,
2762 4176 3010 4239 aiebant,
3062 4183 3109 4227 et
3162 4173 3467 4227 daemonium
3494 4175 3668 4229 habes.
3700 4174 3813 4232 Sed

2213 4283 2340 4322 ecce
2371 4308 2385 4331 ,
2437 4268 2641 4336 inquit,
2704 4265 3025 4319 Samaritani
3076 4273 3133 4319 et
3180 4263 3385 4320 ϐειιὴιωί
3443 4265 3675 4321 credunt
3740 4268 3810 4323 ad

2213 4360 2554 4431 ignominiam
2598 4358 2945 4423 Judaaorum;
3014 4358 3122 4413 imo
3183 4357 3501 4413 Samaritani
3568 4359 3813 4417 Galilei:

2212 4452 2459 4507 tneiiorcs
2504 4450 3016 4520 deprehenduntur:
3048 4450 3122 4504 illi
3144 4450 3289 4504 enim
3316 4465 3381 4504 ex
3429 4450 3671 4507 mulieris
3718 4468 3813 4508 so-

2212 4544 2320 4598 lutn
2362 4543 2664 4599 testimonio
2705 4544 2880 4613 ipsum
2920 4548 3277 4611 acceperunt;
3337 4538 3393 4595 hi
3441 4556 3601 4610 vero,
3655 4554 3810 4611 post-

2210 4649 2371 4704 quam
2411 4635 2563 4705 signa
2608 4635 2677 4689 ab
2714 4634 2803 4687 illo
2850 4633 2983 4687 facta
3026 4631 3287 4687 viderant.
3344 4631 3435 4688 i6.
3495 4630 3643 4688 Venit
3686 4651 3813 4708 ergo

2209 4726 2361 4781 Jesus
2382 4728 2563 4781 iterum
2588 4728 2641 4781 in
2667 4727 2807 4781 Cana
2829 4725 3057 4781 Galilaue
3079 4767 3093 4791 ,
3127 4727 3208 4779 ubi
3233 4727 3350 4797 fecit
3379 4743 3565 4799 aquam
3608 4729 3815 4787 uinum.

2213 4821 2523 4876 Miraculum
2560 4822 2613 4875 in
2664 4821 2973 4875 memoriam
3021 4826 3259 4885 revocat,
3291 4818 3359 4873 ad
3405 4819 3665 4889 majorem
3709 4822 3811 4878 Sa-

2213 4911 2593 4967 maritanorum
2651 4912 2885 4965 Iaudem.
2939 4909 3001 4963 Hi
3056 4924 3290 4979 namque
3342 4918 3465 4979 post
3532 4912 3683 4982 signa
3753 4925 3811 4969 et

2210 5000 2553 5073 Jerosolymis
2583 5012 2637 5058 et
2674 5002 2814 5072 apud
2856 5017 2915 5057 se
2958 5000 3135 5067 edita,
3186 5002 3359 5071 ipsum
3404 5015 3805 5069 susceperunt:

2212 5096 2531 5151 Samaritani
2562 5109 2777 5152 veroex
2820 5094 3062 5149 doctrina
3106 5101 3336 5148 tantum.
3395 5091 3538 5148 Istue
3592 5098 3809 5153 venisse

2211 5198 2429 5254 narrat;
2460 5204 2562 5258 qua
2591 5188 2659 5243 de
2704 5202 2862 5241 causa
2910 5185 3122 5242 venerit
3174 5201 3281 5243 non
3330 5186 3531 5257 adjicit.
3587 5187 3643 5241 In
3692 5188 3807 5244 Ga-

2212 5281 2403 5335 lilaeam
2465 5279 2607 5335 enim
2670 5288 2886 5349 propter
2940 5278 3250 5334 Judmorum
3301 5278 3555 5333 invidiam
3617 5282 3805 5344 venit;

2210 5374 2303 5429 sed
2332 5389 2429 5429 cur
2468 5373 2521 5428 in
2564 5371 2757 5426 Caua?
2804 5372 3042 5427 Primum
3090 5380 3313 5426 vocatus
3352 5372 3417 5426 ad
3459 5374 3676 5442 nuptias
3704 5374 3805 5429 illo

2210 5472 2550 5520 concesserat
2588 5478 2601 5528 ;
2650 5461 2744 5517 sed
2772 5478 2914 5517 nunc
2938 5478 3106 5533 quare
3134 5464 3157 5515 ‘I
3188 5463 3313 5517 Mihi
3343 5464 3557 5533 quidem
3589 5466 3809 5521 venisse

2211 5557 2419 5613 videtur
2458 5567 2514 5611 ut
2555 5556 2713 5610 [idem
2752 5558 2944 5626 patrati
2987 5558 3230 5611 miraculi
3270 5558 3552 5626 praesentia
3583 5574 3677 5612 sua
3708 5562 3806 5613 fir-

2211 5662 2383 5708 maret
2405 5691 2419 5714 ,
2450 5660 2613 5720 utque
2654 5665 2759 5703 non
2793 5659 3013 5704 vocatus
3042 5652 3327 5716 accedens,
3374 5652 3542 5721 magis
3574 5652 3695 5706 illos
3721 5656 3805 5705 al-

2217 5745 2426 5809 liceret,
2457 5757 2579 5797 cum
2605 5741 2791 5796 relicta
2822 5740 2987 5810 patria
3012 5782 3026 5808 ,
3057 5741 3174 5796 illos
3200 5741 3311 5797 suis
3338 5746 3648 5800 anteferret.
3676 5744 3808 5800 Erat
