4024 6448
157 395 264 454 201

158 518 335 564 autem
362 506 571 579 quidam
601 503 827 575 regulus,
851 501 999 571 cujus
1023 500 1161 565 [ilius
1185 495 1544 567 iu/irmabatur
1580 492 1774 563 Caper-

157 618 347 654 mmnt.
388 597 481 653 47.
532 596 635 650 llic
677 612 794 648 cum
832 594 1054 647 audisset
1101 592 1220 661 quin
1259 588 1413 643 Iesus
1456 586 1713 640 adveniret
1742 599 1774 636 lt

157 691 358 745 Judtea
387 689 441 743 in
481 686 752 742 Galilteam
777 728 791 749 ,
823 685 955 739 venit
994 684 1063 736 ad
1087 699 1198 736 eum
1219 722 1241 746 ι
1264 690 1313 735 et
1338 678 1550 750 rogabat
1576 694 1688 729 eum
1718 683 1772 727 ut

157 785 525 851 descenderet,
570 789 619 833 et
659 785 865 833 sanaret
909 776 1075 843 ﬁlium
1124 774 1237 844 ejus
1268 790 1284 843 ε
1313 772 1427 825 sive
1477 785 1542 825 ex
1574 781 1773 838 genere

156 877 318 946 regio
346 889 468 929 cum
518 882 707 936 esset,
744 869 824 925 vel
874 884 939 923 ex
972 866 1202 937 quadam
1250 864 1509 934 dignitate
1556 859 1775 931 regulus

156 967 552 1036 appellaretur.
585 963 811 1030 Quidam
862 969 1053 1028 putant
1099 958 1241 1011 hunc
1292 957 1467 1024 ipsum
1512 967 1635 1008 esse
1682 950 1773 1021 qui

156 1067 500 1112 memoratur
544 1072 572 1107 a
607 1052 857 1109 Matthmo
886 1069 900 1116 ;
934 1050 1027 1104 sed
1074 1049 1214 1103 alius
1239 1061 1359 1101 esse
1385 1045 1641 1115 probatur
1664 1058 1772 1096 non

154 1163 232 1203 ex
282 1148 541 1217 dignitate
580 1145 779 1208 modo,
814 1142 907 1197 sed
938 1142 1100 1196 etiam
1141 1155 1204 1196 ex
1238 1139 1361 1194 lide.
1403 1136 1500 1192 llle
1541 1149 1774 1206 namque

157 1240 441 1294 Christum
484 1240 565 1294 ire
608 1237 914 1301 volentem,
947 1250 1014 1289 ne
1057 1232 1143 1287 eat
1173 1241 1364 1302 rogat;
1395 1230 1482 1285 hic
1526 1244 1626 1284 nec
1652 1243 1774 1283 sese

155 1331 508 1393 anerentem,
539 1331 758 1385 domum
785 1327 967 1381 trahit.
989 1326 1084 1381 Ille
1114 1324 1266 1388 dicit,
1301 1322 1422 1376 Non
1453 1339 1563 1375 sum
1588 1322 1774 1392 dignus

160 1432 221 1475 ut
250 1423 405 1476 intres
433 1422 523 1473 sub
553 1429 733 1473 tectum
762 1434 965 1480 meum;
990 1416 1075 1470 hic
1099 1424 1252 1484 urget
1274 1413 1483 1476 dicens,
1515 1411 1774 1466 Descende

163 1519 467 1587 priusquam
515 1515 759 1567 moriatur
807 1513 946 1579 ﬁlius
989 1526 1130 1564 meus
1173 1506 1405 1579 (Matth.
1437 1506 1491 1561 8.
1527 1505 1626 1575 8).
1684 1505 1776 1560 Ille

161 1614 237 1666 nte
288 1615 475 1662 monte
525 1604 861 1660 descendens
899 1601 1235 1667 Capernaum
1282 1599 1467 1663 venit;
1515 1597 1601 1651 hic
1648 1611 1776 1650 vero

160 1723 191 1755 a
226 1700 491 1762 Samaria,
527 1714 631 1751 non
681 1697 733 1749 in
764 1692 1255 1764 Caperuamn,\sed
1292 1692 1341 1744 in
1374 1690 1518 1745 Cana
1552 1688 1774 1743 venien-

161 1804 274 1847 tem
304 1790 434 1843 adit.
472 1790 619 1843 Illius
661 1802 796 1856 111101·
839 1786 1069 1858 paralysi
1104 1784 1413 1847 laborabat,
1446 1780 1605 1850 hujus
1634 1781 1776 1834 ﬁlius

158 1881 322 1936 febri.
368 1880 437 1934 Et
468 1880 669 1934 veniens
700 1878 910 1948 rogabat
942 1892 1054 1929 eum
1100 1886 1153 1928 ut
1190 1882 1393 1927 sanaret
1419 1873 1584 1941 [ilium
1610 1873 1722 1940 ejus
1757 1887 1775 1925 :

155 1972 439 2041 incipiebat
487 1972 619 2025 enim
659 1970 811 2024 mori.
856 1969 993 2036 Quid
1044 1984 1173 2037 ergo
1200 1965 1488 2021 Christus?
1520 1967 1606 2019 48.
1655 1963 1776 2018 Nisi

154 2068 312 2137 signa
358 2072 404 2117 et
448 2063 687 2134 prodigia
734 2061 957 2115 videritis
983 2101 996 2123 ,
1030 2076 1132 2113 11011
1173 2059 1403 2113 creditis.
1438 2058 1597 2127 Atqui
1629 2057 1773 2128 quod

156 2156 376 2210 veniret
416 2163 471 2209 et
515 2162 770 2223 rogaret,
807 2152 857 2206 id
892 2151 1025 2206 lides
1062 2162 1172 2205 erat
1203 2168 1217 2216 ;
1252 2158 1307 2205 01
1338 2162 1523 2220 postea
1556 2151 1657 2204 hoc
1691 2153 1771 2219 ip.

156 2265 285 2304 sum
324 2247 641 2303 testiﬁcatur
684 2246 1012 2316 evangelista
1058 2247 1245 2301 dicens
1282 2264 1293 2299 :
1338 2245 1473 2300 Cum
1502 2245 1661 2299 Jesus
1691 2244 1772 2297 di-

162 2343 360 2407 xisset,
397 2339 555 2404 Vade,
585 2341 725 2409 ﬁlius
770 2350 887 2393 tuus
924 2341 1078 2405 civit,
1108 2340 1319 2393 credidit
1365 2341 1583 2392 sermoni
1624 2341 1768 2409 ejus,

158 2444 206 2487 ct
254 2435 378 2488 ibat.
410 2434 549 2502 Quid
590 2450 718 2504 ergo
754 2434 855 2489 sibi
898 2436 1008 2487 vult
1042 2433 1179 2487 hic?
1215 2434 1307 2488 Vel
1341 2436 1442 2488 hoc
1470 2432 1773 2488 Samarita-

160 2514 411 2595 nos,'qui
452 2527 566 2580 sine
598 2526 763 2595 signis
790 2525 1158 2592 crediderunt,
1192 2524 1468 2579 admirans
1498 2525 1653 2587 dixit,
1690 2525 1773 2579 vel

158 2634 307 2675 eam.
338 2632 459 2685 qua:
484 2632 577 2670 sua
612 2616 894 2671 videbatur
920 2633 1062 2684 esse,
1094 2618 1395 2684 civitatem,
1426 2617 1771 2687 Capernaum

159 2724 383 2778 nempe.
410 2711 739 2779 perstringit.
767 2711 1046 2780 Siquidem
1080 2727 1202 2766 cum
1245 2712 1381 2765 alius
1405 2712 1545 2780 apud
1571 2711 1771 2768 Lucam

159 2803 243 2874 (u)
286 2803 529 2869 diceret,
580 2802 770 2866 Credo,
822 2802 1072 2868 Domine,
1114 2804 1305 2876 adjuva
1364 2804 1774 2858 incredulitatem

159 2912 330 2948 meant
363 2894 572 2966 (Marc.
604 2895 655 2949 9.
701 2896 771 2951 25
792 2896 833 2966 ),
868 2896 1058 2951 iisdem
1089 2913 1214 2952 usus
1241 2908 1325 2950 est
1354 2896 1555 2951 verbis.
1588 2896 1774 2967 Itaque

159 2990 291 3043 licet
332 2987 419 3041 hic
468 2987 799 3055 crediderit,
852 3002 957 3043 non
1006 2996 1183 3043 tamen
1232 2989 1388 3058 plene
1417 3000 1469 3044 et
1516 2989 1770 3059 integre:

158 3080 308 3150 quod
336 3081 576 3135 declarat
602 3096 722 3136 cum
754 3081 1078 3145 sciscitatur,
1109 3096 1214 3145 qua
1242 3081 1372 3135 hora
1410 3082 1626 3151 reliquit
1649 3098 1772 3137 eum

163 3172 354 3227 teliris.
395 3170 619 3228 Volebat
648 3173 793 3226 enim
840 3173 1042 3237 dicere,
1086 3190 1212 3227 num
1258 3184 1452 3242 sponte
1498 3189 1613 3239 sua,
1646 3189 1774 3228 num

158 3282 226 3318 «ιχ
256 3265 455 3319 Cltris=i
488 3276 757 3335 prmcepto
785 3264 946 3321 febris
969 3266 1337 3321 abscessisset.
1366 3265 1434 3321 Ut
1460 3282 1575 3319 vero
1596 3282 1778 3337 cogno-

159 3358 232 3408 vit
262 3355 382 3425 quia
413 3358 520 3409 lteri
567 3358 694 3409 liora
734 3357 971 3427 septima,
1000 3356 1215 3411 credidit
1244 3357 1355 3426 ipse
1381 3368 1426 3412 et
1455 3358 1635 3413 domus
1667 3360 1777 3429 ejus

163 3456 294 3501 tota.
352 3446 538 3502 Videu’
589 3448 738 3502 illum
788 3448 1105 3513 credidisse,
1160 3451 1332 3505 servis
1379 3451 1773 3515 nuntiantibus,

163 3555 274 3594 non
306 3537 521 3593 Christo
564 3539 861 3610 loquente?
885 3540 1115 3595 Mentem
1148 3556 1279 3613 ergo
1309 3542 1447 3613 ejus,
1476 3558 1582 3612 qua
1611 3559 1776 3597 vene-

163 3642 270 3697 rat,
306 3634 485 3703 arguit
514 3652 525 3687 :
573 3633 644 3688 ita
689 3633 831 3689 enim
864 3635 1034 3706 magis
1069 3634 1220 3689 illum
1252 3636 1319 3689 ad
1350 3636 1508 3691 ﬁdem
1554 3638 1775 3691 induce—

161 3726 259 3780 bat
302 3744 314 3778 :
361 3734 487 3780 ante
541 3727 753 3795 signum
811 3727 954 3781 enim
1005 3742 1112 3782 non
1160 3727 1448 3783 admodum
1495 3730 1771 3785 credebat.

161 3818 320 3885 Quod
349 3818 393 3872 si
432 3827 485 3873 et
515 3820 726 3874 venerit
754 3830 809 3875 et
837 3822 1131 3891 rogaverit,
1168 3821 1301 3875 nihil
1332 3822 1553 3875 mirum.
1586 3822 1777 3877 Solent

162 3910 311 3961 enim
360 3916 539 3979 patres
580 3910 789 3965 ardenti
833 3926 1020 3967 amore
1065 3912 1252 3973 ducti,
1300 3926 1406 3966 non
1435 3914 1609 3965 solum
1640 3928 1773 3978 eos,

162 3999 363 4067 quibus
392 4000 580 4065 lidunt,
615 4001 852 4056 medicos
892 4002 1064 4065 adire,
1097 4017 1282 4056 verum
1327 4002 1490 4057 etiam
1537 4018 1631 4058 eos
1660 4005 1778 4074 qui-

166 4094 272 4146 bus
316 4104 421 4145 11011
454 4092 527 4145 ita
565 4090 737 4145 ﬁdunt
758 4134 771 4154 ,
802 4108 870 4146 ne
894 4092 1169 4163 quidpiam
1199 4094 1528 4164 praeteriisse
1557 4095 1777 4149 videan-

166 4195 276 4236 tur.
300 4182 577 4251 Siquidem
603 4183 782 4237 oblata
803 4185 975 4237 solum
1000 4187 1287 4241 occasione
1309 4187 1538 4241 accessit
1561 4187 1777 4256 quando

167 4275 322 4327 venit
353 4274 441 4328 1110
490 4275 541 4328 111
585 4273 863 4329 (2011110001
902 4294 913 4329 :
949 4281 1040 4345 qui
1082 4276 1127 4329 si
1157 4276 1449 4331 admodum
1491 4277 1565 4332 illi
1599 4278 1777 4331 credi-

166 4364 340 4420 disset
364 4406 381 4428 ,
414 4364 522 4419 ﬁlio
565 4367 615 4418 iu
659 4368 920 4421 extremis
948 4368 1230 4423 laborante
1254 4410 1269 4435 ,
1314 4385 1420 4424 non
1450 4370 1778 4440 neglexisset

167 4459 227 4512 in
253 4457 497 4513 Judzeam
540 4460 744 4513 venire.
775 4458 927 4525 Quod
957 4460 1000 4513 si
1028 4460 1270 4529 timebat,
1305 4478 1481 4531 neque
1523 4462 1653 4517 illud
1678 4479 1779 4517 ex-

166 4548 471 4605 cusandqu
523 4558 659 4603 erat.
710 4548 1037 4605 Consideres
1092 4552 1277 4617 velim,
1328 4554 1413 4609 vel
1454 4554 1565 4622 ipsa
1615 4555 1776 4609 verba

166 4655 426 4713 quantum
468 4643 845 4697 demonstrent
892 4644 993 4697 viri
1025 4643 1414 4700 inﬁrmitatem.
1446 4645 1579 4700 Cum
1612 4662 1776 4714 opor-

166 4733 361 4788 tuisset
385 4733 527 4789 enim
548 4775 563 4797 ,
598 4734 642 4787 si
675 4748 779 4787 non
809 4734 954 4802 prius
975 4773 996 4795 .
1022 4734 1212 4790 saltem
1244 4746 1363 4805 post
1391 4736 1778 4806 reprehensam

167 4826 335 4880 animi
379 4827 459 4880 sui
487 4827 841 4892 sententiam,
870 4842 1123 4898 magnum
1152 4829 1427 4899 quidpiam
1455 4829 1523 4883 de
1559 4829 1778 4884 Christo

167 4922 410 4991 cogitare
431 4961 446 4986 ,
472 4920 597 4974 audi
626 4920 897 4989 quomodo
927 4921 1102 4975 adhuc
1136 4922 1282 4976 humi
1313 4933 1516 4992 serpat.
1545 4922 1636 4978 49.
1672 4923 1778 4975 De-

171 5014 374 5078 scende,
419 5014 612 5083 inquit,
640 5016 938 5083 priusquam
970 5016 1220 5069 moriatur
1257 5014 1397 5085 ﬁlius
1437 5034 1599 5083 meus,
1627 5018 1781 5086 quasi

173 5121 283 5160 non
331 5113 517 5174 posset
541 5116 817 5161 mortuum
850 5108 1116 5163 suscitare
1138 5150 1153 5171 ,
1185 5117 1239 5161 et
1267 5109 1420 5177 quasi
1456 5126 1562 5163 non
1596 5118 1780 5163 nosset

171 5212 281 5267 quo
325 5204 465 5250 statu
513 5213 649 5267 puer
687 5206 851 5253 esset.
902 5199 1027 5254 ldeo
1059 5199 1209 5255 illum
1238 5202 1514 5271 coarguit,
1548 5210 1606 5258 01
1646 5218 1781 5258 0011-

171 5292 457 5346 scientiam
503 5295 815 5364 perstringit
840 5336 855 5357 ,
888 5286 1184 5351 ostendens
1213 5298 1363 5369 signa
1392 5300 1588 5354 animae
1615 5314 1782 5354 causa

176 5386 414 5442 maxime
439 5386 548 5442 edi.
585 5387 683 5442 1110
721 5389 865 5442 0111111
897 5404 1001 5443 11011
1030 5390 1208 5445 minus
1241 5402 1447 5460 patrem
1490 5392 1673 5446 animo
1701 5392 1781 5445 la-

177 5479 459 5534 borantem
481 5489 658 5543 curm,
691 5496 850 5549 quam
885 5480 1052 5535 ﬁlium
1080 5501 1094 5549 ;
1126 5492 1183 5536 ut
1211 5482 1366 5537 nobis
1398 5483 1642 5549 suadeat,
1673 5500 1781 5537 non

177 5583 287 5627 tam
335 5572 503 5642 signis
526 5613 542 5638 ,
585 5588 745 5643 quam
776 5574 1035 5630 doctrina:
1064 5577 1181 5646 ejus
1208 5577 1594 5633 attendendum
1637 5591 1781 5631 esse.

252 5725 331 5787 (tt)
364 5725 441 5774 sic
471 5726 634 5774 omnia
667 5727 971 5791 exemplaria
996 5730 1305 5781 habent.5ed
1338 5731 1575 5780 memoria
1605 5729 1787 5781 labitur

177 5787 579 5899 immeritam?“
608 5800 717 5838 nam
753 5787 857 5840 haec
882 5805 978 5841 non
1001 5794 1129 5856 apud
1165 5801 1365 5855 Lucam,
1398 5794 1487 5844 sed
1509 5796 1637 5857 apud
1662 5802 1782 5845 atar-

210 5863 289 5894 1111
331 5863 460 5899 tum]!
499 5864 556 5899 tr,
824 5872 825 5875 ‘

210 5863 289 5894 11111
310 5863 556 5910 lt-gmtulr'
824 5872 825 5875 η

1136 383 1202 440 ΙΝ
1239 380 1554 441 JUANNEM
1594 375 1826 436 IIOMIL.
1868 373 2086 431 XXXV.
2129 379 2200 433 al.
2246 376 2489 433 XXXIV.

3396 376 3502 434 202

1890 489 2052 558 Signa
2082 489 2283 560 quippe
2335 506 2441 546 non
2474 489 2725 547 ﬁdelibus
2752 530 2767 554 ,
2797 488 2892 545 sed
2924 489 3236 546 inﬁdelibus
3264 498 3319 546 ct
3353 504 3505 547 cras«

1883 581 2119 636 sieribus
2148 595 2333 653 parata
2355 597 2502 641 sunt.

1964 675 2017 729 5.
2062 675 2214 732 Tunc
2255 676 2345 731 ille
2374 684 2601 732 moestus
2630 690 2736 730 nou
2768 676 2998 731 multum
3042 674 3203 730 dictis
3243 674 3495 731 attende,

1884 771 1999 838 bat,
2026 771 2130 824 nisi
2163 769 2228 824 iis
2274 785 2394 838 qua:
2441 768 2507 824 ad
2542 768 2710 822 ﬁlium
2742 768 3084 838 Spectabunt.
3130 768 3323 823 Postea
3369 783 3501 823 vero

1884 864 1971 918 illa
2024 863 2080 917 in
2122 871 2360 915 mentem
2407 870 2764 915 revocaturus
2804 868 2955 926 erat,
2998 868 3161 930 atque
3212 859 3333 914 hinc
3384 876 3500 914 mn-

1884 969 2048 1025 gnum
2096 964 2533 1023 consequuturus
2583 952 2831 1007 lucrum:
2865 954 3010 1022 quod
3051 961 3105 1007 et
3143 953 3345 1007 evenit.
3394 951 3504 1007 Cur

1883 1055 2065 1101 autem
2106 1045 2358 1101 Christus
2389 1044 2691 1101 centurioni
2736 1059 2796 1099 se
2827 1044 2969 1099 ultro
3008 1043 3207 1099 obtulit
3252 1045 3450 1099 iturum
3486 1063 3501 1100 :

1884 1138 1973 1193 1110
1998 1149 2179 1193 autem
2211 1154 2280 1194 ne
2309 1148 2527 1209 rogatus
2558 1138 2777 1210 quidem
2811 1138 2835 1191 ‘l
2877 1138 3012 1204 Quia
3042 1138 3114 1193 ibi
3146 1138 3281 1194 ﬁdes
3314 1142 3489 1209 perle-

1883 1242 1969 1287 cta
1997 1240 2135 1287 erat.
2169 1230 2296 1287 ldeo
2326 1246 2385 1287 se
2418 1233 2615 1286 iturum
2640 1233 2875 1297 obtulit,
2922 1243 2981 1288 ut
3020 1235 3119 1288 viri
3172 1234 3499 1303 probitatem

1883 1323 2253 1379 edisceremus
2302 1342 2315 1378 :
2360 1333 2417 1379 at
2468 1323 2687 1395 regulus
2730 1324 2908 1379 adlntc
2958 1325 3310 1396 imperfectus
3359 1338 3500 1383 erat.

1882 1417 2016 1483 Quia
2045 1431 2174 1485 ergo
2203 1416 2492 1471 admodum
2516 1415 2776 1485 instabat
2804 1416 3020 1480 dicens,
3058 1415 3349 1487 Descende,
3374 1436 3503 1476 ncc-

1882 1507 2011 1562 dum
2064 1509 2269 1563 sciebat
2300 1510 2494 1579 ipsum
2540 1510 2625 1563 vel
2659 1509 2940 1565 absentem
2973 1524 3133 1579 posse
3181 1527 3414 1577 sanare;
3449 1513 3499 1568 id

1882 1613 1943 1653 se
1974 1615 2135 1668 posse
2166 1601 2440 1667 ostendit;
2478 1611 2533 1655 ut
2572 1616 2733 1671 quam
2768 1617 2863 1671 per
2892 1616 2950 1655 se
2977 1604 3222 1656 et-nturio
3256 1604 3497 1658 notitiam

1882 1690 2135 1758 habebat,
2166 1708 2284 1747 eam
2314 1694 2530 1764 regulus
2558 1708 2665 1747 non
2694 1694 2988 1748 accedente
3012 1693 3145 1748 Jesu
3168 1696 3497 1764 acquirerct.

1880 1781 2015 1836 Cum
2046 1784 2226 1851 itaque
2252 1785 2402 1848 dicit,
2434 1783 2558 1836 Nisi
2582 1784 2732 1855 signa
2763 1794 2808 1837 et
2848 1784 3086 1855 prodigia
3112 1787 3362 1867 uideritis,
3389 1806 3491 1844 11011

1881 1878 2085 1930 creditis
2110 1918 2124 1943 ,
2160 1876 2264 1931 hoc
2308 1878 2608 1947 signiﬁcat,
2643 1880 2961 1947 congruenti
3010 1878 3115 1934 ﬁde
3144 1881 3383 1935 nondum
3414 1883 3500 1935 in-

1889 1969 2081 2024 structi
2122 1970 2254 2024 estis
2286 1986 2301 2036 ;
2337 1970 2432 2024 sed
2464 1971 2643 2025 adhuc
2687 1987 2775 2025 me
2806 1981 2865 2027 ut
2898 1972 3214 2042 prophetam
3266 1974 3496 2031 habetis.

1886 2060 2019 2129 Quis
2048 2075 2180 2130 ergo
2207 2061 2325 2129 ipse
2347 2062 2417 2115 sit
2447 2062 2734 2129 revelans,
2764 2072 2820 2118 et
2859 2065 3155 2119 ostendens
3187 2067 3351 2119 etiam
3382 2067 3502 2123 sine

1883 2152 2161 2208 miraculis
2183 2153 2285 2207 sibi
2315 2153 2652 2208 credendum
2680 2168 2823 2220 esse,
2856 2155 3047 2209 eadem
3080 2156 3191 2229 ipsa
3224 2172 3343 2227 quae
3373 2158 3499 2212 Phi-

1885 2246 2033 2315 lippo
2060 2245 2197 2300 dixit
2234 2267 2246 2299 :
2280 2244 2405 2300 Non
2452 2248 2619 2301 credis
2664 2248 2785 2318 quia
2828 2266 2919 2319 ego
2957 2252 3010 2301 111
3041 2248 3235 2316 Putre,
3264 2261 3313 2305 et
3345 2250 3502 2306 I’atrr

1880 2339 1935 2391 in
1966 2354 2046 2390 me
2075 2349 2147 2391 est
2179 2338 2206 2390 Ρ
2252 2338 2365 2392 Etsi
2395 2339 2520 2392 1111111
2549 2356 2653 2393 11011
2681 2339 2833 2393 rultis
2863 2340 3086 2405 credere,
3118 2344 3358 2411 operibus
3387 2360 3500 2398 cre-

1881 2431 1985 2484 dite
2015 2429 2214 2503 (Joan.
2248 2432 2332 2487 14.
2370 2430 2496 2502 10).
2532 2432 2656 2485 Jant
2683 2444 2855 2487 autem
2881 2450 2941 2487 eo
2986 2434 3342 2499 descendente,
3372 2438 3501 2491 serui

1881 2534 2212 2578 occurrerunt
2261 2524 2309 2576 ei
2353 2524 2617 2590 dicentes,
2665 2526 2785 2593 quia
2827 2525 2970 2593 [ilius
3001 2527 3112 2596 ejus
3150 2529 3359 2584 viveret.
3405 2529 3496 2587 52.

1881 2617 2243 2688 Interrogabat
2270 2634 2393 2687 ergo
2423 2618 2604 2672 lteram
2631 2620 2696 2672 ab
2716 2619 2807 2681 eis,
2834 2620 2884 2673 111
2910 2636 3011 2690 qua
3038 2621 3220 2674 melius
3242 2621 3498 2675 habuerit.

1881 2709 1952 2764 Et
2000 2712 2239 2765 dixerunt
2279 2712 2348 2775 ei,
2398 2710 2535 2778 Quia
2563 2711 2674 2764 lteri
2718 2712 2846 2765 liora
2876 2715 3096 2780 septima
3134 2712 3340 2781 reliquit
3385 2730 3501 2767 eunt

1882 2802 2059 2874 febris.
2095 2804 2185 2859 55.
2218 2802 2467 2875 Cognovit
2506 2820 2630 2875 ergo
2669 2814 2836 2875 pater,
2877 2806 2996 2875 quia
3018 2806 3110 2859 illa
3135 2806 3261 2859 hora
3290 2817 3417 2869 erat,
3446 2808 3501 2861 111

1881 2913 1982 2967 qua
1999 2896 2127 2965 dixit
2149 2898 2193 2950 ei
2212 2896 2391 2963 Iesus,
2412 2896 2548 2966 quod
2564 2897 2703 2965 ﬁlius
2719 2898 2829 2967 ejus
2843 2898 3043 2952 viveret.
3057 2896 3119 2950 Et
3136 2899 3348 2952 credidit
3370 2899 3499 2968 ipse,

1881 2998 1931 3042 et
1961 2990 2143 3042 domus
2169 2990 2281 3059 ejus
2308 2998 2433 3042 tota.
2464 2988 2658 3044 Vidett’
2680 3005 2788 3059 quo
2818 2999 2972 3058 pacto
2998 2990 3317 3044 miraculum
3348 2990 3503 3045 evul-

1881 3092 2065 3154 gatum
2094 3084 2211 3136 sit?
2239 3082 2422 3154 Neque
2454 3083 2667 3153 vulgari
2704 3083 2866 3137 11111110
2903 3098 2933 3137 a
2965 3083 3211 3153 periculo
3242 3084 3500 3139 liberatus

1882 3186 1999 3242 est,
2050 3176 2143 3230 sed
2186 3177 2470 3230 confestim
2493 3218 2509 3243 ,
2545 3176 2614 3229 ita
2649 3184 2707 3229 ut
2736 3176 2937 3247 liqueat
2968 3192 3083 3231 rem
3115 3191 3220 3231 11011
3252 3193 3318 3231 ex
3354 3189 3501 3231 natu-

1883 3269 1981 3322 rali
2032 3268 2193 3332 serie,
2242 3269 2338 3323 sed
2390 3285 2455 3322 ex
2503 3269 2700 3323 Christi
2733 3269 3050 3339 operatione
3100 3268 3299 3324 factam
3352 3287 3495 3326 esse.

1882 3360 2014 3415 Nam
2045 3378 2167 3417 cum
2199 3361 2264 3415 ad
2296 3363 2408 3430 ipsa
2457 3362 2648 3415 mortis
2684 3360 2868 3415 limina
2901 3363 3263 3433 pervenisset,
3310 3372 3365 3417 ut
3406 3363 3502 3419 de-

1882 3454 2108 3511 claravit
2137 3463 2291 3524 pater
2319 3454 2402 3507 his
2428 3454 2631 3518 verbis,
2669 3453 2953 3520 Descende,
2981 3456 3280 3527 priusquam
3309 3458 3499 3511 moria-

1884 3557 1969 3599 tttr
2011 3546 2150 3613 ﬁlius
2199 3562 2373 3611 meus,
2406 3546 2588 3600 subito
2618 3562 2683 3600 ex
2731 3546 2926 3601 morbo
2953 3557 3173 3617 ereptus
3215 3556 3302 3603 est
3333 3565 3347 3604 :
3377 3564 3501 3620 quae

1883 3651 1973 3692 res
2016 3641 2177 3692 etiam
2223 3653 2412 3693 servos
2442 3639 2718 3694 excitavit.
2754 3639 2909 3695 Servi
2938 3640 3083 3695 enim
3132 3640 3361 3697 fortasse
3390 3659 3498 3700 non

1884 3740 1943 3783 ut
1974 3731 2270 3784 nuntiaturi
2320 3740 2551 3797 tantum,
2585 3732 2680 3787 sed
2723 3742 2780 3786 ut
2806 3732 3139 3803 superﬂuum
3169 3734 3368 3791 Christi
3399 3738 3499 3791 ad-

1884 3832 2102 3876 ventum
2153 3834 2425 3892 pntantes,
2459 3825 2673 3879 obviam
2717 3835 3004 3882 venerunt.
3052 3828 3309 3885 Sciebant
3354 3832 3500 3885 enim

1885 3914 2059 3983 ipsum
2082 3914 2192 3984 jam
2222 3916 2351 3967 illuc
2372 3915 2670 3976 adventare
2696 3940 2710 3975 :
2732 3918 2873 3973 unde
2904 3920 3094 3974 eodem
3127 3922 3317 3977 itinere
3345 3924 3500 3979 illum

1884 4016 2279 4060 convenerunt.
2327 4007 2565 4077 Regulus
2596 4018 2774 4064 autem
2797 4051 2810 4074 ,
2848 4013 3023 4079 p0sit0
3058 4013 3253 4069 timore
3280 4058 3294 4080 ,
3328 4014 3396 4069 ad
3430 4014 3499 4070 ﬁ-

1884 4097 2007 4151 dem
2038 4100 2288 4163 accedit,
2327 4109 2382 4152 ut
2421 4100 2672 4154 ostendat
2705 4116 2771 4155 ex
2826 4101 2995 4169 ipsius
3026 4102 3362 4172 profectione
3388 4106 3495 4163 hoc

1883 4205 2021 4259 Opus
2062 4202 2346 4260 sequutum
2393 4207 2537 4257 esse,
2585 4208 2649 4245 ac
2699 4195 2919 4249 demum
2964 4195 3014 4249 id
3043 4196 3335 4267 diligenter
3363 4202 3493 4269 agit,

1884 4293 1944 4337 ut
1983 4299 2051 4338 ne
2084 4284 2327 4338 videatur
2355 4284 2529 4354 ipsum
2572 4284 2767 4340 frustra
2815 4286 3114 4355 profectum
3143 4305 3304 4358 esse;
3332 4308 3502 4363 quare

1886 4383 2137 4429 accurate
2178 4375 2358 4430 (nimia
2391 4377 2712 4431 sciscitatur.
2749 4376 2820 4431 Et
2852 4380 3067 4433 credidit
3114 4383 3256 4450 ipse,
3305 4394 3353 4438 et
3402 4389 3500 4438 do—

1886 4484 2000 4522 mus
2044 4469 2158 4537 ejus
2203 4477 2327 4522 tota.
2383 4468 2518 4524 Nam
2566 4470 2694 4523 nulli
2750 4487 2974 4540 prorsus
3005 4474 3170 4529 dubio
3202 4476 3497 4534 obnoxium

1886 4568 2005 4613 erat
2050 4560 2439 4616 testimonium.
2470 4562 2571 4632 Qui
2603 4564 2746 4617 enim
2781 4579 2957 4635 neque
2986 4566 3294 4636 adfuerant,
3324 4585 3505 4641 neque

1887 4650 2160 4705 Christum
2191 4654 2495 4721 audierant,
2525 4670 2699 4726 neque
2732 4666 2943 4728 tempus
2974 4672 3259 4726 noverant,
3299 4663 3386 4718 ubi
3432 4666 3503 4720 ab

1891 4744 2024 4797 hero
2054 4759 2155 4799 suo
2181 4745 2507 4807 didicerunt,
2538 4748 2678 4801 idem
2727 4750 2900 4819 ipsum
2942 4766 3066 4807 esse
3111 4764 3347 4823 tempus,
3381 4771 3499 4811 eer-

1892 4835 2152 4890 tissimam
2173 4836 2411 4892 habuere
2437 4838 2635 4894 Christi
2662 4842 2916 4911 potenlim
2937 4841 3460 4901 demonstrationem
3484 4863 3505 4914 ς

1890 4927 2014 4982 11100
2039 4938 2094 4984 et
2129 4929 2227 4997 ipsi
2257 4929 2623 4986 crediderunt.

1964 5019 2106 5075 Deus
2124 5039 2239 5076 cum
2260 5023 2313 5076 in
2341 5027 2599 5095 prosperis
2625 5037 2733 5079 tum
2755 5028 2807 5081 111
2824 5028 3053 5083 adversis
3073 5031 3365 5103 diligendus
3386 5046 3461 5089 est
3484 5051 3506 5090 .'

1892 5116 2023 5169 nihil
2058 5133 2151 5170 nos
2189 5117 2253 5170 ab
2283 5118 2382 5171 ista
2420 5120 2687 5174 dilectione
2712 5112 3337 5193 averteridebet.-—Qnid
3374 5143 3509 5199 ergo

1895 5224 1991 5279 per
2032 5210 2149 5265 haec
2187 5211 2496 5266 docemur?
2522 5212 2598 5267 Ne
2629 5214 2887 5268 miracula
2932 5227 3332 5285 exspectemus,
3364 5237 3507 5275 neve

1893 5301 2091 5357 divina:
2152 5304 2407 5371 potentite
2459 5306 2681 5375 pignora
2740 5322 3071 5376 quaeramus.
3126 5308 3224 5364 llic
3273 5327 3508 5383 namque

1897 5394 2094 5449 mulzos
2123 5394 2282 5449 video
2301 5435 2315 5457 ,
2340 5395 2429 5466 qui
2457 5411 2579 5451 cum
2609 5397 2695 5452 vel
2729 5397 2842 5452 ﬁlio
2874 5400 2958 5454 vel
2992 5416 3161 5457 uxore
3186 5415 3510 5474 a-grotante,

1896 5486 2097 5555 aliquid
2144 5486 2320 5541 solatii
2349 5504 2610 5559 accepere
2630 5532 2645 5555 ,
2678 5490 2939 5560 majorem
2967 5509 3093 5564 erga
3129 5494 3295 5550 Deum
3330 5496 3506 5569 picta:

1899 5585 2005 5630 tem
2034 5576 2423 5632 exhibuerunt.
2466 5580 2690 5636 Etiamsi
2725 5597 2854 5636 vero
2891 5598 2998 5637 non
3046 5587 3420 5650 cxaudiamur,
3450 5588 3508 5641 111

1896 5667 2185 5738 gratiarum
2231 5670 2445 5725 actione
2470 5681 2523 5725 et
2548 5672 2707 5727 laude
2741 5689 3089 5743 perseverare
3120 5694 3216 5747 par
3243 5689 3347 5735 est.
3393 5677 3511 5735 Hoc

1896 5758 2094 5828 quippe
2144 5758 2382 5814 ﬁdelium
2430 5776 2715 5817 servorum
2766 5776 2888 5831 est,
2936 5768 3037 5823 hoc
3076 5770 3410 5839 diligentinm
3452 5786 3509 5828 et

1903 5851 2184 5907 Dominqu
2216 5863 2273 5907 ut
2306 5867 2401 5924 par
2438 5864 2521 5911 est
2543 5858 2858 5921 amantium.
2891 5872 2944 5915 ut
2976 5878 3079 5918 non
3104 5864 3262 5919 modo
3283 5864 3334 5919 in
3366 5875 3506 5919 trau-
