4024 6452
703 285 708 318 ι

573 413 677 471 203

575 525 868 596 quillitate,
898 517 992 576 sed
1021 515 1180 583 etiam
1210 512 1264 566 in
1307 506 1560 564 aerumnis
1588 502 1654 557 ad
1681 499 1826 555 illum
1856 503 2157 549 accurrunt.

1273 397 1332 456 S.
1370 389 1646 453 JOANNIS
1669 380 2146 443 CllllYSOSTOSIl
2178 375 2501 436 AllClllEP.
2530 371 3065 433 CONSTANTINOP.

2257 488 2631 558 gravissimum
2656 485 2890 540 audieris
2919 500 2934 548 ;
2973 495 3146 553 neque
3179 483 3258 537 sic
3281 495 3310 536 a
3343 481 3453 537 Deo
3484 477 3742 535 laudibus
3771 494 3870 535 ee-

1115 581 1207 660 θεῖ
1239 597 1587 671 providentia:
1612 606 1774 663 opera
1799 609 1812 643 :
1848 587 2007 653 Queri:
2032 584 2163 636 enim
2255 579 2516 686 l‘ebraudo
2537 577 2900 634 absistendum
2923 594 2937 641 ;
2960 575 3055 631 sed
3086 574 3264 630 omnia
3295 589 3394 642 pro
3421 573 3539 644 ejus
3567 570 3873 628 dilectione

575 709 741 779 diligit
783 703 1062 764 Dominus,
1111 695 1367 764 castigat:

1397 687 1624 760 ﬂagellat
1663 693 1829 736 autem
1876 692 2071 731 onmem
2100 673 2166 742 β·
2261 670 2504 728 ferenda.
2536 670 2647 725 Hoc
2685 669 2860 724 ﬁdelis
2888 669 3060 731 servi,
3105 667 3207 722 hoc
3230 665 3530 720 constantis
3551 663 3728 718 animi
3759 671 3868 719 est.

776 753 1163 864 inminuat
1189 788 1208 858 (
1232 753 1500 838 ίὶεὺνίηί
1532 776 1623 846 6).
1664 774 1763 840 Qui
1803 780 1980 822 antem
2013 764 2162 819 illum
2258 766 2359 834 Qui
2391 764 2494 819 hoc
2527 763 2748 818 affectus
2782 761 2943 816 modo
2971 770 3076 820 est.
3118 767 3173 813 et
3199 757 3482 828 praesentia
3513 754 3678 810 facile
3706 753 3871 809 8051i-

575 891 625 943 in
662 845 1043 955 tranquillitate
1087 845 1257 933 solum
1299 873 1454 934 colit,
1491 845 1594 921 non
1625 862 1753 917 tanti
1782 859 1979 912 amoris
2016 856 2164 923 signa
2261 855 2443 955 nebit,
2493 863 2548 908 et
2595 855 2766 908 futura
2809 858 3170 920 consequetur
3213 849 3386 911 bona,
3418 856 3472 902 et
3516 846 3687 900 multa
3733 845 3874 916 apud

574 935 815 1039 exhibet:
838 987 1018 1041 neque
1049 984 1178 1040 pure
1206 965 1473 1021 Christum
1506 964 1668 1012 amat.
1703 950 1906 1021 Ecquid
1955 947 2023 1002 de
2067 961 2164 1000 va-
2261 935 2424 1000 Deitm
2457 945 2644 999 liducia
2684 944 2913 1002 fruetur,
2946 956 3107 1011 quam
3134 955 3230 993 nm;
3260 951 3450 992 omnes
3484 936 3704 1006 assequi
3739 949 3876 989 coa-

575 1024 944 1133 le-t'ndih'ejde
981 1024 1170 1133 opibus
1212 1057 1418 1124 loquor,
1479 1050 1605 1122 quid
1654 1048 1720 1101 de
1761 1048 2074 1114 paupertate
2115 1044 2171 1090 et
2263 1035 2454 1104 tingat,
2478 1034 2644 1103 gratia
2673 1041 2729 1088 et
2749 1033 3076 1101 benignitate
3109 1029 3316 1084 Domini
3352 1027 3518 1082 nostri
3545 1027 3680 1082 Jesu
3710 1024 3875 1080 Chri-

578 1161 763 1217 moer
787 1131 986 1212 leicet
1012 1131 1158 1208 enim
1188 1147 1510 1218 gehennam,
1543 1143 1668 1197 licet
1707 1136 1852 1190 aliud
1892 1131 2166 1204 quidpiam

2264 1126 2356 1192 sti,
2385 1127 2470 1181 cui
2499 1126 2666 1196 gloria
2699 1126 2751 1179 in
2778 1123 2976 1179 saecula
3003 1122 3340 1178 saeculorum.
3374 1121 3569 1176 Amen.

1883 1310 2230 1376 HOMILIA
2275 1309 2576 1372 XXXVI.
3732 1240 3868 1254 ﬂ

578 1492 668 1550 54.
711 1487 822 1543 Hoc
843 1488 1024 1541 iterum
1049 1480 1328 1538 secundum
1350 1459 1560 1548 signum
1594 1467 1899 1543 βεβίωκας,
1928 1477 2042 1515 cum
2072 1475 2157 1512 re-

652 1582 805 1635 nisset
837 1596 866 1632 a
902 1575 1092 1630 Judwa
1125 1575 1178 1626 in
1205 1569 1492 1624 Galilteam.
1537 1561 1686 1637 (Cap.
1718 1560 1773 1628 5)
1803 1559 1856 1612 l.
1889 1553 2014 1609 Post
2055 1551 2160 1604 hac

652 1682 758 1729 erat
787 1671 893 1724 dies
920 1670 1075 1740 festus
1101 1662 1426 1726 Judaorunt,
1468 1667 1516 1711 et
1562 1652 1784 1710 ascendit
1817 1647 1968 1702 Jesus
2011 1641 2163 1698 Jero-

651 1766 988 1907 ﬁlylll’ijt'ilcin
1025 1843 1184 1900 sacris
1215 1837 1498 1908 Scripturis
1527 1835 1696 1890 leuiter
1733 1825 2158 1902 praterenndum.

587 1946 792 2000 Piscina
821 1939 1078 2010 probation
1119 1928 1444 2004 comparatur
1485 1945 1600 1983 cum
1626 1925 1888 1995 Buptismo
1920 1919 2063 1990 cujus
2101 1914 2165 1984 ﬁ-

581 2055 708 2111 gura
752 2043 876 2089 erat.
910 2031 1108 2086 Monita
1135 2026 1350 2082 moralia
1389 2019 1732 2077 dissertationi
1774 2017 2164 2069 interseruntur.

581 2103 1124 2195 l—Quemadmodum
1167 2120 1218 2172 in
1250 2116 1365 2170 auri
1407 2111 1635 2167 metallis
1674 2106 1850 2177 quivis
1879 2103 2059 2158 hacin
2103 2114 2165 2154 re

585 2220 786 2290 peritus
830 2228 896 2268 ne
926 2211 1199 2265 minimam
1242 2203 1456 2276 quidem
1486 2213 1675 2255 venam
1719 2195 2037 2265 neglexerit,
2079 2199 2164 2244 ut-

583 2283 707 2381 pote
731 2304 995 2362 cumhinc
1021 2314 1227 2370 magna:
1259 2297 1465 2367 possint
1493 2289 1690 2347 hauriri
1720 2287 1918 2342 divitia:
1956 2302 1969 2336 :
2007 2283 2086 2338 sic
2111 2289 2165 2335 et

584 2377 637 2457 in
674 2399 865 2455 divinis
889 2393 1180 2464 Scripturis
1219 2405 1286 2445 ne
1312 2387 1525 2458 quidem
1557 2383 1665 2439 iota
1697 2395 1860 2436 unum
1890 2377 1972 2433 vel
2000 2390 2162 2430 unum

583 2495 789 2565 apicem
824 2491 940 2546 sine
981 2488 1177 2542 damno
1221 2490 1641 2553 prretercurras;
1686 2472 1780 2528 sed
1823 2469 1999 2526 omnia
2043 2475 2164 2521 sunt

581 2564 927 2658 exploranda.
955 2581 1087 2638 Nam
1123 2594 1153 2633 a
1182 2577 1381 2647 Spiritu
1406 2581 1594 2628 sancto
1621 2571 1736 2624 lucc
1760 2566 1935 2623 omnia
1963 2564 2164 2634 prolata

580 2688 744 2742 sunt,
779 2673 1017 2742 nihilque
1057 2669 1129 2725 ibi
1176 2677 1651 2738 supervacaneum.
1695 2658 1795 2713 Hie
1822 2668 1952 2710 vero
1991 2651 2166 2708 consi-

583 2771 713 2824 dera
761 2765 887 2837 qttid
921 2765 1066 2819 dicat
1111 2759 1435 2829 evangelista
1469 2775 1481 2810 :
1520 2753 1634 2807 Hoc
1673 2753 1854 2806 iterum
1885 2746 2162 2801 secundum

582 2835 791 2929 signum
799 2856 918 2928 fecit
945 2853 1116 2916 Jesus,
1152 2867 1265 2905 cum
1290 2848 1500 2902 venisset
1528 2861 1560 2898 a
1584 2842 1771 2896 Juda’a
1802 2839 1851 2892 in
1878 2835 2164 2890 Calilteam.

582 2924 767 3016 Neque
797 2924 938 3000 enim
965 2941 1259 2998 Secundum
1284 2939 1398 2992 sine
1425 2949 1582 2989 causa
1613 2931 1814 2987 addidit
1837 2946 1851 2993 ;
1881 2926 1974 2982 sed
1995 2924 2169 2979 adhuc

585 3037 1040 3094 Samaritanorum
1064 3029 1377 3086 miraculum
1396 3024 1654 3090 celebrat,
1671 3018 1960 3076 ostendens
1985 3017 2083 3070 bos
2100 3031 2168 3072 ne

583 3140 702 3200 post
745 3129 969 3181 alterum
1001 3122 1212 3194 quidem
1261 3120 1468 3190 signum
1512 3115 1578 3170 ad
1625 3128 1742 3169 eam
1787 3109 2166 3166 sublimitatem

582 3220 880 3284 devenisso,
914 3216 979 3270 ad
1004 3229 1161 3286 quam
1196 3211 1524 3267 devenerant
1552 3207 1582 3260 ii
1623 3205 1714 3276 qui
1746 3201 1874 3258 nihil
1905 3201 2165 3254 viderant.

583 3312 709 3366 Post
749 3311 854 3364 htec
885 3315 990 3362 erat
1016 3307 1196 3377 festum
1225 3299 1547 3355 Judaorum.
1577 3294 1731 3365 Quod
1762 3291 2000 3349 lestum?
2028 3291 2168 3345 Pen-

584 3412 832 3463 tecostes.
864 3409 922 3454 ut
949 3398 1078 3453 mihi
1108 3395 1334 3450 videtur.
1369 3391 1434 3446 Et
1458 3389 1684 3445 ascendit
1714 3385 1745 3441 J
1753 3403 1866 3441 esus
1902 3383 2167 3453 Jerosoly-

584 3515 739 3552 mam.
786 3495 1116 3563 Frequenter
1170 3491 1221 3544 in
1267 3483 1693 3542 solemnitatibus
1737 3477 2056 3535 versabatur
2110 3476 2162 3529 in

582 3591 834 3655 civitate,
879 3597 987 3641 tum
1016 3593 1072 3638 ut
1115 3581 1387 3636 videretur
1415 3593 1533 3634 cum
1583 3575 1686 3630 illis
1728 3573 1921 3629 festum
1971 3585 2160 3640 agere,

585 3693 695 3736 tum
725 3689 784 3734 ut
827 3675 1121 3745 simplicem
1172 3669 1562 3726 multitudinem
1606 3664 1920 3720 attraherel.
1966 3662 2020 3715 lu
2064 3660 2166 3715 illis

584 3774 725 3826 enim
756 3771 985 3825 maxime
1013 3765 1200 3821 diebus
1230 3765 1245 3795 ¹
1276 3763 1309 3817 ii
1337 3761 1428 3831 qui
1455 3757 1781 3829 simpliciore
1810 3763 1964 3810 erant
1989 3752 2167 3805 animo

583 3862 992 3918 concurrebant.
1033 3858 1085 3911 2.
1138 3854 1229 3909 Eat
1286 3862 1452 3906 autem
1503 3847 1837 3919 Jerosolymis
1896 3843 2169 3898 Probatica

587 3955 798 4025 piscina,
842 3966 956 4021 qua
992 3946 1376 4018 cognominatur
1417 3941 1666 3996 Hebraice
1693 3936 1990 4002 Bethsaida,
2022 3935 2168 4005 quin-

585 4063 682 4112 que
719 4044 938 4114 porticus
966 4041 1171 4094 habens.
1203 4035 1270 4089 In
1311 4035 1389 4088 his
1421 4034 1628 4103 jacebat
1667 4029 1940 4083 multitudo
1982 4042 2168 4096 magna

587 4135 950 4206 lutignentium,
997 4145 1265 4192 ctecorum,
1307 4125 1628 4188 dandorum,
1673 4122 1954 4185 aridorum,
1987 4134 2168 4187 exspe-

584 4227 824 4283 ctantium
865 4238 1009 4294 aqua:
1047 4230 1255 4274 motum.
1301 4217 1433 4285 Quis
1475 4216 1562 4269 hic
1600 4213 1893 4269 curationis
1928 4209 2168 4264 modus?

585 4317 743 4388 quale
788 4313 1096 4385 mysterium
1141 4308 1509 4365 subindicatur
1548 4306 1572 4358 ?
1616 4304 1801 4373 Neque
1857 4303 1998 4356 enim
2054 4300 2169 4354 sine

586 4422 745 4464 causa
793 4405 908 4459 inec
928 4403 1122 4470 scripta
1162 4409 1329 4465 sunt;
1367 4397 1461 4452 sed
1505 4396 1678 4450 futura
1723 4394 1876 4447 nobis
1919 4392 2068 4462 quasi
2113 4392 2168 4446 in

590 4503 755 4571 ﬁgura
780 4507 836 4552 et
863 4494 1089 4564 imagine
1109 4489 1360 4547 describit
1384 4505 1398 4554 ;
1424 4501 1490 4544 ne
1518 4487 1562 4542 si
1595 4503 1679 4542 res
1701 4484 1980 4555 stupenda,
2015 4484 2169 4539 inex-

587 4599 822 4661 Spectata
866 4585 1152 4649 accideret,
1180 4581 1481 4636 auditorum
1528 4578 1814 4632 multorum
1861 4575 2017 4629 ﬁdem
2066 4575 2167 4628 ali-

587 4690 850 4751 quatenus
898 4676 1259 4730 labefactaret.
1300 4671 1554 4737 Quantam
1602 4669 1760 4738 igitur
1804 4666 1918 4721 haec
1960 4665 2167 4721 descri-

589 4773 750 4843 ptio?
808 4769 1066 4824 Futurum
1125 4763 1385 4834 baptisma
1449 4760 1681 4816 dandum
1739 4770 1894 4826 erat,
1947 4758 2166 4828 plenum

590 4868 782 4921 virtute
806 4872 861 4917 et
879 4861 1046 4931 gratia
1080 4859 1327 4918 maxima.
1358 4857 1618 4924 baptisma
1639 4854 1780 4925 quod
1810 4863 2021 4923 peccata
2050 4868 2164 4906 om-

590 4959 677 5012 nia
722 4953 996 5014 ablueret,
1027 4949 1167 5018 quod
1204 4964 1267 5003 ex
1313 4946 1542 5002 mortuis
1573 4946 1718 5000 vivos
1749 4945 2014 4999 redderet.
2043 4943 2170 4998 Haec

586 5063 716 5117 ergo
747 5055 804 5099 ut
843 5045 894 5097 in
926 5041 1155 5110 imagine
1185 5040 1540 5109 depinguutur
1567 5038 1617 5091 in
1655 5037 1853 5106 piscina
1892 5047 1944 5091 et
1970 5036 2021 5088 in
2052 5034 2170 5088 aliis

587 5138 785 5194 multis.
819 5135 886 5190 Et
925 5134 1096 5203 primo
1134 5131 1346 5200 quidem
1387 5145 1576 5199 aquam
1604 5127 1782 5192 dedit,
1815 5142 1934 5197 quae
1975 5139 2170 5194 corpo-

587 5247 705 5288 rum
728 5227 960 5283 maculas
985 5223 1243 5286 ablueret,
1274 5221 1565 5289 sordesqne
1592 5235 1694 5272 non
1717 5233 1892 5282 veras,
1917 5216 2010 5270 sed
2036 5215 2171 5270 tales

593 5321 926 5378 existimatas
954 5334 968 5382 ;
996 5333 1060 5371 ex
1091 5315 1278 5370 funere
1309 5328 1521 5382 nempe,
1552 5327 1617 5367 ex
1641 5312 1809 5382 lepra,
1837 5321 1888 5364 et
1918 5309 2121 5363 similes
2152 5327 2165 5363 :

590 5413 863 5480 multaque
897 5410 1077 5463 videre
1118 5418 1200 5461 est
1233 5407 1420 5461 eadem
1463 5408 1529 5458 de
1571 5419 1728 5457 causa
1778 5405 1828 5456 in
1861 5403 2024 5456 veteri
2057 5402 2169 5470 lege

594 5500 691 5574 per
717 5515 906 5570 aquam
944 5497 1214 5552 mundata.
1241 5497 1347 5551 Sed
1389 5495 1452 5549 ad
1487 5496 1815 5564 propositum
1843 5494 1952 5561 jam
1983 5493 2169 5546 retlea-

601 5608 742 5649 mus.
776 5592 956 5646 Primo
991 5590 1189 5658 itaque,
1224 5597 1277 5640 ut
1316 5587 1566 5650 diximus,
1595 5601 1878 5655 corporum
1910 5585 2166 5648 maculas,

596 5684 786 5742 deinde
810 5677 1338 5735 variasinﬁrmitates
1377 5695 1470 5748 per
1496 5694 1684 5749 aquam
1727 5677 1860 5732 solvi
1895 5687 2062 5732 curat.
2101 5675 2170 5732 Ut

654 5818 674 5853 ⁸
704 5814 872 5866 Morel.
895 5814 1019 5878 legit
1046 5853 1058 5874 ,
1096 5813 1301 5865 maxime
1325 5812 1448 5863 erum
1471 5805 1518 5857 in
1539 5816 1882 5877 festititatihns.

2268 1457 2412 1511 enim
2439 1473 2537 1512 nos
2565 1458 2705 1513 Deus
2733 1457 2799 1512 ad
2847 1453 3097 1526 baptismi
3125 1453 3347 1524 gratiam
3377 1452 3396 1485 ί
3428 1449 3656 1521 pr0pius
3706 1449 3873 1505 redu-

2268 1558 2438 1615 ceret,
2471 1564 2577 1602 non
2600 1548 2711 1617 jam
2742 1546 2978 1602 maculas
3012 1545 3209 1610 solum,
3237 1541 3332 1599 sed
3359 1551 3414 1598 et
3445 1541 3669 1596 morbos
3694 1551 3870 1596 sanat.

2269 1638 2531 1708 imagines
2559 1639 2701 1691 enim
2739 1652 2858 1707 qua:
2903 1635 3126 1705 propius
3171 1633 3237 1688 ad
3274 1633 3555 1689 veritatem
3581 1631 3869 1694 accedunt,

2268 1738 2324 1784 et
2353 1729 2404 1782 in
2432 1729 2752 1797 baptismate
2777 1737 2832 1783 et
2857 1728 2909 1780 in
2938 1727 3190 1797 passione
3220 1732 3274 1779 et
3296 1723 3350 1777 in
3379 1723 3501 1777 aliis
3534 1724 3711 1791 magis
3739 1737 3870 1776 con-

2268 1820 2464 1888 spicua:
2491 1827 2636 1884 sunt,
2669 1833 2828 1888 quam
2859 1816 3200 1872 vetustiores.
3223 1811 3695 1884 Quemadmodum
3725 1813 3868 1867 enim

2271 1909 2360 1979 qui
2394 1923 2562 1978 prope
2607 1922 2788 1978 regem
2819 1916 2942 1962 sunt
2971 1906 3232 1961 satellites
3255 1944 3272 1970 ,
3321 1903 3712 1958 remotioribus
3749 1913 3871 1958 sunt

2273 1997 2646 2054 honoratiores
2679 2015 2690 2050 :
2717 1997 2784 2050 ita
2812 2007 2864 2052 et
2893 1997 2945 2051 in
2975 1995 3157 2066 ﬁguris
3183 1993 3377 2049 factum
3407 2002 3509 2048 est.
3547 1994 3616 2050 Et
3647 1995 3873 2066 angelus

2268 2089 2599 2145 descendens
2627 2087 2879 2143 turbabat.
2896 2102 3087 2157 aquam
3109 2128 3124 2152 ,
3149 2094 3204 2140 et
3240 2084 3464 2140 sanandi
3495 2085 3611 2138 vim
3649 2085 3875 2141 indebat

2270 2179 2391 2248 ipsi,
2417 2190 2472 2233 ut
2503 2178 2771 2233 discerent
2814 2176 3005 2240 Judaei,
3048 2175 3355 2246 angelorum
3395 2174 3686 2229 Dominum
3706 2177 3874 2230 multo

2270 2271 2438 2341 magis
2466 2286 2622 2339 posse
2646 2271 2838 2326 anima:
2863 2272 3079 2325 morbos
3098 2284 3287 2325 omnes
3312 2283 3522 2324 curare.
3551 2268 3666 2324 Sed
3688 2283 3874 2340 quem-

2268 2361 2552 2416 admodum
2577 2362 2661 2417 hic
2675 2377 2935 2433 aquarum
2961 2372 3148 2417 natura
3173 2375 3278 2415 non
3295 2360 3613 2430 simpliciter
3626 2362 3871 2427 curabat;

2267 2453 2501 2524 alioquin
2533 2453 2676 2509 enim
2721 2469 2936 2523 semper
2976 2452 3026 2507 id
3056 2451 3260 2507 faceret
3287 2466 3304 2516 ;
3331 2451 3424 2506 sed
3457 2452 3642 2522 angeli
3686 2467 3874 2522 opera-

2272 2545 2416 2601 tione
2445 2546 2465 2577 '
2508 2545 2559 2599 id
2606 2544 2804 2601 ﬁebat:
2845 2545 3004 2600 sicin
3044 2544 3201 2599 nobis
3229 2559 3339 2599 non
3382 2559 3522 2614 aqua
3550 2543 3875 2614 simplicitrr

2273 2646 2546 2707 operatur,
2587 2636 2681 2691 sed
2725 2645 3002 2705 postquam
3031 2635 3264 2706 Spiritus
3290 2636 3519 2705 gratiam
3553 2645 3830 2707 accept-rit
3855 2677 3868 2701 ,

2277 2737 2405 2782 tunc
2440 2728 2616 2782 omnia
2663 2727 2823 2782 solvit
2850 2737 3088 2796 peccata.
3115 2726 3270 2782 Circa
3302 2726 3441 2782 hanc
3470 2728 3745 2797 piscinam
3784 2728 3872 2783 Ja-

2269 2818 2409 2871 cebat
2455 2819 2726 2872 multitudo
2775 2835 2961 2888 magna
3006 2818 3356 2887 inﬁrmorum,
3399 2832 3679 2885 talearum,
3731 2821 3872 2873 clau-

2271 2910 2488 2975 dor-um,
2535 2911 2833 2977 aridorum,
2882 2926 3032 2982 aqua
3070 2919 3262 2965 motum
3291 2912 3726 2982 exspectantium.
3774 2912 3871 2968 Sed

2273 3014 2399 3059 tunc
2439 3004 2721 3060 inﬁrmitas
2767 3003 3152 3074 impedimento
3181 3012 3334 3071 erat,
3373 3005 3670 3074 quominus
3717 3009 3764 3061 is
3792 3008 3873 3078 qui

2272 3097 2433 3151 vellet
2452 3105 2731 3151 sanaretur
2753 3113 2768 3151 :
2793 3112 2933 3152 nunc
2947 3105 3126 3151 autem
3153 3096 3520 3167 unusquisque
3543 3107 3872 3167 potestatem

2272 3188 2560 3245 accedendi
2611 3187 2789 3243 habet.
2828 3188 2944 3244 Non
2993 3191 3140 3244 enim
3169 3189 3391 3260 angelus
3421 3201 3503 3244 est
3535 3193 3632 3260 qui
3681 3207 3872 3263 aquam

2275 3290 2484 3346 movet,
2518 3279 2613 3334 sed
2643 3279 2954 3350 angelorum
2998 3280 3253 3335 Dominus
3297 3283 3477 3336 omnia
3521 3281 3719 3338 efﬁcit.
3769 3285 3874 3341 Nec

2271 3370 2449 3426 dicere
2478 3385 2783 3441 possumus,
2835 3371 2966 3424 Dum
2996 3385 3097 3441 ego
3138 3370 3378 3439 accedo,
3431 3372 3572 3427 alius
3613 3385 3748 3429 ante
3796 3391 3875 3430 me

2272 3461 2568 3516 descendit.
2621 3459 2726 3516 Sed
2771 3461 2815 3516 si
2863 3468 3004 3515 totus
3045 3460 3194 3515 orbis
3239 3462 3486 3529 venerit,
3530 3465 3711 3531 gratia
3773 3480 3874 3520 non

2271 3554 2623 3618 consumitur,
2658 3569 2832 3624 neque
2860 3556 2942 3609 vis
2968 3554 3053 3608 vel
3085 3554 3330 3624 Operatio
3355 3554 3557 3622 deﬁcit,
3602 3557 3705 3611 sed
3749 3574 3876 3613 scm-

2274 3661 2370 3715 per
2413 3646 2599 3700 eadem
2642 3655 2840 3700 manet.
2880 3647 2958 3700 Ac
2997 3645 3446 3716 quemadmodum
3492 3648 3710 3703 salares
3743 3651 3874 3705 radii

2273 3736 2513 3806 quotidie
2557 3735 2891 3801 illuminant,
2940 3745 3041 3790 nec
3071 3736 3458 3803 absumuntur,
3506 3754 3689 3808 neque
3732 3740 3873 3808 quod

2277 3830 2456 3884 multis
2481 3828 2973 3893 sulnninistrentur,
3005 3829 3135 3882 lucis
3161 3828 3428 3900 quidpiam
3451 3830 3715 3885 amittunt
3742 3850 3754 3882 :
3779 3835 3872 3896 sic,

2275 3922 2383 3976 imo
2413 3921 2782 3975 multominus
2822 3919 3053 3989 Spiritus
3076 3920 3320 3990 operatio
3361 3921 3626 3976 tninuitnr
3663 3937 3692 3975 a
3735 3925 3877 3977 mul-

2276 4011 2502 4067 titudine
2529 4012 2924 4080 accipientium.
2959 4010 3070 4066 Hoc
3102 4021 3278 4066 autem
3307 4013 3504 4067 factum
3528 4025 3638 4077 est,
3689 4025 3748 4069 ut
3789 4016 3875 4085 qui

2273 4105 2544 4159 discerent
2576 4105 2625 4158 in
2669 4119 2805 4174 aqua
2833 4103 3100 4159 curandos
3121 4119 3241 4159 esse
3274 4106 3518 4175 corporis
3549 4108 3800 4172 morbos,
3825 4117 3878 4162 et

2278 4198 2377 4252 hac
2426 4198 2478 4251 in
2520 4212 2578 4251 re
2617 4196 2709 4250 diu
2759 4196 3040 4251 exercitati
3081 4206 3288 4260 essent,
3336 4196 3546 4250 facilius
3585 4197 3879 4254 crederent

2277 4290 2436 4344 etiam
2484 4289 2705 4342 morbos
2737 4287 2899 4340 animi
2945 4301 3103 4357 posse
3130 4287 3325 4341 curari.
3363 4287 3470 4342 Cur
3496 4301 3667 4356 porro
3694 4291 3878 4345 missis

2277 4383 2486 4438 caeteris
2513 4381 2762 4436 omnibus
2787 4379 2943 4435 Jesus
2983 4379 3050 4434 ad
3079 4394 3224 4446 eum,
3252 4378 3344 4449 qui
3377 4380 3595 4447 triginta
3629 4392 3762 4437 octo
3786 4399 3880 4437 an-

2279 4490 2375 4528 nos
2399 4472 2710 4543 a~grotabat,
2733 4471 2924 4527 venit?
2946 4486 3044 4526 cur
3071 4472 3381 4541 interrogat,
3426 4469 3510 4526 Vis
3529 4489 3696 4528 sanus
3721 4475 3881 4544 fieri!

2275 4565 2389 4620 Non
2419 4576 2472 4619 ut
2515 4565 2565 4620 id
2601 4566 2832 4620 disceret
2863 4580 2879 4630 ;
2911 4563 3039 4618 illud
3065 4562 3208 4618 enim
3237 4577 3706 4633 supervacaneum
3745 4566 3881 4622 fuis-

2274 4667 2356 4712 set
2385 4675 2397 4722 ;
2441 4655 2535 4711 sed
2569 4665 2625 4711 ut
2665 4655 2823 4725 hujus
2853 4658 3304 4725 perseverantiam
3337 4653 3652 4711 ostenderet
3682 4699 3700 4725 ,
3735 4667 3793 4713 et
3829 4669 3883 4712 ut

2275 4748 2536 4802 sciremus
2578 4746 2698 4802 ideo
2724 4748 2922 4816 ipsum,
2949 4745 3161 4800 caeteris
3185 4743 3399 4800 omissis
3420 4787 3434 4812 ,
3461 4744 3606 4800 hunc
3649 4747 3877 4803 adiisse.

2276 4841 2411 4906 Quid
2459 4855 2590 4910 ergo
2631 4838 2924 4893 inﬁrmus?
2955 4838 3236 4905 Respondit
3277 4855 3319 4891 ei
3367 4878 3380 4890 .
3428 4836 3672 4906 Domine,
3707 4840 3879 4895 homi-

2277 4950 2391 4986 nem
2426 4949 2525 4986 non
2554 4933 2713 4985 habeo
2745 4931 2798 4995 ³,
2842 4939 2895 4982 nt
2920 4946 3034 4984 cum
3066 4931 3269 4984 turbata
3315 4930 3467 4998 fuerit
3506 4947 3666 5002 aqua,
3711 4934 3880 4988 mittat

2276 5043 2357 5079 me
2379 5025 2430 5078 in
2471 5026 2716 5095 piscinam
2751 5039 2770 5079 :
2808 5024 2931 5076 dum
2958 5025 3102 5077 venio
3143 5023 3276 5076 enim
3300 5038 3391 5092 ego
3413 5063 3428 5085 ,
3472 5023 3609 5077 alius
3649 5035 3774 5080 ante
3805 5043 3880 5079 me

2279 5119 2553 5172 descendit.
2602 5116 2725 5172 ideo
2754 5116 3117 5185 interrogavit,
3158 5114 3245 5168 l’is
3285 5131 3440 5169 sanus
3475 5115 3590 5182 ﬁeri
3613 5117 3640 5169 ?
3680 5128 3738 5171 ut
3765 5118 3879 5173 luce

2283 5213 2604 5266 ediscamus.
2633 5210 2816 5279 Neque
2846 5209 3013 5274 dixit,
3046 5207 3141 5262 Vis
3180 5217 3235 5262 ιιι
3282 5216 3333 5261 te
3361 5220 3546 5261 Sanem
3578 5209 3601 5262 ἲ
3633 5212 3878 5264 nondum

2277 5305 2420 5357 enim
2453 5311 2595 5356 tanta
2627 5301 2694 5356 dc
2725 5303 2840 5371 ipso
2871 5300 3167 5355 habebatur
3194 5297 3374 5368 opinio
3405 5315 3421 5363 ;
3447 5298 3566 5366 sed,
3606 5299 3700 5356 Vis
3717 5318 3876 5357 saan

2279 5397 2390 5463 ﬁeri
2416 5395 2442 5449 7
2467 5393 2737 5463 Stupenda
2763 5407 2981 5462 prorsus
3011 5401 3094 5446 est
3119 5390 3394 5462 paralytici
3427 5394 3837 5459 perseverantia
3862 5413 3874 5448 :

2281 5502 2376 5556 per
2405 5487 2616 5556 triginta
2647 5496 2700 5539 et
2725 5495 2846 5538 octo
2872 5500 3064 5550 annos,
3093 5483 3219 5538 dum
3248 5491 3490 5551 Speraret
3516 5484 3752 5554 singulis
3786 5504 3875 5542 an-

2345 5630 2357 5658 ¹
2396 5623 2536 5673 Sat-il.
2564 5623 2729 5679 habet,
2757 5620 2924 5684 ﬁdem,
2947 5633 3053 5684 pro,
3075 5618 3303 5684 gratiam.

2342 5691 2361 5719 ¹
2401 5688 2449 5736 ln
2475 5685 2638 5734 Morel.
2664 5680 2864 5745 legitur,
2889 5680 2973 5732 sed
3007 5680 3438 5745 anaeti__descensn.

2346 5752 2363 5781 ³
2399 5749 2538 5797 Sat-il.
2568 5749 2639 5795 sic
2663 5741 2809 5794 habet
2837 5759 2847 5792 :
2873 5747 2993 5803 Quid
3019 5756 3134 5805 ergo
3155 5741 3277 5792 ille?
3307 5742 3478 5800 Etiam,
3506 5742 3682 5805 inquit,
3731 5750 3885 5798 nam-

2285 5824 2370 5870 nr;
2396 5812 2480 5860 sed
2506 5810 2740 5860 hominem
2765 5819 2858 5857 non
2882 5806 3049 5856 habeo.
