4024 6464
159 443 263 499 905

156 553 242 609 nis
294 553 366 608 ab
410 548 730 622 a'gritudine
777 547 1018 614 liberari,
1065 545 1297 612 mansit,
1344 557 1445 599 nec
1486 541 1757 599 discessit.

162 645 384 700 Etiamsi
414 644 560 699 enim
589 657 695 698 non
743 639 1017 712 prieterita
1038 680 1055 707 ,
1085 651 1264 692 annon
1293 635 1469 691 futura
1514 645 1765 706 poterant

160 738 306 792 illum
336 750 366 790 a
412 736 531 791 loco
569 733 835 789 abducere
855 773 869 796 ,
896 731 998 786 nisi
1030 729 1452 801 patientissimus
1479 727 1669 784 fuisset
1694 729 1708 759 '
1738 727 1764 783 ?

158 827 342 899 Cogita
376 827 518 883 enim
547 841 669 881 eum
692 834 886 895 quanta
907 838 1034 878 cura
1073 821 1254 878 caeteri
1291 820 1420 891 aegri
1455 819 1762 890 vigilarent.

158 921 343 990 Neque
388 935 530 975 enim
563 926 775 987 tempus
799 932 907 986 quo
942 914 1192 986 agitanda
1222 920 1342 969 erat
1365 928 1502 983 aqua
1529 953 1544 977 ,
1575 920 1761 968 notum

157 1022 326 1075 erat;
384 1009 478 1066 sed
531 1010 750 1076 claudi,
803 1019 859 1064 et
905 1008 1072 1060 inutili
1117 1007 1408 1062 observare
1468 1014 1759 1076 poterant;

157 1103 286 1157 ωιεί
320 1117 446 1156 vero
476 1100 748 1172 quomodo
779 1098 1190 1165 vidissent,nisi
1231 1097 1464 1153 fortasse
1505 1113 1574 1153 ex
1613 1106 1762 1152 motu

111 1179 118 1185 ’
157 1194 498 1248 didicissent.
1164 1188 1166 1190 '

227 1283 282 1338 2.
331 1285 721 1339 Erubeseamus
769 1296 938 1353 ergo,
985 1281 1402 1346 erubescamus,
1449 1280 1629 1337 dilecti
1649 1292 1672 1349 ,'
1709 1291 1764 1336 et

158 1378 436 1446 lugeamus
469 1376 539 1430 de
579 1384 757 1429 nostra
796 1384 936 1429 tanta
968 1374 1217 1445 segnitie.
1262 1374 1353 1428 Ille
1395 1375 1610 1445 triginta
1640 1383 1764 1430 octo

154 1471 314 1522 annis
338 1469 721 1539 perseveravit,
745 1483 846 1524 nec
865 1466 1009 1537 quod
1033 1467 1244 1522 volebat
1264 1479 1567 1538 acceperat,
1591 1483 1766 1540 neque

155 1570 336 1614 tamen
363 1560 646 1615 discessit:
671 1573 847 1630 neque
871 1575 942 1615 ex
966 1559 1292 1630 negligentia
1319 1575 1414 1615 sua
1443 1575 1549 1616 non
1574 1575 1766 1617 cense.

156 1662 356 1722 quntus
394 1662 510 1716 est;
552 1653 646 1708 sed
686 1653 806 1707 aliis
835 1651 1249 1723 impedientibus
1277 1653 1493 1723 vimque
1535 1667 1763 1724 passus;

156 1757 336 1812 neque
366 1752 544 1798 tamen
577 1752 859 1812 propterea
887 1742 1124 1797 animum
1154 1729 1444 1813 despondit
1471 1762 1485 1797 :
1511 1758 1612 1799 nos
1635 1759 1766 1799 vero

156 1836 204 1888 si
235 1836 420 1890 decem
453 1834 640 1890 diebus
676 1849 1082 1906 perseveremus
1113 1851 1210 1906 pro
1236 1851 1294 1890 re
1322 1836 1498 1907 aliqua
1535 1852 1766 1907 precan-

159 1937 243 1980 tes
261 1969 275 1992 ,
310 1943 409 1982 nec
441 1927 823 1998 impetremus,
852 1927 1047 1982 deinde
1076 1936 1352 1998 torpcmus
1377 1929 1428 1983 in
1453 1929 1643 1985 eodem
1674 1929 1770 1985 ad-

159 2022 396 2076 hibendo
422 2021 620 2077 studio.
664 2021 731 2078 Et
758 2022 849 2093 qui
881 2021 1189 2085 hominibus
1218 2032 1326 2077 tam
1358 2024 1610 2078 diuturno
1634 2035 1770 2078 tem-

160 2129 295 2184 pore
337 2114 635 2178 barremus,
681 2113 1014 2181 militantes,
1059 2114 1113 2168 in
1154 2115 1412 2169 aerumnis
1448 2126 1765 2181 versantes,

158 2205 377 2260 servilia
405 2205 696 2261 ministeria
726 2216 1074 2273 exercentes,
1106 2216 1161 2263 et
1187 2208 1238 2262 in
1269 2207 1377 2263 line
1403 2224 1547 2278 srepe
1575 2211 1644 2264 ab
1682 2209 1767 2265 illa

159 2313 260 2367 spe
287 2298 650 2363 concidimus;
684 2299 822 2369 apud
854 2299 1138 2355 Dominum
1162 2310 1404 2356 nostrum
1428 2305 1471 2368 ',
1498 2304 1585 2357 ubi
1609 2304 1768 2374 longe

161 2393 337 2460 major
363 2407 571 2446 merces
601 2394 874 2463 sequitur,
903 2409 1063 2462 quam
1094 2394 1205 2450 sint
1231 2395 1330 2466 ipsi
1362 2396 1573 2451 labores
1602 2416 1613 2450 :
1645 2414 1766 2454 nam

161 2486 317 2554 Spes,
348 2486 544 2555 inquit,
574 2502 674 2539 non
700 2486 971 2556 confundit
993 2485 1171 2557 (Rom.
1196 2488 1246 2544 5.
1280 2489 1374 2558 5);
1405 2505 1526 2542 eum
1552 2504 1637 2552 eo,
1663 2505 1771 2559 quo

160 2593 260 2645 par
281 2587 424 2631 esset
445 2577 621 2631 studio
645 2593 991 2647 perseverare
1015 2596 1120 2634 non
1144 2580 1493 2636 sustinemus.
1522 2581 1585 2636 Et
1608 2597 1770 2651 quan-

159 2680 219 2723 to
248 2685 353 2725 non
380 2671 642 2741 supplicio
669 2671 783 2725 haec
802 2672 834 2726 d
857 2687 960 2742 gna
992 2670 1230 2727 fuerint?
1251 2671 1382 2727 Nam
1404 2673 1613 2728 etiamsi
1640 2675 1772 2729 nihil

155 2763 434 2832 accepturi
470 2777 713 2818 essemus
737 2804 752 2828 ,
784 2764 868 2818 vel
911 2763 1013 2818 hoc
1059 2764 1234 2834 ipsum
1279 2765 1421 2835 quod
1462 2765 1773 2837 frequenter

159 2855 560 2923 alloqueremur
594 2869 718 2909 eum
744 2896 757 2919 ,
789 2868 968 2910 annon
1010 2855 1162 2912 bonis
1203 2856 1500 2911 innumeris
1535 2859 1774 2929 aequipa-

162 2946 391 3001 randum
417 2947 600 3002 esset?
618 2946 727 3003 Sed
759 2949 998 3018 precatio
1027 2948 1294 3003 laboriosa
1323 2957 1378 3003 et
1403 2948 1620 3004 assidua
1651 2965 1773 3006 esxe

158 3039 365 3094 debet?
413 3040 611 3110 Ecquid
660 3041 711 3094 in
745 3041 940 3096 virtute
983 3057 1088 3096 non
1135 3041 1463 3097 laboriosum
1510 3044 1632 3098 est?
1678 3043 1772 3098 Vel

161 3131 267 3185 hoc
297 3131 495 3201 ipsum,
521 3131 750 3202 inquies,
774 3132 930 3188 valde
955 3133 1173 3187 anxium
1197 3133 1393 3198 reddit,
1413 3135 1558 3204 quod
1586 3135 1777 3204 nequi-

162 3225 292 3276 tiam
319 3224 564 3292 voluptas
589 3264 604 3287 ,
637 3223 882 3278 virtutem
921 3223 1074 3278 labor
1108 3225 1398 3279 comitetur
1423 3242 1438 3283 :
1468 3227 1776 3296 multosque

159 3315 397 3368 arbitror
433 3314 660 3381 idipsum
693 3331 956 3384 qu:ercrc.
991 3315 1249 3384 Quanam
1294 3318 1457 3388 igitur
1485 3316 1660 3388 'hujus
1696 3318 1772 3372 rei

159 3422 326 3461 enim
355 3417 436 3462 est
459 3407 513 3462 ’?
543 3407 700 3461 Initio
729 3409 878 3464 dedit
906 3410 1061 3464 nobis
1090 3409 1232 3464 Deus
1262 3411 1423 3465 vitam
1456 3411 1775 3482 sollicitudi-

161 3513 233 3553 nc
276 3497 654 3569 laboribusque
696 3513 915 3553 vacuam
945 3498 1131 3555 :dono
1159 3500 1311 3555 abusi
1355 3516 1576 3567 sumus;
1610 3511 1774 3571 atque

160 3606 232 3644 ex
277 3589 466 3644 inertia
511 3599 657 3645 tanto
696 3591 869 3646 eversi
912 3592 1053 3645 bono
1077 3634 1090 3657 ,
1122 3593 1431 3666 paradisum
1472 3596 1773 3650 amisimus.

165 3679 294 3733 Ideo
339 3680 659 3735 laboriosam
704 3680 1009 3736 hominibus
1041 3684 1201 3742 vitam
1234 3683 1504 3749 reddidit,
1536 3695 1592 3741 et
1631 3685 1772 3755 apud
1806 3726 1812 3732 -

163 3775 458 3825 lmmannm
484 3787 654 3842 genus
681 3772 781 3827 hoc
809 3771 923 3828 fere
951 3773 1112 3830 modo
1138 3789 1261 3830 sese
1290 3784 1482 3846 purgat
1506 3795 1519 3830 :
1548 3778 1776 3833 Delicias

160 3879 190 3916 a
224 3862 487 3932 principio
511 3863 634 3918 dedi
657 3865 843 3930 vobis;
870 3865 964 3920 sed
993 3881 1058 3920 ex
1086 3866 1306 3921 lenitate
1328 3883 1444 3921 mea
1473 3866 1777 3924 deteriores

108 3977 114 3982 ·
161 3954 414 4009 erasistis
442 3973 456 4009 :
485 3954 606 4009 ideo
651 3955 923 4010 laboribus
963 3972 1058 4009 vos
1097 3957 1492 4029 sudoribusque
1518 3958 1698 4014 addixi
1729 3960 1774 4014 ".

162 4045 301 4100 Cum
326 4054 504 4099 autem
533 4059 602 4101 uc
629 4046 716 4100 ille
737 4045 953 4116 quidem
981 4045 1133 4101 labor
1155 4063 1252 4102 vos
1272 4048 1573 4114 cohiberet,
1603 4049 1778 4124 legen;

163 4152 354 4191 rursus
379 4137 524 4192 dedit
549 4148 814 4208 pneccpta
840 4140 1005 4194 multa
1030 4140 1518 4210 complectentem;
1542 4157 1640 4196 ceu
1663 4143 1779 4197 eui-

162 4229 289 4284 tlam
320 4228 582 4283 imlomito
604 4244 745 4300 equo
769 4230 977 4286 frenum
1007 4241 1064 4286 et
1090 4232 1403 4301 compedes,
1437 4242 1493 4286 ut
1519 4233 1638 4303 ejus
1670 4235 1775 4289 im-

165 4335 349 4389 pmnm
376 4305 658 4384 uteri-eat;
684 4320 762 4376 sic
788 4321 987 4376 faciunt
1013 4337 1275 4391 equorum
1302 4323 1618 4379 domitores.
1653 4325 1781 4381 Ideo

167 4422 273 4464 vita
300 4411 563 4466 laboriosa
589 4411 825 4466 instituta
847 4421 950 4474 est,
970 4415 1094 4484 quia
1114 4415 1284 4469 otium
1305 4432 1404 4470 nos
1427 4432 1777 4488 corrumpere

164 4507 326 4558 solet.
373 4505 569 4559 Natura
599 4505 796 4575 quippe
826 4514 1010 4560 nostra
1054 4505 1318 4563 desidiam
1363 4524 1469 4563 non
1509 4509 1648 4578 fert,
1681 4511 1777 4567 sed

169 4599 327 4653 facile
358 4598 422 4651 ad
460 4599 583 4652 vitia
621 4597 880 4655 tlellectit.
923 4599 1192 4653 Ponamus
1221 4602 1363 4654 enim
1415 4604 1774 4672 temperanti,

168 4703 226 4746 ut
259 4709 359 4747 nec
384 4694 516 4747 alias
543 4694 771 4749 virtutes
794 4694 1090 4754 exercenti.
1123 4694 1327 4749 uullmn
1353 4710 1477 4751 esse
1501 4698 1775 4758 laborem;

167 4784 265 4838 sed
310 4784 704 4840 dormientibus
746 4785 925 4839 omnia
957 4785 1161 4854 optime
1199 4787 1396 4841 cedere
1431 4805 1443 4840 :
1484 4804 1592 4858 quo
1621 4801 1779 4857 pacto

172 4879 273 4930 hac
318 4888 530 4932 utemur
574 4877 943 4948 indulgentia?
986 4893 1165 4934 nonne
1205 4880 1269 4933 ad
1315 4883 1677 4952 arrogantiam
1725 4893 1779 4938 et

171 4970 478 5038 superbiam
499 4970 523 5023 2

251 5063 423 5128 Quare
451 5062 724 5138 nequitiam
753 5063 1006 5130 uoluptas,
1035 5063 1269 5116 virtutem
1299 5062 1443 5116 labor
1470 5065 1737 5118 comitetur
1760 5082 1779 5130 ,-

175 5156 322 5208 lubor
349 5165 419 5208 est
444 5155 739 5208 attributum
765 5153 960 5208 uirtutis
986 5154 1385 5207 constitutirum.
1424 5153 1649 5210 Desidia:
1669 5174 1778 5210 ma-

177 5248 301 5299 lum.
340 5246 595 5316 Nequitia:
624 5248 859 5317 uoluptas
889 5247 1077 5308 brevis;
1109 5247 1307 5299 virtutis
1335 5246 1624 5301 immortale
1653 5264 1779 5316 gou-

243 5367 260 5394 ι
298 5369 405 5411 Post
428 5361 531 5407 inec
554 5359 724 5420 verba,
737 5357 832 5409 nisi
854 5356 1228 5420 patientissimus
1243 5355 1426 5420 fitisset,
1441 5358 1493 5407 in
1515 5371 1601 5409 sua
1627 5361 1781 5411 inter-

179 5424 458 5488 pretatione
479 5421 645 5482 adjicit
666 5419 745 5488 Fr.
772 5418 1006 5488 Arétiqus
1029 5433 1042 5467 :
1063 5418 1327 5488 Quoniam
1349 5418 1635 5488 incredibile
1673 5436 1717 5488 (ε
1733 5432 1778 5474 at

181 5480 390 5540 'reliquoa
412 5480 616 5547 agnitus
645 5483 860 5547 priorem
880 5480 1022 5547 illum
1055 5481 1249 5547 ingredi
1273 5480 1578 5534 dimissuros.
1609 5486 1701 5535 sed
1728 5494 1775 5534 tu

182 5548 334 5616 nullis
355 5544 1076 5616 Graécisesemplaribus‘htec
1100 5544 1462 5616 exprimuntur.

244 5611 281 5660 ³.
299 5607 463 5658 Nerei.
489 5609 655 5662 habet,
680 5607 1063 5663 misericordem,
1090 5620 1194 5669 pro,
1219 5613 1452 5655 nostrum.
1481 5666 1490 5669 Α
1524 5614 1528 5616 ’

247 5674 268 5704 ³
301 5669 462 5719 Morel.
501 5671 629 5717 hunc
653 5669 809 5719 locum
832 5670 904 5716 sic
926 5666 1151 5716 eil'ertf...
1177 5674 1401 5719 rtrttttem
1419 5666 1556 5719 labor
1581 5671 1776 5720 ramite-

185 5741 279 5783 tur.
317 5742 491 5782 rerum
512 5730 794 5781 solutionem
829 5730 1033 5791 accipe:
1063 5731 1201 5779 illam
1231 5731 1378 5789 enim,
1404 5739 1577 5781 vestra:
1599 5733 1771 5782 rarita-

185 5796 245 5843 lt's
260 5795 440 5854 gratia.
467 5806 590 5841 mmr
615 5793 730 5845 dubi
747 5807 850 5844 nus.
879 5805 1107 5851 (nitentem
1130 5791 1451 5853 igiturrausa
1473 5804 1544 5842 est
1568 5793 1592 5842 ἔ)

249 5867 268 5886 ⁸
304 5855 466 5904 Morel.
495 5856 740 5905 habet.....
769 5857 1001 5904 erasistt's.
1042 5862 1206 5916 Itaque
1228 5857 1355 5914 munt
1392 5855 1601 5906 restabat
1636 5858 1727 5916 feri
1757 5870 1775 5907 :

189 5917 485 5967 rirrumat-di
513 5929 589 5966 τος
616 5918 768 5967 labori
789 5932 854 5965 vus
879 5925 921 5966 et
941 5916 1219 5966 sudoribus.
1632 5938 1636 5942 ·

508 6014 778 6076 Ριτιιοι.
816 6014 934 6074 Gn.
984 6015 1143 6101 LIX.

1134 428 1222 486 IN
1259 426 1577 487 JOANNEM
1619 424 1852 483 IIOMIL.
1896 423 2138 481 XXXVI.
2181 424 2255 480 al.
2290 421 2513 481 XXXV.

3377 424 3485 480 206

1873 540 2037 596 dium.
2064 571 2136 582 —
2160 539 2265 597 sed
2291 555 2409 608 cur,
2443 538 2676 612 inquies,
2704 547 2854 595 tanta
2881 537 3126 610 voluptas
3158 538 3489 609 nequitiam,

1873 643 2055 689 tantus
2099 632 2255 688 labor
2301 642 2356 689 et
2399 632 2565 688 sudor
2608 633 2863 690 virtutem
2916 630 3487 701 comitaturhEcqus

1874 725 1966 780 tibi
1994 725 2164 796 gratia
2193 723 2440 780 habenda
2470 732 2615 779 esset
2639 765 2656 790 ,
2687 731 2743 779 et
2768 723 2926 795 cujus
2952 723 3033 779 rei
3058 722 3366 779 mercedem
3395 736 3487 777 ac-

1871 818 2118 889 ciperes,
2169 818 2270 873 nisi
2322 818 2590 874 laboriosa
2638 818 2814 874 virtus
2865 817 3051 874 esset?
3095 815 3293 871 Multos
3341 815 3486 871 enim

1874 911 2110 966 indicare
2153 912 2386 980 possim,
2427 911 2517 981 qui
2559 919 2750 965 natura
2791 924 2888 965 sua
2931 909 3222 964 mulierum
3263 893 3490 964 horrent

1872 1003 2350 1066 consuetudinem,
2387 1003 2734 1073 ipsarumque
2756 1002 3023 1074 colloquia
3050 1017 3153 1058 ceu
3184 1015 3298 1058 rem
3327 1015 3488 1057 exse-

1872 1095 2129 1150 crandam
2169 1095 2449 1150 devitant:
2477 1079 2682 1161 hosne,
2719 1109 2939 1166 quzeso,
2976 1103 3159 1149 castos
3195 1091 3493 1163 appellabi-

1845 1200 2034 1252 -nius,
2081 1194 2176 1241 aut
2216 1186 2600 1242 coronabimus
2649 1184 3193 1257 celebrabimusque?
3245 1183 3490 1240 Minime.

1872 1278 2104 1333 Castitas
2130 1279 2274 1334 enim
2306 1287 2390 1334 est
2420 1279 2774 1349 temperantia
2804 1289 2858 1334 et
2889 1293 3063 1351 pugna
3088 1277 3158 1333 ad
3183 1276 3492 1347 voluptates

1871 1371 2226 1442 superandas.
2269 1372 2326 1428 In
2373 1371 2528 1428 bellis
2567 1388 2730 1442 porro
2754 1413 2770 1440 ,
2803 1372 2892 1426 ubi
2913 1371 3334 1427 vehementiora
3365 1379 3494 1425 sunt

1873 1465 2170 1520 certamina
2199 1508 2213 1533 ,
2263 1466 2333 1522 ibi
2384 1475 2583 1536 tropica
2630 1465 2997 1538 splendidiora
3053 1485 3066 1521 :
3110 1481 3268 1522 secus
3314 1480 3488 1530 vero,

1873 1557 2091 1628 quando
2125 1572 2289 1613 nemo
2325 1559 2547 1614 resistit.
2580 1558 2722 1614 Sunt
2759 1559 2913 1614 miilti
2955 1568 3145 1614 natura
3184 1559 3443 1614 socordes
3472 1578 3486 1614 :

1873 1643 2046 1704 hosne
2078 1659 2390 1705 mansuetos
2412 1647 2701 1705 dicemus?
2729 1649 2969 1706 Minime.
3001 1648 3208 1706 Idcirco
3236 1649 3490 1704 Christus

1877 1739 2046 1794 tribus
2077 1739 2369 1810 propositis
2407 1739 2778 1796 cunuchorum
2822 1740 3150 1812 generibus,
3178 1739 3317 1796 duos
3345 1741 3493 1796 inco-

1876 1841 2096 1886 ronatos
2136 1831 2428 1903 relinquit,
2460 1849 2624 1888 unum
2667 1833 2720 1887 in
2763 1847 2991 1904 regnum
3037 1832 3243 1888 inducit
3268 1830 3488 1903 (Matth.

1875 1925 1964 1981 ll).
1996 1914 2109 1993 l2).
2141 1925 2280 1993 Sed,
2310 1925 2556 1996 inquies,
2584 1924 2714 1995 quid
2741 1939 2878 1994 opus
2907 1935 2988 1981 est
3017 1915 3261 1979 malitia?
3293 1925 3405 1981 lloc
3434 1935 3482 1979 et

1874 2033 1976 2088 ego
2014 2017 2159 2072 dico.
2201 2018 2399 2089 Ecquis
2437 2033 2569 2090 ergo
2611 2019 2866 2089 nequitia:
2905 2017 3126 2088 opifex?
3164 2017 3306 2088 Quid
3345 2018 3472 2073 aliut

1875 2125 2037 2179 quam
2069 2110 2277 2181 ignavia
2306 2126 2425 2181 quae
2448 2126 2514 2165 ex
2546 2111 2823 2165 voluntate
2850 2108 3251 2180 proficiscitur?
3275 2111 3380 2175 At,
3413 2110 3466 2164 in

1876 2205 2069 2274 quies,
2118 2203 2291 2259 bonos
2337 2213 2545 2259 tantum
2587 2219 2710 2260 esse
2754 2214 3053 2274 oporteret.
3099 2203 3307 2275 Ecquid
3353 2204 3467 2258 boni

1879 2296 2154 2368 proprium
2180 2337 2196 2362 ,
2227 2314 2294 2352 an
2326 2299 2695 2354 continentem
2727 2313 2850 2355 esse
2876 2310 2930 2354 ct
2960 2298 3184 2369 vigilare
3205 2341 3220 2364 ,
3252 2314 3320 2354 an
3362 2299 3473 2353 dor-

1879 2390 2015 2444 mire
2045 2399 2100 2444 et
2138 2391 2408 2445 stertere?
2441 2391 2504 2445 Et
2534 2405 2634 2446 cur
2655 2425 2672 2458 ,
2708 2392 2920 2462 inquies
2944 2432 2958 2456 ,
2993 2406 3101 2446 non
3135 2391 3204 2445 ita
3235 2399 3470 2446 statutun

1877 2492 1961 2536 est
1985 2523 1999 2546 ,
2029 2492 2088 2536 ut
2127 2482 2247 2538 sine
2293 2483 2479 2537 labore
2520 2493 2668 2537 recte
2708 2482 3105 2552 operaremur‘l
3133 2482 3300 2552 Digna
3332 2483 3472 2538 verb;
3530 2541 3532 2543 ,

1880 2575 2165 2645 pecoribus
2210 2585 2372 2646 atque
2416 2577 2480 2632 iis
2522 2576 2611 2644 qui
2655 2587 2902 2632 ventr‘m
2945 2576 3108 2632 deum
3139 2575 3470 2632 arbitrantur

1882 2669 1949 2724 Ut
1989 2669 2169 2726 discas
2199 2671 2355 2724 enim
2406 2669 2522 2724 haec
2551 2669 2712 2724 verba
2747 2669 3000 2732 inertium
3029 2684 3153 2726 esse
3176 2711 3194 2738 ,
3227 2671 3473 2740 respondi

1882 2765 2033 2820 mihi.
2070 2765 2340 2820 Ponamus
2370 2780 2492 2820 esse
2522 2779 2703 2836 regem
2734 2774 2788 2819 et
2813 2764 3028 2829 ducem,
3057 2779 3185 2834 rege
3214 2779 3346 2819 vero
3371 2761 3484 2816 dor-

1883 2859 2082 2917 miente
2121 2869 2175 2914 et
2204 2858 2450 2914 ebrietati
2486 2873 2710 2929 operam
2741 2857 2938 2925 dante,
2971 2858 3164 2913 ducem
3192 2872 3388 2927 magno
3422 2859 3499 2911 la-

1885 2951 2014 3007 bore
2045 2963 2244 3022 tropaea
2277 2952 2518 3008 erexisse
2551 2971 2565 3006 :
2594 2951 2680 3006 cui
2709 2951 2989 3006 victoriam
3019 2949 3352 3021 imputares?
3380 2961 3500 3004 uter

1884 3060 1985 3114 pro
2011 3061 2068 3099 re
2092 3033 2243 3114 gesta
2270 3044 2559 3114 voluptatis
2586 3043 2818 3098 fructum
2844 3041 3142 3114 decerpat?
3172 3041 3357 3096 Viden’
3381 3029 3501 3095 ani-

1884 3153 2031 3192 mum
2060 3138 2203 3190 circa
2239 3136 2324 3190 illa
2357 3136 2527 3206 magis
2554 3134 2808 3190 allectum
2838 3149 2984 3200 esse,
3011 3149 3133 3205 qua:
3162 3147 3286 3187 cum
3317 3133 3502 3186 labore

1884 3228 2132 3298 peperit?
2175 3227 2299 3283 Ideo
2337 3229 2426 3283 ille
2458 3227 2640 3282 virtuti
2683 3226 2898 3280 labores
2928 3224 3216 3292 admiscuit
3243 3267 3260 3287 ,
3291 3233 3347 3278 ut
3377 3223 3499 3277 aui-

1884 3338 2026 3376 Inam
2058 3321 2238 3376 virtuti
2266 3320 2650 3376 assuefaceret.
2683 3320 2890 3374 Idcirco
2917 3319 3171 3372 virtutem
3200 3318 3464 3372 miramur
3482 3357 3497 3378 .

1884 3415 2010 3469 licet
2035 3414 2178 3468 illam
2202 3429 2310 3467 non
2334 3422 2633 3482 sectemur;
2666 3412 2958 3481 nequitiam
2985 3427 3134 3476 vero,
3159 3411 3259 3464 etsi
3287 3410 3492 3464 suavis-

1883 3506 2114 3572 simam,
2143 3504 2484 3558 damnamus.
2513 3502 2666 3570 Quod
2696 3503 2741 3556 si
2772 3500 2975 3557 dixeris
3005 3519 3017 3553 :
3047 3500 3156 3556 Cur
3186 3514 3292 3555 non
3328 3500 3504 3569 potius

1883 3614 1978 3655 eos
2009 3600 2269 3653 miramur
2296 3597 2384 3668 qui
2418 3608 2611 3652 natura
2644 3597 2768 3651 boui
2799 3606 2943 3666 sunt,
2972 3611 3134 3667 quam
3162 3609 3259 3651 eos
3286 3595 3376 3664 qui
3407 3611 3505 3645 vu-

1886 3690 2283 3760 Inntatciquia
2323 3689 2530 3759 justum
2570 3698 2654 3743 cst
2701 3688 3036 3744 laborantem
3086 3703 3194 3742 non
3237 3687 3504 3742 laboranti

1882 3780 2177 3837 anteferre.
2222 3780 2291 3834 Et
2318 3795 2487 3850 quare
2511 3821 2527 3845 ,
2548 3781 2736 3858 inquis
2759 3821 2775 3846 ,
2810 3795 2955 3834 nunc
2986 3779 3330 3834 laboramus?
3366 3777 3503 3846 Quia

1885 3891 1991 3930 non
2034 3874 2381 3938 laborantes,
2419 3872 2702 3929 moderate
2740 3888 2846 3927 non
2887 3873 3114 3943 egimus.
3162 3869 3275 3924 Imo
3302 3885 3433 3924 vero
3459 3870 3504 3923 si

1883 3967 2005 4037 quis
2045 3981 2158 4021 rem
2186 3966 2494 4021 accuratius
2521 3965 2768 4034 exploret
2794 4006 2809 4027 ,
2842 3964 2953 4018 alio
2977 3963 3140 4018 modo
3170 3977 3268 4017 nos
3297 3961 3504 4017 desidia

1886 4059 2112 4130 perdere
2132 4060 2292 4124 solet,
2315 4059 2657 4128 multumque
2679 4057 2880 4113 laboris
2902 4057 3122 4113 inferre.
3147 4057 3214 4112 Et
3231 4056 3280 4111 si
3300 4055 3499 4127 placet.

1887 4152 2227 4207 includamus
2254 4150 2528 4207 hominem
2550 4192 2565 4217 ,
2593 4151 2768 4206 solum
2796 4151 3004 4206 alamus
3024 4192 3039 4211 .
3068 4150 3383 4220 ventrisque
3407 4163 3500 4203 vo—

1887 4245 2091 4315 luptate
2129 4244 2424 4299 obruamus
2448 4284 2464 4310 ,
2493 4258 2593 4299 nec
2621 4243 2900 4299 ambulare
2923 4285 2937 4307 ,
2972 4257 3073 4298 nec
3109 4242 3329 4313 aliquod
3367 4258 3505 4312 opus

1884 4351 2140 4391 exercere
2167 4337 2445 4400 sinamus;
2479 4335 2574 4390 sed
2607 4350 2794 4389 mensa
2827 4333 3067 4398 fruatur,
3099 4335 3272 4397 lecto,
3307 4349 3503 4404 perpe-

1887 4429 2098 4499 tuisque
2137 4427 2346 4483 deliciis
2378 4447 2391 4482 :
2424 4427 2551 4498 quid
2595 4425 2696 4481 hac
2735 4426 2842 4481 vita
2889 4425 3253 4482 miserabilius
3299 4424 3506 4480 ftierit’

1887 4524 1958 4576 At
1986 4519 2131 4577 aliud
2158 4529 2242 4575 est
2267 4522 2482 4590 operari
2509 4561 2526 4586 ,
2558 4520 2768 4590 inquies
2790 4560 2805 4583 ,
2839 4517 2988 4573 aliud
3016 4517 3270 4573 laborare
3302 4536 3314 4570 :
3346 4526 3504 4585 pote-

1851 4677 1854 4680 ,
1889 4626 2079 4686 ratque
2116 4615 2269 4670 initio
2300 4614 2464 4668 homo
2490 4615 2700 4682 opt-rari
2730 4613 2848 4667 sine
2877 4612 3081 4667 labore.
3121 4612 3316 4665 Annon
3349 4620 3504 4682 pote-

1887 4708 2005 4761 rat?
2051 4707 2162 4760 lmo
2193 4715 2436 4775 poterat;
2480 4716 2532 4759 et
2581 4706 2650 4758 ita
2690 4704 2833 4758 Deus
2873 4703 3128 4768 volebat,
3161 4701 3256 4758 sed
3299 4711 3356 4757 tu
3397 4717 3504 4756 non

1889 4814 2080 4868 passus
2105 4814 2184 4852 es.
2214 4797 2415 4853 Statuit
2442 4798 2584 4851 enim
2616 4808 2668 4851 te
2695 4806 2746 4850 ut
2777 4796 3084 4866 paradisum
3110 4778 3340 4860 celeres,
3366 4809 3506 4863 Opus

1834 4905 1839 4909 '
1887 4891 1980 4946 tibi
2013 4891 2264 4960 injunxit,
2287 4890 2382 4944 sed
2412 4889 2653 4943 laborem
2678 4903 2784 4943 non
2813 4887 3122 4943 admiscuit.
3147 4885 3334 4956 Neque
3355 4887 3501 4940 enim
3529 4937 3534 4942 .

1888 4984 1931 5037 si
1971 4983 2122 5036 initio
2156 4981 2454 5036 laborasset
2497 4980 2662 5034 homo
2686 5021 2700 5040 .
2732 4979 2837 5035 hoc
2874 4980 2951 5034 illi
2983 4980 3036 5035 in
3068 4993 3284 5052 poenam
3314 4991 3503 5048 postea

1888 5078 2185 5131 statuisset.
2232 5076 2419 5130 Potest
2456 5076 2602 5129 enim
2632 5074 2753 5145 quis
2783 5074 2942 5128 simul
2972 5082 3029 5129 et
3063 5073 3279 5142 operari
3308 5081 3364 5126 et
3395 5086 3505 5126 non

1890 5171 2158 5232 laborare,
2191 5167 2648 5238 quemadmodum
2680 5165 2878 5237 angeli.
2906 5163 3062 5234 Quod
3089 5164 3235 5220 enim
3265 5179 3505 5235 operen-

1890 5274 1973 5316 tur
1991 5265 2112 5315 audi
2137 5279 2147 5313 :
2177 5260 2412 5314 Potentes
2434 5261 2634 5324 virtute,
2659 5260 2900 5331 facientes
2927 5256 3134 5310 verbum
3158 5257 3300 5310 illius
3321 5255 3340 5324 (
3355 5256 3501 5309 Psal.

1892 5355 2014 5410 102.
2043 5356 2113 5410 20
2137 5353 2178 5424 ).
2207 5354 2360 5408 Nunc
2388 5365 2537 5407 certe
2567 5353 2808 5407 minores
2838 5351 2980 5404 vires
3011 5363 3233 5419 gravem
3262 5347 3504 5404 efliciunt

1892 5452 2165 5509 laborem;
2199 5459 2325 5503 tunc
2364 5463 2494 5502 vero
2523 5461 2684 5502 secus
2722 5461 2812 5501 res
2852 5459 2912 5500 se
2952 5442 3208 5498 habebat.
3247 5441 3383 5498 Nam
3414 5443 3502 5512 qui

1891 5543 2166 5609 ingressus
2196 5552 2280 5594 est
2314 5540 2364 5594 in
2398 5539 2641 5608 requiem
2674 5553 2852 5602 suam,
2887 5536 3167 5605 Requievit,
3200 5533 3406 5603 inquit,
3439 5533 3504 5584 ab

1887 5634 2122 5704 operibus
2153 5635 2256 5688 suis
2288 5632 2306 5706 (
2336 5632 2493 5685 Hebr.
2525 5633 2578 5686 ὁ.
2608 5631 2642 5685 4
2664 5628 2706 5703 ),
2738 5630 2878 5684 sicut
2903 5638 2960 5684 et
2987 5643 3016 5680 a
3046 5628 3157 5681 suis
3185 5626 3348 5686 Deus.
3383 5622 3501 5676 Non

1887 5727 2149 5782 desidiam
2181 5725 2268 5778 hie
2294 5725 2583 5794 signiticat,
2613 5721 2707 5776 sed
2737 5722 2978 5776 laborem
3010 5734 3117 5774 non
3151 5717 3336 5772 fuisse.
3365 5712 3500 5768 Nam

1891 5818 2032 5873 Deus
2057 5817 2219 5872 etiam
2262 5831 2405 5868 nunc
2434 5825 2686 5884 aperatur
2707 5857 2721 5880 ,
2767 5824 2824 5866 ut
2861 5813 3111 5866 Christus
3137 5808 3267 5862 dicit
3297 5825 3310 5860 :
3345 5805 3504 5860 Pater

1893 5927 2030 5964 uirus
2058 5924 2214 5978 usque
2241 5907 2391 5962 modo
2417 5919 2677 5978 operatur.
2700 5917 2748 5960 et
2772 5924 2870 5979 ego
2891 5901 3272 5974 operm-(1mm.
3299 5901 3349 5952 5.
3383 5886 3520 5964 I7).-

3096 6000 3169 6059 13
