4024 6466
596 440 700 493 illi?

591 563 926 624 Quapropter
953 569 1100 624 rogo,
1133 551 1348 621 depulsa
1377 550 1518 603 omni
1551 547 1777 608 desidia,
1808 549 2053 598 virtutem
2087 559 2170 598 se—

593 665 820 706 ctemur.
850 648 1124 717 Nequitia:
1166 645 1308 701 enim
1357 645 1602 712 voluptas
1648 641 1824 696 brevis
1865 649 1948 694 est
1973 680 1986 702 ,
2019 638 2174 691 dolor

594 758 722 796 vero
754 748 1038 809 perpetuus
1069 755 1082 788 :
1111 736 1321 790 virtutis
1349 747 1532 789 contra
1561 730 1856 786 immortale
1885 727 2132 798 gaudium
2158 768 2170 788 .

595 842 968 898 temporaneus
1019 826 1185 882 labor.
1238 825 1364 880 llaec
1412 832 1535 878 ante
1577 835 1804 876 coronas
1853 827 2170 874 sectatorem

593 935 744 974 suum
775 919 963 988 erigit,
992 931 1194 986 speque
1223 917 1350 979 alit;
1384 915 1468 968 illa
1495 920 1676 967 contra
1704 921 1829 965 ante
1855 908 2171 978 supplicium

591 1011 816 1075 cruciat,
847 1009 1224 1066 conscientiam
1249 1013 1457 1074 torquet
1483 1019 1546 1056 ex
1573 1011 1844 1072 gestorum
1876 999 2128 1053 memoria
2157 1040 2172 1063 ,

591 1106 877 1170 omniaque
903 1109 1144 1169 suspecta
1174 1097 1366 1152 reddit.
1396 1095 1554 1166 Atqui
1585 1095 1697 1149 hmc
1723 1103 1852 1163 quot
1880 1091 2171 1152 laboribus,

592 1203 723 1262 quot
767 1192 1044 1246 sudoribus
1081 1189 1344 1243 deteriora
1385 1185 1546 1242 sunt?
1576 1185 1727 1252 Quod
1759 1186 1802 1239 si
1835 1185 1915 1238 his
1941 1182 2175 1251 depulsis

595 1284 836 1350 Voluptas
867 1290 1067 1338 tantum
1110 1279 1319 1334 adesset
1345 1319 1358 1342 ,
1389 1277 1514 1347 quid
1545 1277 1632 1332 illa
1661 1277 1853 1329 vilius?
1881 1273 2067 1330 Statim
2097 1281 2176 1324 at-

595 1390 698 1441 que
726 1381 963 1440 apparet,
989 1370 1184 1432 avolat,
1219 1369 1526 1433 marcescit,
1564 1368 1692 1437 fugit
1720 1380 1999 1433 antequam
2030 1378 2174 1417 com—

613 1491 720 1502 -.-

1419 397 1693 489 mmsis
1732 426 2202 487 cnnvsosront
2245 415 2554 479 .tfttlllliil’.
2586 424 3114 480 (zoxsrtvrtxot'.

3781 425 3877 478 sas

2286 541 2645 613 prehendatur
2675 560 2685 593 :
2715 541 2814 595 etsi
2847 541 3087 609 corporis
3106 579 3122 606 ,
3149 540 3248 595 etsi
3279 551 3511 600 mensm,
3540 539 3645 592 etsi
3675 537 3880 590 divitia.

2284 652 2401 688 rum
2455 633 2779 703 voluptatem
2828 633 3070 697 dixeris,
3121 647 3225 685 non
3275 641 3450 686 cessat
3506 630 3595 683 illa
3648 631 3880 698 quotidie

2283 739 2583 779 senescere.
2615 723 2748 778 Cum
2791 733 2966 777 autem
3001 723 3083 776 his
3112 724 3272 777 etiam
3304 720 3531 775 addatur
3558 721 3877 788 supplicium

2282 827 2337 870 et
2385 817 2684 878 cruciatus,
2713 813 2839 884 quid
2900 814 3005 867 illis
3063 813 3419 868 miserabilius
3460 812 3553 882 qui
3597 813 3771 881 ipsam
3800 828 3875 865 5c-

2281 909 2530 963 ctantur?
2562 908 2687 961 llaec
2718 921 2837 960 cum
2871 908 3121 970 sciamus,
3153 906 3330 959 omnia
3360 921 3461 974 pro
3490 906 3697 958 virtute
3730 903 3880 956 susti-

2285 1014 2536 1060 neamus;
2568 1000 2644 1052 sic
2673 999 2815 1052 enim
2856 1012 2980 1050 vera
3012 997 3284 1064 voluptate
3314 994 3558 1051 fruemur
3584 1037 3601 1059 ,
3634 995 3807 1064 gratia
3835 1007 3881 1047 et

2286 1090 2609 1161 benignitate
2636 1089 2842 1144 Domini
2877 1089 3042 1141 nostri
3073 1088 3198 1143 Jesu
3221 1088 3420 1141 Christi
3443 1129 3455 1151 ,
3487 1089 3712 1157 quicum
3750 1087 3881 1139 Patri

2284 1182 2472 1250 gloria,
2503 1195 2712 1251 unaque
2743 1189 2928 1235 saneto
2947 1179 3196 1247 Spiritui,
3227 1180 3276 1234 in
3307 1181 3505 1234 s;ccula
3533 1180 3876 1234 szeculornui.

2289 1277 2479 1330 Amen.

2706 1485 3176 1496 --————_-—-—-’-
3209 1485 3292 1493 ν...-

2431 1486 2701 1496 -οο--σ-

1836 1571 2174 1635 HOMILIA
2216 1567 2555 1630 XXXVII.

596 1723 646 1772 6.
695 1719 827 1774 Dicit
857 1724 898 1774 ei
923 1721 1071 1775 Jcsns
1093 1737 1111 1773 :
1145 1719 1227 1774 Vis
1253 1736 1406 1773 sanus
1435 1719 1544 1786 ﬁeri
1564 1718 1590 1771 .9
1611 1718 1661 1770 7.
1689 1715 1966 1784 Respondit
1991 1715 2035 1766 ei
2061 1714 2173 1765 lano

663 1813 846 1880 gnidns
871 1828 888 1864 :
915 1811 1115 1875 Etiam,
1145 1810 1398 1875 Domine;
1430 1809 1519 1863 sed
1558 1808 1808 1861 hominem
1849 1821 1947 1859 non
1979 1804 2134 1857 habeo
2153 1845 2168 1869 ,

667 1915 715 1954 nt
744 1918 854 1954 cum
885 1903 1080 1955 turbata
1104 1903 1252 1970 fuerit
1279 1916 1432 1971 aqua,
1464 1900 1626 1952 mittat
1652 1914 1730 1951 me
1755 1898 1808 1951 in
1837 1897 2096 1964 piscinam.

667 2080 714 2131 l.
747 2080 1014 2148 Scriptura
1045 2095 1189 2132 sacra
1223 2079 1447 2132 omnium
1486 2076 1849 2130 medicinarum
1886 2075 2168 2128 thesaurus.

599 2171 875 2241 l’uralytici
904 2171 971 2223 ad
999 2171 1241 2239 piscinam
1265 2169 1477 2231 iacentis
1505 2168 1764 2236 patientia,
1793 2165 2052 2228 modestia,
2086 2181 2171 2219 sa-

593 2263 730 2314 natio
760 2260 1021 2314 mirabilis.
1060 2261 1202 2314 Alius
1232 2260 1540 2330 paralyticus
1574 2257 1654 2310 hic
1673 2295 1688 2322 ,
1714 2257 1848 2310 alius
1875 2255 1962 2310 ille
1985 2257 2048 2309 de
2075 2271 2173 2324 quo

591 2353 760 2421 (igitur
787 2353 925 2420 apud
956 2350 1272 2403 Matthcenm.
1298 2347 1524 2402 Christus
1551 2356 1789 2416 quantum
1817 2357 2047 2400 accurate
2073 2347 2170 2399 mi.

593 2444 880 2496 raculorum
905 2459 1115 2496 suorum
1147 2442 1298 2511 [idem
1330 2442 1628 2494 adstrueret.
1657 2469 1726 2480 ——
1755 2440 1998 2508 Magnum
2029 2439 2178 2494 Scri?

599 2545 866 2603 pturarum
897 2549 1165 2590 socrarum
1197 2535 1425 2599 lucrum,
1457 2533 1653 2588 utilitas
1684 2533 1961 2594 immensa,
1991 2541 2044 2586 ut
2076 2533 2170 2587 de-

592 2625 758 2678 clarat
783 2625 977 2678 Paulus
1003 2625 1086 2678 his
1109 2625 1286 2679 verbis
1313 2643 1325 2678 :
1358 2623 1692 2692 Quacumque
1724 2625 1911 2693 scripta
1940 2635 2076 2687 sunt,
2107 2625 2174 2676 ad

593 2725 814 2766 nostram
843 2714 1121 2768 doctrinam
1155 2715 1341 2784 scripta
1371 2724 1520 2778 sunt,
1550 2714 1617 2766 ad
1655 2729 1777 2781 quos
1807 2714 1932 2780 ﬁnes
1958 2714 2173 2767 saeculo-

594 2820 707 2856 rum
745 2805 1044 2858 devenerunt
1079 2822 1097 2858 :
1125 2817 1178 2858 ut
1223 2823 1311 2873 per
1355 2806 1648 2874 patientiam
1691 2817 1736 2860 et
1780 2807 2174 2862 consolationem

596 2895 979 2966 Scripturarum
1015 2913 1154 2966 spent
1193 2895 1463 2951 habeamus
1494 2896 1664 2966 (Rom.
1701 2898 1784 2953 15.
1816 2898 1894 2969 4).
1926 2897 2173 2953 Omnium

592 2986 733 3040 enim
761 2987 1141 3041 medicinarmn
1174 2989 1455 3042 thesaurus
1483 2989 1675 3043 divinze
1702 2989 1990 3057 Scriptura:
2017 2999 2168 3054 sunt;

593 3078 661 3131 ita
691 3085 746 3132 ut
769 3077 814 3132 si
841 3079 1194 3147 arrogantiam
1225 3080 1563 3148 exstinguere
1583 3094 1716 3147 opus
1732 3081 1820 3143 sit,
1849 3080 1893 3134 si
1919 3080 2173 3150 concupi-

592 3169 848 3223 scentiam
879 3171 1066 3226 sedare
1087 3210 1102 3235 ,
1137 3172 1178 3224 si
1208 3171 1550 3238 pecuniarum
1589 3186 1825 3226 amorem
1854 3171 2094 3237 calcare,
2127 3174 2171 3228 si

593 3257 833 3312 dolorem
865 3259 1162 3326 dOSpicu‘e,
1193 3261 1236 3314 si
1273 3260 1507 3313 animum
1538 3270 1813 3315 strenuum
1843 3271 2096 3326 statuere,
2126 3265 2170 3319 si

593 3351 895 3418 patientiam
935 3349 1148 3406 firmare
1176 3369 1189 3404 :
1223 3351 1344 3405 hinc
1384 3367 1570 3407 ansam
1613 3369 1852 3424 magnam
1884 3355 2003 3424 quis
2037 3369 2168 3410 nan-

589 3441 840 3498 eiscatur.
872 3441 999 3507 Quis
1020 3442 1164 3496 enim
1199 3443 1276 3497 vel
1308 3458 1372 3498 ex
1403 3442 1466 3497 iis
1488 3444 1574 3514 qui
1601 3459 1720 3497 cum
1750 3455 2057 3513 paupertate
2079 3446 2167 3500 diu

588 3538 981 3598 concertarent,
1012 3533 1089 3586 vel
1121 3533 1267 3602 gravi
1297 3534 1484 3588 morbo
1513 3534 1709 3588 detenti
1738 3546 1880 3600 sunt,
1913 3536 2009 3590 hac
2033 3536 2166 3594 lecta

587 3619 821 3674 clausula
847 3636 951 3676 non
977 3638 1160 3694 magna
1182 3624 1443 3679 afficiatur
1465 3628 1868 3683 consolatione?
1895 3628 1990 3683 llic
2014 3630 2168 3700 quip-

590 3726 654 3776 pe
685 3713 894 3780 triginta
922 3724 1041 3768 octo
1084 3717 1237 3769 annis
1273 3717 1630 3788 paralyticus,
1661 3719 1986 3789 singulisque
2014 3723 2168 3774 annis

587 3800 721 3854 alios
761 3800 945 3855 videns
984 3803 1339 3859 valetudinem
1382 3807 1635 3875 adeptos,
1670 3823 1729 3862 se
1766 3820 1941 3862 autem
1983 3810 2168 3863 morbo

588 3891 860 3945 detentum
887 3934 901 3958 ,
932 3909 1034 3947 non
1063 3897 1328 3960 concidit,
1363 3913 1532 3968 neque
1572 3901 1805 3954 animum
1834 3901 2114 3970 despondit
2151 3922 2163 3956 :

586 3982 684 4034 etsi
726 3984 1110 4050 praeteritorum
1153 4001 1381 4053 laceror,
1414 4000 1468 4044 et
1499 3989 1797 4044 futurorum
1840 3993 2164 4060 exspectatio

585 4075 727 4127 omni
751 4073 992 4141 adempta
1020 4091 1132 4146 spe,
1165 4090 1380 4147 possent
1409 4079 1553 4133 illum
1584 4090 1851 4149 torquere.
1880 4082 2015 4136 Audi
2036 4098 2162 4150 ergo

585 4168 708 4234 quid
741 4170 902 4236 dicat,
931 4182 983 4225 et
1009 4188 1122 4224 rem
1152 4173 1402 4240 tragicam
1439 4175 1633 4227 ediscc.
1667 4175 1798 4228 Cum
1828 4176 1966 4228 enim
1994 4175 2160 4230 dixis-

584 4269 666 4308 set
697 4257 940 4312 Christus
971 4277 984 4311 :
1021 4259 1105 4314 Vis
1132 4278 1285 4314 sanus
1311 4263 1460 4329 ﬁeri?
1485 4262 1755 4332 respondit
1786 4281 1797 4316 :
1834 4264 2019 4331 Etiam,
2052 4263 2161 4318 Do-

581 4345 751 4410 mine;
791 4347 877 4400 sed
907 4349 1157 4402 hominem
1202 4367 1298 4404 non
1330 4351 1485 4406 habeo
1506 4394 1518 4417 ,
1548 4363 1600 4404 ut
1627 4369 1739 4405 cum
1779 4353 1977 4406 turbata
2011 4357 2159 4422 fuerit

581 4453 730 4506 aqua,
761 4439 921 4491 mittat
951 4455 1028 4490 me
1052 4441 1101 4491 in
1131 4441 1395 4506 piscinam.
1419 4442 1552 4504 Quid
1579 4441 1658 4494 his
1679 4442 1857 4496 verbis
1878 4444 2160 4497 miserius?

579 4527 704 4594 quid
747 4529 875 4591 ipsis
911 4530 1068 4582 rebus
1098 4529 1496 4586 calamitosius?
1529 4531 1712 4586 Viden”
1736 4532 1971 4587 animum
2003 4534 2159 4604 lotth

581 4628 820 4685 tempore
861 4619 1201 4674 eoni'ectmu?
1233 4621 1405 4674 viden'
1429 4637 1790 4690 compressam
1831 4635 1883 4677 et
1919 4625 2153 4679 sedatam

578 4708 938 4762 iracundiam?
979 4710 1159 4779 Neque
1195 4712 1333 4764 enim
1377 4713 1743 4781 hlasphemnm
1775 4715 2041 4784 quidpiam
2073 4718 2153 4770 lo-

573 4810 772 4867 quutus
800 4810 899 4861 est,
932 4802 1104 4869 qualia
1139 4802 1188 4855 in
1216 4804 1465 4856 azrumnis
1487 4818 1514 4855 a
1546 4803 1726 4856 multis
1750 4804 1849 4858 dici
1874 4806 2150 4870 audimus;

577 4908 684 4945 non
715 4892 983 4946 maledixit
1009 4893 1112 4948 diei
1141 4909 1250 4946 sua:
1278 4913 1288 4958 ;
1321 4911 1422 4948 non
1456 4895 1668 4965 indigne
1703 4897 1818 4950 tulit
1858 4899 2152 4968 interroga~

573 4982 808 5048 tionem,
849 5001 1019 5055 neque
1048 4987 1181 5040 dixit
1208 5004 1220 5035 :
1252 4986 1319 5042 Ut
1357 5003 1453 5042 nos
1481 4990 1784 5042 traduceres
1819 5000 1872 5043 et
1902 4990 2153 5045 irrideres

574 5074 761 5128 venisti
785 5117 798 5137 ,
831 5075 952 5129 dum
987 5077 1284 5146 interrogas
1304 5120 1318 5141 ,
1352 5095 1473 5132 nttm
1500 5081 1653 5134 velim
1682 5095 1842 5134 sanus
1873 5081 1982 5134 ﬁeri
2009 5095 2023 5145 ;
2057 5080 2149 5134 sed

571 5176 846 5221 mansuete
869 5181 918 5222 et
943 5171 1179 5223 modeste
1202 5169 1484 5226 admodum
1509 5173 1800 5240 respondit,
1828 5173 2016 5235 Etiam,
2049 5172 2151 5226 Do-

568 5275 719 5311 nnne.
765 5259 979 5313 lithuusi
1027 5277 1130 5314 non
1171 5271 1352 5315 nosset
1391 5264 1508 5331 quis
1551 5264 1636 5317 ille
1675 5275 1814 5318 esset
1853 5266 1939 5333 qui
1978 5265 2146 5333 ipsum

571 5350 945 5418 interrogabat,
977 5354 1350 5423 ignoraretque
1377 5367 1435 5408 se
1461 5356 1526 5408 ab
1557 5356 1644 5409 illo
1676 5358 1968 5409 sanandum
2002 5357 2143 5423 fore;

566 5450 800 5494 attamen
830 5439 1017 5495 leniter
1037 5445 1214 5497 omnia
1242 5453 1438 5507 narrat,
1471 5461 1568 5499 nec
1593 5446 1860 5515 quidpiam
1896 5449 2142 5516 postulat,

565 5539 622 5582 ut
647 5529 679 5583 ii
712 5530 798 5600 qui
832 5531 1094 5586 medicum
1125 5535 1481 5602 alloquuntur,
1514 5538 1606 5590 sed
1636 5535 1805 5590 morbi
1835 5539 1913 5591 sui
1945 5548 2142 5592 tantum

570 5621 826 5673 rationem
867 5623 1113 5689 explicat.
1168 5623 1518 5691 Exspectabat
1565 5626 1788 5682 fortasse
1834 5628 1882 5681 id
1926 5629 2141 5684 subsidii

566 5713 844 5766 allaturum
877 5714 972 5781 ipsi
1003 5714 1268 5769 Christum
1294 5733 1427 5780 esse,
1456 5732 1508 5772 ut
1543 5721 1590 5772 in
1622 5735 1810 5790 aquam
1835 5722 2137 5789 conﬁceret.

567 5813 615 5855 ct
649 5802 790 5858 hiate
828 5806 1000 5859 verbis
1031 5807 1237 5861 volebat
1281 5810 1444 5877 illblli'l
1489 5812 1550 5865 ad
1592 5828 1707 5865 eam
1752 5829 1860 5867 tetu
1908 5815 2130 5867 allit'vt't'.

2282 1710 2416 1777 Quid
2465 1725 2591 1778 ergo
2636 1708 2924 1763 Christus?
2965 1708 3018 1782 [‘
3055 1708 3356 1765 Ostendens
3393 1723 3454 1764 se
3494 1708 3666 1764 verbo
3705 1710 3875 1762 omnia

2283 1799 2484 1873 posse,]
2515 1802 2566 1856 8.
2601 1801 2783 1873 Surge,
2818 1801 3002 1872 inquit,
3035 1805 3155 1856 tolle
3180 1802 3476 1872 grabbatum
3508 1813 3682 1869 tuum,
3709 1814 3755 1856 et
3778 1820 3877 1854 ain-

2281 1892 2420 1946 bula.
2454 1892 2679 1957 Quidam
2727 1902 2913 1962 putant
2959 1893 3100 1947 hunc
3136 1892 3382 1947 eumdem
3426 1895 3605 1960 ipsum
3647 1909 3771 1949 esse
3799 1895 3880 1962 qui

2282 1983 2417 2053 apud
2448 1983 2752 2038 Blattlueum
2780 1985 2944 2054 jacet.
2978 1987 3046 2038 At
3071 1971 3176 2039 non
3207 1994 3322 2051 est,
3359 1995 3415 2038 ut
3444 1986 3696 2055 pluribus
3725 2002 3875 2055 argu-

2281 2077 2475 2130 mentis
2504 2075 2920 2130 demonstratur.
2954 2077 3132 2131 Primo
3166 2076 3305 2146 quod
3348 2076 3434 2132 hic
3478 2077 3762 2131 neminem
3791 2079 3876 2130 lm-

2281 2165 2434 2220 beret
2460 2180 2520 2219 se
2548 2176 2823 2220 θυι-ηιιιι-ηι
2852 2210 2863 2228 ,
2906 2166 2994 2220 ille
3031 2182 3156 2221 vero
3197 2168 3392 2222 multos
3421 2169 3512 2237 qui
3545 2184 3606 2223 se
3633 2180 3877 2222 curarent

2280 2265 2437 2324 atque
2473 2267 2745 2324 gestarent
2776 2275 2788 2308 ι
2823 2258 3048 2326 ideoque
3081 2258 3166 2310 hic
3194 2257 3403 2312 dicebat
3425 2299 3440 2323 ,
3474 2256 3755 2311 Hominem
3786 2275 3876 2311 non

2279 2347 2457 2402 habeo.
2492 2347 2692 2402 Deinde
2719 2363 2783 2401 ex
2822 2349 3170 2416 reSpousionc
3198 2349 3378 2418 liquet.
3408 2348 3504 2403 Ille
3540 2364 3782 2419 namque
3807 2350 3875 2402 ni-

2280 2437 2353 2492 hil
2405 2439 2667 2508 loquitur,
2700 2438 2792 2492 hic
2841 2439 3016 2494 omnia
3062 2440 3126 2493 ad
3170 2453 3230 2494 se
3268 2439 3569 2510 spectantia
3613 2451 3872 2495 recenset.

2280 2529 2461 2584 Tertio
2485 2546 2548 2585 ex
2584 2539 2842 2599 tempore.
2877 2528 2973 2584 Hic
3001 2531 3142 2585 enim
3187 2531 3237 2584 in
3279 2530 3414 2587 festo
3445 2541 3500 2586 et
3530 2533 3764 2590 sabbato
3798 2547 3874 2586 sa-

2282 2631 2436 2674 natus
2461 2630 2563 2686 est,
2590 2621 2680 2676 ille
2709 2622 2760 2675 in
2789 2621 2875 2675 die
2904 2622 3026 2675 alia.
3059 2621 3229 2676 Locus
3253 2637 3466 2692 quoque
3496 2621 3758 2678 diversas
3783 2635 3873 2677 Cri.

2281 2712 2411 2766 Nam
2441 2713 2530 2766 ille
2560 2712 2725 2776 domi,
2761 2713 2847 2768 hic
2874 2712 2940 2767 ad
2974 2712 3228 2782 piscinam
3257 2723 3497 2767 curatur.
3526 2714 3727 2768 Modus
3756 2733 3878 2784 quo-

2279 2819 2382 2873 que
2412 2804 2703 2857 curationis
2733 2804 2975 2858 diversus
3003 2815 3102 2859 est.
3143 2803 3252 2860 Illic
3281 2807 3422 2860 enim
3453 2805 3611 2869 dicit,
3647 2806 3782 2875 Fili,
3809 2827 3877 2862 re-

2279 2895 2543 2947 mittuntur
2574 2895 2662 2947 tibi
2701 2904 2907 2962 peccata
2935 2893 3148 2966 (Matth.
3179 2895 3229 2951 9.
3260 2895 3316 2965 2)
3341 2913 3355 2959 ;
3387 2895 3476 2950 hic
3514 2913 3652 2952 vero
3687 2914 3878 2968 corpus

2278 2987 2451 3053 primo
2480 2996 2653 3051 sanat,
2683 2995 2972 3056 posteaque
2997 2987 3230 3041 animam
3259 2997 3426 3043 curat.
3453 2987 3569 3043 Illic
3597 2992 3874 3054 remissio;

2279 3091 2399 3129 nam
2443 3076 2550 3140 ait,
2601 3075 2946 3130 Remittuntur
2993 3078 3081 3130 tibi
3124 3089 3371 3146 peccata;
3409 3079 3498 3133 hic
3535 3083 3808 3137 monitum
3832 3093 3874 3136 ct

2277 3168 2640 3231 comminatio,
2668 3178 2724 3221 ut
2753 3170 2852 3223 sibi
2882 3170 2930 3222 in
2962 3182 3233 3240 posterum
3260 3182 3468 3227 caveat.
3504 3172 3640 3226 Noli
3661 3176 3876 3245 amplius

2279 3274 2517 3326 peccare,
2551 3258 2756 3330 inquit,
2787 3275 2848 3312 ne
2877 3260 2963 3311 tibi
2989 3259 3183 3329 aliquid
3215 3261 3432 3315 deterius
3462 3266 3759 3335 contingat.
3789 3267 3874 3321 Ju-

2277 3346 2512 3401 d:corum
2549 3365 2761 3417 qudque
2800 3352 3166 3406 accusationes
3195 3350 3425 3408 diversa:
3455 3364 3611 3411 sunt.
3646 3356 3746 3410 llic
3774 3374 3874 3410 retu

2278 3437 2327 3490 in
2356 3439 2578 3491 sabbato
2609 3440 2796 3491 factam
2826 3449 3087 3506 arguunt,
3118 3439 3225 3495 illic
3249 3457 3373 3496 eum
3403 3442 3768 3513 blasphemia:
3792 3461 3875 3501 ac-

2274 3539 2480 3583 cusant.
2507 3528 2584 3582 Tu
2610 3545 2737 3583 vero
2761 3530 2890 3584 mihi
2910 3531 3218 3588 consideres
3242 3533 3514 3601 ingentem
3539 3535 3641 3590 Dei
3670 3539 3874 3606 sapien-

2277 3621 2423 3674 tiam.
2447 3620 2560 3674 Non
2595 3622 2736 3675 enim
2767 3623 2945 3678 statim
2978 3624 3148 3692 ipsum
3175 3623 3488 3690 suscitavit;
3516 3627 3616 3683 sed
3651 3630 3872 3697 primum

2274 3711 2597 3767 sciscitando
2617 3711 2716 3765 sibi
2742 3711 3052 3767 fatniliarcm
3075 3713 3266 3778 reddit,
3292 3723 3346 3768 ut
3369 3715 3493 3769 fidei
3521 3718 3670 3772 viam
3697 3730 3871 3789 paret:

2276 3814 2448 3870 neque
2476 3800 2635 3855 modo
2664 3801 2888 3856 suscitat
2911 3813 2962 3856 et
2990 3790 3176 3867 sanati;
3212 3805 3303 3857 sed
3333 3806 3496 3859 etiam
3524 3807 3687 3875 jubet
3713 3810 3872 3864 lectu-

2275 3890 2379 3943 lum
2425 3890 2641 3955 tollere,
2677 3905 2735 3946 ut
2769 3893 3028 3947 miraculo
3059 3891 3215 3949 [idem
3252 3895 3512 3961 adderet,
3550 3915 3657 3955 nec
3703 3912 3872 3971 posset

2271 3980 2532 4048 quiSpiam
2572 3981 2686 4037 haec
2730 3983 2961 4052 speciem
2989 3994 3042 4039 et
3069 3983 3333 4040 fallaciam
3374 3996 3586 4044 tantum
3629 4008 3756 4048 esse
3783 4010 3867 4048 su-

2272 4071 2487 4138 spicari.
2516 4071 2630 4127 Nisi
2674 4075 2817 4127 enim
2860 4074 3097 4130 membra
3134 4076 3284 4130 firma
3329 4077 3667 4147 robustaque
3696 4095 3869 4139 essent

2270 4159 2406 4216 facta
2433 4204 2447 4229 ,
2483 4179 2588 4218 non
2618 4174 2826 4233 poterat
2856 4165 3053 4221 lectum
3081 4168 3288 4222 tollere.
3323 4168 3434 4224 Hoc
3462 4187 3598 4227 vero
3627 4173 3870 4229 Christus

2269 4269 2409 4322 sirpe
2433 4255 2574 4320 facit,
2605 4265 2662 4309 ut
2685 4256 2853 4326 magis
2881 4257 3266 4327 impudentium
3293 4261 3753 4320 ealumniatorum
3779 4283 3869 4321 ora

2267 4346 2526 4401 obstruat.
2557 4346 2687 4400 Nam
2723 4347 2773 4399 in
2807 4361 3002 4414 panum
3033 4349 3304 4404 miraculis
3324 4392 3339 4417 ,
3369 4366 3438 4406 ne
3462 4367 3585 4422 quis
3625 4355 3834 4412 diceret
3854 4400 3868 4419 ,

2270 4435 2477 4489 turbam
2525 4446 2722 4491 tantam
2769 4439 3012 4493 satiatam
3055 4439 3259 4504 fuisse,
3293 4458 3516 4511 remque
3553 4444 3707 4501 illaut
3751 4464 3869 4505 eSSe

2267 4525 2622 4594 phantasiam,
2654 4529 2855 4582 curavit
2885 4530 2974 4585 ille
3003 4538 3058 4585 ut
3091 4532 3271 4587 nmlta:
3309 4532 3744 4603 fragmentorum
3775 4557 3863 4595 re-

2267 4616 2440 4684 liquie
2479 4629 2822 4687 superessent
2858 4638 2870 4673 :
2903 4620 3118 4691 leproso
3156 4632 3331 4679 autem
3379 4626 3643 4682 mundato
3682 4631 3817 4686 dicit
3852 4652 3864 4685 :

2271 4707 2429 4774 l'ade,
2456 4710 2661 4763 ostende
2690 4722 2738 4765 te
2762 4713 3012 4767 sacerdoti
3040 4713 3251 4785 (Matth.
3276 4717 3327 4770 8.
3360 4718 3415 4786 ι)
3440 4736 3455 4782 ;
3492 4732 3551 4773 ut
3582 4720 3750 4777 simul
3775 4740 3868 4780 cu-

2263 4801 2484 4853 ratiOnis
2529 4800 2731 4854 firmam
2778 4803 2936 4858 [idem
2981 4803 3217 4872 faceret,
3257 4815 3312 4861 et
3351 4823 3538 4862 eorum
3580 4813 3675 4880 qui
3710 4813 3865 4869 dicc-

2263 4889 2420 4954 bant,
2455 4891 2624 4958 ipsum
2669 4892 2757 4946 Dei
2803 4895 3083 4963 princeptis
3121 4896 3432 4964 adversari,
3467 4900 3862 4969 impudentiam

2259 4984 2651 5050 comprimeret.
2690 4985 2917 5054 ldipsum
2962 4988 3083 5042 fecit
3111 4989 3323 5058 quando
3354 4992 3536 5046 vinum
3571 4994 3624 5047 in
3660 5011 3862 5066 aquam

2258 5076 2536 5129 convertit.
2568 5076 2683 5130 Non
2717 5078 2875 5132 modo
2905 5079 3045 5133 enim
3074 5081 3250 5134 vinum
3280 5083 3530 5147 ostendit,
3561 5087 3660 5140 sed
3688 5090 3864 5143 archi-

2259 5167 2465 5219 triclino
2493 5166 2628 5221 mitti
2651 5170 2874 5234 curavit,
2900 5181 2956 5223 ut
2978 5171 3022 5224 is
3042 5170 3129 5239 qui
3154 5171 3281 5224 nihil
3307 5182 3584 5241 gestorum
3607 5193 3671 5232 se
3694 5195 3861 5235 nossti

2255 5256 2631 5322 confiteretur,
2688 5260 2904 5314 minime
2951 5273 3256 5330 suspectum
3301 5265 3554 5322 redderet
3600 5272 3857 5326 testium.

2257 5347 2421 5399 nium.
2458 5347 2579 5402 ideo
2612 5348 2749 5402 dixit
2788 5352 3113 5421 evangelista
3151 5370 3161 5405 :
3196 5354 3476 5411 NesCtehat
3522 5361 3858 5418 architricli-

2253 5455 2352 5492 nus
2395 5441 2532 5495 unde
2563 5452 2705 5495 esset
2727 5483 2742 5509 ,
2777 5444 2962 5513 sicque
2992 5448 3212 5502 omnino
3241 5457 3441 5504 certum
3477 5455 3853 5510 le~titltottittm

2252 5529 2562 5584 declaravit.
2591 5531 2658 5586 Et
2690 5543 2969 5604 postquam
2999 5548 3268 5592 mortuum
3308 5541 3683 5607 Suscitaverat,
3719 5549 3850 5603 alibi

2250 5621 2377 5674 dicit
2409 5639 2421 5672 :
2451 5623 2577 5676 Date
2619 5624 2688 5677 illi
2723 5627 3043 5682 manducare
3071 5627 3220 5698 (Luc.
3256 5630 3306 5682 8.
3338 5631 3449 5700 53),
3483 5644 3537 5686 ut
3571 5638 3850 5691 iltdublla-

2253 5721 2358 5766 tum
2409 5718 2813 5772 resurrectionis
2865 5731 3230 5788 arguunentum
3288 5723 3587 5780 exhibet-ct.
3642 5729 3848 5796 Quibus

2318 5829 2329 5857 ¹
2372 5826 2420 5875 In
2448 5827 2584 5876 ~‘-a\'il.
2610 5829 2782 5878 desunt
2813 5846 2918 5892 qua:
2944 5832 3131 5881 uncinis
3154 5832 3455 5884 claudantur.
