4024 6450
199 383 304 438 209

197 492 451 548 euntibus
481 487 565 543 vel
600 483 1059 555 insipientioribus
1086 479 1306 543 suadet,
1338 494 1398 533 se
1425 494 1530 532 non
1563 475 1804 531 fallacem

201 586 284 642 vel
311 580 758 654 praestigiatorem
785 591 927 641 esse,
952 572 1046 630 sed
1065 572 1135 628 ad
1157 586 1503 628 communem
1530 568 1806 622 hominum

197 680 432 734 salutem
463 677 702 730 venisse.

270 771 327 824 2.
355 766 590 825 Christus
626 781 728 820 non
765 763 919 832 [idem
958 759 1237 832 requirebat
1261 757 1327 809 sb
1357 755 1419 810 iis
1443 756 1535 826 qui
1559 751 1810 808 miracula

195 865 313 933 eius
342 876 444 916 non
471 857 720 913 viderant.
749 852 1034 924 Paralytici
1063 850 1191 919 ﬁdes
1215 858 1261 902 et
1289 849 1435 919 fortis
1459 846 1678 899 animus.
1709 841 1809 894 Ju-

191 955 428 1008 dseorttm
443 950 760 1022 improbitas.
781 945 888 1000 Cur
908 945 1160 1011 Christus,
1179 950 1360 995 sanato
1381 937 1685 1009 paralytico,
1703 944 1812 989 sto-

195 1049 291 1101 tiut
332 1044 609 1100 recesserit.
637 1071 712 1082 --
733 1039 840 1096 Sed
865 1054 964 1093 cur
993 1037 1061 1091 ab
1088 1051 1156 1090 eo
1197 1034 1357 1088 ﬁdem
1403 1046 1509 1085 non
1542 1027 1808 1099 requirit,

193 1152 258 1194 ut
295 1154 326 1193 ι
362 1137 522 1194 cacis
546 1136 564 1169 ⁸
604 1132 798 1205 quibus
833 1129 975 1186 dixit
1004 1147 1018 1183 :
1047 1125 1269 1186 Creditis
1308 1126 1448 1196 quod
1485 1122 1582 1176 hoc
1620 1120 1810 1191 possint

197 1234 371 1298 facere
401 1226 614 1300 (Matth.
645 1225 699 1281 9.
727 1223 865 1295 28)?
889 1222 1026 1289 Quia
1056 1219 1146 1276 ille
1177 1217 1417 1274 nondum
1453 1215 1660 1270 sciebat
1687 1211 1810 1282 quis

197 1325 316 1394 ipse
341 1330 507 1380 esset.
535 1318 721 1390 Neque
749 1317 892 1372 enim
919 1324 1047 1370 ante
1068 1354 1085 1379 ,
1118 1313 1214 1368 sed
1259 1319 1378 1382 post
1418 1307 1673 1363 miracula
1707 1305 1809 1359 hoc

196 1418 380 1469 facere
421 1413 579 1468 solet.
622 1410 755 1466 Nam
795 1409 828 1464 ii
859 1408 950 1478 qui
992 1407 1045 1462 in
1086 1402 1300 1461 caeteris
1341 1409 1659 1471 potestatem
1689 1400 1809 1465 ejus

197 1507 470 1568 viderant,
497 1504 620 1574 jure
649 1503 750 1556 hoc
776 1499 1101 1564 audiebant;
1129 1496 1218 1566 qui
1251 1508 1381 1548 vero
1410 1490 1646 1546 nondum
1672 1488 1811 1543 didi-

193 1607 387 1653 mrant
412 1598 532 1668 quis
557 1604 737 1661 esset,
770 1592 865 1649 sed
906 1609 974 1650 ex
1011 1588 1178 1663 signis
1207 1586 1437 1643 docendi
1467 1593 1658 1650 erant,
1691 1592 1810 1653 post

197 1692 289 1744 illa
320 1688 462 1745 edita
490 1688 556 1742 ad
592 1687 751 1742 fidem
787 1694 1065 1740 vocantur.
1097 1681 1223 1737 Ideo
1253 1679 1538 1735 Matthaeus
1569 1693 1674 1730 non
1708 1675 1811 1728 ini-

197 1788 278 1838 tio
319 1783 594 1853 signorum
644 1780 850 1836 inducit
891 1778 1164 1832 Christum
1213 1777 1315 1829 hoc
1356 1772 1666 1834 dicentem;
1713 1766 1808 1823 sed

198 1884 484 1946 postquam
533 1873 730 1928 multos
775 1878 1096 1934 curaverat,
1137 1866 1188 1922 id
1234 1865 1367 1922 solis
1404 1862 1616 1919 duobus
1649 1860 1811 1916 caecis

195 1970 351 2023 dicit.
381 1967 460 2024 Tu
491 1983 620 2022 vrro
648 1966 734 2021 hic
763 1962 1040 2036 paralytici
1069 1962 1228 2016 fidem
1257 1958 1647 2014 animadverte.
1675 1955 1808 2010 Cum

195 2061 433 2125 audiret,
466 2059 610 2114 Tolle
628 2061 648 2090 ’
676 2057 973 2128 grabbatum
1000 2065 1165 2118 tuum,
1197 2060 1243 2106 et
1269 2050 1473 2104 ambula
1497 2063 1518 2113 ;
1548 2063 1653 2101 non
1684 2045 1810 2100 irri-

196 2169 236 2206 s-
253 2163 292 2214 t,
318 2164 419 2206 nec
446 2149 601 2215 dixit,
627 2148 765 2216 Quid
798 2148 900 2204 hoc
924 2157 1002 2202 est
1023 2146 1048 2199 1
1072 2144 1296 2215 angelus
1319 2140 1599 2197 descendit
1620 2147 1675 2193 et
1699 2149 1810 2193 tur-

198 2247 294 2299 bat
321 2259 514 2315 aquam
534 2283 550 2309 ,
581 2257 855 2312 imumque
884 2250 1091 2298 tantum
1127 2246 1285 2293 sanat
1320 2254 1333 2290 :
1367 2245 1420 2290 tu
1453 2248 1615 2298 vero,
1647 2232 1812 2286 ltotno

197 2351 323 2388 cum
357 2334 433 2389 sis
453 2375 469 2398 ,
501 2349 609 2388 uno
642 2341 912 2403 prgecepto
939 2333 1058 2402 plus
1085 2345 1244 2400 quam
1286 2326 1534 2398 angi-lum
1569 2336 1620 2379 te
1652 2339 1812 2393 posse

196 2426 423 2494 speras?
446 2425 548 2480 hoc
572 2425 850 2494 superbia,
873 2423 975 2479 hoc
1001 2421 1170 2478 fastus
1190 2430 1294 2486 est,
1320 2420 1540 2489 risuque
1563 2418 1806 2486 dignum.

203 2519 400 2573 Verum
433 2518 563 2573 nihil
601 2517 792 2571 horum
831 2516 965 2572 dixit
1003 2516 1085 2570 vel
1122 2513 1414 2584 cogitavit;
1451 2510 1543 2566 sed
1577 2510 1662 2563 ubi
1698 2509 1810 2578 pri-

199 2625 349 2664 mum
369 2609 593 2676 audivit,
617 2610 874 2674 surrexit,
898 2619 952 2665 et
979 2623 1141 2663 sanus
1169 2605 1358 2672 ﬂictus,
1385 2604 1611 2673 impigre
1639 2601 1814 2670 paruit

194 2702 406 2773 jnbenti
432 2720 445 2756 :
477 2701 664 2772 Surge,
696 2700 818 2755 tolle
842 2701 1141 2771 grabbatum
1166 2709 1329 2761 tuum,
1353 2707 1401 2752 et
1423 2694 1651 2749 ambula.
1679 2693 1812 2748 Illud

196 2803 348 2850 certe
373 2795 674 2850 mirandum
703 2804 786 2848 est
810 2810 825 2858 ;
855 2793 950 2848 sed
981 2809 1102 2862 quae
1129 2801 1429 2860 sequuntur
1462 2790 1617 2858 longe
1646 2786 1810 2842 mira-

201 2887 425 2951 biliora;
453 2885 562 2940 imo
588 2901 718 2940 vero
741 2885 882 2955 quod
909 2883 1063 2941 initio
1090 2886 1305 2938 nomine
1327 2881 1675 2947 obstrepente
1695 2893 1810 2932 cre-

197 2978 418 3043 diderit,
441 2994 547 3033 non
577 2979 647 3032 ita
671 2976 920 3034 mitab'tlc
938 2987 1042 3042 est,
1068 2986 1127 3031 ut
1147 2992 1268 3031 CIIII]
1297 2984 1480 3044 postea
1510 2973 1812 3028 furentibus

196 3072 423 3139 ludatis,
457 3071 692 3141 undique
731 3071 1070 3131 instantibus.
1111 3068 1513 3129 accusantibus,
1546 3065 1808 3120 obsiden-

199 3166 345 3220 tibus
373 3179 438 3219 ac
463 3163 802 3227 dicentibus,
838 3161 962 3216 Non
1005 3162 1121 3215 licet
1161 3161 1248 3214 tibi
1289 3159 1470 3213 tollere
1510 3157 1810 3230 grabbatnm

198 3269 366 3323 tuum,
396 3272 502 3313 non
536 3256 701 3310 modo
727 3255 939 3310 illorutn
969 3252 1231 3308 insaniam
1261 3251 1528 3320 despexit,
1562 3247 1655 3305 sed
1687 3263 1810 3302 cum

198 3365 392 3421 magna
416 3350 607 3404 liducia
635 3352 688 3404 in
712 3347 890 3402 medio
913 3345 1124 3401 theatro
1151 3343 1450 3399 bent-licunt
1477 3339 1809 3410 praedicavit,

198 3447 525 3514 illorumque
571 3441 961 3513 impudentiam
1010 3439 1306 3507 repressit;
1359 3435 1410 3490 id
1458 3443 1607 3489 certe
1657 3431 1812 3487 fortis

196 3536 364 3591 animi
399 3551 521 3593 esse
558 3535 700 3590 dico.
745 3532 1072 3588 instantibus
1115 3531 1257 3585 enim
1301 3526 1539 3590 Judzcis,
1583 3541 1648 3581 ac
1685 3540 1808 3580 cum

195 3630 444 3684 convicio
469 3637 527 3683 et
553 3626 856 3696 arrogantia
887 3624 1190 3679 dicentibus
1217 3639 1230 3674 :
1265 3622 1549 3677 Sabbatum
1577 3629 1681 3681 est;
1708 3634 1810 3672 nou

197 3723 314 3774 licet
336 3720 425 3773 tibi
448 3719 623 3773 tollere
643 3718 941 3788 grabbatum
965 3726 1105 3769 tuum
1126 3731 1146 3780 ;
1165 3713 1289 3768 audi
1308 3712 1433 3782 quid
1453 3710 1806 3780 respondeat:

200 3816 287 3869 11.
319 3813 421 3882 Qui
445 3829 524 3868 me
543 3828 723 3866 sanum
745 3813 884 3882 fecit,
910 3809 998 3863 ille
1023 3807 1149 3862 mihi
1169 3809 1316 3871 dixit,
1343 3806 1492 3861 Tolle
1510 3805 1810 3877 grabbatum

197 3918 362 3966 tuum,
392 3915 440 3960 et
469 3904 712 3966 ambula;
742 3912 950 3957 tantum
979 3916 1086 3955 non
1117 3900 1324 3963 d'cens,
1359 3898 1522 3953 Deliri
1553 3905 1608 3951 et
1636 3895 1808 3950 insani

195 3998 351 4058 estis.
383 3995 508 4049 dum
532 3994 736 4063 jubetis
765 4009 851 4049 me
887 3994 1035 4048 illum
1066 3993 1155 4061 qui
1189 4009 1276 4047 me
1302 4008 1331 4045 a
1364 4001 1469 4046 ωιη
1502 3990 1671 4061 gravi,
1701 3998 1808 4044 tam

196 4087 454 4139 diuturno
493 4084 683 4138 morbo
725 4083 1007 4146 liberavit,
1041 4099 1147 4136 non
1181 4094 1434 4150 reputare
1461 4082 1807 4152 magistrum,

199 4195 301 4233 nec
321 4179 470 4248 jussa
503 4178 620 4246 ejus
644 4176 822 4230 omnia
850 4176 1095 4243 exsequi.
1124 4177 1283 4244 Atqui
1314 4176 1357 4227 si
1390 4175 1620 4245 maligne
1650 4188 1810 4243 agere

198 4269 476 4332 voluisset,
513 4277 719 4336 poterat
757 4266 863 4322 alio
891 4267 1054 4320 modo
1078 4266 1264 4321 dicere
1295 4284 1308 4320 :
1337 4266 1454 4320 Non
1487 4266 1677 4321 lubens
1707 4264 1810 4319 hoc

198 4362 372 4427 facio,
402 4361 498 4414 sed
528 4360 637 4414 alio
672 4358 900 4430 jubente
941 4375 956 4413 :
995 4358 1038 4413 si
1076 4367 1354 4430 peccatum
1385 4367 1499 4424 est,
1527 4357 1807 4426 jubentem

199 4463 470 4515 accusate,
499 4459 556 4506 et
582 4451 778 4506 lectum
809 4450 1077 4519 deponam
1106 4466 1120 4514 ;
1150 4449 1236 4503 vel
1265 4448 1405 4505 forte
1440 4448 1686 4504 sanitatis
1712 4448 1808 4502 be-

200 4542 451 4597 neficium
480 4541 826 4597 occultasset.
849 4540 982 4596 Nam
1014 4541 1183 4612 probe
1211 4540 1416 4596 sciebat
1440 4542 1586 4611 ipsos
1609 4555 1714 4594 non
1740 4540 1808 4594 ita

197 4635 268 4691 de
297 4635 496 4689 violato
523 4634 748 4688 sabbato
789 4633 1022 4688 morderi
1050 4675 1065 4700 ,
1095 4641 1153 4687 ut
1180 4632 1248 4688 de
1277 4648 1424 4702 aegro
1461 4642 1672 4688 curato.
1702 4631 1809 4687 Sed

202 4744 377 4796 neque
420 4727 525 4781 hoc
567 4725 896 4792 occultavit,
929 4740 1028 4779 nec
1067 4725 1195 4779 illud
1242 4725 1410 4784 dixit.
1453 4739 1551 4778 nec
1599 4724 1809 4779 veniam

203 4820 390 4891 petiit:
415 4818 508 4874 sed
537 4817 817 4885 splendida
846 4832 975 4871 voce
1003 4815 1321 4871 beneficium
1349 4816 1633 4871 confessus
1655 4823 1739 4870 est
1759 4825 1813 4870 et

203 4911 532 4983 pra-dicavit.
564 4910 638 4965 Ita
669 4911 1014 4982 paralyticos.
1046 4911 1119 4964 Illi
1148 4925 1276 4963 vero
1302 4925 1460 4979 quam
1490 4909 1733 4979 improbe
1755 4925 1812 4964 se

201 5012 489 5078 gesserint,
513 5005 827 5062 consideres
853 5005 1035 5060 velim.
1065 5003 1182 5059 Non
1213 5004 1355 5057 enim
1384 5003 1656 5065 dixerunt,
1682 5002 1814 5068 Quis

203 5110 258 5154 te
284 5115 472 5153 sanum
507 5097 668 5152 fecit?
696 5097 788 5151 sed
820 5099 922 5151 hoc
947 5093 1168 5158 omisso,
1203 5109 1326 5148 cum
1360 5095 1590 5159 strepitu
1620 5108 1813 5162 magum

206 5189 686 5260 transgressionem
735 5186 878 5240 illam
931 5187 980 5239 in
1029 5185 1264 5239 medium
1310 5184 1669 5240 adducebant.
1722 5184 1808 5237 l2.

208 5283 337 5349 Quis
363 5290 436 5334 est
475 5280 561 5332 ille
590 5281 676 5333 aui
707 5279 834 5331 dixit
865 5279 956 5331 tibi
975 5321 989 5343 ,
1033 5277 1178 5331 Tolle
1214 5272 1513 5347 graltbatum
1554 5288 1694 5330 tuum
1715 5317 1730 5339 ,
1768 5286 1812 5328 et

208 5372 410 5424 ortibula
431 5371 454 5422 ?
477 5371 562 5426 l5.
599 5368 651 5423 Is
679 5381 848 5422 autem
873 5371 959 5439 qui
985 5386 1142 5423 sanus
1165 5373 1331 5439 fuerat
1362 5368 1591 5434 effectus.
1625 5369 1814 5421 nescio-

205 5466 288 5516 bat
317 5462 427 5531 quis
456 5470 606 5515 esset.
633 5459 787 5515 Iesus
815 5473 984 5516 autem
1013 5461 1282 5513 declinavit
1309 5477 1339 5513 a
1371 5460 1515 5513 turba
1543 5462 1816 5515 cantitata

273 5598 288 5627 ι
327 5594 471 5643 Savil.
497 5602 548 5644 et
561 5593 769 5657 quidam
794 5602 919 5650 Mss,
943 5599 992 5642 ut
1013 5591 1074 5642 ab
1097 5590 1225 5642 aliis.
1251 5594 1417 5657 Lectio
1441 5594 1644 5657 Morem,
1667 5606 1813 5656 quam

207 5664 504 5712 retinemus.
529 5654 719 5717 aliquot
740 5658 1171 5717 itanusct'ijrtorum
1196 5655 1486 5717 auctoritate
1510 5654 1746 5704 ﬁrmatur.

272 5721 292 5750 '
331 5717 493 5768 Morel.
519 5719 590 5766 sic
614 5715 763 5766 etfert
784 5716 912 5766 hunc
933 5715 1092 5766 locum
1119 5730 1130 5764 ε
1168 5725 1289 5764 cum
1335 5715 1532 5764 (ληίην-(ι
1572 5717 1817 5767 (limatum

209 5781 296 5830 sibi
319 5793 430 5828 cum
454 5785 678 5841 imtcstate
701 5785 745 5828 et
771 5778 818 5827 in
842 5793 1024 5829 mo'cm
1049 5777 1330 5839 imperantis
1355 5779 1610 5835 dit'ctttrm,
1636 5777 1812 5836 nolle,

207 5855 305 5892 (ιη’,

1167 369 1232 423 ΙΝ
1269 365 1582 423 ,ΙυᾹΝΝΕΜ
1628 364 1859 420 1101111..
1903 361 2172 420 XXXVII.
2216 362 2289 416 al.
2332 359 2575 416 XXXVI.

3425 359 3531 414 2111

1922 474 1976 528 in
2003 475 2135 528 loco.
2166 473 2233 528 ﬁt
2259 488 2356 528 cur
2380 471 2664 529 abscondit
2696 486 2756 529 se
2782 471 3074 528 Christus?
3103 471 3287 528 Primo
3323 483 3379 527 ut
3420 473 3534 543 ipso

1914 565 2140 621 absente
2185 565 2553 620 testimonium
2599 564 2910 636 suspicione
2949 579 3180 621 vacuum
3221 572 3401 630 esset;
3442 565 3532 634 qui

1913 662 2064 716 enim
2089 674 2309 715 sensum
2335 661 2599 715 restituta:
2618 659 2865 714 sanitatis
2893 658 3148 726 habebat,
3178 656 3425 713 beneficii
3455 667 3536 712 tc-

1914 752 2014 808 stis
2038 762 2154 807 crat
2175 751 2280 808 fide
2302 751 2518 824 dignus.
2552 753 2633 807 Ad
2665 752 2801 819 hzec,
2831 767 2899 808 ne
2924 752 3175 822 majom:
3216 751 3269 805 in
3294 751 3533 821 ipsorum

1915 843 2112 899 animis
2136 846 2172 900 ll
2191 861 2408 901 unmam
2432 844 2758 900 accenderet
2783 861 2797 909 ;
2827 853 3053 900 noverat
3077 844 3223 900 enim
3251 844 3332 900 vel
3361 843 3534 898 solam

1914 938 2034 1009 ejus
2064 940 2149 993 cui
2195 937 2463 994 invidetur
2502 937 2888 1008 praesentiam,
2919 953 3028 995 non
3073 953 3293 1008 parvam
3340 937 3537 991 invidis

1916 1030 2205 1086 Scintillam
2234 1030 2494 1086 excitare.
2527 1029 2654 1086 Ideo
2697 1029 2977 1096 secedens,
3015 1029 3229 1100 reliquit
3262 1027 3392 1099 ipsis
3419 1043 3533 1083 rem

1914 1121 2056 1192 apud
2101 1138 2163 1178 se
2205 1121 2576 1188 tractandam;
2607 1123 2679 1177 ita
2709 1131 2769 1177 ut
2795 1121 2929 1178 nihil
2969 1121 3085 1192 ipse
3110 1120 3180 1177 de
3209 1135 3270 1175 se
3295 1119 3535 1184 diceret,

1915 1212 2011 1270 scd
2043 1214 2078 1268 ii
2109 1223 2313 1269 tantum
2342 1212 2434 1284 qui
2457 1214 2632 1270 curati
2659 1214 2874 1269 fuerant
2899 1227 3024 1269 cum
3051 1212 3437 1268 accusantibus
3459 1212 3536 1265 lo-

1915 1315 2234 1378 querentur.
2259 1305 2394 1361 Nam
2422 1314 2475 1361 et
2507 1304 2560 1360 hi
2588 1321 2805 1377 quoque
2831 1305 3093 1361 miraculo
3115 1303 3358 1377 prtebcnt
3386 1305 3538 1360 testi-

1917 1398 2179 1452 monium.
2209 1397 2328 1454 Non
2369 1397 2515 1454 enim
2545 1398 2761 1465 dicunt,
2790 1396 2901 1454 Cur
2940 1398 3058 1453 haec
3094 1398 3303 1468 jussisti
3333 1397 3449 1453 ﬁeri
3484 1399 3534 1452 in

1915 1491 2143 1545 sabbato
2163 1490 2190 1544 ‘t
2211 1491 2306 1546 sed
2333 1534 2347 1555 ,
2379 1491 2489 1546 Cur
2516 1490 2632 1546 hate
2662 1491 2795 1548 lacis
2820 1491 2874 1546 in
2905 1491 3176 1548 sabbato?
3215 1507 3323 1546 non
3355 1501 3534 1546 trans—

1915 1585 2251 1656 gressionem
2273 1584 2493 1657 indigne
2520 1587 2779 1653 terentes,
2806 1585 2901 1642 sed
2927 1585 3211 1658 paralytici
3238 1585 3535 1641 valetudini

1919 1678 2244 1734 invidentes.
2274 1679 2434 1750 Atqui
2461 1678 2507 1733 si
2538 1678 2831 1734 humanum
2863 1693 3000 1750 npus
3028 1687 3264 1748 spectes,
3294 1677 3421 1732 illud
3452 1692 3539 1745 po-

1919 1771 2046 1836 tius,
2072 1771 2218 1842 quod
2250 1771 2575 1843 paralyticus
2603 1771 2750 1835 fecit,
2781 1779 2900 1826 erat
2924 1786 3055 1826 vere
3079 1785 3260 1840 opus;
3288 1770 3538 1843 Clll‘isllls

1915 1861 2062 1918 enim
2091 1864 2317 1919 verbum
2346 1870 2556 1918 tantum
2587 1863 2868 1919 emiserat.
2900 1861 2998 1917 Hic
3025 1862 3187 1917 aliter
3216 1861 3370 1931 jubet
3402 1861 3536 1916 solvi

1916 1955 2240 2020 sabbatum;
2268 1955 2397 2011 alibi
2429 1972 2562 2011 vero
2604 1971 2700 2026 per
2727 1955 2964 2026 seipsmn
3009 1954 3172 2010 solvit
3212 1953 3341 2010 illttd
3365 1995 3380 2018 ,
3413 1970 3546 2008 cum.

1919 2048 2090 2103 lutum
2123 2049 2333 2116 miscet,
2365 2057 2421 2105 et
2449 2049 2638 2103 oculos
2664 2048 2842 2105 illinit.
2875 2047 3011 2104 Illud
3039 2060 3218 2103 aufem
3249 2045 3394 2108 facit,
3428 2062 3536 2100 non

1918 2140 2354 2212 transgrediens,
2382 2140 2476 2195 sed
2509 2140 2929 2210 supergrediens
2961 2140 3157 2210 legem.
3191 2139 3264 2193 De
3296 2138 3378 2193 bis
3410 2153 3539 2193 vero

1919 2241 2130 2302 postea.
2174 2231 2362 2302 Neque
2399 2233 2544 2286 enim
2594 2231 2792 2301 ubique
2834 2231 2997 2287 simili
3039 2231 3204 2286 modo
3245 2229 3314 2285 de
3357 2230 3539 2285 soluto

1917 2327 2146 2382 sabbato
2173 2337 2458 2383 accusatus
2490 2344 2612 2383 sese
2643 2337 2835 2398 purgat
2864 2345 2878 2382 :
2913 2328 2962 2381 id
2993 2325 3137 2398 quod
3167 2339 3420 2382 accurate
3449 2325 3539 2378 ob-

1917 2420 2242 2476 servandum
2269 2430 2373 2477 est.

1991 2513 2047 2567 5.
2099 2510 2308 2567 Invidia
2351 2524 2598 2583 quantum
2642 2514 2856 2566 malum.
2891 2511 3093 2568 Caritas
3123 2514 3532 2567 commendatur.

1916 2633 1989 2643 —-
2011 2603 2234 2660 Interim
2258 2613 2438 2660 autem
2469 2605 2750 2660 videamus
2775 2614 3039 2674 quantum
3066 2605 3270 2660 malum
3298 2605 3370 2660 sit
3401 2605 3539 2657 invi-

1918 2695 2005 2750 dia
2033 2713 2047 2750 :
2079 2709 2188 2766 quo
2217 2706 2376 2767 pacto
2406 2697 2607 2754 mentis
2625 2697 2816 2754 oculos
2836 2697 2901 2753 ad
2927 2698 3226 2768 perniciem
3247 2696 3414 2752 invidi
3438 2712 3536 2751 ex.

1918 2799 2104 2846 corcet.
2137 2789 2606 2858 Quemadmodum
2655 2793 2800 2846 enim
2841 2792 3026 2846 furiosi
3080 2792 3322 2862 gladium
3361 2793 3413 2846 in
3444 2806 3532 2847 se-

1921 2884 2068 2951 ipsos
2088 2897 2235 2952 smpe
2253 2892 2600 2950 convertunt,
2627 2884 2696 2938 ita
2719 2899 2935 2954 quoque
2959 2883 3152 2949 invidi,
3169 2898 3334 2938 uuam
3355 2882 3535 2937 solum

1918 2981 2228 3042 spectantes
2257 2972 2400 3028 illius
2423 2974 2507 3029 cui
2533 2973 2796 3039 invident,
2825 2974 3140 3043 perniciem,
3165 2984 3354 3029 contra
3379 2989 3532 3028 suam

1919 3062 2147 3117 salutem
2173 3063 2333 3118 bruto
2364 3063 2569 3134 impetu
2601 3064 2870 3120 feruntur.
2905 3064 2971 3119 lli
2997 3065 3082 3120 vel
3112 3063 3247 3120 leris
3279 3074 3405 3120 sunt
3439 3066 3534 3119 de-

1920 3155 2170 3211 teriores.
2194 3154 2331 3211 Nam
2356 3156 2461 3211 illze
2481 3198 2496 3222 ,
2521 3156 2604 3212 vel
2631 3155 2773 3226 quod
2796 3157 2921 3213 cibo
2943 3164 3173 3228 egeant,
3204 3157 3288 3212 vel
3317 3172 3357 3212 a.
3375 3157 3534 3212 nobis

1921 3248 2146 3303 irritata:
2167 3290 2182 3315 ,
2214 3258 2404 3304 contra
2437 3264 2539 3304 nos
2573 3259 2890 3315 armantur;
2927 3249 2979 3304 hi
3009 3261 3190 3305 autem
3220 3253 3386 3305 etiam
3413 3260 3536 3320 post

1919 3352 2138 3410 accepta
2163 3340 2446 3407 beneﬁcia,
2471 3341 2745 3398 beneﬁcos
2767 3357 2914 3411 sape
2938 3357 3036 3412 pro
3058 3342 3292 3398 inimicis
3310 3340 3530 3398 habent.

1921 3431 2073 3487 Feris
2092 3447 2223 3488 sane
2245 3432 2297 3486 hi
2324 3433 2627 3488 deteriores
2651 3443 2806 3499 sunt,
2833 3433 3174 3491 da‘monibus
3197 3450 3389 3505 pares;
3423 3435 3534 3489 imo

1921 3525 2060 3580 forte
2089 3526 2302 3596 pejores
2332 3526 2456 3581 illis.
2489 3525 2566 3581 Illi
2612 3541 2846 3596 namque
2876 3527 3172 3582 adversum
3205 3542 3305 3582 nos
3335 3528 3530 3597 impia.

1917 3618 2125 3674 cabiles
2142 3626 2403 3676 exercent
2433 3618 2766 3685 inimicitias,
2797 3619 2891 3674 sed
2915 3621 2998 3674 sui
3028 3620 3300 3695 similibus
3329 3619 3535 3675 daemo-

1920 3713 2078 3767 nibus
2106 3727 2212 3767 non
2241 3711 2599 3778 insidiantur;
2635 3713 2868 3783 ideoque
2892 3715 3018 3768 hinc
3041 3713 3292 3768 Christus
3313 3713 3534 3768 Judmos

1917 3802 2253 3870 confutavit,
2285 3819 2408 3859 cum
2437 3804 2682 3860 dicerent
2709 3805 2886 3875 ipsum
2924 3807 2975 3859 in
3008 3805 3310 3861 Beelzebub
3333 3806 3534 3875 ejicere

1918 3896 2204 3952 daemonia.
2235 3897 2298 3952 lli
2323 3911 2451 3951 vero
2478 3913 2545 3953 ne
2574 3909 2782 3952 natum
2807 3898 3027 3969 quidem
3056 3915 3169 3953 sua:
3196 3899 3529 3954 consortium

1921 4000 2274 4052 reverentur,
2307 4006 2484 4061 neque
2511 3991 2614 4045 sibi
2645 3990 2778 4061 ipsis
2811 4001 3055 4061 parcunt.
3090 3991 3226 4047 Nam
3254 4002 3382 4046 ante
3408 3993 3528 4046 ani-

1920 4096 2063 4133 mam
2089 4096 2239 4134 suam
2263 4122 2274 4143 ,
2301 4096 2460 4152 quam
2483 4097 2579 4136 eos
2600 4082 2796 4153 quibus
2831 4082 3102 4148 invident,
3136 4083 3370 4148 Iredunt,
3399 4082 3529 4137 dmn

1920 4172 2062 4227 illam
2087 4173 2284 4228 frustra
2315 4175 2543 4230 tumultu
2571 4191 2634 4230 ac
2660 4190 2896 4231 mterore
2919 4177 3151 4247 replent.
3179 4174 3309 4240 Cur,
3331 4177 3401 4228 mi
3433 4176 3534 4230 h'o-

1919 4279 2011 4318 mo
2033 4306 2047 4329 ,
2076 4263 2145 4320 de
2170 4265 2399 4334 proximi
2424 4265 2581 4321 bonis
2602 4269 2908 4322 cruciaris?
2938 4269 3133 4323 Dolero
3159 4279 3439 4338 eportcret
3463 4270 3532 4324 de

1919 4357 2078 4412 malis
2110 4359 2311 4413 nostris
2332 4405 2348 4427 ,
2378 4373 2486 4414 non
2518 4360 2586 4415 de
2617 4361 2852 4432 proximi
2886 4361 3159 4416 felicitate.
3191 4364 3532 4434 Quapropter

1922 4449 2027 4504 hoc
2054 4461 2333 4518 peccatum
2366 4451 2523 4506 venia
2553 4467 2776 4522 prorsus
2807 4453 3072 4522 privatur.
3101 4453 3240 4509 Nam
3261 4464 3530 4510 scortator

1919 4550 2100 4612 potest
2125 4542 2623 4611 concupiscentiam
2651 4543 2949 4601 obtendere
2971 4587 2988 4611 ,
3021 4545 3106 4602 fur
3133 4557 3531 4617 paupertatem,

1923 4635 2188 4690 homicida
2215 4637 2348 4691 iram
2372 4653 2387 4701 ;
2418 4637 2800 4694 excusationes
2821 4639 3035 4709 quidem
3062 4639 3282 4710 frigidas
3303 4649 3356 4694 ct
3381 4642 3528 4696 insa-

1921 4742 2040 4790 nas,
2065 4726 2161 4782 sed
2185 4743 2305 4798 qua:
2327 4736 2509 4783 tamen
2532 4728 2761 4800 p.0ferri
2787 4740 3012 4798 queunt.
3040 4732 3120 4786 Tu
3145 4748 3296 4798 vero,
3319 4748 3530 4803 quzeso,

1920 4835 2082 4890 quam
2105 4834 2323 4874 causam
2353 4821 2654 4878 obtendes?
2685 4821 2896 4877 Nullam
2919 4825 3144 4879 omnino
3164 4866 3178 4891 ,
3210 4825 3315 4880 nisi
3347 4826 3535 4897 ingen-

1922 4921 2032 4965 tem
2064 4911 2384 4982 nequitiam.
2420 4913 2552 4968 Nam
2597 4913 2643 4968 si
2691 4914 2939 4970 inimicos
2968 4915 3196 4987 diligere
3237 4916 3492 4987 jubcmur
3519 4959 3533 4984 ,

1921 5003 1965 5055 si
1997 5003 2202 5056 amicos
2229 5000 2358 5056 odio
2387 5001 2687 5059 habeamus
2707 5047 2721 5071 ,
2752 5021 2862 5074 quo
2893 5022 3000 5061 non
3047 5007 3316 5079 supplicio
3347 5008 3537 5078 punie-

1924 5094 2082 5146 mur‘t
2116 5093 2182 5146 Et
2213 5093 2256 5146 si
2292 5093 2336 5148 is
2366 5094 2456 5162 qui
2506 5098 2713 5150 amicos
2757 5111 2885 5152 suos
2925 5097 3133 5169 diligit,
3185 5115 3294 5155 non
3343 5099 3536 5155 melius

1923 5200 2085 5252 quam
2114 5192 2303 5254 gentes
2333 5183 2559 5240 allectus
2579 5195 2697 5253 est;
2723 5189 2813 5258 qui
2836 5204 2897 5245 se
2924 5190 3058 5246 nihil
3085 5191 3409 5248 laedentibus
3434 5209 3534 5249 no-

1922 5289 2001 5330 cet
2015 5318 2028 5341 ,
2048 5293 2210 5347 quam
2229 5288 2312 5333 est
2331 5279 2612 5334 habiturus
2631 5281 2867 5347 veniam,
2885 5300 3045 5353 quam
3068 5285 3497 5342 consolationem
3517 5287 3537 5336 ?

1925 5371 1963 5422 Α
1975 5369 2061 5422 udi
2091 5369 2318 5423 Paulum
2342 5369 2613 5427 dicentem
2640 5390 2654 5425 :
2689 5373 2751 5428 Si
2775 5375 3037 5430 tradidero
3064 5395 3253 5446 corpus
3276 5396 3442 5432 meum
3467 5379 3537 5432 ita

1924 5471 1977 5514 ut
2008 5463 2220 5518 ardeam
2243 5504 2258 5529 ,
2291 5464 2561 5519 caritatem
2599 5475 2772 5520 autem
2812 5484 2917 5522 non
2946 5470 3172 5526 habuero
3195 5513 3209 5538 ,
3241 5473 3371 5527 nihil
3412 5474 3536 5526 mihi

1926 5555 2129 5621 prodest
2156 5554 2246 5623 (1.
2279 5553 2399 5609 Cor.
2429 5556 2520 5612 15.
2549 5557 2583 5611 5
2679 5557 2832 5625 Quod
2862 5570 3041 5616 autem
3077 5563 3165 5618 ubi
3198 5563 3336 5618 livor
3364 5573 3420 5619 et
3449 5565 3533 5617 itt—

1927 5645 2066 5700 vidia
2115 5656 2233 5712 est,
2283 5646 2485 5703 caritas
2514 5662 2739 5717 prorsus
2788 5652 2999 5708 sublata
3032 5654 3135 5723 sit,
3191 5656 3394 5709 nemini
3429 5672 3534 5711 non

1927 5750 2112 5794 notum
2144 5748 2247 5793 est.
2279 5739 2392 5795 lloc
2425 5741 2616 5796 vitiant
2666 5753 2748 5798 est
2796 5743 3154 5803 fornicatione
3187 5759 3242 5805 et
3270 5750 3538 5805 adulterio

1936 5833 2104 5902 pojns.
2132 5833 2263 5889 Nam
2289 5834 2419 5890 illud
2454 5836 2505 5891 in
2531 5847 2791 5908 operante
2817 5843 3090 5896 consistit.
3120 5843 3333 5900 invidia:
3359 5855 3539 5900 autem
