4024 6432
574 340 670 394 ’ΞΗ

569 463 578 494 ι
602 449 811 502 .rannis
838 449 1106 506 Ecclesias
1130 453 1360 519 integras
1380 445 1675 508 subvertit,
1700 451 1752 496 et
1777 452 1946 496 totum
1970 441 2156 495 orbem

574 540 927 594 tabefactm'it.
961 543 1083 597 lla-c
1123 543 1284 597 caulis
1316 549 1487 593 mater
1516 547 1598 591 est
1630 554 1641 588 :
1685 534 1785 588 hac
1817 543 1992 586 mutus
2020 531 2150 583 liain

571 633 783 684 fratrem
815 631 1008 686 occidit
1038 649 1051 686 :
1101 634 1183 684 illa
1216 633 1522 687 concitante
1553 626 1814 682 Iacobum
1853 625 1992 677 Esau
2015 665 2029 686 ,
2061 620 2153 676 Io-

569 727 788 793 sepbum
820 725 1014 780 fratres
1039 769 1051 784 .
1084 725 1372 779 Immanum
1403 738 1573 793 genus
1595 719 1842 774 diabolus
1869 730 2153 787 aggressus

567 828 666 869 est.
703 819 766 870 At
801 827 853 869 tu
897 834 1000 870 non
1051 816 1346 882 interficis,
1382 813 1474 867 sed
1519 811 1666 866 caede
1711 812 1867 878 longe
1912 807 2154 877 graviora

569 919 840 975 per-petras
861 949 874 972 ,
903 909 1026 960 dum
1058 911 1291 977 precaris
1324 915 1377 960 ut
1412 906 1576 959 frater
1618 902 1910 970 ignominia
1944 899 2133 954 afficiao

569 1011 684 1055 iur.
719 998 844 1050 dum
879 999 1097 1067 laqueos
1125 999 1220 1066 ipsi
1255 995 1428 1050 tendis
1467 993 1736 1062 undique,
1766 990 1894 1045 dum
1926 1005 2025 1060 pro
2049 990 2154 1043 vir-

567 1098 677 1138 tute
705 1100 984 1157 susceptos
1015 1089 1223 1143 labores
1255 1087 1481 1142 resolvls
1503 1126 1516 1148 ,
1548 1100 1669 1138 cum
1701 1099 1842 1152 mgre
1874 1083 1979 1137 fers
2008 1082 2149 1150 quod

564 1179 709 1230 orbis
734 1181 956 1232 Domino
989 1181 1210 1247 placeat.
1239 1178 1352 1232 Non
1383 1178 1530 1231 illum
1555 1190 1703 1245 ergo.
1728 1174 1821 1228 sed
1845 1189 1964 1227 eum
1987 1188 2145 1242 quem

567 1271 676 1334 ipse
703 1270 829 1322 colit
859 1271 1138 1340 impugnas
1168 1288 1179 1322 :
1224 1270 1370 1322 illum
1414 1266 1736 1324 contumelia
1781 1265 1951 1319 afficis
1975 1307 1989 1329 ,
2022 1265 2148 1318 dum

567 1361 824 1415 honorem
854 1371 999 1415 tuum
1025 1363 1163 1416 illius
1189 1362 1376 1414 honori
1406 1359 1688 1429 anteponis
1715 1377 1726 1412 :
1757 1359 2008 1427 quodque
2028 1372 2149 1426 gra-

565 1455 835 1507 vissimum
870 1468 980 1518 est,
1018 1457 1184 1509 levem
1229 1464 1382 1523 putas
1410 1467 1530 1507 esse
1561 1452 1771 1519 culpam
1794 1491 1810 1515 ,
1859 1449 1983 1502 licet
2026 1465 2145 1501 om-

562 1545 705 1597 nium
736 1546 1020 1599 deterrima
1057 1547 1141 1599 sit.
1176 1546 1307 1600 Nam
1331 1546 1373 1599 si
1406 1545 1501 1599 des
1530 1545 1955 1612 elecmosynam,
1989 1541 2032 1593 si
2062 1542 2144 1593 vi-

561 1638 724 1700 giles.
766 1639 808 1692 si
847 1638 1091 1706 jejnues,
1141 1639 1377 1690 omnium
1424 1636 1868 1692 sceleratissimus
1897 1648 1984 1696 es,
2018 1632 2142 1686 dum

565 1727 962 1791 t'ratriim'ides.
993 1727 1044 1780 ld
1072 1729 1153 1781 vel
1187 1728 1308 1782 inde
1331 1737 1559 1782 constat.
1588 1727 1864 1780 SCOI‘L‘IIIIS
1891 1733 1971 1777 est
1996 1725 2142 1793 quis-

563 1820 699 1884 piam
727 1819 862 1886 apud
907 1820 1249 1885 Corinthios;
1293 1821 1385 1876 sed
1429 1830 1712 1874 accusatus
1754 1820 1861 1872 cito
1892 1817 2140 1885 resipuit.

562 1909 707 1962 Λικιιὶ
735 1909 862 1963 Cain
892 1911 1077 1964 invidit
1109 1928 1122 1973 ;
1159 1923 1213 1965 et
1239 1928 1525 1980 numquam
1554 1911 1867 1965 emendatus
1896 1918 2014 1971 est;
2048 1906 2141 1961 sed

561 2003 680 2050 ἰῆς-γι
713 2000 848 2051 licus
883 2002 976 2066 ipsi
1013 2001 1320 2070 frc'ptenter
1352 2003 1450 2055 iiee
1479 2003 1627 2055 ulcus
1656 2009 2009 2058 memoraret,
2047 1997 2136 2048 ille

879 2132 1446 2139 mI..‘—.—.-_..--—_._—.
1464 2132 1568 2138 ___-
1587 2133 1618 2137 ρ.
1638 2133 1684 2137 ...Α

565 2355 580 2401 l
607 2355 621 2401 Ξ
684 2352 867 2409 l’nsteu
908 2357 1090 2406 iurruit
1125 2373 1234 2408 cum
1282 2357 1432 2408 Jews
1461 2359 1510 2406 in
1567 2355 1782 2422 tuuplo.
1817 2364 1861 2405 et
1893 2353 2024 2406 dixit
2052 2352 2096 2405 ei
2125 2368 2139 2403 :

630 2441 760 2492 Ic'rre
798 2461 952 2494 sumis
997 2447 1159 2511 factus
1207 2463 1288 2505 es;
1316 2447 1426 2514 jrnu
1461 2445 1563 2495 noli
1619 2461 1851 2510 peccare,
1903 2460 1964 2496 ne
2004 2442 2142 2495 dcte-

630 2535 732 2584 rius
764 2537 956 2602 aliquid
994 2537 1078 2588 tibi
1128 2539 1404 2602 mutiuyul.

634 2628 678 2676 Ι.
718 2626 848 2679 Deus
881 2645 1060 2697 corpus
1092 2632 1305 2697 castigat
1335 2630 1394 2679 ob
1429 2631 1610 2680 uuima'
1640 2637 1861 2696 peccatu.
1891 2627 2142 2679 Ochenii-t-

559 2721 807 2786 suppliriu
853 2709 1043 2774 (etei-mi
1070 2734 1180 2774 sunt
1214 2735 1256 2773 cI
1283 2725 1440 2792 jltafﬂ.
1503 2725 1599 2787 Qui
1641 2725 1752 2791 jam
1804 2723 2140 2790 properentis

559 2814 691 2875 ;::'e.ri
714 2813 763 2864 in
787 2814 959 2865 eodem
986 2817 1212 2867 reriduu!
1235 2857 1248 2877 ,
1278 2818 1489 2884 inujorrs
1512 2816 1702 2867 (Iulum!
1730 2832 1918 2882 pirum.
1967 2814 2131 2866 Morbi

561 2903 765 2965 run-imi
801 2920 858 2955 ’τις
905 2915 1105 2970 peccatu
1135 2906 1383 2957 oriuntur.
1419 2936 1485 2943 —
1521 2905 1623 2958 Ilcs
1654 2906 1829 2972 gravis
1863 2914 2136 2971 peccatum

557 3003 632 3044 est
662 3033 676 3054 ,
707 3009 791 3044 res
835 3001 985 3045 certe
1022 2995 1196 3062 gravis
1229 3005 1281 3046 et
1322 2995 1513 3046 animm
1558 2995 1850 3060 pernicies;
1889 2995 1956 3046 ita
1991 3003 2043 3044 ut
2074 3009 2135 3044 ex

560 3084 903 3136 ν-ιιιιιιιιιιςηιιιςι
929 3100 1068 3153 εςῐ-ρρ
1095 3086 1252 3137 etiam
1283 3101 1504 3154 corpora
1539 3086 1714 3136 l:edat.
1744 3087 1876 3151 Quia
1910 3086 2053 3138 enim
2086 3095 2140 3138 ut

562 3176 842 3241 plurimum
888 3186 1177 3244 :ngrotante
1209 3178 1382 3229 anima
1403 3219 1418 3238 ,
1451 3177 1598 3229 nullo
1625 3178 1886 3229 aflitzimur
1912 3177 2096 3229 dolore
2122 3192 2135 3236 ;

557 3273 598 3322 si
626 3287 750 3324 vero
779 3286 973 3338 corpus
1007 3271 1268 3324 tantillum
1303 3271 1509 3322 laboret
1538 3311 1551 3333 ,
1582 3286 1792 3322 onmem
1823 3268 2137 3322 adhibemus

557 3377 773 3427 operam
803 3371 858 3413 ut
888 3363 1057 3430 ipsum
1089 3361 1156 3414 ab
1198 3350 1505 3415 infirmitate
1552 3361 1837 3414 liberemus
1857 3401 1872 3422 ,
1901 3375 1966 3413 eo
1996 3359 2134 3429 quod

558 3455 697 3505 illam
723 3455 1045 3513 sentiamus;
1081 3454 1198 3507 ideo
1226 3447 1363 3507 Deus
1385 3469 1581 3522 corpus
1601 3454 1826 3523 castigat
1851 3453 1920 3508 ob
1947 3454 2137 3506 anima:

558 3553 768 3609 peccata
813 3583 826 3605 ,
860 3552 914 3594 ut
958 3543 1225 3596 inferioris
1266 3544 1431 3610 partis
1456 3544 1844 3611 castigatione,
1873 3542 2135 3610 Superim'i

559 3633 910 3686 valetudinem
959 3635 1143 3702 pariat.
1199 3634 1285 3687 Sic
1315 3645 1365 3686 ct
1396 3634 1532 3702 apud
1589 3633 1900 3686 Corinthios
1973 3631 2138 3686 forni~

555 3735 789 3776 ratorem
847 3725 1040 3776 Paulus
1096 3725 1430 3785 emendavit.
1492 3741 1584 3794 per
1634 3726 1812 3779 carnis
1863 3726 2132 3779 interitum

555 3817 750 3868 animm
779 3817 1020 3868 morbum
1046 3816 1323 3869 cohibens.
1354 3817 1483 3870 Nam
1513 3818 1719 3871 invecta
1747 3818 1798 3871 in
1827 3832 2023 3885 corpus
2047 3833 2136 3873 se-

551 3906 728 3958 ctione
748 3947 764 3970 ,
788 3908 862 3960 sic
887 3907 1080 3958 malum
1105 3909 1416 3976 compressit
1453 3928 1464 3961 :
1501 3909 1636 3962 haud
1661 3925 1818 3964 secus
1840 3925 1999 3979 quam
2025 3924 2135 3965 mc-

554 3999 704 4048 dirus
734 3998 986 4065 optinuis.
1017 3998 1102 4066 qui
1129 4014 1247 4051 cum
1279 3999 1586 4068 hydropisin
1616 4009 1706 4054 aut
1729 4001 1969 4068 splenem
2002 4001 2139 4054 inte-

556 4089 786 4140 rioribus
829 4090 1127 4155 pbarmacis
1155 4106 1257 4142 non
1291 4091 1485 4145 cedere
1527 4092 1668 4145 videt
1693 4134 1707 4156 ,
1740 4094 1976 4147 exterius
2007 4095 2131 4147 urit.

557 4181 647 4232 Sic
677 4195 797 4247 erga
830 4179 1174 4249 paralyticum
1217 4184 1323 4248 egit
1347 4180 1606 4234 Christus.
1638 4183 1711 4234 Ae
1737 4182 1856 4235 vide
1905 4198 2134 4252 quomo-

556 4271 626 4321 do
657 4269 707 4321 id
756 4268 989 4322 declaret
1015 4286 1025 4319 :
1062 4269 1190 4321 l-Icre
1212 4287 1368 4324 sanus
1397 4271 1560 4338 factus
1579 4287 1632 4323 cs
1654 4288 1669 4332 ;
1687 4275 1798 4338 jum
1829 4273 1932 4323 noli
1956 4289 2134 4339 pecca-

552 4378 635 4422 re,
672 4377 732 4412 ne
761 4361 978 4412 deterius
1008 4360 1094 4411 tibi
1124 4360 1317 4427 aliquid
1346 4362 1623 4429 contiugat.
1658 4360 1794 4428 Quid
1823 4363 1982 4431 igitur
2013 4363 2135 4417 inde

550 4453 825 4505 discimus.
858 4452 1132 4515 Primum,
1164 4468 1225 4505 ex
1261 4460 1478 4520 peccato
1510 4452 1606 4520 ipsi
1639 4462 1818 4505 natum
1851 4454 2128 4515 morbum;

550 4542 820 4604 secundo,
853 4557 977 4595 vero
1031 4543 1353 4596 credendam
1394 4557 1512 4597 esse
1556 4544 1886 4611 gehennam;
1939 4547 2129 4609 tertio,

548 4633 852 4685 diuturnmn
877 4648 1035 4701 atque
1059 4644 1367 4701 perpetuum
1389 4649 1508 4688 esse
1539 4636 1878 4704 supplicium.
1899 4636 2125 4691 Ubinam

548 4738 676 4789 ergo
706 4733 826 4774 sunt
858 4724 928 4774 illi
960 4725 1047 4791 qui
1081 4724 1259 4776 dicunt
1281 4764 1294 4782 .
1329 4725 1484 4777 llorm
1516 4727 1670 4779 unius
1700 4729 1874 4794 spatio
1915 4731 2086 4781 occidi
2115 4772 2128 4790 ,

552 4815 694 4866 brevi
741 4824 980 4882 tempore.
1028 4815 1348 4869 adulterium
1396 4817 1674 4880 commisi,
1706 4827 1759 4870 rt
1803 4819 2132 4873 innnortnles

547 4906 686 4958 dabo
717 4907 932 4973 pmnas?
965 4905 1099 4961 Ecce
1131 4909 1214 4961 hic
1247 4924 1350 4961 non
1392 4919 1468 4961 tot
1500 4913 1738 4978 peccavit
1768 4922 1897 4981 quot
1946 4914 2130 4982 plexus

546 5007 628 5049 est
657 4999 809 5050 annis
835 5040 847 5060 ,
881 5009 929 5051 et
966 5002 1016 5050 in
1067 4998 1417 5054 diuturnitate
1468 5016 1638 5068 poma)
1691 4994 1854 5055 totam
1888 5003 2002 5057 fere
2035 5005 2130 5057 ho-

548 5089 701 5139 minis
747 5090 905 5141 vitam
955 5091 1272 5157 absumpsit.
1320 5089 1432 5143 Non
1465 5092 1602 5144 enim
1637 5109 1698 5146 ex
1734 5103 1975 5163 tempore
2009 5112 2129 5164 pec-

544 5190 659 5229 σιηιτι
691 5181 904 5232 metitur
941 5182 1076 5233 Doris
1099 5224 1111 5245 ,
1141 5182 1232 5235 sed
1272 5197 1335 5235 ex
1375 5183 1484 5250 ipsa
1515 5185 1777 5242 scelerum.
1807 5199 2014 5242 natura.
2047 5189 2125 5244 Ad

548 5270 659 5320 ba'e
701 5270 826 5322 illud
869 5287 1077 5336 quoque
1123 5273 1599 5338 considerandum,
1630 5277 1728 5329 etsi
1761 5293 1951 5347 graves
1978 5282 2124 5348 prio-

547 5379 660 5412 rum
695 5363 955 5414 srelcrum
990 5377 1172 5429 pmnas
1199 5362 1388 5416 demus
1411 5407 1425 5428 ,
1455 5365 1498 5418 si
1531 5367 1581 5418 in
1611 5368 1797 5421 eadem
1834 5379 2014 5438 postea
2049 5373 2126 5424 in-

546 5445 783 5502 ridamus
810 5492 823 5512 ,
862 5451 1016 5517 longe
1059 5453 1302 5520 graviora
1336 5470 1432 5508 nos
1461 5455 1712 5526 deinceps
1743 5475 2028 5528 passuros;
2061 5478 2122 5518 ac

538 5543 655 5606 jure
689 5546 895 5596 merito.
934 5545 980 5597 Is
1010 5545 1151 5598 enim
1184 5546 1273 5613 qui
1306 5561 1371 5599 ne
1399 5549 1658 5616 supplicio
1685 5552 1900 5619 quidem
1933 5555 2123 5610 melior

540 5635 804 5698 ct‘lieitur,
852 5637 1000 5704 quasi
1053 5635 1297 5704 stupidus
1346 5635 1557 5690 demum
1604 5650 1656 5694 et
1701 5653 2037 5715 contemptor
2069 5649 2117 5701 iu

547 5725 798 5791 maiorem
829 5728 1052 5782 ducetur
1077 5728 1391 5782 rruciatum.
1423 5728 1597 5785 Semel
1626 5748 1765 5788 enim
1799 5737 2002 5809 lapsum
2027 5740 2119 5792 du-

1343 341 1400 393 s.
1441 333 1714 391 JO.\N.\‘IS
1752 328 2218 388 CllltYSOS‘I'OMl
2261 329 2572 385 ARCIlIEP.
2615 329 3142 390 CONsTAN'nxoe.

1838 2205 2172 2268 HOMILIA
2227 2204 2346 2263 XX
2362 2207 2585 2268 XVIII.

3771 341 3869 396 2H

2268 446 2436 514 magis
2468 447 2882 507 iutumesrebat.
2930 459 2982 503 et
3028 449 3093 502 ad
3141 449 3344 505 cmdem
3394 454 3766 521 properabat:
3801 456 3867 507 ita

2265 535 2368 591 hoc
2393 538 2574 590 vitium
2600 537 2692 590 illo
2722 537 2910 592 fortius
2935 550 3052 606 est,
3083 557 3256 611 neque
3289 541 3453 598 facile
3478 556 3739 608 curatur,
3771 548 3868 600 uisi

2261 628 2616 684 attendamus.
2664 630 2936 686 Radicitus
2979 648 3106 702 ergo
3147 635 3323 702 ipsum
3362 636 3705 699 evellamus,
3742 639 3867 692 illud

2260 721 2590 790 cogitantes,
2634 736 2732 774 nos
2763 731 2820 774 ut
2853 724 3016 777 Deum
3065 724 3391 779 offendimus
3415 768 3430 789 ,
3461 727 3594 780 dum
3629 731 3860 784 aliorum

2263 809 2416 864 benis
2448 810 2747 865 inridemus
2767 853 2782 876 ,
2817 812 2888 866 ita
2933 813 3202 880 placemus
3234 817 3333 885 ipsi
3361 860 3377 883 ,
3411 833 3537 872 cum
3567 833 3861 891 congratu-

2263 905 2434 958 lamur
2453 946 2467 968 ,
2496 915 2550 959 et
2575 907 2645 959 ita
2677 917 2961 960 consortes
2985 907 3250 962 efficimur
3274 911 3543 966 bonorum
3566 930 3696 982 qua:
3726 927 3867 970 recte

2263 998 2498 1064 aperanti
2529 1009 2710 1067 parata
2743 1009 2887 1054 sunt.
2924 999 3048 1055 Ideo
3075 1001 3272 1056 l’aulus
3304 1003 3587 1069 hortatur,
3627 1006 3869 1060 (Icariis-'9

2255 1103 2368 1139 cum
2390 1089 2739 1157 gaudentibus.
2761 1100 2805 1144 et
2827 1092 2954 1158 ﬂere
2973 1108 3087 1144 cum
3107 1094 3344 1161 ﬂentibus
3371 1096 3389 1161 (
3416 1097 3571 1149 Rom.
3603 1099 3698 1152 12.
3729 1101 3826 1153 liii
3849 1119 3861 1159 :

2256 1187 2306 1229 ut
2345 1194 2593 1247 maguum
2631 1183 2878 1250 uzriuque
2908 1181 3111 1236 lucrum
3145 1196 3505 1253 reportemus.
3538 1185 3863 1259 Cogitautes

2256 1269 2448 1333 igitur,
2481 1272 2580 1324 etsi
2619 1287 2723 1325 non
2749 1274 3082 1338 laboremus,
3115 1275 3158 1328 si
3186 1291 3309 1345 erga
3336 1277 3681 1334 laborantem
3713 1291 3858 1336 recte

2253 1360 2587 1424 afficiamur,
2622 1364 2762 1417 illius
2807 1380 2906 1418 nos
2955 1380 3275 1422 coronarum
3322 1370 3618 1440 participes
3672 1372 3855 1435 effici,

2252 1451 2475 1506 livorem
2523 1469 2738 1508 onmem
2785 1456 3098 1524 ejiciamus,
3143 1468 3198 1512 et
3231 1461 3511 1514 caritatem
3547 1462 3600 1515 in
3649 1465 3851 1516 animis

2252 1542 2449 1594 nostris
2496 1542 2823 1607 inseramus;
2861 1557 2916 1598 ut
2945 1546 3069 1599 dum
3105 1546 3358 1604 fratribus
3391 1553 3658 1621 prwclarc
3693 1571 3862 1623 agt-n-

2253 1631 2391 1684 ti'us
2421 1633 2743 1700 plamlinms,
2776 1645 2830 1689 et
2861 1641 3146 1705 przesentia
3170 1651 3222 1694 et
3249 1642 3424 1695 futura
3450 1659 3862 1716 consequamur

2250 1722 2387 1775 bona
2408 1766 2423 1787 ,
2453 1728 2620 1794 gratia
2646 1738 2700 1780 et
2731 1729 3058 1800 benignitate
3091 1734 3298 1788 Domini
3333 1739 3505 1791 nostri
3534 1739 3667 1793 Iesu
3696 1741 3854 1794 chri-

2247 1817 2314 1869 sti
2335 1857 2348 1878 ,
2382 1833 2474 1884 per
2503 1833 2659 1886 quem
2688 1830 2743 1873 et
2770 1836 2890 1875 cum
2935 1840 3041 1892 quo
3072 1825 3211 1880 Patri
3232 1827 3434 1897 gloria,
3466 1847 3686 1901 unaque
3716 1834 3840 1900 Spi-

2251 1907 2369 1958 ritui
2412 1917 2598 1962 sancto
2619 1951 2633 1972 ,
2669 1927 2809 1967 nunc
2841 1923 2892 1968 ct
2923 1929 3136 1984 semper
3159 1957 3176 1983 ,
3207 1930 3260 1971 et
3293 1919 3344 1971 in
3377 1923 3575 1976 sa-cula
3622 1926 3854 1980 seculo-

2251 2014 2383 2050 rum.
2422 2003 2609 2052 .\tllt'lt.

2532 2131 2582 2142 δ.-.

3031 2147 3078 2153 -η
3105 2148 3166 2153 --
3189 2149 3220 2155 α.
3239 2150 3294 2155 ρ...
3313 2150 3452 2158 ...ρο

2257 2348 2410 2403 bebat
2457 2357 2777 2424 supplicium
2819 2363 3073 2422 cohibere
3111 2378 3164 2422 et
3193 2369 3258 2422 ad
3311 2371 3595 2427 meliorem
3648 2377 3855 2445 frugem

2254 2443 2509 2499 reducere
2531 2466 2541 2499 :
2569 2450 2690 2517 quia
2718 2468 2844 2507 vero
2867 2469 2987 2524 post
3011 2459 3213 2513 illatum
3238 2465 3559 2531 supplicium
3585 2483 3696 2519 non
3719 2479 3848 2532 tein-

2253 2539 2525 2601 perantior
2569 2541 2836 2608 el'ticitur,
2871 2548 2962 2601 sed
3011 2549 3196 2604 eadem
3243 2553 3354 2622 ipsa
3384 2555 3548 2610 audet
3595 2561 3851 2626 aggredi,

2246 2626 2366 2692 jure
2391 2630 2538 2682 dabit
2571 2649 2756 2699 paruas
2784 2637 2847 2688 ad
2871 2655 3005 2707 quas
3033 2642 3336 2698 inferendas
3365 2646 3481 2715 ipse
3509 2654 3852 2717 provocavit.

2249 2715 2301 2767 Si
2361 2734 2488 2771 vero
2543 2735 2755 2789 peccata
2817 2729 2901 2782 hic
2961 2734 3185 2797 repetita
3239 2738 3455 2805 gravius
3511 2743 3849 2808 puniuntur,

2248 2810 2461 2875 quando
2492 2812 2574 2867 hic
2603 2817 2777 2869 nullas
2806 2831 3144 2886 peccatorum
3176 2841 3364 2894 pugnas
3393 2830 3592 2886 damus
3615 2875 3629 2897 ,
3666 2850 3846 2888 annnu

2249 2917 2572 2971 magnopere
2614 2909 2912 2964 timendum
2945 2917 3384 2988 tremendumque
3413 2923 3576 2977 nobis
3607 2933 3732 2989 est,
3764 2937 3848 2979 ut-

2251 3003 2373 3058 pote
2395 2995 2748 3053 intolerabilia
2781 3007 3050 3070 passuris?
3075 3007 3140 3061 Et
3162 3022 3259 3063 cur
3279 3051 3294 3075 ,
3326 2997 3533 3077 inquies
3555 3054 3578 3077 ,Α
3599 3030 3709 3068 non
3737 3032 3849 3070 om-

2251 3100 2346 3137 nes
2385 3087 2462 3140 sic
2510 3093 2839 3156 puniuntur?
2882 3095 3075 3152 Multos
3117 3099 3258 3154 enim
3305 3103 3567 3157 scelestos
3601 3108 3847 3162 videuuh

2249 3177 2426 3244 pingui
2485 3181 2787 3239 valetudine
2846 3186 3124 3255 fruentes,
3177 3206 3544 3262 prosperaque
3605 3199 3846 3254 fruentes

2247 3267 2477 3324 fortuna.
2514 3273 2710 3329 Verum
2743 3293 2809 3330 ne
2839 3278 3090 3346 fidamus,
3124 3283 3214 3336 sed
3250 3284 3558 3354 liujusmodi
3593 3289 3844 3345 homines

2245 3362 2484 3416 nomium
2532 3367 2762 3422 maxime
2806 3370 3170 3438 deploremus.
3200 3375 3253 3430 Si
3283 3377 3426 3430 enim
3459 3377 3547 3434 hic
3581 3383 3718 3436 nihil
3751 3403 3842 3452 pa-

2247 3451 2478 3517 ti.mtur,
2511 3455 2609 3509 hoc
2638 3456 2742 3510 illis
2772 3460 3024 3516 viaticum
3056 3475 3140 3518 est
3165 3465 3232 3519 ad
3274 3469 3448 3536 majus
3486 3451 3839 3541 supplicium.

2247 3541 2358 3595 lloc
2387 3543 2582 3599 Paulus
2611 3546 2692 3600 his
2731 3553 2909 3604 verbis
2940 3555 3261 3623 significavit
3287 3576 3300 3612 :
3337 3559 3494 3613 Num:
3523 3574 3698 3618 autem
3729 3584 3841 3620 rum

2243 3635 2625 3703 iudicamur,a
2665 3637 2888 3695 Domino
2939 3647 3274 3715 corripimur,
3327 3661 3380 3703 ut
3431 3669 3535 3706 non
3580 3672 3703 3708 cuni
3753 3660 3844 3712 hoc

2245 3727 2432 3779 mundo
2470 3728 2773 3785 dmune'mur
2800 3734 2883 3804 (ι.
2919 3734 3037 3790 Cor.
3077 3741 3163 3793 II.
3195 3741 3319 3813 52).
3351 3743 3448 3798 IIic
3491 3746 3801 3803 admonitio
3825 3795 3837 3810 ,

2244 3815 2350 3870 illic
2371 3817 2713 3887 supplicium.
2740 3823 2878 3888 Quid
2908 3826 3110 3896 igitur?
3143 3830 3384 3900 inquies;
3419 3850 3486 3888 an
3518 3839 3698 3893 morbi
3729 3857 3842 3893 om-

2243 3921 2337 3960 nes
2368 3922 2430 3961 ex
2479 3913 2709 3977 peccatis
2748 3917 3036 3974 oriuntur?
3061 3919 3176 3974 Non
3205 3937 3394 3979 omnes
3415 3967 3429 3986 ,
3459 3929 3555 3980 sed
3593 3930 3835 3998 plurimi.

2241 3995 2465 4062 Quidam
2507 4002 2648 4054 enim
2676 4019 2742 4057 ex
2778 4009 3003 4076 segnitie
3041 4022 3214 4066 ortum
3246 4014 3461 4070 habent.
3500 4018 3641 4074 Nam
3671 4026 3791 4094 gula
3819 4069 3832 4088 ,

2240 4089 2491 4154 ebrietas,
2514 4096 2792 4162 segnities,
2820 4099 3123 4167 hujusmodi
3147 4108 3363 4161 morbos
3386 4111 3629 4177 pariunt.
3661 4089 3838 4171 linum

2242 4193 2401 4246 porro
2431 4182 2627 4250 ubique
2670 4177 3062 4244 observandum
3095 4203 3214 4260 est,
3246 4207 3303 4249 ut
3349 4199 3562 4268 plagam
3617 4219 3839 4261 omnem

2240 4283 2360 4322 eum
2380 4274 2666 4340 gratiarum
2688 4278 2897 4332 actione
2917 4282 3166 4337 feramus.
3191 4286 3651 4358 Propterpcccata
3674 4299 3836 4351 etiam

2243 4360 2542 4417 inferuntur
2585 4368 2801 4424 morbi:
2846 4387 2965 4424 nam
3007 4375 3057 4426 in
3101 4376 3255 4432 libris
3299 4379 3508 4450 Regum
3541 4391 3836 4453 quemdam

2240 4453 2481 4508 videmus
2515 4457 2633 4511 ideo
2665 4460 2898 4531 podagra
2929 4465 3264 4523 laborantem
3294 4473 3382 4538 (ὅ.
3415 4472 3545 4546 Reg.
3582 4477 3674 4533 15.
3709 4483 3833 4540 9.5).

2244 4545 2469 4599 \‘eninnt
2509 4551 2668 4602 etiam
2703 4563 2761 4605 ut
2809 4558 3142 4622 probatiores
3184 4545 3506 4630 reddamuri
3541 4566 3668 4625 hinc
3699 4572 3837 4626 John

2237 4636 2364 4688 dicit
2407 4637 2545 4691 Dens
2571 4657 2581 4690 :
2621 4640 2703 4693 Ne
2729 4661 2806 4694 me
2835 4656 2981 4714 putes
3010 4648 3161 4701 aliter
3203 4653 3275 4705 sic
3303 4663 3464 4707 tecum
3505 4660 3672 4728 egisse
3692 4705 3705 4724 ,
3740 4668 3834 4715 ηω

2238 4738 2289 4777 ut
2320 4731 2492 4796 justus
2530 4749 2779 4798 apparens
2803 4737 2961 4804 (Job.
2997 4741 3086 4794 40.
3108 4740 3220 4813 5)?
3245 4743 3350 4801 Sed
3380 4763 3478 4803 cur
3501 4766 3624 4806 cum
3655 4756 3724 4812 de
3757 4760 3837 4811 Lis

2238 4823 2539 4891 paralytieis
2587 4827 2759 4892 agitur
2784 4872 2797 4892 ,
2833 4842 3047 4898 peccata
3081 4834 3132 4888 in
3168 4838 3401 4894 medium
3450 4842 3704 4902 Christus
3733 4856 3833 4902 ad-

2235 4910 2563 4966 ducit?Nam
2595 4925 2650 4968 et
2672 4918 2742 4969 illi
2767 4919 2917 4987 cujus
2955 4923 3231 4981 Mattlneus
3259 4931 3502 4986 meminit
3525 4936 3601 4988 ait
3632 4955 3646 4991 :
3680 4941 3816 4993 Cou-

2235 5001 2364 5067 ﬁde,
2395 5005 2506 5069 ﬁli,
2535 5009 2859 5062 remittuntur
2887 5014 2974 5065 tibi
2996 5027 3240 5085 peccata;
3269 5034 3322 5074 et
3351 5023 3474 5079 huic
3495 5065 3509 5090 ,
3555 5026 3716 5095 Vide,
3749 5051 3832 5084 sn-

2235 5110 2329 5145 ηιμ
2350 5098 2514 5164 factus
2535 5115 2615 5163 es,
2641 5100 2746 5153 noli
2768 5106 2988 5170 amplius
3013 5125 3220 5176 peccare
3249 5113 3475 5184 (Matth.
3501 5120 3556 5172 9.
3579 5122 3615 5173 2
3632 5123 3676 5190 ).
3707 5125 3834 5178 Srio

2233 5189 2488 5254 quosdam
2517 5190 2655 5245 hunc
2680 5197 3032 5266 paralyticum
3056 5204 3354 5273 criminari,
3379 5211 3521 5277 quod
3547 5189 3831 5271 Christum

2231 5283 2561 5336 aceusaverit
2582 5326 2594 5345 ,
2621 5294 2674 5340 et
2700 5286 2821 5340 ideo
2849 5289 2936 5342 illa
2961 5290 3176 5347 audisse
3199 5294 3402 5351 dicunt.
3434 5300 3572 5366 Quid
3606 5323 3738 5376 ergo
3761 5311 3829 5362 de

2233 5374 2520 5444 paralytico
2547 5378 2638 5429 illo
2661 5379 2922 5444 dicemus,
2955 5381 3022 5438 de
3048 5400 3154 5454 quo
3182 5386 3476 5454 Mattbmus,
3508 5397 3596 5460 qui
3627 5374 3821 5453 eadem

2232 5481 2367 5533 pene
2392 5469 2631 5521 audivit?
2661 5471 2792 5524 Nam
2825 5475 2896 5526 illi
2925 5491 3140 5545 quoque
3166 5479 3334 5543 dixit,
3369 5480 3718 5538 I'lcmittuumr
3741 5496 3828 5542 (ibi

2230 5569 2450 5626 pet-ratu.
2483 5560 2635 5614 Unde
2680 5566 2852 5631 palam
2880 5578 2962 5621 est
2992 5585 3113 5622 cum
3160 5586 3264 5626 non
3295 5572 3381 5626 illa
3406 5573 3476 5628 de
3513 5591 3674 5630 causa
3713 5581 3829 5635 IIJ‘C

2226 5651 2489 5705 audivisse
2514 5672 2523 5705 :
2553 5655 2780 5722 quodex
2811 5662 3159 5728 sequentibus
3182 5664 3378 5719 clarius
3400 5666 3642 5720 ediscere
3673 5673 3823 5725 Iit‘t‘t.

2234 5741 2416 5795 Postea
2459 5746 2630 5808 ruim,
2683 5749 2883 5816 inquit,
2933 5753 3116 5805 invenit
3154 5770 3265 5807 eum
3305 5756 3355 5808 in
3396 5763 3582 5824 templo
3621 5760 3821 5814 Jca'us.
