4024 6454
172 404 282 462 ΞΗ

169 521 316 592 quod
357 530 487 572 sane
520 511 733 584 pietatis
779 509 992 578 signum
1023 513 1160 559 erat.
1187 499 1305 558 Non
1338 499 1485 554 enim
1529 497 1702 592 forum
1733 507 1789 552 et

169 591 486 670 ambulacra
515 606 750 678 petebat,
776 614 952 672 neque
977 599 1101 654 cibo
1122 607 1174 653 et
1191 596 1417 650 desidiie
1439 608 1499 648 se
1521 591 1781 654 όεόι-ικιι,

173 707 269 762 sed
298 707 350 760 in
379 703 585 772 templo
618 697 846 770 degebat
877 712 892 750 :
923 689 1137 749 etiamsi
1169 689 1320 744 illiue
1348 702 1409 742 se
1438 687 1508 741 ab
1527 683 1784 739 omnibus

172 796 482 872 pellendum
506 795 846 863 exspectaret
866 829 880 852 ,
909 784 1045 840 nihil
1075 782 1177 854 ipsi
1205 781 1409 845 suasit,
1439 789 1491 832 nt
1523 793 1552 831 a
1581 776 1786 845 templo

169 888 497 945 discederet.
525 882 661 940 Cum
693 894 826 951 ergo
853 875 1102 935 Christus
1130 873 1284 928 illum
1316 872 1612 926 invenisset
1641 877 1784 937 post-

169 1000 332 1054 quam
355 995 482 1038 cum
518 977 722 1037 Iudaeis
750 975 1006 1046 loquutus
1047 969 1256 1030 fuerat,
1305 965 1435 1020 nihil
1471 961 1782 1033 lmjusmodi

173 1074 559 1132 subindieavit.
611 1069 763 1140 Quod
793 1068 840 1123 si
871 1066 974 1121 hac
999 1063 1070 1119 de
1108 1078 1170 1117 re
1201 1061 1350 1116 illum
1393 1072 1655 1114 accusare
1697 1069 1791 1108 vo-

174 1170 364 1225 luisset
383 1209 400 1235 ,
425 1167 648 1222 dixisset
680 1163 754 1216 illi
783 1179 796 1215 :
830 1160 1038 1214 Rursus
1061 1156 1115 1210 in
1146 1154 1338 1209 iisdem
1370 1151 1617 1222 pet-sistis
1636 1189 1651 1213 ,
1681 1163 1784 1203 nec

171 1280 239 1316 rx
295 1266 609 1329 recuperata
658 1249 971 1308 valetudine
1012 1247 1186 1302 factus
1224 1266 1287 1298 es
1313 1243 1554 1298 melior"
1585 1241 1782 1295 Verum

175 1352 304 1406 nihil
336 1349 467 1404 dicit
513 1343 864 1416 htqusmodi,
911 1340 1006 1397 sed
1052 1339 1105 1395 itt
1160 1348 1436 1409 posterum
1481 1335 1782 1390 cautiorem

172 1443 366 1500 reddit.

243 1535 299 1591 2.
324 1534 435 1589 Cur
457 1541 636 1587 autem
662 1543 784 1585 cum
813 1526 1037 1583 claudos
1064 1533 1120 1580 et
1150 1523 1368 1578 mutilos
1414 1528 1570 1576 curat
1588 1559 1604 1582 ,
1649 1517 1781 1572 nihil

172 1627 476 1699 huiusmodi
505 1623 778 1696 loquitur?
806 1621 930 1677 Mihi
963 1619 1181 1692 quidem
1215 1617 1427 1672 videtur
1459 1614 1543 1668 bis
1563 1611 1781 1682 quidem

171 1722 417 1776 morbqu
447 1719 500 1774 in
530 1725 870 1788 peccatorum
895 1727 1108 1783 ptenam
1135 1711 1372 1772 venisse,
1399 1707 1523 1761 aliis
1552 1719 1685 1761 vero
1712 1718 1780 1759 es

167 1828 430 1886 corporea
475 1810 801 1866 inﬁrmitate.
860 1805 970 1860 Ni-i
1027 1803 1131 1860 hac
1179 1812 1346 1869 esset,
1375 1799 1511 1856 alios
1566 1812 1782 1869 quoque

167 1907 359 1964 eadem
382 1905 452 1960 de
480 1918 639 1960 causa
684 1902 993 1971 alloquutus
1042 1898 1251 1953 fuisset.
1303 1895 1440 1951 Cum
1489 1895 1636 1949 enim
1695 1891 1782 1946 hic

169 1999 392 2054 morbus
411 2006 730 2052 cteterorum
761 1993 1000 2046 omnium
1029 1991 1098 2045 sit
1124 1988 1496 2060 gravissimus,
1519 1979 1623 2055 per
1654 2000 1779 2040 eum

154 2092 333 2148 'etiam
391 2088 690 2144 minoribus
757 2085 1053 2141 remedium
1126 2082 1349 2152 priebet.
1427 2078 1579 2135 Sicut
1634 2079 1779 2133 enim

166 2199 295 2239 cum
346 2182 510 2235 alium
535 2179 826 2250 quemdam
875 2176 1206 2238 curavisset,
1239 2172 1496 2243 przccepit
1519 2171 1571 2226 ei
1603 2168 1778 2224 utda-

169 2285 254 2332 ret
305 2275 531 2345 gloriam
580 2273 728 2336 Deo;
763 2285 868 2324 non
901 2269 972 2322 illi
1005 2269 1106 2323 soli
1160 2266 1262 2320 hoc
1301 2265 1564 2320 monitum
1603 2263 1778 2327 dans,

166 2367 265 2421 sed
300 2381 396 2436 per
426 2366 573 2420 illuttt
614 2363 906 2416 omnibus:
933 2363 1010 2415 sic
1056 2375 1151 2429 per
1192 2360 1290 2413 hos
1340 2359 1503 2412 etiam
1551 2366 1782 2410 caeteros

165 2472 362 2513 omnes
389 2457 632 2512 hortatur
652 2498 669 2523 ,
700 2467 751 2510 et
780 2456 897 2509 hiec
926 2455 1126 2509 monita
1154 2455 1248 2508 dat
1272 2451 1520 2522 singulis.
1555 2450 1634 2504 Ad
1667 2451 1782 2504 hinc

169 2547 275 2604 hoe
295 2550 456 2605 etiam
477 2548 806 2611 addendum,
831 2548 1003 2617 ipsum
1033 2559 1226 2616 nempe
1249 2558 1495 2615 magnam
1520 2543 1639 2610 ejus
1659 2556 1782 2611 per-

167 2641 531 2696 severantiam
556 2640 753 2696 vidisse
779 2658 793 2695 :
819 2638 1048 2708 ideoque
1074 2637 1221 2691 illum
1251 2643 1434 2689 monet
1461 2644 1518 2688 ut
1539 2633 1628 2702 qui
1660 2647 1784 2702 pos-

167 2732 244 2788 sit
275 2733 580 2788 mandatum
607 2747 826 2789 servare
847 2774 862 2799 ,
893 2739 1052 2802 atque
1085 2730 1232 2784 illum
1263 2729 1524 2796 beneﬁcio
1553 2737 1608 2783 et
1637 2726 1780 2782 futu-

170 2843 357 2882 rorum
405 2828 599 2883 timore
643 2828 907 2882 malorum
941 2825 993 2880 in
1022 2841 1151 2880 sana
1179 2833 1361 2878 mente
1403 2823 1666 2877 continet.
1715 2819 1785 2875 Et

172 2921 304 2993 vide
323 2935 484 2991 quam
513 2921 584 2973 sit
609 2920 820 2975 alienus
848 2934 878 2973 a
907 2918 1070 2973 fastu.
1114 2917 1231 2972 Non
1261 2916 1408 2972 enim
1439 2915 1607 2980 dixit,
1641 2913 1784 2968 Ecce

171 3027 368 3068 sanum
394 3021 446 3066 te
473 3012 612 3076 feci;
636 3011 754 3074 sed,
784 3011 959 3066 Sanus
982 3011 1149 3080 [actus
1172 3025 1262 3073 es;
1291 3008 1396 3061 noli
1421 3008 1644 3078 amplius
1670 3021 1786 3076 pec-

169 3120 312 3159 care.
339 3102 524 3174 Neque
549 3102 703 3168 dixit,
729 3101 809 3159 Ne
835 3114 886 3158 te
915 3103 1162 3171 puniant;
1197 3099 1314 3161 sed,
1348 3097 1432 3153 Ne
1462 3098 1549 3152 tibi
1587 3095 1786 3166 aliquid

172 3195 400 3250 deterius
449 3197 734 3266 contingat.
793 3195 847 3250 In
900 3203 1093 3249 neutro
1145 3207 1432 3263 personam
1484 3195 1805 3254 memorat,

172 3287 520 3357 ostenditque
566 3286 927 3343 valetudinem
974 3302 1040 3341 ex
1093 3285 1263 3356 gratia
1308 3283 1486 3353 potius
1530 3296 1688 3352 quam
1719 3293 1786 3334 ex

175 3381 374 3436 merito
397 3379 719 3435 reatitutain.
747 3379 933 3450 Neque
956 3381 1099 3435 enim
1145 3379 1287 3435 dixit
1315 3379 1464 3432 illum
1495 3392 1562 3432 ex
1594 3375 1788 3429 merito

175 3475 418 3528 evasisse
463 3487 683 3543 pteuas,
716 3473 811 3528 sed
853 3489 919 3529 ex
964 3471 1292 3543 benignitate
1331 3478 1602 3526 servatum
1642 3482 1785 3523 esse.

175 3562 289 3620 Nisi
320 3564 463 3621 enim
496 3566 566 3620 ita
599 3581 688 3621 res
716 3575 880 3632 esset,
905 3566 1150 3631 dixisset,
1173 3565 1310 3620 Ecce
1349 3564 1556 3618 debitas
1603 3576 1790 3631 pecca-

179 3667 358 3713 torum
407 3674 595 3728 [muas
643 3659 874 3726 dedisti;
906 3673 1040 3714 cave
1087 3659 1180 3713 tibi
1206 3657 1481 3729 deinceps.
1510 3656 1628 3712 iam
1661 3671 1789 3710 vero

178 3767 290 3808 non
322 3752 393 3808 ita
420 3753 585 3821 dicit,
616 3752 710 3808 sed
757 3752 1068 3824 quomodo?
1113 3751 1247 3807 Ecce
1294 3767 1449 3806 sanus
1506 3755 1670 3822 factus
1700 3766 1790 3814 es;

173 3845 290 3918 jam
311 3844 418 3899 noli
439 3861 668 3916 peccare.
695 3843 821 3900 llaec
845 3844 1002 3900 nobis
1027 3843 1160 3913 ipsis
1185 3839 1500 3914 frequenter
1522 3842 1788 3907 dicamus,

179 3945 239 3993 et
258 3939 303 3992 si
323 3938 568 4009 castigati
598 3937 913 3998 evadamus.
941 3936 1057 3991 lia-c
1083 3936 1220 3990 intra
1250 3949 1350 3991 nos
1377 3936 1660 4005 loquamur
1681 3933 1794 3987 sin-

180 4029 291 4100 guli
322 4045 337 4084 :
370 4027 504 4084 Ecce
521 4045 679 4085 sanus
702 4032 870 4103 factus
900 4045 986 4096 es;
1004 4030 1121 4099 jam
1160 4029 1266 4082 noli
1295 4043 1525 4098 peccare.
1559 4026 1714 4092 Quod
1746 4025 1790 4082 si

184 4121 241 4176 in
289 4119 478 4177 iisdem
528 4132 975 4191 perseverantes,
1012 4135 1198 4189 pmnas
1244 4137 1350 4174 non
1396 4118 1624 4184 denms,
1663 4116 1792 4172 illud

181 4210 544 4281 apostolicum
595 4210 886 4266 recitetnus
932 4229 946 4265 :
994 4209 1292 4283 Benignitas
1321 4209 1418 4264 Dei
1445 4208 1514 4262 ad
1543 4210 1793 4278 peniten-

180 4305 308 4357 tiam
330 4319 421 4357 nos
440 4301 650 4356 adducit
676 4316 695 4357 :
720 4304 992 4357 secundum
1022 4304 1263 4356 duritiam
1287 4312 1458 4354 autem
1488 4313 1533 4354 et
1562 4301 1798 4371 impleui-

181 4403 295 4448 tens
321 4409 410 4448 cor
434 4402 668 4448 nostrum
689 4395 1091 4448 tliesastrisamus
1112 4395 1254 4448 nobis
1279 4394 1410 4448 iram
1440 4392 1634 4467 (Rom.
1657 4395 1712 4448 2.
1739 4401 1793 4450 4.

184 4488 274 4558 5).
309 4485 496 4558 Neque
544 4485 813 4542 ﬁrmando
859 4503 1057 4557 corpus
1083 4487 1399 4553 dumtaxat,
1432 4488 1525 4542 sed
1580 4487 1798 4543 aliunde

183 4580 348 4634 etiam
403 4593 657 4650 magnum
700 4577 995 4634 divinitatis
1022 4593 1135 4633 sua:
1164 4579 1376 4649 signum
1413 4579 1510 4648 ipsi
1545 4581 1795 4649 pra-buit.

185 4669 323 4726 Cum
347 4670 492 4726 enim
518 4670 686 4738 dixit,
713 4669 837 4724 Jam
876 4672 982 4724 noli
1014 4686 1223 4739 peccare
1242 4714 1257 4738 ,
1286 4671 1554 4742 signiﬁcat
1579 4686 1638 4726 se
1671 4686 1796 4741 pec-

185 4772 308 4818 cata
334 4762 425 4818 illa
450 4763 632 4818 omnia
663 4777 850 4828 nosse,
881 4778 1002 4834 qua:
1033 4763 1123 4817 ille
1151 4772 1277 4818 aute
1311 4765 1543 4829 fecerat;
1577 4764 1719 4819 unde
1748 4765 1798 4818 iu

191 4866 466 4926 posterum
489 4854 595 4911 ﬁde
612 4856 805 4926 dignus
826 4853 1012 4910 haberi
1035 4855 1288 4912 debebat.
1314 4856 1402 4910 15.
1424 4857 1555 4910 Abiit
1573 4873 1694 4928 ergo
1713 4856 1825 4933 ille

189 4952 366 5015 homo,
390 4959 437 5004 ct
458 4949 709 5005 nuntiavit
728 4948 950 5017 Iudicis,
974 4951 1094 5020 quia
1115 4948 1150 5002 Ι
1157 4966 1268 5004 esus
1289 4959 1416 5004 esset
1437 4950 1521 5020 qui
1543 4951 1662 5020 fecit
1688 4968 1802 5006 eum

190 5059 394 5097 sanum.
427 5041 562 5098 Vide
583 5042 779 5098 iterum
809 5043 983 5113 ipsmn
1009 5055 1165 5113 grato
1195 5045 1380 5098 animo
1401 5059 1522 5100 esse
1549 5060 1803 5114 perseve-

193 5145 422 5193 rantem.
460 5134 577 5192 Non
599 5134 746 5192 enim
776 5135 910 5191 dixit
934 5155 948 5191 :
972 5135 1067 5193 Ille
1093 5147 1178 5192 est
1201 5137 1291 5207 qui
1317 5137 1453 5192 dixit
1476 5138 1626 5202 mihi,
1661 5136 1807 5192 Tolle

192 5230 494 5301 grabbatsmt
538 5239 700 5284 tuum.
746 5229 880 5297 Quia
926 5230 1070 5284 enim
1115 5230 1187 5283 illi
1220 5230 1270 5284 id
1296 5230 1436 5300 quod
1479 5229 1803 5300 culpandum

196 5324 482 5378 videbatur
536 5337 753 5395 semper
810 5324 1173 5394 objiciebant,
1221 5325 1335 5395 ipse
1396 5327 1803 5393 responsionem

195 5433 411 5487 semper
438 5417 594 5472 aliert
613 5458 628 5478 ,
659 5427 717 5472 ut
746 5418 1014 5473 medicum
1057 5419 1292 5475 celebret
1316 5460 1331 5482 ,
1360 5428 1416 5473 et
1444 5419 1580 5474 alios
1607 5419 1806 5472 alliciant

195 5521 249 5564 et
281 5509 475 5563 trahat.
507 5509 624 5564 Non
655 5511 799 5564 enim
834 5519 940 5564 tam
970 5511 1217 5581 stupidus
1243 5521 1297 5565 et
1321 5512 1562 5581 ingratus
1584 5521 1721 5573 erat,
1749 5519 1809 5564 ut

199 5614 319 5674 post
336 5612 540 5658 tantum
563 5603 880 5660 beneﬁcium
901 5619 1022 5660 cum
1046 5603 1413 5659 admonitione
1437 5603 1806 5673 conjunctum,

201 5697 504 5753 beneﬁcqu
553 5698 831 5768 proderet,
861 5707 914 5754 et
963 5699 1201 5767 maligno
1244 5698 1427 5752 animo
1451 5698 1528 5752 sic
1556 5697 1807 5768 loquere-

207 5801 312 5844 tur.
345 5788 478 5845 Nam
525 5791 624 5845 etsi
665 5789 778 5846 fera
799 5791 921 5854 ,etsi
949 5789 1279 5845 inhumanus
1310 5797 1366 5845 et
1387 5789 1629 5858 lapideus
1674 5788 1810 5844 fuis-

205 5895 310 5952 set,
338 5895 393 5941 et
420 5885 738 5941 beneﬁcium
769 5894 827 5943 et
851 5894 1024 5942 metus
1052 5885 1226 5957 ipsum
1260 5893 1507 5957 poterant
1529 5883 1804 5942 cohibere.

1099 389 1162 445 lN
1201 382 1520 443 JOANNEM
1561 381 1800 438 nomn.
1847 378 2136 436 xxxviii.
2180 382 2253 436 al.
2300 377 2564 436 xxxv".
3406 375 3518 434 2p,

1908 495 1982 550 lix
2022 494 2445 551 comminatione
2491 494 2690 565 quippe
2738 492 2960 548 timebat
2988 507 3054 547 ne
3079 490 3210 563 quid
3238 491 3339 546 sibi
3365 493 3517 550 dete-

1901 591 2016 642 rius
2035 588 2395 659 contingeret.
2418 601 2542 641 cmn
2568 586 2799 640 maxima
2824 584 3050 640 haberet
3073 584 3362 655 potestatis
3388 588 3523 642 tanti

1902 680 2100 736 medici
2130 691 2469 751 argumenta.
2521 678 2777 749 Alioquin
2810 678 2854 732 si
2881 676 3202 733 calumniari
3235 678 3519 743 voluisse,

1901 790 2007 828 non
2037 785 2330 828 memorata
2363 773 2612 836 sanitate,
2664 773 3157 841 transgressionem
3197 780 3403 827 tantum
3432 774 3522 826 itt-

1896 879 2166 923 cusasst-t.
2225 871 2290 921 At
2317 877 2506 920 eontra
2538 867 2627 921 ille
2657 879 2849 936 magna
2894 881 3018 919 cunt
3077 863 3270 920 fiducia
3296 872 3353 920 et
3379 865 3520 935 grati

1897 962 2061 1015 animi
2094 959 2488 1030 signiﬁcatione
2532 958 2857 1012 beneficium
2905 957 3169 1020 celebrat,
3201 973 3308 1011 non
3342 958 3522 1012 minus

1896 1068 2056 1121 quatit
2086 1067 2263 1105 cst-cus
2293 1050 2404 1116 illc,
2432 1051 2522 1120 qui
2549 1049 2784 1114 dicebat,
2820 1045 3007 1101 Lutum
3034 1049 3151 1117 fecit
3172 1047 3237 1101 de
3259 1058 3436 1119 sputo,
3470 1059 3518 1102 et

1896 1145 2042 1198 unxit
2067 1143 2240 1196 oculos
2267 1157 2403 1196 meos
2428 1142 2602 1212 (Joan
2655 1141 2707 1198 9.
2744 1140 2817 1210 ϐ)
2847 1157 2863 1204 ;
2896 1142 2965 1194 ita
2995 1150 3050 1195 et
3077 1140 3166 1195 hic
3193 1159 3206 1195 :
3235 1139 3397 1197 Iesus
3435 1150 3521 1197 est

1895 1238 1984 1306 qui
2009 1237 2135 1291 fecit
2153 1252 2239 1290 me
2265 1251 2477 1290 sonum.
2515 1235 2603 1290 16.
2640 1233 2924 1303 Pmpterea
2951 1236 3388 1306 persequebantur
3411 1234 3516 1288 Ju-

1894 1327 1993 1381 dtet'
2015 1325 2196 1382 Issum
2222 1337 2266 1381 et
2298 1327 2529 1381 colebant
2575 1327 2721 1380 illum
2766 1326 3054 1392 inter/icere
3076 1367 3092 1391 ,
3138 1327 3261 1395 quia
3291 1326 3401 1381 lucc
3425 1327 3517 1396 [a-

1893 1418 2052 1472 ciebat
2074 1420 2125 1472 in
2145 1418 2375 1472 sabbato.
2407 1417 2546 1486 Quid
2576 1435 2705 1489 ergo
2734 1417 3032 1474 Christus?
3068 1418 3152 1473 l7.
3181 1416 3341 1472 Pater
3367 1435 3515 1472 meus

1895 1527 2054 1581 usque
2080 1512 2232 1565 modo
2256 1523 2519 1580 operatur.
2545 1521 2591 1565 et
2622 1529 2714 1582 ego
2735 1527 2936 1581 operor.
2970 1512 3198 1578 Quando
3219 1511 3517 1581 discipulos

1892 1602 2187 1658 defendere
2235 1603 2554 1672 oportebat,
2600 1603 2854 1658 Davidem
2913 1602 3126 1658 illorum
3181 1619 3512 1660 censervum

1893 1694 1944 1747 in
1974 1694 2211 1748 medium
2239 1693 2499 1750 all'erebat
2524 1713 2536 1748 :
2565 1690 2686 1748 Non
2713 1693 2928 1766 legistis,
2960 1695 3152 1765 inquit,
3184 1694 3310 1766 quid
3338 1697 3517 1768 fecerit

1893 1785 2080 1852 David,
2104 1787 2311 1857 quando
2330 1787 2579 1842 esttriebat
2597 1788 2616 1858 (
2632 1786 2823 1842 Matth.
2848 1787 2938 1842 η.
2959 1788 2994 1844 3
3008 1788 3060 1859 )?
3079 1787 3310 1857 Quando
3330 1800 3512 1844 autem

1893 1896 1990 1952 pro
2019 1882 2199 1953 seipso
2228 1883 2486 1954 loquitur,
2515 1883 2582 1936 ad
2617 1883 2832 1939 Patrem
2862 1883 3105 1954 confugit
3128 1926 3143 1948 ,
3171 1886 3423 1955 utrinque
3450 1899 3512 1939 se

1890 1973 2035 2028 Patri
2075 1974 2341 2043 atqualem
2373 1973 2684 2044 signiﬁcans
2708 2017 2723 2042 ,
2755 1982 2958 2030 etcum
2993 1975 3244 2044 privatitn
3296 1976 3512 2030 Patrem

1891 2067 2153 2131 nominat,
2177 2077 2234 2122 et
2254 2082 2378 2121 eum
2408 2081 2469 2120 se
2493 2067 2684 2122 eadem
2725 2083 2849 2139 quin
2893 2067 3053 2124 Pater
3081 2069 3297 2139 operari
3324 2078 3513 2124 osten-

1886 2158 1984 2214 dit.
2022 2159 2088 2214 Et
2115 2175 2214 2214 cur
2242 2173 2352 2214 non
2401 2171 2666 2214 memnrat
2710 2175 2775 2216 ea
2823 2164 2946 2232 qua:
2991 2161 3044 2214 in
3095 2159 3316 2217 Jerieho
3370 2160 3510 2216 facta

1888 2253 2053 2308 sunt?
2083 2253 2306 2309 Volebat
2333 2253 2456 2309 illos
2477 2270 2506 2308 a
2535 2265 2676 2310 terra
2721 2255 3010 2323 abducere,
3046 2267 3106 2311 ut
3134 2272 3240 2310 non
3269 2257 3510 2328 amplius

1888 2348 1954 2403 ad
1999 2349 2145 2404 illum
2189 2359 2465 2419 tamquam
2511 2350 2786 2404 hominem
2823 2349 3194 2417 respicerent,
3236 2349 3332 2405 sed
3373 2361 3510 2409 tam-

1887 2458 2048 2511 quam
2069 2442 2136 2497 ad
2163 2443 2328 2497 Deum
2347 2449 2402 2497 et
2419 2441 2804 2512 logislatorem.
2825 2441 2936 2497 Nisi
2955 2453 3134 2495 autem
3156 2441 3247 2497 Dei
3275 2441 3440 2497 Filius
3457 2454 3513 2498 et

1889 2552 1953 2590 ex
1982 2535 2172 2591 eadem
2195 2535 2496 2591 substantia
2523 2545 2688 2602 esset,
2721 2535 2967 2592 defensio
2992 2537 3132 2591 foret
3161 2536 3510 2590 accusatione

1889 2628 2149 2684 deterior.
2200 2628 2254 2684 Si
2285 2630 2409 2698 quis
2434 2627 2580 2684 enim
2622 2627 2908 2698 praifectus
2927 2670 2944 2694 ,
2971 2628 3062 2699 qui
3093 2627 3293 2695 regiam
3339 2629 3510 2697 legem

1893 2721 2385 2793 transgrederelur,
2419 2731 2703 2777 accusatus
2733 2721 3089 2792 respoiideret
3119 2722 3295 2790 ipsum
3330 2737 3510 2792 regem

1891 2815 2036 2869 illam
2067 2825 2464 2884 transgressum
2511 2828 2651 2880 esse,
2702 2829 2811 2868 non
2862 2815 3046 2885 utique
3095 2814 3509 2876 absolveretur;

1893 2907 2002 2962 imo
2034 2907 2224 2977 majori
2254 2916 2401 2962 esset
2429 2907 2643 2962 crimini
2675 2908 2968 2962 obnoxius.
3001 2905 3204 2961 Verum
3247 2905 3334 2960 hic
3373 2921 3512 2976 quo-

1895 3001 2037 3054 niam
2066 3015 2165 3070 par
2189 3009 2276 3056 est
2307 2999 2547 3070 dignitas
2573 3041 2589 3065 ,
2618 2998 2864 3054 defensio
2892 2999 3128 3070 lrgitima
3157 2997 3380 3053 onmino
3407 3008 3510 3050 rst.

1894 3091 2099 3148 Eadem
2131 3093 2343 3149 ratione
2381 3107 2485 3164 qua
2532 3093 2700 3148 Deum
2744 3094 2974 3147 crimine
3021 3092 3284 3156 liberatis,
3327 3101 3384 3148 et
3428 3109 3515 3148 me

1895 3185 2138 3240 liberate.
2178 3185 2302 3242 Ideo
2330 3187 2564 3256 primum
2589 3185 2740 3252 dicit,
2769 3184 2926 3239 Pater
2946 3199 3123 3250 incus;
3147 3197 3201 3240 ut
3229 3186 3310 3240 vel
3335 3186 3516 3241 invitis

1895 3279 2120 3333 Suadeat
2143 3280 2333 3334 eadem
2357 3280 2457 3333 sibi
2482 3278 2832 3334 concedenda
2859 3294 3002 3342 esse,
3031 3279 3076 3332 si
3107 3295 3294 3334 verum
3321 3279 3514 3335 Filium

1897 3380 2272 3426 revereantur.
2320 3371 2474 3440 Quod
2508 3371 2551 3424 si
2585 3371 2706 3439 quis
2731 3369 2924 3424 dixerit
2953 3410 2970 3437 ,
3001 3381 3052 3424 et
3086 3370 3304 3425 ubinam
3357 3371 3519 3426 Pater

1894 3471 2173 3531 operatur,
2205 3462 2296 3532 qui
2325 3462 2559 3532 septimo
2591 3462 2679 3516 die
2712 3463 2978 3531 requievit
3004 3462 3072 3516 ab
3102 3462 3357 3517 omnibus
3383 3478 3519 3534 ope-

1898 3557 2048 3611 ribus
2077 3557 2235 3611 suis?
2267 3557 2311 3611 is
2340 3556 2560 3611 modum
2593 3571 2702 3625 quo
2729 3565 2987 3625 operatur
3029 3555 3225 3615 discat.
3271 3555 3404 3624 Quis
3429 3558 3522 3612 ille

1898 3649 2090 3705 modus
2116 3649 2234 3706 es”
2253 3648 2494 3719 Opiﬁciis
2521 3651 2633 3703 suis
2655 3647 2924 3718 providet,
2957 3648 3155 3719 illaque
3177 3649 3343 3705 fovet.
3370 3651 3506 3705 Cum

1899 3742 2049 3798 vides
2076 3758 2204 3811 ergo
2231 3742 2402 3797 solem
2450 3743 2752 3804 orientem,
2800 3741 2940 3796 luna:
2984 3757 3204 3796 cursum
3229 3785 3245 3809 ,
3293 3753 3480 3814 stagna
3503 3786 3520 3808 ,

1899 3834 2101 3899 fontes,
2125 3832 2319 3888 fluvios
2338 3874 2352 3897 ,
2379 3833 2587 3903 pluvias
2608 3842 2663 3888 et
2697 3843 2901 3888 ttttlltl'tl‘
2931 3848 3174 3899 cursum,
3203 3838 3319 3889 sive
3347 3835 3397 3889 in
3428 3852 3520 3891 se-

1901 3929 2159 3988 minibus,
2181 3927 2296 3982 sive
2320 3928 2372 3981 in
2398 3928 2598 3981 ιιυμιγίςι
2625 3936 2678 3981 et
2707 3926 2988 3982 brutorum
3015 3928 3357 3996 corporibus,
3387 3929 3522 3982 alia-

1899 4035 2006 4088 que
2045 4019 2227 4073 omnia
2271 4033 2370 4090 per
2398 4034 2520 4089 qua:
2551 4019 2654 4073 hoc
2697 4019 3012 4074 universum
3048 4020 3330 4096 Consistit,
3373 4020 3522 4076 disce

1904 4127 2200 4181 perennem
2250 4111 2425 4166 Patris
2473 4110 2874 4180 operationem,
2909 4110 3011 4178 Qui
3037 4112 3196 4166 solem
3231 4128 3402 4176 suum,
3435 4113 3522 4165 in.

1901 4204 2038 4273 quit,
2071 4203 2198 4258 oriri
2221 4203 2346 4273 facit
2372 4220 2526 4273 super
2571 4204 2732 4258 malos
2783 4214 2833 4258 et
2871 4205 3050 4268 bonos,
3099 4215 3146 4260 et
3187 4205 3320 4275 pluit
3368 4222 3516 4274 sape.

1893 4298 2061 4368 justus
2087 4308 2134 4350 et
2160 4297 2376 4366 injustas
2403 4295 2424 4364 (
2449 4295 2637 4350 Matth.
2693 4297 2746 4350 5.
2795 4297 2928 4366 45).
2965 4297 3032 4352 Et
3065 4314 3298 4363 rursum,
3331 4298 3393 4354 Si
3429 4317 3525 4353 an.

1905 4403 2003 4445 tem
2027 4397 2218 4464 [mnum
2241 4391 2352 4463 agri
2375 4392 2510 4460 quod
2530 4391 2683 4445 Itodic
2704 4400 2797 4457 est,
2822 4405 2867 4446 et
2889 4408 3004 4447 cras
3025 4395 3078 4447 in
3099 4395 3263 4465 ignem
3282 4397 3486 4449 mittitui

1909 4484 2047 4539 Deus
2075 4486 2149 4539 sic
2177 4487 2328 4539 vestit
2352 4489 2370 4554 (
2395 4484 2586 4538 Matth.
2620 4484 2675 4539 6.
2705 4485 2848 4556 30);
2883 4496 2936 4542 et
2964 4487 3034 4543 de
3058 4489 3367 4544 volatilibus
3391 4506 3518 4561 quo-

1905 4593 2010 4647 que
2028 4620 2042 4639 .
2077 4576 2234 4631 Pater
2261 4587 2422 4631 vester
2441 4577 2657 4632 ctclestis
2683 4579 2846 4649 pascit
2875 4578 2967 4632 illa
2992 4578 3168 4651 (Ibid.
3199 4597 3244 4634 υ.
3277 4580 3349 4637 26
3370 4583 3415 4655 ).

1979 4669 2032 4723 3.
2063 4669 2160 4724 Hic
2189 4684 2318 4739 ergo
2345 4668 2525 4723 verbis
2553 4678 2723 4722 totum
2755 4669 2978 4739 perfecit
3010 4671 3062 4725 in
3089 4671 3334 4740 sabbato,
3365 4674 3529 4728 nihil-

1907 4777 2013 4831 que
2035 4762 2264 4829 amplius
2291 4759 2520 4826 addidit,
2543 4760 2640 4816 sed
2667 4775 2736 4816 ex
2761 4761 2826 4817 iis
2855 4777 2976 4832 quze
2998 4761 3050 4816 in
3077 4760 3278 4833 templo
3301 4765 3527 4834 flebant,

1908 4863 2069 4922 atque
2097 4869 2160 4909 ex
2191 4854 2430 4923 ipsorum
2475 4854 2733 4923 operibus
2755 4896 2768 4918 ,
2798 4854 3009 4924 objecta
3061 4857 3287 4912 crimina
3344 4859 3528 4916 solvit.

1912 4945 2067 5018 ‘lUbi
2089 4961 2216 5000 vero
2234 4946 2445 5014 operari
2468 4944 2732 5015 praecipit,
2747 4947 3176 5016 exemplicausa,
3203 4949 3399 5004 lectum
3424 4953 3528 5006 tol-

1912 5038 2045 5104 lere,
2062 5053 2172 5091 retn
2193 5052 2324 5091 sane
2341 5054 2448 5091 noti
2467 5038 2646 5106 magni
2665 5041 2947 5104 momenti,
2963 5039 3059 5096 sed
3078 5058 3198 5110 qua:
3217 5052 3395 5097 tamen
3414 5043 3529 5097 sali.

1911 5131 2020 5186 bati
2041 5131 2365 5185 solutionem
2388 5131 2534 5186 clare
2550 5131 2838 5201 signiticet,
2859 5141 2986 5187 tune
3002 5134 3194 5188 altiora
3220 5134 3456 5205 loquitur
3475 5148 3529 5191 ut

1913 5225 2036 5278 illos
2058 5239 2125 5278 ex
2151 5223 2326 5278 Patris
2347 5223 2609 5294 dignitate
2633 5225 2908 5293 percellat,
2931 5234 2985 5280 et
3007 5223 3072 5279 ad
3096 5225 3410 5282 sublimiora
3433 5227 3530 5282 du-

1912 5330 2018 5376 cat.
2033 5318 2394 5393 Quapropter]
2413 5337 2534 5376 cum
2555 5321 2622 5377 de
2637 5322 2864 5376 sabbato
2883 5322 3080 5392 agitur,
3103 5338 3278 5394 neque
3296 5334 3354 5378 ut
3368 5323 3532 5378 homo

1987 5465 2002 5521 ξ
2037 5463 2186 5521 Totus
2208 5455 2346 5521 locus
2367 5457 2566 5521 uncinis
2585 5456 2783 5521 clausus
2804 5458 2876 5508 sic
2901 5458 3389 5521 inuiiiterpretatione
3416 5468 3532 5509 Arc-

1915 5517 2239 5584 tiniell‘ertur
2263 5532 2278 5568 :
2310 5519 2379 5584 lbi
2402 5532 2514 5569 vero
2533 5519 2733 5584 operari
2756 5516 2999 5582 principii,
3026 5516 3136 5570 cum
3154 5560 3167 5582 ,
3194 5521 3328 5580 verbi
3348 5522 3533 5584 gratia,

1916 5579 2039 5646 dicit
2059 5581 2152 5640 (sic
2170 5582 2329 5646 quoad
2350 5575 2573 5646 sensum;
2597 5597 2710 5645 quae
2733 5575 3010 5644 sequuntur
3037 5584 3141 5646 ipsa
3157 5575 3538 5637 'Aretinl'verba

1916 5595 2036 5630 atctt
2059 5595 2182 5640 ωε(
2206 5595 2329 5631 uoau
2353 5595 2572 5641 sensum,
2597 5597 2710 5645 quie
2733 5595 3010 5644 sequuntur
3037 5598 3141 5646 ipsa
3166 5595 3356 5633 Areum
3383 5595 3532 5637 verba

1915 5595 2229 5715 suu_t),_.'l‘olie
2251 5642 2508 5715 grabatum
2542 5652 2679 5694 tuum
2703 5659 2719 5695 :
2750 5652 2800 5715 ut
2833 5659 2927 5715 non
2965 5659 3118 5715 grate
3150 5645 3390 5715 quiddam
3428 5660 3532 5698 esse

1916 5705 2104 5755 sabbati
2126 5705 2576 5771 precaricatt'ottem
2614 5711 2853 5767 ostendat,
2878 5705 3058 5758 ttlttora
3101 5705 3332 5770 loquitur,
3361 5717 3410 5759 ut
3446 5724 3533 5771 pa.

1917 5768 2360 5831 tentaguttctort'tatc
2396 5768 2506 5820 illos
2529 5778 2730 5822 terreat.
2769 5777 2815 5819 et
2839 5771 2905 5819 ad
2931 5768 3192 5831 supgrnat'n
3217 5771 3378 5820 trahat
3421 5768 3534 5822 cou-

1919 5829 2289 5903 templatiortem.
2340 5841 2440 5892 Qua
2464 5832 2526 5903 de
2551 5847 2696 5903 causa
2726 5870 2740 5894 ,
2778 5842 2875 5883 etc.
2902 5829 3141 5882 Aretiuus
3167 5833 3315 5898 longe
3341 5833 3532 5886 ὺιωὲυο

1920 5906 2046 5955 rem,
2072 5901 2124 5944 ut
2151 5894 2324 5945 videre
2348 5903 2423 5945 est
2444 5935 2456 5954 ,
2485 5895 2747 5947 lectionem
2773 5904 2974 5947 secutus
3000 5906 3092 5945 est.
