4024 6470
558 349 663 406 ΜΞ

558 471 785 523 t:mtmn,
810 471 980 525 neque
1003 464 1056 507 ut
1080 453 1216 506 Deus
1245 460 1446 504 tantum
1479 463 1596 502 sese
1624 456 1840 516 purgat:
1865 445 1956 498 sed
1981 445 2140 498 modo

559 553 679 616 hac,
703 550 860 606 modo
881 548 966 602 illa
991 546 1217 599 ratione.
1250 541 1480 596 Volebat
1498 541 1639 595 enim
1663 550 1947 608 utrumque
1970 538 2136 601 credi,

555 653 610 698 et
639 640 1015 698 incarnationis
1044 637 1393 690 humilitatem
1416 675 1431 700 ,
1467 644 1519 689 et
1558 633 1777 688 Deitatis
1803 630 2135 700 dignitatem.

557 736 679 790 Ideo
705 749 845 789 nunc
869 740 926 787 ut
954 732 1095 786 Deus
1124 745 1245 784 sese
1271 737 1474 798 purgat.
1501 726 1629 781 Nam
1657 727 1700 779 si
1733 725 1966 778 humano
1995 738 2126 776 sem-

558 841 651 894 per
673 840 818 879 more
851 825 994 892 ipsos
1021 822 1322 890 alloquutus
1353 819 1554 876 fuisset.
1587 818 1638 871 in
1667 817 1849 872 eadem
1876 815 2136 884 perstitis-

554 915 1011 970 senthumilitate.
1043 911 1396 978 Quamobrem
1426 924 1493 964 ne
1535 908 1587 962 id
1627 908 1797 972 fieret,
1839 907 2044 962 Patrem
2085 905 2135 958 in

555 1008 786 1062 medium
809 1005 1043 1059 adducit.
1070 1004 1226 1073 Atqui
1255 1003 1382 1069 ipsze
1403 1008 1662 1054 creatum
1687 999 1738 1050 in
1767 997 1988 1051 sabbato
2009 1011 2136 1064 0pc-

556 1108 759 1152 rautur.
803 1097 892 1151 Sol
921 1109 1132 1150 cursum
1163 1090 1368 1161 perﬁcit
1391 1133 1404 1154 ,
1435 1089 1648 1143 flunnna
1678 1096 1932 1152 manant,
1965 1086 2136 1139 fontes

555 1190 841 1243 seaturiunt
862 1228 877 1253 ,
905 1186 1152 1240 mulieres
1178 1183 1409 1253 pariunt.
1449 1181 1641 1236 Verum
1668 1189 1723 1232 ut
1749 1179 1924 1232 discas
1964 1177 2135 1245 ipsum

556 1297 659 1335 non
688 1297 750 1334 ex
779 1293 1000 1334 numero
1029 1288 1393 1330 creaturarum
1421 1289 1539 1329 esse
1561 1315 1574 1337 ,
1600 1289 1710 1326 non
1731 1271 1896 1334 dixit,
1924 1269 2095 1326 Etiam
2117 1310 2134 1335 ,

553 1387 746 1438 rqieror
775 1388 788 1424 :
819 1386 937 1424 nam
978 1379 1236 1424 creatura:
1262 1383 1474 1437 quoque
1504 1375 1820 1434 operantur;
1851 1362 1940 1418 sed
1970 1362 2094 1432 quid
2113 1362 2136 1400 ν

557 1462 725 1514 l'ltiam
754 1503 769 1524 ,
800 1475 995 1530 eperor
1025 1477 1037 1512 :
1072 1474 1192 1512 nam
1227 1457 1380 1512 Pater
1409 1471 1560 1510 meus
1588 1463 1855 1523 operatur.
1884 1453 1970 1507 18.
2011 1451 2138 1504 Pro.

557 1563 724 1618 pterea
752 1567 869 1620 ergo
890 1551 1049 1620 magis
1078 1549 1365 1617 quaerebant
1393 1563 1506 1600 eum
1526 1546 1700 1598 Judwi
1727 1545 2024 1612 interﬁcere.
2052 1544 2131 1596 in-

557 1644 701 1708 quit,
728 1642 845 1711 quia
893 1656 992 1692 non
1030 1639 1193 1692 solum
1242 1635 1462 1690 solvebat
1509 1637 1792 1698 sabbatum,
1821 1634 1908 1686 sed
1944 1633 2062 1703 quia
2089 1642 2138 1686 et

562 1738 762 1791 Patrem
804 1751 948 1789 suum
990 1734 1184 1787 dicebat
1233 1730 1422 1794 Deum,
1452 1731 1693 1798 mqualem
1713 1746 1766 1782 se
1785 1729 1973 1800 faciens
2009 1726 2132 1780 Deo.

557 1827 733 1896 Neque
756 1827 1147 1880 verbistantum
1168 1823 1216 1876 id
1236 1822 1639 1882 demonstravit,
1662 1820 1754 1874 sed
1786 1821 1939 1889 longe
1971 1818 2138 1887 magis

554 1919 823 1988 operibus.
851 1917 957 1973 Cur
986 1919 1052 1970 ita
1076 1917 1098 1969 ?
1123 1916 1255 1983 Quia
1285 1915 1338 1967 in
1367 1915 1542 1968 verbis
1571 1913 1804 1967 cavillari
1854 1921 2095 1981 peierant
2119 1952 2135 1976 ,

556 2029 616 2066 ae
645 2013 709 2065 de
736 2010 871 2066 fastu
900 2024 1182 2072 accusare;
1224 2023 1343 2063 cum
1388 2017 1563 2060 autem
1609 2021 1787 2060 rerum
1829 2013 1880 2058 et
1916 2019 2135 2072 operum

557 2103 852 2165 veritatem,
872 2115 990 2170 qua:
1014 2099 1301 2168 potentiam
1327 2097 1660 2165 prmdicaret,
1681 2096 1988 2160 cernebant,
2014 2103 2137 2148 tunc

557 2212 622 2248 ue
653 2195 856 2248 hiscere
885 2191 1095 2262 quidem
1141 2199 1325 2245 contra
1387 2189 1672 2244 audebant.

628 2285 875 2336 Christum
908 2284 1149 2352 a'qualem
1193 2297 1299 2335 esse
1347 2280 1493 2334 Patri
1550 2279 1832 2348 probatur;
1872 2279 2139 2347 objectioni

557 2376 902 2445 respondetur.
928 2403 991 2413 —
1027 2373 1222 2426 Verum
1254 2373 1401 2426 aiunt
1424 2373 1496 2425 illi
1520 2415 1531 2433 ,
1577 2373 1665 2441 qui
1698 2371 1884 2424 nolunt
1917 2372 2029 2424 bmc
2057 2371 2136 2435 pia

558 2479 734 2520 tltettlc
762 2468 1021 2531 accipere,
1054 2465 1165 2518 Non
1197 2464 1442 2517 Christus
1472 2478 1529 2516 se
1554 2463 1811 2530 aequalem
1843 2462 1951 2515 Deo
1982 2461 2135 2522 fecit;

556 2562 646 2613 sed
673 2563 769 2613 hoc
789 2560 955 2612 .lud:ei
987 2558 1412 2627 suspicabantur.
1456 2555 1813 2623 Quamobrem
1847 2554 1959 2608 hate
1992 2554 2132 2607 dicta

558 2655 714 2705 altius
757 2667 1108 2706 resumamus.
1150 2649 1241 2704 Die
1293 2649 1421 2702 mihi
1451 2691 1464 2712 ,
1497 2647 1763 2701 Christum
1816 2647 1984 2701 Judwi
2018 2663 2139 2714 per-

558 2743 934 2810 sequebantur,
959 2756 1125 2794 neeuc
1149 2741 1171 2792 ?
1199 2739 1666 2808 Persequebantur
1698 2739 1880 2806 utique
1907 2753 1921 2801 ;
1963 2737 2011 2789 id
2045 2751 2138 2789 ne-

561 2835 686 2884 ttrilti
738 2849 841 2884 non
873 2841 1074 2883 notum.
1109 2831 1270 2882 lilanc
1296 2845 1361 2881 an
1395 2829 1494 2881 alia
1541 2829 1606 2881 de
1632 2843 1787 2881 causa
1822 2829 1989 2895 ipsmu
2023 2842 2137 2893 per-

558 2923 958 2993 seipiehantur?
991 2924 1075 2977 Illa
1109 2934 1254 2978 certe
1282 2923 1348 2976 de
1377 2936 1556 2986 causa,
1584 2930 1639 2974 ut
1667 2920 1901 2974 fatentur
1928 2935 2135 2973 omnes.

555 3017 842 3070 Salibatum
870 3015 1101 3066 solvebat
1127 3056 1141 3076 ,
1177 3013 1385 3066 necne?
1411 3011 1680 3076 Solvehat,
1717 3011 1764 3063 id
1794 3026 1949 3065 nemo
1982 3025 2139 3078 nega-

563 3111 717 3161 vi-rit.
772 3108 934 3159 Deum
984 3105 1189 3158 Patrem
1237 3118 1387 3158 suum
1437 3101 1678 3164 dicebat,
1737 3101 1944 3155 necne?
1980 3101 2130 3154 Dice-

562 3201 646 3250 bal
679 3198 875 3264 utique.
913 3197 1050 3262 Ergo
1076 3195 1259 3247 eadem
1306 3194 1445 3246 serie
1491 3201 1684 3245 Caetera
1722 3191 2135 3260 Subsequnntur.

558 3290 704 3341 Sicut.
733 3288 873 3341 enim
928 3287 1135 3340 Patrem
1179 3285 1356 3338 dicere
1381 3283 1569 3348 Detnn,
1603 3283 1807 3335 solvere
1837 3281 2135 3348 sabbatum,

558 3399 620 3433 :u:
681 3390 894 3450 propter
953 3381 1050 3432 hoc
1098 3379 1368 3447 magisilne
1423 3387 1636 3445 propter
1684 3375 1811 3430 illud
1858 3390 1888 3428 a
1941 3375 2140 3428 Juda-is

560 3472 1026 3541 persequulimu-m
1069 3472 1199 3539 pati,
1235 3486 1337 3521 non
1372 3469 1498 3521 falsa
1528 3468 1732 3536 opinio,
1756 3467 1847 3521 sed
1895 3467 2092 3521 veritas
2124 3488 2135 3521 :

565 3568 634 3620 ita
663 3568 896 3634 seipsum
945 3564 1201 3630 aupialem
1232 3563 1341 3615 Deo
1369 3563 1564 3619 facere.
1615 3560 1799 3615 eadem
1844 3567 2020 3613 mente
2048 3558 2140 3611 de-

558 3656 858 3710 clarabatur
880 3673 892 3706 :
918 3653 1057 3721 quod
1082 3669 1144 3706 ex
1179 3651 1500 3721 supradictis
1528 3648 1862 3702 manifestius
1887 3657 1986 3702 est.
2010 3647 2140 3700 Illud

558 3748 697 3799 enim
736 3745 886 3798 Pater
917 3761 1053 3798 meus
1082 3753 1340 3811 operatur,
1371 3751 1415 3794 et
1438 3757 1529 3809 ego
1566 3757 1768 3810 operor,
1795 3740 2021 3808 idipsum
2056 3747 2137 3791 est

560 3857 622 3894 ac
647 3841 688 3892 si
719 3856 777 3892 se
804 3839 915 3891 Deo
945 3837 1198 3903 :equalem
1229 3835 1443 3888 faceret.
1469 3834 1678 3887 Nullam
1731 3834 1870 3887 enim
1902 3831 2144 3901 perhibet

561 3931 612 3983 in
647 3931 726 3983 his
775 3928 951 3982 verbis
988 3926 1362 3980 dim-rentiam.
1396 3924 1576 3994 Neque
1625 3924 1766 3978 enim
1809 3923 1985 3977 dixit:
2042 3922 2136 3975 1110

561 4031 832 4090 operatur,
861 4030 915 4073 et
943 4034 1042 4088 ego
1087 4018 1470 4083 subministro;
1504 4016 1796 4082 scd,.Sicut
1833 4016 1924 4070 ille
1950 4029 2143 4084 opera-

563 4123 680 4174 tur,
716 4113 783 4164 ita
818 4121 870 4164 et
902 4125 1033 4178 ego;
1075 4123 1424 4177 magnamque
1481 4108 1714 4162 ostendit
1763 4107 2139 4176 :equalitatem.

567 4203 716 4271 Quod
747 4203 786 4255 si
817 4201 864 4255 id
889 4216 993 4254 non
1021 4199 1110 4254 ille
1139 4199 1506 4253 demonstrare
1531 4199 1820 4264 voluisset,
1851 4197 1944 4252 sed
1974 4197 2023 4250 id
2053 4197 2145 4251 Ju-

563 4294 660 4348 daei
695 4293 886 4347 frustra
930 4291 1183 4359 su5picati
1215 4299 1393 4343 essent
1429 4306 1441 4341 :
1489 4305 1593 4342 non
1626 4289 1839 4342 sivisset
1881 4288 2002 4341 illos
2032 4287 2145 4341 haec

565 4387 698 4439 falso
724 4385 1050 4446 existimare,
1097 4380 1189 4433 sed
1227 4379 1637 4434 emendavisset.
1659 4379 1838 4449 Neque
1860 4379 1960 4433 hoc
1981 4395 2145 4433 evan-

568 4477 754 4543 gelista
807 4473 1080 4538 siluisset,
1105 4486 1289 4524 verum
1321 4470 1496 4541 palam
1530 4469 1786 4537 dixisset,
1821 4471 1897 4525 sic
1927 4470 2144 4525 Judazos

564 4567 859 4635 suspicatos
905 4562 1104 4625 fuisse,
1151 4561 1244 4616 sed
1279 4563 1450 4630 ipsom
1493 4577 1598 4616 non
1644 4577 1702 4616 se
1750 4563 1857 4616 Deo
1887 4563 2142 4631 atqualem

566 4659 755 4713 fecisse
789 4675 800 4710 :
835 4666 891 4710 ut
923 4656 1048 4709 alibi
1077 4654 1238 4719 facit,
1267 4668 1386 4708 cum
1416 4653 1562 4708 videt
1588 4670 1700 4708 rem
1723 4655 1822 4708 alia
1856 4665 2033 4710 mente
2063 4655 2146 4706 di-

567 4759 728 4806 etam.
761 4747 863 4800 alio
902 4761 1064 4800 sensu
1090 4745 1257 4815 accipi
1284 4762 1298 4808 ;
1332 4753 1391 4798 ut
1416 4758 1536 4798 cum
1575 4745 1821 4799 Christus
1845 4745 1992 4810 dicit,
2022 4745 2180 4799 θοι-.

567 4839 665 4890 rite
694 4837 929 4904 templum
952 4841 1066 4902 hoc,
1098 4844 1142 4890 et
1174 4837 1227 4890 in
1251 4836 1407 4890 tribus
1439 4835 1613 4889 diebus
1644 4837 1868 4890 ρει-(ἤιαῡο
1895 4837 2045 4901 illud,
2080 4838 2147 4891 de

565 4945 730 4984 rarnc
747 4945 840 4982 sua
868 4929 1109 4997 loquens.
1135 4928 1332 4984 Verum
1361 4929 1532 4984 Judrei
1554 4929 1603 4983 id
1627 4945 1730 4983 non
1763 4930 2140 5000 intelligentes,

569 5022 658 5075 sed
686 5021 1089 5090 putantesillum
1113 5021 1180 5075 de
1199 5021 1417 5076 Judaico
1441 5023 1640 5090 templo
1668 5022 1833 5093 loqui,
1858 5023 2103 5077 dicebant
2133 5044 2142 5077 :

569 5111 920 5181 Quadraginta
939 5127 1029 5164 sea:
1057 5112 1204 5164 annis
1230 5112 1536 5179 wdiﬁcatum
1563 5121 1633 5164 est
1680 5114 1919 5181 templum
1944 5115 2036 5166 hoc
2063 5156 2074 5171 .
2106 5125 2150 5167 et

573 5214 624 5254 tu
641 5204 690 5254 in
711 5203 868 5256 tribus
886 5202 1058 5255 diebus
1083 5203 1323 5256 excitabis
1346 5203 1514 5256 illud?
1541 5202 1672 5268 Quia
1701 5204 1857 5272 igitur
1882 5205 2020 5258 aliud
2041 5211 2151 5274 ipse

573 5295 801 5353 dixerat,
834 5293 976 5345 aliud
997 5293 1068 5346 illi
1092 5295 1342 5363 suspicati
1377 5293 1585 5347 fuerant
1607 5336 1620 5358 ,
1654 5294 1847 5362 illeque
1886 5295 1953 5348 de
1981 5311 2142 5350 carne

573 5401 690 5446 sua,
746 5383 797 5437 hi
851 5383 918 5438 de
963 5385 1160 5453 templo
1210 5400 1306 5438 suo
1361 5385 1761 5454 intelligebant;
1818 5386 1866 5439 id
1915 5387 2153 5441 indicans

573 5481 922 5548 evangelista,
956 5480 1063 5533 imo
1093 5480 1300 5533 illorum
1334 5481 1608 5551 corrigens
1653 5481 1957 5550 opinionem
1981 5524 1996 5546 ,
2030 5484 2152 5536 sub-

577 5572 749 5636 iunxit
781 5589 792 5625 :
816 5570 914 5626 Ille
928 5584 1093 5626 autent
1114 5572 1307 5625 diccbat
1329 5572 1391 5626 de
1409 5574 1591 5642 templo
1609 5574 1833 5642 corporis
1860 5575 1954 5626 sui.
1976 5575 2154 5642 Itaque

577 5665 620 5714 si
653 5662 751 5716 hoc
800 5665 917 5718 loc»
963 5663 1205 5719 Christus
1251 5681 1353 5719 non
1386 5683 1442 5721 se
1465 5667 1722 5735 aequalem
1760 5667 1895 5720 Patri
1923 5668 2150 5731 fer-isset,

581 5754 884 5809 Juda‘or'nn
925 5769 1066 5812 certe
1098 5758 1145 5812 id
1178 5759 1506 5827 epinantium
1553 5761 1868 5813 δοιιιριιιίῖιιι,
1904 5761 2156 5814 emcnda-

1339 338 1394 391 S.
1434 334 1709 390 .ltMNNiS
1744 331 2210 388 CllliYSOSTOlil
2254 331 2570 387 ARCIIH‘IP.
2612 331 3137 385 (JONSTANHNOP.

3744 336 3845 391 218

2252 446 2419 498 vissct
2443 487 2458 510 ,
2491 446 2818 515 dixissetque
2851 464 2864 498 :
2906 445 3072 500 .luda-i
3123 447 3380 515 putabant
3413 450 3587 518 ipsum
3624 465 3683 504 se
3741 452 3847 505 1)(ιη

2247 537 2506 607 aequalem
2551 537 2758 602 facere,
2802 538 2914 608 ipse
2959 555 3084 592 vero
3134 555 3238 592 non
3283 538 3353 594 de
3395 542 3710 608 aequalitate
3760 545 3845 595 illa

2248 629 2583 696 loquebatur.
2619 628 2800 699 Neque
2829 631 2970 683 enim
3003 629 3088 684 hic
3109 631 3281 683 solum
3307 632 3648 702 evangelida
3673 635 3722 686 id
3750 636 3848 687 boc-

2247 722 2365 774 loeo
2397 724 2554 792 facit,
2599 723 2691 775 sed
2747 724 2906 776 etiam
2957 724 3094 776 alius
3135 725 3461 794 evangelista
3505 727 3658 778 alibi.
3716 726 3846 780 Cum

2244 816 2384 867 enim
2421 815 2760 882 praeepisset
2795 815 3070 883 discipulis
3094 816 3249 869 Jesus
3275 834 3287 867 :
3316 817 3501 870 Cavete
3530 835 3563 868 a
3599 822 3849 888 {ertnaita

2252 906 2626 958 I’hnrisworum
2678 917 2723 958 et
2756 907 3159 960 Sadducreorum
3208 906 3228 979 (
3255 908 3442 962 Matth.
3478 907 3576 963 16.
3609 909 3690 980 6)
3728 929 3741 963 :
3779 913 3846 962 illi

2243 1011 2371 1051 vero
2400 997 2716 1058 cogitarent,
2749 997 3122 1068 dicerentque.
3158 1000 3328 1054 Panes
3356 1017 3461 1052 non
3485 1002 3844 1069 accepimus,

2242 1105 2360 1143 cum
2390 1091 2534 1144 aliud
2564 1093 2649 1145 ille
2693 1092 2918 1157 diceret,
2948 1092 3267 1148 fermentum
3292 1093 3606 1148 doctrinam
3660 1096 3841 1164 appel-

2243 1182 2380 1246 lans,
2413 1182 2554 1235 aliud
2606 1183 2682 1236 illi
2715 1184 3070 1254 intelligerent
3095 1225 3110 1250 ,
3139 1186 3204 1239 de
3243 1186 3466 1254 panibus
3493 1186 3709 1240 dietmn
3759 1203 3845 1256 pu—

2245 1283 2438 1338 tantes,
2484 1273 2611 1328 illud
2637 1275 2880 1345 corrigit,
2917 1291 3020 1330 non
3045 1275 3155 1345 jam
3205 1278 3568 1346 evangelista,
3605 1279 3706 1332 sed
3741 1282 3843 1342 ipse.

2241 1365 2484 1420 Christus
2503 1366 2580 1420 sic
2613 1367 2836 1435 loquens
2863 1385 2874 1419 :
2904 1367 3172 1434 Quomodo
3196 1385 3294 1420 non
3324 1368 3616 1437 inut/ignis
3647 1385 3725 1420 me
3754 1386 3843 1419 non

2241 1458 2428 1513 dixisse
2456 1459 2590 1514 vobis
2619 1477 2649 1510 a
2677 1459 2891 1528 panibus
2921 1475 3094 1513 cavere
3125 1458 3174 1530 (1
3181 1459 3284 1512 Ι.ιὶά.
3319 1475 3367 1511 v.
3395 1461 3461 1514 Ηι
3482 1461 3498 1526 )
3523 1461 3548 1512 ?
3583 1460 3687 1514 llic
3723 1477 3844 1513 rem

2243 1548 2372 1602 nihil
2394 1550 2589 1603 simile.
2623 1550 2778 1618 Atqui
2807 1549 2949 1606 dieet
2977 1551 3188 1620 aliquis.
3225 1551 3326 1603 hoe
3357 1551 3536 1619 ipsum
3568 1551 3642 1605 de
3671 1553 3845 1605 media

2248 1637 2389 1690 tollit
2426 1639 2674 1692 Christus
2702 1639 2827 1693 dum
2855 1639 3000 1693 addit
3028 1658 3039 1692 :
3078 1639 3196 1694 Non
3234 1651 3391 1709 potest
3421 1641 3601 1695 Filius
3627 1659 3660 1695 α
3687 1644 3853 1711 seipse

2239 1728 2514 1800 quidquam
2561 1733 2743 1798 facere.
2802 1731 2914 1783 lmo
2940 1741 3126 1785 contra
3154 1773 3168 1797 ,
3203 1733 3270 1784 mi
3303 1731 3498 1795 homo;
3538 1747 3654 1786 non
3707 1735 3852 1789 enim

2243 1822 2376 1873 tollit
2404 1823 2782 1888 :equzditatem,
2821 1823 2914 1877 sed
2961 1824 3129 1876 firmat
3181 1840 3297 1877 eam
3357 1824 3486 1877 dum
3522 1825 3647 1879 ha'c
3697 1825 3844 1882 dicit.

2243 1912 2439 1966 Verum
2469 1914 2753 1983 diligenter
2798 1916 3060 1969 attendite
3089 1934 3099 1967 ε
3155 1932 3326 1983 neque
3357 1918 3502 1970 enim
3548 1918 3620 1970 de
3650 1917 3754 1972 levi
3793 1935 3844 1970 ne

2241 2006 2467 2072 qua‘stio
2483 2015 2585 2058 est.
2610 2005 2738 2059 Nam
2762 2007 2911 2064 illud.
2937 2007 2978 2060 A
3005 2009 3291 2076 semetipso,
3317 2022 3462 2076 smpe
3484 2009 3534 2060 iu
3562 2009 3842 2077 Sciiptura

2243 2097 2502 2162 habetur,
2535 2105 2588 2151 et
2619 2098 2685 2152 de
2716 2099 2932 2152 Christo
2967 2108 3021 2152 et
3050 2099 3118 2152 de
3148 2099 3346 2167 Spiritu
3396 2108 3595 2153 sancto
3640 2099 3842 2152 dictum

2241 2199 2357 2252 est;
2388 2191 2573 2258 visque
2601 2190 2850 2244 dictionis
2871 2201 2953 2244 est
2975 2190 3284 2252 ediscenda,
3311 2206 3378 2259 ne
3411 2191 3462 2243 in
3489 2192 3846 2260 gravissimos

2243 2297 2456 2336 errores
2504 2282 2818 2337 incidamus.
2868 2283 2997 2337 Nam
3035 2285 3076 2336 si
3111 2283 3254 2336 illam
3289 2283 3528 2352 excipias
3557 2294 3620 2336 ut
3665 2285 3843 2338 statim

2241 2374 2479 2435 offertur,
2532 2374 2652 2428 vide
2690 2385 2884 2442 quanta
2932 2375 3056 2428 hinc
3107 2375 3409 2428 absurditas
3454 2386 3846 2445 consequatur.

2244 2465 2426 2532 Neque
2472 2467 2615 2518 enim
2661 2465 2817 2531 dixit,
2861 2481 2921 2519 se
2970 2466 3083 2518 alia
3132 2481 3286 2533 posse
3338 2481 3431 2534 per
3490 2467 3844 2536 semetipsum

2244 2557 2494 2623 operari;
2543 2556 2642 2608 alia
2688 2571 2882 2621 secus;
2927 2556 3020 2610 sed
3065 2558 3355 2624 generatim
3403 2557 3574 2610 dii-it:
3607 2558 3682 2614 i9
3730 2556 3843 2611 Non

2245 2657 2438 2716 potest,
2470 2646 2637 2699 Filius
2681 2665 2710 2697 (ι
2741 2648 3011 2710 semetipsa
3049 2647 3326 2718 quidquam
3358 2653 3548 2718 facere.

2315 2743 2365 2792 4.
2413 2741 2860 2809 lnterrogahimus
2909 2756 3035 2808 ergo
3085 2741 3568 2806 eoutradieentem,
3629 2741 3845 2796 Nihilne

2243 2839 2412 2899 potest
2441 2847 2469 2884 a
2496 2831 2784 2900 semetipso
2820 2834 2991 2886 facere
3033 2831 3236 2885 Filius?
3265 2833 3318 2886 Si
3351 2833 3722 2900 reSponderit,
3757 2833 3845 2887 Ni-

2245 2921 2366 2985 hil‘,
2420 2937 2742 2988 reponemus
2790 2939 2802 2973 :
2849 2922 3004 2990 Atqui
3067 2923 3356 2976 maximum
3415 2923 3688 2976 bOnormn
3757 2939 3848 2992 per

2243 3014 2588 3080 Semelipstnn
2633 3011 2774 3071 fecit,
2809 3014 2856 3066 id
2886 3015 3024 3082 quod
3054 3014 3247 3067 Paulus
3274 3014 3487 3075 clamat,
3523 3015 3627 3080 Qui
3654 3033 3773 3070 cum
3798 3018 3846 3066 in

2245 3109 2409 3171 {arma
2458 3103 2551 3155 Dei
2593 3113 2738 3168 esset,
2778 3121 2876 3157 non
2919 3106 3150 3173 rapinam
3195 3107 3468 3158 arbitratus
3513 3118 3590 3160 est
3641 3125 3754 3162 esse
3798 3126 3849 3163 se

2241 3195 2485 3259 mqualem
2509 3193 2636 3259 Deo,
2665 3196 2754 3248 sed
2779 3197 3099 3264 semetipsum
3131 3199 3426 3259 exinanivit,
3457 3199 3685 3268 [emtam
3722 3204 3847 3253 serui

2241 3285 2491 3354 accipiens
2514 3285 2769 3355 (Philipp.
2795 3287 2849 3343 2.
2881 3288 2956 3357 6).
2983 3288 3047 3342 Et.
3070 3305 3254 3344 rursus
3277 3290 3387 3360 ipse
3403 3289 3659 3348 Christus
3683 3295 3843 3347 alibi:

2245 3374 2550 3430 Potestatem
2585 3378 2742 3432 habeo
2787 3381 3009 3447 ponendi
3039 3383 3261 3436 animam
3308 3399 3497 3447 nteant,
3535 3395 3586 3438 et
3617 3396 3847 3455 ponun-

2244 3476 2341 3519 tem
2366 3469 2522 3521 habeo
2550 3471 2780 3523 sumendi
2805 3488 2936 3537 eam,
2980 3482 3026 3526 et
3056 3489 3198 3526 neuio
3230 3474 3360 3527 tollit
3385 3491 3502 3528 eam
3532 3491 3567 3527 (ι
3606 3493 3690 3529 me
3719 3494 3738 3530 :
3760 3495 3849 3546 ego

2246 3575 2378 3626 pono
2402 3576 2512 3613 eam
2542 3577 2573 3612 a
2613 3563 2802 3632 meipso
2841 3563 3017 3633 (Joau.
3051 3565 3138 3618 10.
3187 3564 3296 3634 18).
3345 3565 3530 3620 \‘idcu‘
3562 3576 3620 3621 et
3661 3573 3850 3622 mortis

2245 3661 2297 3704 et
2319 3652 2438 3704 vitm
2463 3662 2775 3720 potestatem
2806 3655 3113 3723 habentem,
3137 3658 3225 3727 qui
3250 3667 3448 3712 tantam
3479 3662 3848 3714 meonomiam

2245 3759 2272 3794 a
2320 3746 2611 3814 semetipso
2657 3745 2800 3801 fecit.
2851 3747 3055 3817 Ecquid
3110 3751 3281 3804 dicam
3327 3751 3395 3805 de
3435 3749 3705 3805 Christo?
3744 3753 3852 3808 Nos

2245 3836 2408 3897 enim,
2437 3837 2629 3905 quibus
2652 3838 2781 3891 nihil
2808 3839 2982 3904 vilius,
3010 3840 3170 3893 multa
3194 3856 3221 3892 a
3255 3841 3408 3894 nobis
3431 3843 3565 3909 ipsis
3594 3843 3849 3901 fac-imus.

2245 3941 2272 3978 a
2305 3927 2457 3980 nobis
2506 3927 2635 3994 ipsis
2672 3931 2981 3997 nequitiam,
3025 3946 3052 3982 a
3087 3931 3240 3988 nobis
3272 3931 3399 4000 ipsis
3429 3934 3689 3988 virtutem
3723 3935 3852 3990 deli-

2245 4019 2436 4086 giinus.
2466 4019 2615 4085 Quod
2655 4020 2698 4072 si
2730 4037 2833 4073 ιιυιι
2871 4037 2899 4074 a
2948 4022 3101 4076 nobis
3138 4023 3285 4090 ipsis,
3321 4038 3494 4093 neque
3527 4035 3851 4093 potestatem

2249 4111 2583 4164 habeamus:
2621 4126 2813 4179 neque,
2867 4113 2910 4165 si
2965 4115 3382 4181 peceaverimus,
3433 4115 3484 4168 in
3538 4117 3852 4185 gehennam

2250 4201 2560 4266 incidemus,
2596 4217 2788 4269 neque,
2821 4203 2863 4257 si
2894 4203 3030 4257 bona
3067 4219 3228 4274 opera
3279 4203 3588 4272 fecerimus,
3628 4224 3853 4278 regnum

2249 4291 2499 4344 i'mlortun
2524 4306 2938 4360 consequemur.
2983 4293 3311 4348 Nihil-aliud
3339 4310 3470 4364 ergo
3509 4307 3595 4351 est
3627 4298 3785 4357 illud,
3817 4300 3854 4353 Α

2249 4384 2514 4453 semetipso
2543 4400 2642 4437 non
2669 4395 2830 4453 potest
2854 4391 3023 4455 facere
3053 4386 3345 4456 quidquam,
3366 4402 3527 4456 quam
3544 4390 3694 4457 qtiod
3725 4391 3862 4444 nihil

2251 4479 2416 4547 possit
2463 4479 2602 4532 Patri
2634 4483 2959 4535 contrarium
3003 4481 3198 4545 facere.
3235 4482 3365 4536 nihil
3408 4484 3673 4550 alienum,
3726 4487 3858 4540 nihil

2251 4572 2609 4641 peregrinum,
2642 4573 2689 4627 id
2720 4574 2862 4642 quod
2903 4578 3132 4630 maxime
3157 4575 3518 4645 mqualitatem
3544 4586 3601 4632 et
3627 4593 3861 4633 concor-

2249 4663 2390 4715 diam
2422 4679 2664 4732 magnam
2708 4665 2962 4721 ostendit.
3015 4667 3081 4720 Et
3105 4682 3202 4720 cur
3225 4681 3332 4721 non
3362 4667 3519 4733 dixit,
3551 4668 3699 4725 Nihil
3731 4687 3861 4726 con-

2255 4756 2471 4809 trarium
2499 4755 2640 4819 facit,
2665 4758 2779 4822 sed,
2810 4757 2928 4812 Non
2959 4762 3164 4826 potest?
3191 4759 3257 4816 Ut
3279 4759 3406 4816 hinc
3433 4777 3652 4816 rursum
3681 4775 3862 4820 osten-

2253 4845 2343 4898 dat
2368 4848 2730 4900 mnniinodam
2762 4850 3142 4917 aequalitatem.
3173 4850 3288 4905 Non
3329 4853 3472 4906 ollim
3506 4853 3859 4910 imbecillita-

2257 4949 2379 5003 tem,
2412 4939 2501 4994 sed
2545 4955 2789 5009 magnam
2831 4941 2949 5009 ejus
2981 4943 3267 5011 potentiam
3302 4945 3520 4999 iudicat.
3552 4947 3690 5004 Nam
3731 4952 3858 5003 alibi

2258 5045 2468 5099 quoque
2493 5031 2560 5083 de
2585 5031 2740 5086 Patre
2765 5033 2896 5086 dicit
2925 5033 3118 5087 Paulus
3151 5053 3162 5088 :
3192 5035 3259 5092 Ut
3291 5054 3379 5104 per
3404 5039 3536 5091 (luas
3566 5057 3649 5092 res
3680 5041 3862 5096 immo-

2256 5121 2396 5185 biles,
2421 5123 2470 5174 in
2497 5123 2676 5184 quibus
2702 5125 3010 5192 impossibile
3040 5137 3110 5179 est
3140 5128 3336 5179 ntentiri
3371 5127 3535 5180 Deum
3579 5131 3776 5196 (llebr.
3810 5138 3859 5188 t5.

2259 5209 2382 5281 18);
2418 5221 2470 5264 et
2497 5228 2708 5265 rursum
2746 5231 2758 5266 :
2795 5214 2855 5268 Si
2902 5217 3266 5285 negaverimus.
3309 5219 3394 5272 ille
3433 5219 3601 5285 ﬁdelis
3650 5234 3864 5283 "iuuet;

2260 5318 2439 5370 negare
2464 5305 2683 5370 seipsum
2715 5321 2814 5356 nou
2844 5315 3004 5374 potest
3043 5305 3118 5376 (Ξ.
3155 5304 3284 5358 Tim.
3314 5306 3365 5359 2.
3409 5308 3520 5376 1'2).
3557 5309 3718 5372 Illud,
3751 5312 3860 5364 lm-

2261 5394 2495 5459 possibile
2532 5404 2625 5458 est,
2661 5412 2919 5464 nusquam
2967 5398 3384 5451 imbecillitatem
3432 5402 3726 5468 siguilitmt,
3771 5406 3861 5458 sed

2264 5486 2573 5552 petentium,
2622 5496 2676 5539 et
2715 5489 3004 5556 potentiam
3039 5489 3381 5543 ineffabilem.
3418 5491 3528 5545 lloe
3560 5504 3748 5550 autem
3795 5500 3858 5549 si-

2262 5577 2474 5644 gnificat
2505 5595 2518 5631 :
2552 5578 2640 5632 illa
2669 5580 2962 5634 substantia
2995 5596 3078 5634 res
3112 5581 3410 5650 lmjnsmodi
3454 5585 3632 5639 nullas
3665 5590 3860 5641 admit-

2265 5672 2341 5722 tit.
2388 5671 2848 5729 Oucmadmmlum
2890 5676 3031 5728 enim
3064 5692 3182 5729 cum
3230 5676 3478 5736 dicimus.
3527 5680 3863 5748 impossibile

2265 5773 2342 5816 (δι
2375 5765 2537 5817 υριιιιι
2568 5779 2808 5834 peccare,
2841 5782 2945 5820 non
2979 5767 3394 5822 itttiu‘t‘tiitlutcttt
3423 5771 3518 5836 ipsi
3550 5773 3859 5826 trilnnuias.
