4024 6456
164 532 266 587 sed
319 524 643 583 ineﬂ‘abilem
692 521 976 594 quamdam
1030 516 1323 590 potentiam
1373 512 1768 569 testiﬁcamur:

164 627 250 678 sic
279 623 443 677 etiam
469 634 593 674 cum
617 616 749 672 dicit
780 617 917 687 ipse,
947 611 1070 667 Non
1101 625 1309 682 possunt
1333 625 1366 662 a
1390 607 1583 677 meipso
1609 605 1780 676 facere

165 715 476 786 quidquam,
519 710 622 764 hoc
649 707 753 764 sibi
781 707 894 762 vult
925 722 939 758 :
975 703 1205 760 Prorsus
1242 699 1575 770 impossibile
1616 705 1785 753 estut

171 808 322 863 Patri
349 805 682 862 contrarium
732 799 1006 870 quidpiam
1057 796 1271 851 faciam.
1322 793 1392 850 Ut
1435 806 1566 847 vero
1606 790 1785 862 discas

169 899 306 952 illud
347 897 426 952 sic
473 891 875 964 intelligendum
907 903 1048 950 esse,
1081 885 1365 956 sequentia
1412 884 1781 951 esplorautes,

97 1018 104 1022 -
171 990 457 1044 videmnus
496 1004 565 1043 an
605 985 906 1044 uobiscum,
938 997 1005 1033 an
1052 979 1330 1034 vobiscum
1378 974 1625 1030 Christus
1653 989 1785 1028 con-

170 1082 394 1135 st-utiat.
445 1079 524 1133 Tu
567 1077 722 1134 dicis.
772 1073 974 1129 dictum
1015 1070 1141 1126 illud
1197 1070 1491 1140 potentiam
1539 1066 1779 1124 auferre.

172 1187 390 1226 necnon
441 1169 818 1224 auctoritatem
873 1165 1442 1233 ipsieompetentem.
1495 1161 1785 1227 ipsumque

173 1263 506 1319 imbecillum
545 1258 948 1330 comprobare:
981 1270 1082 1325 ego
1124 1263 1310 1309 contra
1359 1251 1498 1315 diro,
1557 1249 1642 1303 his
1685 1247 1787 1301 de-

172 1357 472 1412 monstrari
517 1353 901 1423 aequalitatem,
948 1346 1314 1404 omnimodam
1365 1345 1686 1413 paritatt-m,
1732 1348 1788 1394 et

171 1449 359 1503 outnia
389 1464 452 1502 ex
498 1444 686 1500 eadem
719 1443 993 1498 voluntate
1033 1446 1091 1493 et
1137 1436 1378 1507 potentia
1425 1434 1560 1488 lieri.
1609 1431 1786 1502 Ipsum

175 1549 561 1608 percontemur
580 1535 879 1598 Christum,
902 1541 957 1586 et
979 1544 1075 1601 per
1095 1543 1160 1584 ea
1189 1543 1310 1600 qua:
1330 1535 1513 1598 postea
1540 1525 1788 1579 dicturus

173 1638 266 1685 est
294 1628 588 1692 videamus,
611 1641 680 1680 an
719 1622 1014 1680 secundum
1041 1629 1209 1686 tuam,
1247 1635 1316 1674 an
1356 1615 1650 1672 secundum
1694 1629 1791 1668 no-

174 1731 348 1775 stram
370 1719 677 1789 opinionem
699 1714 840 1769 dicta
873 1714 1278 1780 interpretetur.
1306 1707 1446 1776 Quid
1467 1722 1598 1776 ergo
1622 1703 1789 1760 dicit?

178 1815 529 1882 Quacumque
557 1807 716 1862 Pater
745 1807 944 1877 fecerit,
973 1805 1083 1860 hec
1112 1813 1158 1857 et
1185 1801 1356 1856 Filias
1379 1799 1616 1855 similiter
1642 1797 1789 1868 facit.

184 1906 376 1960 \‘idcn'
415 1901 687 1969 quomodo
715 1898 1036 1954 sententiam
1080 1901 1313 1951 reetram
1347 1891 1605 1947 radicitus
1633 1888 1789 1945 evel-

178 2000 279 2063 lat,
328 2006 676 2062 nostramque
725 1990 1054 2047 coulirmet?
1082 1986 1215 2043 Nam
1246 1987 1290 2042 si
1341 2000 1372 2039 a
1421 1983 1607 2053 scipso
1658 1981 1790 2037 nihil

180 2090 333 2150 facit,
369 2101 544 2157 neque
575 2085 733 2140 Pater
761 2099 792 2137 a
837 2083 1019 2151 seipso
1065 2078 1265 2150 aliquid
1314 2079 1496 2140 faciet,
1548 2075 1593 2130 si
1636 2089 1790 2146 quae-

177 2196 414 2250 cumque
437 2177 563 2232 facit
588 2176 750 2231 Pater
773 2183 826 2230 et
859 2175 972 2244 ipse
1020 2171 1198 2227 faciat.
1233 2170 1364 2225 Nam
1397 2187 1442 2224 st
1469 2183 1557 2226 res
1585 2185 1691 2222 non
1721 2167 1791 2222 ita

179 2281 348 2336 esset,
378 2269 520 2325 aliud
547 2267 840 2324 absurdum
866 2274 1203 2336 sequeretur.
1235 2263 1419 2332 Neque
1451 2263 1594 2319 enim
1634 2260 1790 2326 dixit,

181 2364 316 2431 Quae
343 2363 472 2417 vidit
505 2361 716 2416 Patrem
747 2358 1054 2422 facientem,
1085 2356 1200 2412 hinc
1229 2354 1352 2411 faett
1374 2371 1392 2421 ;
1418 2354 1538 2421 sed,
1568 2353 1686 2409 Nisi
1716 2353 1792 2407 ti-

183 2455 318 2507 rlcrit
347 2451 555 2507 Patrem
580 2451 868 2520 facientem,
894 2463 1000 2502 non
1025 2447 1171 2513 facit,
1197 2460 1508 2501 sermonem
1535 2444 1601 2500 ad
1629 2459 1794 2498 omne

185 2557 401 2615 tempus
426 2543 722 2599 extendens
753 2558 768 2594 ε
794 2539 1088 2596 secundum
1117 2555 1212 2594 vos
1231 2547 1410 2593 autem
1435 2535 1625 2593 eadem
1648 2551 1792 2592 scm-

187 2656 285 2708 pcr
329 2637 518 2692 discet.
553 2633 740 2689 Vidcn‘
768 2633 1051 2688 sententia:
1092 2631 1507 2695 sublimitatem,
1546 2639 1603 2683 et
1643 2627 1792 2682 verbi

189 2730 546 2784 hntuilitatem
579 2727 661 2781 vel
696 2725 1125 2794 impudentiores
1145 2722 1211 2778 ad
1245 2721 1376 2776 illud
1407 2721 1605 2775 invitos
1631 2720 1794 2774 etiam

185 2822 539 2893 rrtnpcllcre,
583 2830 642 2874 ut
693 2837 722 2873 a
768 2818 863 2873 vili
913 2833 1102 2884 sensu,
1149 2815 1300 2886 quia
1345 2823 1492 2870 tanta
1534 2812 1797 2884 dignitate

187 2913 466 2977 abhorret,
513 2911 754 2981 fugiant?
791 2909 922 2977 Quis
967 2908 1111 2962 enim
1137 2907 1276 2961 adeo
1313 2905 1479 2960 miser
1516 2913 1572 2959 et
1613 2903 1796 2959 infelix

190 3005 371 3070 fuerit,
405 3013 461 3057 ut
485 3003 630 3057 dit-at
654 3000 845 3055 Filium
876 2998 1229 3069 quotidie‘illa
1259 2997 1526 3060 ediscere,
1557 3010 1678 3065 qua:
1717 2995 1797 3047 fa-

187 3112 314 3152 cere
344 3095 596 3166 oportet?
631 3092 913 3160 Quomodo
959 3089 1147 3147 verum
1174 3091 1278 3146 erit
1324 3088 1454 3144 illud
1482 3106 1494 3141 :
1524 3087 1606 3142 Tn
1631 3097 1799 3142 autent

188 3189 324 3242 idem
349 3189 458 3256 ipse
480 3203 553 3252 es,
582 3195 628 3239 et
650 3186 776 3237 anni
801 3184 876 3236 tui
905 3180 1007 3237 non
1031 3182 1268 3248 deficient
1298 3180 1470 3254 (Psal.
1503 3181 1628 3236 101.
1660 3178 1802 3250 28)?

189 3279 484 3350 quomodo,
525 3277 712 3331 Omnia
744 3293 834 3345 per
872 3273 1040 3341 ipsum
1080 3277 1219 3346 facta
1260 3284 1398 3339 sunt,
1442 3283 1488 3327 et
1531 3274 1642 3327 sine
1689 3273 1801 3344 ipso

190 3377 387 3443 factum
412 3379 486 3424 est
515 3369 664 3434 nihil,
697 3370 742 3422 si
775 3369 864 3423 illa
892 3385 1010 3437 qua!
1044 3369 1203 3422 l’ater
1239 3367 1387 3432 facit,
1419 3367 1535 3421 haec
1575 3367 1691 3437 ipse
1720 3367 1801 3420 vi-

191 3465 328 3518 dens
370 3461 646 3516 imitatur?
690 3459 854 3516 Vides
880 3458 1153 3530 quomodo
1182 3467 1238 3514 et
1265 3473 1333 3514 ex
1381 3459 1446 3512 iis
1475 3473 1597 3528 quas
1638 3472 1800 3528 supra

191 3555 333 3608 dicta
363 3561 509 3618 smn,
542 3562 596 3607 et
625 3567 694 3607 ex
722 3552 788 3606 iis
813 3566 934 3622 qua:
962 3561 1144 3620 postea
1164 3550 1431 3615 dicentur,
1463 3552 1582 3619 eius
1611 3561 1801 3606 aucto.

193 3650 326 3704 ritas
360 3647 799 3703 demonstretur?
837 3645 993 3713 Quod
1035 3645 1080 3699 si
1111 3645 1365 3702 humilius
1399 3645 1644 3716 quaedam
1672 3660 1803 3716 pro-

195 3742 356 3805 ferat,
379 3755 445 3794 ne
465 3729 702 3794 mireris.
727 3739 859 3806 Quia
880 3740 1026 3794 enim
1057 3737 1459 3793 sublimioribus
1479 3738 1800 3808 quibusdam

193 3829 413 3894 auditis,
462 3830 924 3900 persequebantur
969 3825 1114 3894 eum,
1163 3837 1220 3884 et
1276 3830 1385 3884 Deo
1429 3829 1799 3884 adversarium

194 3939 318 3978 esse
350 3922 624 3990 putabant,
652 3921 809 3990 paulo
843 3921 1129 3977 demissius
1164 3920 1449 3975 verborum
1475 3930 1680 3974 tantum
1717 3931 1801 3975 te-

196 4033 295 4069 nus
329 4014 604 4083 loquutus,
643 4012 714 4066 ad
742 4012 1054 4066 sublimiora
1093 4027 1280 4067 rursus
1306 4011 1573 4076 evehitur,
1604 4011 1802 4068 deinde

194 4109 260 4162 ad
293 4106 512 4161 lnnnilia
539 4107 777 4160 deﬂectit
811 4123 824 4158 :
857 4107 934 4160 sic
959 4106 1261 4160 doctrinam
1297 4107 1535 4168 varians,
1574 4116 1632 4159 ut
1666 4105 1801 4160 faci-

196 4201 301 4255 lius
319 4200 400 4255 vel
418 4199 488 4254 ab
513 4198 770 4268 improbis
788 4198 1119 4252 admittatur.
1145 4196 1550 4259 Animadverte,
1574 4210 1794 4266 quzcso:

199 4301 478 4362 postquam
506 4290 737 4355 dixerat,
767 4287 924 4344 Pater
949 4306 1090 4343 mens
1113 4300 1376 4357 operatur,
1401 4300 1569 4362 etego
1594 4307 1802 4361 operor,

197 4392 251 4436 et
281 4398 340 4437 se
384 4380 494 4436 Deo
536 4382 796 4451 arqnalem
848 4379 1182 4445 ostenderat,
1236 4395 1425 4434 rursus
1464 4381 1598 4436 dicit
1630 4399 1641 4432 :
1680 4378 1804 4436 Non

198 4483 362 4545 potest
392 4471 558 4528 Filius
588 4491 618 4525 a
647 4473 814 4541 seipso
846 4476 1014 4544 facere
1042 4473 1338 4542 quidquam.
1371 4474 1471 4528 nisi
1497 4473 1638 4544 quod
1665 4475 1808 4530 ride-

197 4568 265 4622 rit
297 4564 503 4620 Patrem
531 4565 820 4636 facientem.
857 4563 1057 4619 Deinde
1087 4564 1247 4618 altius
1286 4581 1299 4619 :
1341 4563 1686 4635 Quacumque
1725 4567 1803 4636 fe-

195 4657 322 4714 cerit
361 4657 470 4724 ille,
521 4657 630 4711 hac
679 4666 726 4711 et
780 4653 946 4710 Filius
991 4655 1226 4710 similiter
1267 4655 1428 4727 facit;
1479 4671 1805 4726 rursumque

197 4749 458 4806 btruilius
483 4767 497 4803 :
529 4747 622 4804 20.
669 4746 828 4801 Pater
853 4746 1023 4818 diligit
1064 4745 1285 4812 Filium,
1315 4755 1362 4801 et
1393 4747 1565 4800 Omnia
1594 4745 1809 4802 demon-

196 4849 327 4898 strat
351 4841 402 4894 ei
442 4855 557 4909 qua:
583 4839 693 4908 ipse
720 4837 844 4902 facit
877 4853 896 4891 :
923 4848 970 4891 et
1000 4838 1201 4902 »κίονα
1243 4837 1321 4891 bis
1354 4835 1722 4892 demonstrabit
1761 4837 1806 4892 si

197 4949 378 5002 opera.
427 4924 672 4984 Vidistiu'
713 4937 920 4983 tantam
965 4928 1357 4984 humilitatem?
1386 4927 1516 4984 Iure
1557 4929 1801 4999 quidem.

198 5022 331 5076 Nam
361 5019 501 5090 quod
527 5019 638 5088 jam
663 5017 795 5080 dixi,
823 5032 922 5072 nec
939 5016 1100 5072 linem
1117 5018 1332 5074 dicendi
1357 5019 1568 5081 faciam,
1593 5019 1647 5072 id
1663 5033 1804 5073 nunc

197 5123 461 5180 repetam.
495 5109 722 5179 Quando
751 5109 948 5178 aliquid
979 5108 1273 5164 demissum
1305 5110 1435 5164 dicit
1483 5118 1540 5164 et
1578 5109 1801 5174 humile,

198 5206 247 5259 id
278 5213 404 5258 eum
435 5202 732 5274 hyperbole
764 5199 992 5270 profert,
1023 5211 1082 5256 ut
1111 5201 1195 5256 vel
1226 5201 1487 5270 improbis
1514 5202 1800 5256 verborum

197 5297 376 5351 vilitas
405 5294 645 5359 suadeat,
679 5301 735 5346 ut
776 5293 860 5362 pia
903 5302 1084 5348 mente
1125 5306 1284 5347 sensa
1324 5291 1645 5362 percipiant.
1690 5291 1800 5346 Nisi

196 5392 340 5443 enim
365 5387 467 5444 hoc
493 5395 661 5454 esset,
685 5387 865 5458 cogita
893 5403 1052 5456 quam
1075 5386 1365 5441 absurdum
1399 5396 1543 5443 esset
1571 5387 1625 5440 id
1659 5387 1801 5454 quod

196 5481 414 5544 dicitur,
455 5479 598 5550 quod
656 5479 824 5534 verba
863 5479 1195 5548 explorando
1243 5479 1528 5551 percipies.
1577 5479 1803 5547 Quando

197 5575 344 5630 enim
371 5573 524 5637 dicit,
557 5572 762 5644 llajora
809 5574 889 5626 his
933 5574 1161 5628 ostendet
1199 5575 1246 5626 ei
1287 5589 1463 5643 opera,
1499 5573 1802 5627 invenietur

197 5663 366 5718 multa
397 5663 634 5718 nondum
664 5663 919 5719 didicisse
959 5683 970 5718 :
1003 5664 1146 5734 quod
1178 5678 1246 5719 ne
1275 5664 1344 5719 de
1382 5665 1644 5734 apostolis
1675 5663 1800 5734 qui-

195 5753 320 5808 dem
346 5754 655 5810 dicendum.
698 5754 829 5810 Nam
871 5770 990 5810 cum
1024 5755 1252 5827 Spiritus
1297 5757 1520 5827 gratiam
1550 5755 1798 5825 accepis.

200 5856 343 5912 scut,
370 5847 652 5902 caufcrtim
695 5850 876 5901 omnia
927 5858 1216 5913 noverunt,
1256 5849 1438 5903 omnia
1482 5857 1797 5917 potuerunt,

1077 403 1144 461 IN
1181 399 1498 461 JO.\NNEII
1541 397 1774 455 1101111..
1821 394 2112 452 XXXVIII.
2155 397 2226 450 al.
2271 395 2540 452 XXXV".

3400 398 3513 454 2H

1895 524 2016 579 quae
2056 509 2204 578 ipsos
2247 518 2303 563 et
2354 509 2496 563 scire
2539 517 2595 564 et
2643 521 2803 578 posse
2832 507 3151 578 oportebat;
3195 507 3280 562 hic
3327 519 3512 565 autem

1893 600 2058 654 multa
2086 600 2224 654 scitu
2273 599 2578 655 necessaria
2622 597 2864 654 nondum
2902 599 3160 656 didieiSse
3200 599 3510 670 deprehen-

1889 693 2052 748 detur
2085 711 2098 747 :
2131 707 2241 763 quo
2277 692 2405 763 qttid
2450 691 2740 746 absurdius
2783 706 2906 748 csse
2948 691 3154 762 queat?
3197 691 3335 760 Quid
3378 708 3512 764 ergo

1889 785 1992 839 sibi
2043 783 2155 838 vult
2191 785 2395 840 dictum
2448 782 2617 838 illud?
2659 783 2796 849 Quia
2842 784 3140 856 paratytieo
3179 786 3259 839 sic
3292 796 3510 848 curato.

1891 887 2164 931 tuortuttm
2193 877 2552 932 suscitaturus
2581 884 2732 938 emt;
2766 875 2890 930 ideo
2913 876 2993 930 sic
3025 875 3282 945 loquutus
3306 885 3410 940 est,
3445 891 3512 929 ac

1891 971 1934 1025 si
1979 969 2230 1024 diceret:
2264 969 2530 1024 Miramini
2578 982 2670 1023 me
2714 966 3067 1038 paralyticum
3121 967 3385 1022 sanasse?
3423 968 3512 1022 his

1891 1062 2096 1131 majora
2125 1060 2392 1116 videbitis.
2426 1060 2612 1130 Neque
2658 1071 2841 1115 tamen
2875 1060 2945 1114 ita
2978 1059 3235 1129 loquutus
3264 1069 3364 1122 est,
3413 1061 3511 1115 sed

1890 1154 2182 1209 humiliore
2211 1168 2343 1208 usus
2365 1162 2448 1224 est
2473 1167 2748 1215 sermone,
2776 1161 2831 1206 ut
2855 1153 3068 1206 illorum
3098 1151 3333 1206 furorem
3357 1166 3510 1205 com-

1893 1246 2196 1317 pesceret‘.
2237 1243 2308 1302 IJt
2353 1260 2483 1300 vero
2533 1244 2713 1300 discas
2767 1243 2920 1304 illud.
2959 1242 3367 1310 Demonstrabit,
3401 1260 3513 1315 nou

1892 1338 2111 1408 proprie
2151 1337 2358 1392 dictum
2410 1351 2556 1400 esse,
2593 1336 2720 1392 audi
2765 1351 2828 1391 ea
2876 1350 2998 1406 qua
3045 1346 3367 1406 sequuntur.
3415 1337 3510 1390 2t.

1894 1427 2045 1482 Sicut
2069 1429 2204 1482 enim
2231 1425 2388 1481 Pater
2415 1428 2626 1484 αισι-ἰείη
2649 1436 2878 1481 mortuos
2901 1435 2949 1480 et
2977 1427 3217 1495 rici/icat,
3240 1428 3314 1482 sic
3342 1437 3390 1482 et
3421 1426 3515 1482 Fi-

1895 1520 1996 1574 lias
2041 1536 2168 1590 quos
2211 1519 2314 1574 vult
2358 1520 2606 1588 risiﬁrat.
2650 1519 2814 1591 Atqui
2865 1520 3019 1583 illttd,
3077 1518 3227 1575 Nihil
3274 1529 3438 1590 potest
3482 1539 3514 1573 η

1894 1613 2165 1681 sentetipso
2194 1611 2386 1680 facere,
2414 1611 2749 1666 contrarium
2777 1621 2863 1669 est
2895 1610 2970 1664 illi
2997 1611 3165 1674 dicto,
3203 1611 3344 1678 Quos
3383 1613 3513 1667 rnlt.

1894 1701 1951 1759 Si
1979 1703 2124 1758 enim
2153 1719 2288 1772 quos
2311 1704 2424 1756 vult
2449 1702 2703 1766 viviﬁcat,
2732 1717 2763 1757 a
2784 1702 3084 1772 semetipso
3105 1702 3309 1772 aliquid
3334 1701 3518 1758 facere

1899 1807 2076 1868 potest
2106 1798 2268 1866 (velte
2293 1796 2439 1851 enim
2475 1798 2756 1865 potestatis
2794 1795 2913 1865 est)
2949 1814 2963 1850 :
3011 1793 3159 1868 quod
3183 1794 3231 1851 si
3276 1811 3517 1865 nonpo-

1899 1863 2004 1943 lest
2031 1904 2060 1941 a
2093 1863 2295 1956 seipso.
2323 1886 2437 1955 jam
2469 1863 2575 1940 non
2603 1900 2741 1956 quos
2764 1885 2876 1939 vult
2895 1863 3161 1939 iviviﬁcat:
3185 1883 3318 1940 Illud
3345 1863 3516 1951 enim,

1898 1980 2050 2036 Sient
2085 1978 2242 2033 Pater
2261 1981 2494 2041 suscitat,
2529 1979 2792 2050 agtnaletn
2823 1979 3016 2049 prohat
3043 1980 3332 2044 virtutem;
3360 1980 3537 2034 illnd-'

1896 2089 2023 2143 que,
2071 2074 2212 2141 Quos
2255 2072 2383 2139 calt,
2434 2075 2717 2144 potestatis
2759 2075 3070 2143 paritatem.
3126 2074 3314 2130 Videu‘
3363 2075 3516 2139 illud,

1900 2166 2026 2222 Non
2059 2179 2220 2237 potest
2249 2185 2282 2221 a
2319 2169 2488 2240 seipso
2527 2169 2716 2240 fatae,
2767 2179 3091 2238 potestatem
3143 2184 3250 2224 non
3301 2170 3516 2235 tollere,

1898 2263 1993 2316 3rd
2025 2279 2209 2332 parem
2242 2263 2534 2331 potentiam
2575 2271 2632 2318 et
2671 2263 3001 2318 voluntatem
3041 2263 3390 2333 signiﬁcare?
3426 2263 3518 2318 Sic

1900 2359 2168 2428 intelligas
2201 2356 2355 2423 illud,
2402 2355 2788 2412 Dentonstrnbit
2817 2358 2884 2411 ei.
2932 2355 3148 2412 Etenim
3192 2356 3319 2411 alibi
3361 2355 3519 2420 dicit,

1901 2450 2015 2523 Ego
2041 2451 2359 2506 resnseitabo
2400 2467 2514 2504 eum
2558 2450 2611 2503 in
2643 2449 2918 2504 novissimo
2947 2449 3030 2503 die
3060 2447 3245 2516 (loon.
3296 2448 3352 2503 6.
3392 2449 3511 2517 39).

1901 2545 1980 2597 Ae
2006 2557 2241 2605 rursum,
2271 2542 2566 2597 ostendens
2593 2557 2654 2596 se
2677 2541 2781 2594 vim
2806 2539 3065 2610 operandi
3087 2555 3193 2594 non
3215 2541 3518 2608 accepisse,

1902 2632 2016 2704 Ego
2042 2651 2176 2697 sum,
2235 2633 2428 2703 inquit,
2475 2634 2784 2687 resurrectio
2826 2644 2876 2687 et
2908 2635 3008 2686 vita
3043 2631 3227 2703 (Joan.
3284 2633 3367 2687 II.
3397 2630 3522 2701 25).

1905 2725 2110 2781 Deinde
2147 2741 2213 2779 nc
2238 2725 2392 2781 dicas
2422 2725 2595 2794 ipsmn
2629 2739 2767 2794 quos
2808 2724 2913 2777 vult
2963 2734 3206 2779 mortuos
3253 2724 3526 2778 suscitare

1901 2830 1957 2876 ct
1991 2819 2283 2880 vivifit-are,
2329 2818 2424 2874 sed
2472 2819 2575 2873 alia
2623 2833 2730 2872 non
2778 2817 3001 2886 perinde
3049 2817 3251 2880 facere,
3296 2827 3346 2873 et
3382 2817 3522 2872 hanc

1903 2913 2266 2981 objectiouem
2296 2908 2576 2981 depellere
2605 2918 2836 2979 occupat
2868 2909 2952 2964 his
2981 2909 3162 2965 verbis
3197 2928 3212 2964 :
3249 2909 3524 2977 ρειαί-κηρ-

1903 3019 2002 3072 qne
2029 3003 2120 3056 illc
2143 3002 2342 3071 fecerit,
2373 3001 2481 3054 Ila’c
2511 3010 2556 3054 et
2588 2999 2634 3054 Γ
2634 3001 2756 3055 ilius
2781 3001 3018 3055 similiter
3045 3001 3210 3071 facit;
3234 3001 3522 3056 declarans

1905 3108 1964 3147 se
2009 3093 2188 3146 omnia
2239 3107 2359 3160 qua:
2410 3091 2499 3146 ille
2546 3090 2673 3145 facit
2717 3092 2970 3146 similiter
3012 3091 3227 3155 facere;
3277 3100 3526 3147 mortuus

1907 3200 2103 3254 nempe
2145 3185 2435 3250 suscitare,
2477 3198 2707 3252 corpora
2758 3181 3019 3250 formare,
3075 3192 3296 3253 peccata
3330 3183 3527 3239 remit-

1909 3286 2044 3342 ιρι-ο,
2076 3285 2130 3330 et
2161 3274 2375 3346 quidvis
2404 3274 2570 3338 aliud,
2605 3274 2829 3346 perinde
2854 3284 3019 3345 aulae
3047 3275 3208 3331 Pater
3239 3285 3522 3347 operatur,

1908 3368 2108 3422 far-ere.

1979 3460 2032 3515 5.
2067 3458 2262 3513 Verum
2310 3458 2396 3514 bis
2443 3460 2683 3514 animum
2714 3475 2823 3514 non
2851 3458 3110 3515 adhibent
3157 3459 3192 3514 ii
3237 3461 3329 3530 qui
3369 3475 3525 3516 suam

1909 3553 2186 3622 negligant
2217 3552 2446 3607 salutem
2483 3572 2494 3606 :
2533 3563 2739 3607 tantum
2782 3554 2982 3608 ntalum
3014 3562 3118 3618 est,
3145 3553 3527 3624 praecellentia:

1906 3641 2078 3703 amor.
2113 3647 2225 3702 Hoc
2257 3645 2494 3702 luercses
2522 3647 2753 3717 peperit,
2798 3646 2899 3700 hoc
2942 3648 3223 3718 gentilium
3263 3647 3528 3718 impieta-

1910 3749 2017 3795 tem
2048 3739 2303 3794 firmavit.
2334 3739 2476 3794 Dens
2503 3738 2721 3808 quidem
2744 3737 2962 3792 Volebat
2985 3738 3274 3794 invisibilia
3304 3753 3400 3794 sua
3425 3754 3525 3808 per

1909 3832 2092 3886 tnundi
2132 3831 2466 3887 creationem
2512 3830 2736 3900 intelligi
2769 3849 2783 3887 :
2817 3830 2894 3885 illi
2923 3845 3053 3884 vero
3086 3830 3170 3884 his
3199 3831 3437 3892 omissis,
3471 3839 3527 3883 et

1910 3928 2049 3982 hanc
2087 3928 2444 3998 dedignantes
2488 3925 2814 3988 doctrinam,
2845 3923 3071 3977 alteram
3117 3921 3221 3977 sibi
3266 3937 3526 3992 paravere

1909 4021 2050 4074 viam
2077 4037 2091 4079 ξ
2124 4027 2454 4090 quapropter
2483 4033 2512 4072 a
2546 4032 2675 4071 vera
2703 4017 2785 4070 via
2818 4016 3155 4070 aberrarunt.
3188 4013 3314 4068 Ideo
3353 4013 3524 4068 Judzei

1911 4130 2017 4168 non
2050 4112 2416 4170 crediderunt.
2451 4112 2637 4180 ghiria:
2669 4110 2918 4163 humanae
2948 4109 3166 4177 cupidi;
3197 4109 3342 4163 illam
3372 4124 3526 4173 vero,

1908 4221 2030 4276 quae
2058 4220 2087 4258 a
2119 4205 2230 4259 Deo
2260 4213 2363 4266 est,
2394 4204 2620 4272 gloriam
2655 4217 2760 4256 non
2793 4213 3124 4270 qua'rentes.

1981 4299 2166 4353 Inanis
2190 4298 2357 4369 gloria
2388 4294 2656 4368 fugienda.
2680 4323 2754 4335 ——
2779 4294 2973 4348 \‘erttm
3003 4307 3122 4358 nos,
3146 4290 3352 4356 dilecti,
3381 4289 3531 4345 hunc

1911 4391 2159 4445 morbum
2191 4389 2340 4444 omni
2386 4388 2569 4443 studio
2608 4395 2660 4442 et
2715 4385 2992 4456 diligentia
3041 4384 3328 4455 fugiamus.
3377 4383 3526 4439 Licet

1910 4484 2054 4538 cnim
2095 4483 2375 4537 innumera
2408 4480 2576 4550 probe
2618 4479 2971 4550 gesserimus,
3002 4478 3119 4532 Iure
3159 4478 3341 4532 omnia
3377 4491 3530 4531 rana:

1910 4578 2097 4649 gloria:
2120 4575 2388 4648 pernicies
2411 4572 2779 4630 labefactabit.
2805 4571 2861 4628 Si
2891 4587 3023 4643 ergo
3048 4571 3118 4625 ad
3138 4571 3326 4626 laudes
3355 4573 3530 4642 respi-

1910 4671 2136 4730 ciamus,
2164 4669 2284 4723 illas
2322 4681 2634 4738 quaeramus
2671 4682 2793 4737 quae
2819 4679 2854 4720 a
2884 4666 2996 4721 Deo
3021 4673 3170 4720 sunt.
3204 4664 3347 4720 Laus
3377 4665 3524 4720 enim

1913 4763 2218 4826 hominum,
2247 4760 2658 4831 qualiscumque
2689 4757 2876 4824 fuerit,
2904 4757 3084 4811 statim
3111 4765 3276 4827 atque
3301 4768 3528 4828 apparet

1911 4856 2205 4911 evanescit.
2240 4855 2350 4910 Etsi
2377 4863 2558 4909 autem
2603 4869 2708 4907 non
2758 4853 2982 4921 periret,
3031 4849 3166 4905 nihil
3193 4859 3344 4905 certe
3391 4850 3530 4905 lucri

1915 4944 2070 5003 nobis
2099 4949 2339 5011 atl'erret,
2367 4956 2420 5002 et
2445 4962 2510 5001 ex
2538 4955 2801 5014 corrupto
2845 4959 2991 5014 smpe
3016 4943 3223 5014 judicio
3253 4945 3526 5014 provenit.

1910 5037 2049 5106 Quid
2093 5037 2239 5094 enim
2293 5046 2398 5092 tam
2437 5035 2759 5090 admirabile
2807 5034 3039 5090 htnnana
3091 5033 3258 5102 gloria
3307 5033 3531 5097 habent.

1911 5146 2016 5202 qua
2048 5129 2300 5196 fruuntur
2341 5137 2397 5184 et
2421 5127 2681 5184 saltantes
2706 5119 2958 5194 juvenes,
2988 5135 3044 5181 et
3072 5125 3362 5196 impudicm
3394 5143 3520 5181 mu-

1912 5221 2101 5286 lieres,
2141 5227 2195 5275 ct
2225 5220 2370 5274 avari
2421 5229 2586 5288 atque
2633 5218 2918 5289 raptores?
2963 5217 3066 5285 Qui
3113 5228 3294 5274 autem
3342 5235 3371 5273 a
3418 5219 3532 5274 Deo

1913 5313 2187 5380 laudatur,
2214 5328 2322 5367 non
2361 5327 2487 5367 cum
2516 5310 2623 5376 his,
2650 5310 2746 5364 sed
2771 5327 2894 5365 cum
2925 5311 3128 5366 sanctis
3159 5296 3264 5364 illis
3287 5309 3529 5364 admira-

1913 5403 2043 5458 tioni
2071 5403 2322 5462 habetur.
2355 5418 2477 5458 eum
2506 5402 2784 5472 prophetis
2814 5417 3010 5471 nempe
3041 5411 3095 5456 et
3121 5401 3402 5470 apostolis,
3435 5405 3531 5472 qui

1910 5498 2208 5566 angeliram
2252 5496 2456 5552 duxere
2509 5498 2695 5552 vitam.
2738 5497 2892 5564 Quod
2946 5499 2989 5550 si
3038 5496 3250 5551 turbam
3289 5499 3526 5552 circnm-

1911 5587 2110 5643 ducere
2140 5597 2194 5642 et
2220 5589 2423 5658 suspici
2452 5599 2726 5658 optamus,
2751 5589 2881 5642 illud
2906 5587 3030 5658 quid
3057 5589 3124 5642 sit
3151 5589 3525 5660 exploremus.

1911 5693 1975 5734 ac
2004 5679 2203 5736 nullius
2233 5681 2387 5750 pretii
2417 5696 2540 5736 esse
2565 5679 3061 5750 deprehendemns.
3101 5679 3219 5734 Uno
3249 5678 3441 5747 verm,
3475 5680 3528 5736 si

1977 5858 1994 5890 ⁸
2032 5856 2120 5906 alii
2146 5855 2337 5920 legunt,
2381 5868 2595 5914 rnmret.
2621 5874 2723 5920 pro.
2749 5867 3083 5917 compesceret.
