4024 6462
570 397 672 453 ριθ

569 510 777 563 turbam
804 527 971 576 amas,
1014 516 1324 582 angelorum
1374 511 1764 564 nudtitmlincm
1799 511 1887 562 tibi
1916 510 2145 571 attrahe,

568 609 623 652 et
652 600 985 655 d:rmonibus
1010 604 1259 656 terribilis
1288 612 1423 665 esto,
1458 612 1507 655 ct
1532 603 1605 655 sic
1639 602 1911 655 hominum
1952 602 2149 653 nullam

571 688 787 743 habebis
820 689 1117 754 rationem;
1166 693 1259 745 Sed
1308 692 1483 745 omnia
1528 692 1685 744 etiam
1718 706 1835 759 quae
1875 689 2148 755 splendida

569 782 836 846 videntur,
888 783 955 835 ita
1006 784 1237 837 calcabis
1282 796 1338 835 ut
1388 799 1599 838 cmnum
1649 792 1805 849 atque
1852 782 2016 834 lutum
2054 800 2065 834 :
2098 792 2151 835 ct

568 882 689 924 tunc
719 872 863 927 clare
913 873 1122 926 videbis
1173 874 1301 926 nihil
1350 876 1579 927 animam
1615 876 1683 925 ita
1734 874 2042 940 deturparc,
2090 882 2151 925 ut

560 964 745 1030 gloria:
774 980 1033 1018 amorem.
1069 965 1181 1018 Non
1232 975 1403 1032 pou-st
1428 966 1588 1026 enim,
1627 981 1729 1016 non
1764 974 1935 1032 potest
1968 965 2149 1031 utique

565 1070 715 1110 vanae
744 1058 923 1125 gloria:
954 1068 1160 1110 amator
1190 1059 1349 1109 vitam
1395 1058 1630 1111 cruriatu
1668 1059 1872 1124 plenam
1903 1072 2007 1111 rion
2038 1056 2146 1109 du-

562 1162 687 1200 cere
707 1147 723 1177 ‘
750 1164 763 1209 ;
794 1149 923 1200 sicut
954 1150 1111 1202 etiam
1140 1149 1227 1215 qui
1262 1149 1401 1201 illam
1430 1149 1621 1211 calcat,
1658 1164 1759 1199 non
1810 1156 1981 1214 potest
2024 1148 2145 1199 vitia

562 1237 725 1288 nndta
756 1252 858 1289 non
903 1237 1233 1291 conculcare.
1272 1237 1399 1289 Nam
1430 1237 1518 1305 qui
1562 1253 1751 1289 vanam
1784 1236 2008 1305 gloriam
2050 1251 2146 1287 sn-

564 1328 784 1394 peravit,
816 1328 1084 1392 invidiam,
1137 1328 1477 1398 pecuniarum
1517 1343 1777 1393 antorem,
1817 1337 2146 1395 castri-osque

560 1419 900 1485 gravissimos
929 1421 1143 1473 morbos
1182 1420 1490 1472 devicturus
1518 1430 1616 1471 agt.
1642 1418 1710 1473 Et
1746 1420 2031 1486 quomodo,
2065 1417 2145 1469 in-

559 1508 730 1575 quies,
779 1511 920 1563 illam
954 1510 1361 1579 superabimus?
1395 1510 1448 1565 Si
1493 1511 1649 1562 aliam
1697 1519 1997 1577 spectemus
2027 1509 2145 1577 glo-

562 1600 720 1663 riam;
746 1599 845 1653 hoc
874 1608 953 1654 est
978 1602 1265 1665 cmicstctn,
1300 1617 1326 1653 a
1358 1617 1457 1670 qua
1490 1616 1585 1653 nos
1618 1600 1730 1654 lucc
1761 1600 1955 1662 ejicere
1984 1614 2143 1651 cona-

562 1701 663 1741 tnr.
695 1690 785 1743 Illa
823 1692 962 1743 enim
1005 1707 1101 1745 nos
1143 1702 1195 1745 et
1230 1694 1279 1744 in
1316 1691 1413 1745 hac
1458 1692 1560 1743 vita
1601 1690 1917 1757 conspicuos
1956 1690 2137 1751 cflicit,

557 1792 609 1832 et
635 1782 698 1833 ad
724 1783 951 1835 futuram
976 1783 1133 1836 vitam
1166 1785 1441 1837 nobiscum
1473 1784 1660 1849 pergit,
1703 1792 1859 1849 atque
1900 1781 1967 1835 ab
1992 1782 2139 1832 onmi

556 1874 808 1925 Servitute
837 1873 1033 1926 carnali
1068 1890 1164 1926 nos
1200 1874 1404 1927 liberat.
1442 1871 1599 1926 Carni
1633 1872 1824 1927 misere
1853 1886 1993 1925 utmc
2023 1886 2138 1923 Ser-

558 1964 746 2022 vimns.
780 1972 933 2017 terra:
968 1966 1294 2033 terrenisque
1319 1965 1477 2017 rebus
1504 1962 1717 2015 addicti.
1743 1961 1865 2016 Sive
1893 1963 1941 2014 in
1968 1961 2136 2013 [ιη-ιιιιι

556 2062 606 2108 te
635 2053 897 2118 conferas,
934 2056 1045 2109 sive
1080 2056 1294 2108 (tornum
1329 2056 1507 2118 intres,
1546 2054 1657 2108 sive
1700 2055 1828 2116 vias,
1860 2054 2135 2116 stationes,

616 2229 630 2257 ι
662 2234 806 2291 ,ιιιγω
834 2227 973 2275 Savil.
1004 2228 1267 2291 legendum
1295 2234 1371 2275 est
1400 2235 1535 2291 :VA'on
1574 2232 1723 2285 potest
1743 2222 1969 2291 enim...
2000 2234 2136 2291 nume

546 2288 715 2350 gloria:
728 2296 911 2350 amator
928 2287 1067 2337 vitam
1085 2288 1374 2350 cruri/imm
1398 2290 1593 2345 ducere,
1619 2289 1752 2348 quasi
1778 2287 2043 2343 diceretur,
2072 2287 2136 2333 ri-

549 2348 647 2399 tum
670 2348 995 2399 citi-muniam.

1242 401 1295 455 s.
1336 400 1609 455 J0.\N.\lS
1637 390 2110 453 (IllltYSOSTOMI
2154 400 2467 454 annuum.
2509 403 3041 460 tJUNS'l‘ANTINUI‘.
3762 410 3858 463 ein

2260 512 2555 567 diversoria
2594 516 2920 584 frequentes,
2954 519 2996 571 si
3034 516 3209 572 navim
3232 520 3589 585 conscendas,
3624 524 3855 575 insulam

2258 602 2424 657 adeas
2455 606 2534 658 vel
2564 606 2735 671 regias
2754 606 2913 671 mdes,
2939 608 2982 663 si
3009 607 3261 676 judiciale
3287 608 3463 662 forum
3499 611 3579 663 vel
3606 624 3856 666 senatum

2256 694 2440 757 adeas,
2473 696 2807 750 s:ccularium
2854 698 3047 767 ubique
3087 716 3265 754 rerum
3300 700 3721 755 sollicitudinem
3763 713 3859 756 ob-

2256 786 2519 850 servabis,
2545 787 2889 856 singulosque
2922 788 3003 841 bis
3033 790 3086 842 in
3114 790 3273 845 rebus
3304 791 3630 854 laborantes,
3659 792 3857 845 abeun-

2259 886 2359 939 tes,
2391 886 2687 940 manentt-s,
2717 880 3041 945 navigantes,
3075 880 3355 949 agricolas,
3388 896 3481 935 eos
3512 883 3673 950 quiin
3699 898 3853 947 agro,

2255 980 2348 1019 eos
2374 968 2461 1035 qui
2506 967 2555 1020 in
2594 968 2726 1021 urbe
2770 968 3031 1034 habitant,
3075 985 3181 1022 uno
3226 970 3413 1035 verbo,
3456 986 3671 1025 mnues.
3725 972 3856 1039 ane

2257 1056 2408 1109 nobis
2434 1072 2556 1124 spes
2580 1058 2765 1112 salutis
2788 1060 2908 1121 erit,
2938 1059 3150 1129 quando
3183 1061 3273 1114 Dei
3301 1072 3495 1115 tetram
3526 1064 3853 1126 incolentes,

2256 1146 2384 1200 nihil
2425 1163 2487 1199 ea
2519 1164 2636 1215 qum
2672 1149 2760 1203 liei
2806 1159 2931 1202 sunt
2956 1164 3226 1208 curamus,
3277 1150 3370 1203 sed
3405 1166 3526 1205 cum
3560 1152 3856 1220 jobeamur

2256 1237 2340 1290 nit:
2369 1239 2631 1307 peregrini
2652 1252 2796 1304 esse,
2823 1241 3089 1308 peregrini
3124 1245 3173 1293 in
3200 1241 3331 1294 ca=lo
3354 1257 3555 1303 sumus,
3587 1252 3643 1295 et
3667 1246 3854 1297 mutuli

2252 1329 2433 1381 cives?
2476 1330 2609 1395 Quid
2654 1329 2751 1383 hac
2778 1331 3082 1396 stupiditate
3108 1331 3384 1385 deterius?
3418 1332 3673 1397 Quotidie
3699 1333 3852 1402 judi-

2253 1419 2392 1471 cium
2424 1429 2476 1472 et
2506 1436 2725 1490 regnum
2754 1422 3021 1485 audimus,
3052 1431 3104 1475 et
3142 1437 3235 1476 eos
3266 1423 3355 1491 qui
3394 1424 3444 1477 in
3498 1425 3692 1479 diebus
3738 1426 3799 1479 Ν.
3822 1442 3853 1479 e

2251 1522 2402 1565 erant
2452 1527 2659 1565 necnon
2700 1512 3003 1567 Sodomitas
3052 1513 3339 1575 imitamur,
3390 1516 3851 1585 etexperitnentn

2251 1605 2425 1657 omnia
2465 1602 2708 1658 ediscere
2733 1604 2998 1657 Volumus.
3031 1605 3185 1672 Atqui
3218 1603 3336 1658 ideo
3378 1605 3462 1658 illa
3491 1606 3672 1658 omnia
3718 1608 3853 1660 scri-

2250 1705 2335 1762 p'a
2370 1703 2515 1761 sunt,
2544 1704 2601 1746 ut
2627 1693 2670 1747 si
2698 1694 2816 1762 quis
2848 1694 3020 1746 futura
3066 1709 3169 1745 non
3215 1694 3415 1755 credat,
3450 1709 3514 1747 es
3556 1697 3850 1763 praeteritis

2248 1786 2447 1839 claram
2477 1786 2703 1854 accipiat
2746 1787 3040 1838 futurorum
3089 1786 3351 1837 notitiam.
3398 1784 3522 1837 llarc
3555 1786 3736 1853 itaque
3760 1802 3849 1835 ro.

2246 1880 2495 1946 gitantcs,
2548 1886 2652 1930 tam
2702 1878 2991 1945 pra'terita,
3046 1893 3203 1944 quam
3256 1875 3453 1939 futura,
3512 1877 3729 1943 paulum
3781 1893 3844 1929 ex

2249 1971 2345 2024 bac
2372 1971 2629 2024 servitute
2653 1971 2996 2038 respirmnus,
3022 1978 3074 2022 et
3090 1968 3321 2037 aliquam
3350 1968 3547 2021 anima:
3577 1970 3843 2021 rationem

2248 2060 2564 2125 habeamus,
2599 2068 2738 2114 utet
2789 2060 3070 2129 prasentia
3118 2068 3171 2112 et
3223 2059 3398 2113 futura
3445 2074 3845 2129 consequamur

2245 2153 2404 2213 bona,
2436 2153 2604 2219 gratia
2636 2162 2689 2205 et
2726 2151 3051 2218 benignitate
3097 2151 3301 2205 Domini
3336 2152 3501 2205 nostri
3530 2151 3660 2207 Jesu
3687 2153 3842 2208 Chri.

2243 2245 2328 2307 sti,
2361 2246 2443 2296 cui
2490 2244 2659 2313 gloria
2708 2251 2764 2299 et
2806 2243 3089 2310 imperium
3144 2243 3195 2296 iu
3246 2243 3442 2297 smeula
3488 2243 3837 2297 smculorum.

2243 2338 2438 2389 Amen.

2740 2466 2885 2474 ..ο-ρ-
2936 2468 3051 2473 ,μς--
3082 2467 3215 2473 λ--σ-
3246 2467 3745 2476 ---.-.-..---οο-.--
3806 2469 3828 2475 <

1838 2542 2181 2603 HOMILIA
2228 2539 2535 2600 XXXIX.

540 2694 629 2747 9⁸3.
683 2693 837 2747 Pater
858 2710 994 2747 meus
1020 2711 1117 2746 non
1141 2694 1338 2761 judirat
1366 2708 1681 2760 quemquam,
1714 2690 1799 2743 sed
1826 2706 1970 2741 onine
1990 2690 2134 2755 judi-

612 2788 745 2837 cium
776 2787 910 2838 dedit
959 2785 1117 2850 Filio,
1147 2785 1234 2837 25.
1266 2795 1319 2835 ut
1344 2801 1515 2836 onmes
1546 2784 1877 2849 honoriﬁceut
1909 2780 2123 2844 Filium,

612 2886 665 2926 ut
692 2876 1022 2939 honori/icon!
1046 2874 1273 2927 Putrem.

610 2966 658 3017 1.
702 2963 963 3015 Iudicium
991 2969 1219 3032 futurum
1256 2964 1554 3015 timendum.
1590 2959 1751 3012 Filius
1791 2978 1888 3012 nou
1936 2964 2121 3027 factus,

536 3057 623 3109 sed
651 3056 711 3107 ub
732 3066 917 3110 (eterna
950 3058 1166 3125 genitus.
1195 3056 1340 3109 Cirris
1367 3073 1425 3107 us
1467 3054 1715 3124 quomodo
1742 3064 1785 3105 et
1813 3071 1913 3123 qua
1962 3064 2124 3105 mente

537 3149 598 3199 de
622 3164 673 3200 se
699 3148 903 3216 loquens
930 3147 1141 3199 humilia
1174 3149 1467 3214 permisceat
1510 3145 1824 3198 sublinrbus.
1862 3176 1931 3184 —
1964 3146 2122 3198 Multa

536 3239 687 3291 nobis
710 3254 842 3306 opus
866 3248 946 3293 est
976 3240 1025 3292 in
1048 3240 1295 3293 omnibus
1328 3239 1624 3306 diligentia,
1659 3238 1863 3299 dilecti;
1898 3252 2119 3290 accura-

536 3339 640 3381 tam
663 3330 856 3397 quippe
882 3329 1139 3382 rationem
1163 3328 1403 3381 dabimus
1426 3337 1477 3381 et
1502 3328 1779 3380 verborum
1800 3338 1853 3380 et
1875 3343 2114 3394 oprrum.

536 3419 643 3471 ltes
668 3421 810 3472 enim
852 3429 1049 3474 nostra:
1091 3435 1195 3472 non
1236 3428 1359 3471 sunt
1407 3422 1684 3486 ρι’ίιεδυιιῑις
1714 3418 1833 3470 vita:
1866 3416 2119 3469 limitibus

532 3512 969 3578 circunmcriptm,
1003 3511 1096 3566 sed
1128 3512 1228 3565 alla
1281 3527 1376 3565 nos
1417 3520 1703 3578 exceptura
1734 3521 1814 3563 est
1842 3511 1961 3563 vine
1990 3524 2119 3562 con-

532 3604 682 3665 ditio,
716 3603 1310 3672 tremendoquejudicio
1339 3604 1609 3656 sistentur.
1639 3601 1824 3652 Omnes
1851 3602 1979 3652 cnim
2003 3617 2112 3661 nos,

533 3693 701 3762 inquit
726 3695 940 3757 Paulus,
969 3695 1280 3762 ntanifeslari
1312 3704 1505 3761 oportet
1529 3700 1643 3743 ante
1666 3690 1887 3743 tribunal
1907 3689 2113 3753 Christi,

530 3796 586 3836 ut
617 3789 800 3854 referat
829 3786 1186 3855 unusquisque,
1217 3802 1329 3854 qua:
1361 3802 1447 3853 per
1476 3800 1657 3851 corpus
1684 3783 1801 3851 egit,
1839 3792 1987 3849 prout
2006 3800 2117 3850 ges-

529 3878 612 3941 sit,
637 3878 737 3929 sive
766 3877 968 3940 bonum,
995 3878 1095 3928 sive
1121 3876 1309 3928 naulum
1336 3876 1411 3945 (Ξ.
1446 3875 1562 3929 Car.
1594 3876 1645 3929 5.
1679 3876 1786 3943 10).
1820 3876 1926 3928 Hoc
1952 3876 2115 3928 tribu-

531 3966 614 4018 nal
658 3980 871 4035 semper
899 3968 1212 4035 cOgitemus,
1246 3974 1295 4018 et
1342 3966 1420 4018 sic
1446 3980 1658 4031 semper
1689 3966 1865 4017 virtuti
1910 3966 2113 4018 incum-

530 4058 655 4111 bere
681 4059 988 4125 poterimus.
1019 4058 1146 4110 Nam
1172 4056 1309 4111 sicut
1330 4057 1372 4110 is
1398 4058 1485 4125 qui
1516 4058 1655 4110 illam
1680 4058 1820 4111 diem
1844 4057 1912 4110 ab
1933 4060 2110 4111 animo

530 4150 693 4213 t-jieit,
722 4150 868 4217 quasi
901 4163 1067 4217 equus
1100 4163 1331 4202 excusso
1372 4148 1525 4201 freno
1571 4150 1620 4200 in
1671 4149 1957 4217 prmeipitia
2008 4150 2110 4202 ruit

529 4236 901 4307 (Profunautur
927 4238 1090 4305 enini,
1126 4238 1312 4308 inquit,
1344 4240 1436 4291 via:
1473 4239 1581 4308 ejus
1607 4240 1655 4290 iu
1686 4242 1819 4291 omni
1855 4250 2109 4307 tempore;

527 4341 579 4383 el
607 4346 821 4383 causam
852 4331 1085 4386 afferens
1115 4334 1209 4395 ait,
1245 4333 1555 4402 Aufer-untur
1576 4332 1777 4400 judicia
1808 4343 1891 4382 tua
1920 4349 1949 4383 α
1982 4334 2112 4402 facie

526 4426 633 4492 ejus
656 4423 824 4493 [_Psul.
856 4423 909 4477 9.
936 4422 1049 4493 27])
1080 4441 1091 4473 :
1128 4424 1195 4475 ita
1226 4424 1313 4491 qui
1354 4437 1567 4490 semper
1613 4421 1710 4473 hoc
1740 4422 1929 4475 lilllOI'C
1960 4432 2105 4475 tene-

528 4526 633 4577 tur,
689 4524 1049 4583 temperanter
1097 4514 1324 4568 incedet.
1376 4513 1529 4574 Nam,
1580 4512 1885 4574 Recordare,
1919 4514 2105 4581 inquit,

528 4608 797 4660 novissima
839 4617 945 4669 tua,
989 4616 1033 4659 et
1079 4607 1129 4659 in
1168 4615 1411 4659 teternum
1443 4624 1541 4658 nun
1572 4606 1795 4671 perrubis
1837 4605 2023 4674 (Eccli.
2053 4608 2105 4659 7.

527 4697 634 4758 40).
661 4696 760 4765 Qui
791 4697 931 4751 enim
964 4713 1101 4751 nunc
1122 4698 1338 4751 dimittit
1368 4697 1519 4750 nobis
1544 4686 1773 4764 peccata,
1808 4699 1850 4749 is
1886 4698 2110 4762 tuncju-

524 4790 624 4845 dex
660 4790 895 4851 sedebit;
929 4792 1016 4859 qui
1046 4800 1287 4844 mortuus
1322 4800 1402 4843 est
1440 4804 1535 4857 pro
1579 4790 1753 4852 nobis,
1784 4788 1869 4843 hic
1898 4792 2110 4844 univer-

523 4896 635 4933 sam
665 4878 1167 4947 naturamjudleans
1188 4879 1484 4947 apparebit.
1514 4876 1703 4931 Iterum
1726 4880 1890 4943 enim,
1916 4881 2106 4949 inquit,

524 4973 631 5023 sine
657 4982 861 5038 peccato
890 4971 1138 5023 videbitur
1181 4969 1563 5039 suscipientibus
1601 4970 1766 5038 ipsum
1802 4974 1871 5023 ad
1895 4972 2105 5024 salutem

524 5060 708 5121 (Hebr.
739 5061 789 5114 9.
818 5059 929 5127 28).
960 5060 1313 5128 Quamobrem
1345 5060 1445 5115 hoc
1465 5061 1581 5113 loco
1609 5061 1767 5114 dicit:
1796 5060 1952 5115 Pater
1970 5080 2107 5116 mens

524 5154 830 5221 nanjudicat
856 5169 1175 5221 quamquam,
1195 5153 1289 5205 sed
1310 5169 1455 5205 onme
1472 5154 1727 5221 judicimn
1775 5154 1912 5207 dedit
1948 5154 2103 5218 Filio,

525 5254 580 5293 ut
608 5260 775 5296 omnes
806 5245 1137 5312 honoriﬁcent
1168 5242 1379 5307 Filium,
1413 5255 1467 5296 ut
1496 5245 1831 5310 honorificam
1876 5246 2101 5301 Patrem.

524 5331 735 5399 Ergone
767 5333 993 5394 Patrem,
1040 5333 1265 5403 inquies,
1300 5334 1445 5387 illum
1478 5334 1747 5389 dicemus?
1777 5337 1947 5390 Absit.
1981 5335 2105 5392 Ideo

522 5439 751 5489 mutique
794 5424 923 5477 dicit
974 5424 1186 5490 Filium,
1234 5434 1291 5479 ut
1317 5424 1511 5479 Filium
1547 5438 1844 5480 manentem
1878 5428 2103 5481 honore-

520 5532 637 5568 mns
665 5516 800 5570 sicut
833 5518 1062 5570 Patrem.
1095 5515 1191 5585 Qui
1221 5535 1347 5573 vero
1372 5520 1542 5588 ipsum
1569 5528 1722 5573 vocat
1743 5520 1975 5584 Patrem,
1997 5536 2100 5575 non

521 5608 654 5659 ultra
703 5607 895 5661 Filium
944 5619 998 5662 ut
1027 5608 1235 5663 Patrem
1281 5609 1527 5673 honorat,
1564 5610 1656 5665 sed
1688 5612 1861 5665 omnia
1893 5612 2097 5665 miscet.

518 5698 648 5765 Quia
677 5715 808 5771 ergo
839 5700 1097 5755 beneficio
1129 5702 1299 5757 aﬂ’ecti
1330 5701 1576 5758 homines
1620 5720 1722 5759 non
1770 5706 1837 5759 itu
1884 5705 1947 5758 ad
1989 5704 2104 5757 oﬂi-

518 5791 657 5843 cium
683 5794 927 5859 redeunt,
975 5802 1027 5845 ut
1082 5793 1355 5862 castigati;
1392 5794 1510 5849 ideo
1546 5797 1799 5851 terribilia
1845 5796 1999 5862 dixit,
2050 5807 2103 5848 ut

2247 2698 2417 2740 metus
2450 2689 2635 2741 saltent
2670 2686 2732 2739 ad
2767 2686 3149 2740 honoremsibi
3197 2687 3474 2740 ferendum
3523 2687 3766 2741 trahi-ret
3796 2691 3829 2739 '.

2239 2779 2370 2830 Cum
2395 2778 2539 2841 dicit,
2585 2779 2763 2839 Uome,
2797 2778 2844 2829 id
2875 2787 2976 2842 est,
3026 2778 3275 2845 puniendi
3317 2786 3372 2831 et
3403 2778 3704 2831 honorandi
3740 2795 3831 2847 po-

2240 2876 2483 2919 testatcm
2514 2867 2693 2931 habet,
2728 2878 2885 2935 atque
2919 2878 3201 2935 utrumque
3235 2882 3328 2935 pro
3368 2868 3534 2920 lubito
3578 2868 3829 2921 faciendi.

2236 2959 2368 3013 Illud
2399 2975 2545 3023 vero,
2576 2959 2750 3024 Dedit,
2802 2961 3000 3013 dictum
3027 2969 3132 3022 cst,
3166 2977 3233 3014 ne
3257 2960 3427 3029 ipsqu
3458 2977 3563 3013 non
3593 2964 3831 3030 genitura

2234 3065 2355 3103 esse
2382 3052 2692 3119 susipiceris,
2725 3067 2898 3119 neque
2941 3062 3090 3119 putes
3120 3051 3253 3104 duos
3298 3067 3417 3103 eSse
3450 3052 3675 3105 Patres:
3712 3068 3829 3103 nam

2234 3142 2490 3211 quidquid
2522 3152 2604 3194 cst
2636 3143 2811 3205 Pater,
2839 3150 2918 3194 est
2950 3150 3002 3194 et
3033 3141 3198 3194 Filios
3220 3143 3261 3203 ³,
3296 3143 3506 3209 genitus
3557 3155 3613 3195 et
3670 3142 3832 3197 Filius

2236 3248 2477 3287 manens.
2510 3234 2575 3288 Ut
2600 3250 2727 3287 vero
2749 3233 2923 3287 discas
2949 3232 3097 3298 illud,
3135 3233 3305 3298 Dedit,
3357 3236 3590 3303 idipsmn
3623 3237 3828 3306 signifi-

2230 3340 2354 3379 care
2397 3326 2558 3393 quod,
2592 3328 2793 3393 genuit,
2838 3326 2957 3377 andi
2990 3326 3113 3379 illttd
3143 3326 3247 3377 alio
3291 3326 3406 3379 loco
3450 3327 3783 3381 declaratum
3814 3348 3825 3380 :

2230 3417 2376 3471 Sicut
2403 3416 2560 3470 Pater
2590 3419 2733 3469 liabet
2761 3419 2910 3469 vitam
2950 3420 3003 3470 in
3028 3419 3315 3485 semetipso,
3349 3420 3417 3470 ita
3441 3421 3578 3471 dedit
3606 3431 3657 3473 et
3695 3421 3827 3473 Filio

2228 3510 2380 3561 vitam
2410 3509 2590 3562 habere
2618 3511 2666 3561 iu
2697 3512 2963 3578 semetipso
3009 3510 3080 3577 (ιε.
3117 3510 3191 3575 7).
3221 3509 3355 3574 Quid
3396 3514 3561 3579 ergo?
3612 3516 3826 3578 prinsnc

2228 3598 2399 3666 ipsum
2429 3600 2627 3667 genuit,
2672 3614 2733 3652 ac
2764 3599 2957 3652 deinde
3002 3600 3160 3655 \itatu
3186 3600 3365 3653 dedit?
3404 3600 3502 3665 Qui
3535 3600 3630 3653 dat
3656 3619 3822 3664 etum,

2226 3690 2435 3742 cuidam
2458 3691 2734 3743 exsistenti
2765 3690 2871 3743 dat.
2906 3690 3117 3759 Ergone
3148 3690 3356 3759 genitus
3379 3701 3492 3744 erat
3528 3692 3649 3745 sine
3679 3695 3825 3746 vita?

2230 3780 2421 3833 Verum
2456 3779 2556 3833 hoc
2602 3797 2667 3834 ne
2719 3780 2989 3833 daunom-S
3020 3780 3233 3849 quidem
3264 3782 3605 3849 suspicentur
3635 3802 3647 3835 :
3682 3784 3822 3836 inul-

2226 3882 2329 3926 tam
2361 3876 2558 3942 quippe
2604 3873 2761 3926 habet
2815 3874 3071 3927 insaniam
3124 3889 3244 3926 cum
3292 3874 3565 3942 impietate
3593 3876 3823 3944 conjun-

2222 3974 2381 4016 ctam.
2414 3964 2875 4030 Quemadmodum
2910 3981 3036 4031 ergo
3069 3962 3220 4029 illud,
3274 3963 3423 4017 Dedit
3465 3967 3645 4028 vitam,
3678 3968 3818 4021 idem

2219 4063 2303 4106 cst
2323 4052 2485 4122 quod,
2516 4052 2709 4107 Genuit
2738 4055 2909 4121 ipsum
2938 4055 3131 4106 vitam:
3156 4054 3253 4116 sic,
3288 4051 3739 4124 Deditjudirium,
3765 4058 3813 4111 id

2218 4155 2319 4209 est,
2369 4146 2541 4214 Ipsum
2569 4145 2803 4213 judicem
2834 4146 3035 4214 genuit.
3071 4146 3281 4200 Etenim
3326 4162 3392 4199 ne
3418 4149 3645 4201 audiens
3676 4152 3816 4218 quod

2220 4238 2330 4306 ipsc
2353 4238 2563 4291 Patrem
2588 4252 2802 4290 catisam
2825 4236 3091 4301 habuerit,
3117 4236 3479 4290 diversitatem
3498 4239 3817 4295 substantias

2218 4342 2392 4400 putes,
2417 4331 2781 4397 honoremque
2805 4329 3089 4395 minorem,
3122 4330 3232 4398 ipse
3255 4331 3396 4383 venit
3418 4338 3470 4384 te
3492 4330 3811 4398 iudicatum,

2220 4420 2342 4473 hinc
2368 4419 2727 4488 aequalitatem
2748 4418 2769 4448 ³
2796 4419 3102 4472 ostendens.
3129 4419 3227 4486 Qui
3252 4419 3393 4472 enim
3422 4435 3559 4489 quos
3581 4424 3696 4475 vult
3722 4439 3813 4491 pu-

2220 4512 2395 4565 niendi
2428 4523 2481 4566 et
2512 4510 2809 4564 honorandi
2858 4520 3175 4579 potestatem
3225 4510 3402 4572 habet,
3456 4512 3648 4566 eadem
3696 4530 3816 4581 qua:

2218 4603 2376 4655 Pater
2403 4612 2596 4671 potest.
2631 4601 2740 4655 Nisi
2790 4603 2931 4655 enim
2982 4600 3084 4654 hoc
3111 4612 3273 4666 esset,
3309 4601 3402 4655 sed
3434 4612 3619 4670 postea
3652 4620 3815 4673 quam

2214 4698 2425 4762 genitus
2455 4694 2625 4746 fuerat
2657 4695 2912 4747 honorem
2944 4692 3257 4761 accepisset,
3288 4708 3405 4761 qua:
3432 4707 3595 4747 causa
3630 4695 3729 4747 fuit
3760 4705 3816 4747 nt

2216 4787 2327 4854 ipse
2355 4786 2618 4855 posterior
2650 4784 3036 4838 honoraretur?
3062 4800 3167 4853 quo
3198 4793 3352 4851 pacto
3381 4784 3450 4837 ita
3483 4783 3731 4851 proficit,
3759 4797 3815 4837 ut

2218 4879 2354 4932 hanc
2376 4876 2684 4946 dignitatem
2714 4876 3015 4943 acciperet?
3040 4874 3154 4927 Non
3195 4874 3510 4929 erubescitis
3555 4875 3686 4928 dum
3716 4876 3812 4928 im-

2216 4970 2425 5024 mortali
2458 4969 2768 5036 nullumque
2795 4977 3137 5037 augmentum
3168 4968 3449 5037 accipienti
3479 4977 3687 5022 natura:
3715 4970 3812 5021 hn-

2214 5078 2367 5115 mana
2400 5070 2453 5115 et
2481 5072 2585 5114 tam
2620 5060 2739 5113 vilia
2775 5060 3118 5114 adscribitis?
3148 5060 3255 5113 Cur
3284 5076 3432 5130 ergo,
3474 5061 3711 5130 inquies,
3740 5063 3808 5115 ita

2194 5152 2480 5229 ‘loquitur?
2508 5150 2575 5206 Ut
2602 5150 2740 5205 dicta
2767 5151 2970 5204 facilius
2993 5152 3301 5216 credantur,
3326 5160 3379 5204 et
3404 5150 3469 5204 ad
3494 5152 3807 5207 sublimiora

2212 5243 2351 5297 viam
2382 5253 2559 5311 paret;
2591 5243 2711 5297 ideo
2739 5252 2965 5311 utraque
2982 5242 3308 5295 commiscet.
3337 5240 3659 5297 Videautem
3678 5258 3809 5312 quo-

2213 5336 2407 5390 modo:
2442 5350 2561 5387 nam
2592 5350 2621 5387 e
2652 5350 2709 5388 re
2756 5335 2913 5387 fuerit
2961 5332 3075 5386 luce
3104 5348 3132 5385 a
3180 5333 3440 5401 principio
3488 5335 3801 5389 observare.

2275 5496 2288 5525 '
2331 5494 2415 5541 Alii
2440 5494 2615 5553 legunt
2639 5506 2651 5541 :
2677 5491 2795 5553 Quid
2813 5489 2936 5553 enim
2961 5487 3373 5553 bene/iciouncrti
3392 5490 3668 5541 timui-ms...
3701 5528 3731 5539 ..
3760 5503 3806 5539 ut

2210 5555 2463 5617 castigati,
2489 5550 2667 5603 (anule
2681 5550 2925 5617 judicium
2963 5550 3097 5617 dedit
3127 5550 3265 5617 Filio,
3291 5570 3311 5594 ι
3345 5554 3505 5612 inquit
3528 5588 3542 5607 ,
3570 5560 3620 5600 ut
3656 5564 3806 5603 mem

2210 5612 2379 5666 saltem
2404 5616 2465 5680 (ut
2493 5612 2719 5680 honorem
2744 5613 2834 5664 siti
2857 5614 3110 5680 ferendum
3126 5612 3363 5680 traheret.
3426 5672 3434 5680 .

2275 5682 2294 5709 ²
2328 5678 2527 5737 Quidam
2561 5678 2767 5739 legunt,
2792 5688 2902 5723 nam
2935 5674 3171 5735 quidquid
3206 5682 3275 5721 est
3304 5674 3488 5726 Putris,
3518 5676 3605 5723 hoc
3631 5684 3672 5722 et
3708 5682 3813 5729 γένυς

2240 5754 2258 5789 s
2286 5778 2293 5785 .

2210 5754 2234 5789 ρ
2261 5748 2293 5833 ’³
2323 5801 2402 5850 ,λιιι
2440 5800 2631 5863 legunt,
2656 5798 2965 5853 nobilitatem,
2988 5810 3090 5859 pro,
3116 5795 3457 5856 a'quitatcm.
