4024 6440
581 408 681 460 3‘35

580 533 833 583 a'tumlm,
873 514 1182 585 subjuugit:
1220 510 1281 564 Et
1327 513 1376 563 in
1420 508 1673 580 judicium
1725 520 1824 556 non
1862 500 2011 563 renit,
2064 496 2150 550 sed

577 609 777 662 transiit
802 625 832 660 α
855 616 1011 659 morte
1033 605 1085 657 in
1111 604 1279 657 vitam.
1312 600 1403 654 llis
1430 598 1634 652 duobus
1657 594 1753 649 sibi
1785 592 1939 645 Iidem
1970 589 2151 643 conci-

577 703 691 765 liat,
723 711 773 754 et
805 697 941 765 quod
973 694 1115 750 Patri
1140 691 1461 749 credendum
1492 690 1715 751 diceret,
1748 694 1799 739 et
1825 683 1965 753 quod
1996 682 2149 735 obse-

575 789 754 859 quenti
783 788 945 842 multa
972 785 1106 840 bona
1148 784 1503 853 polliceretur.
1538 777 1665 831 Illud
1696 784 1894 838 autem,
1924 771 1988 825 In
2007 772 2151 841 judi-

574 882 705 933 cium
745 894 845 931 non
874 878 1024 942 venit,
1066 875 1118 929 id
1162 881 1264 937 est,
1304 886 1407 927 non
1440 870 1671 939 punitur.
1712 867 1932 921 Mortem
1974 875 2147 917 autem

574 986 678 1023 non
710 968 865 1033 hanc,
897 966 990 1022 sed
1030 976 1283 1019 mternam
1312 962 1472 1024 dicit;
1500 968 1558 1014 ut
1603 968 1655 1013 et
1692 959 1852 1011 vitam
1893 956 2017 1008 dicit
2046 955 2148 1007 im-

573 1059 873 1112 mortalem.
902 1056 990 1111 25.
1026 1056 1205 1118 Amen,
1237 1068 1381 1104 amen
1420 1051 1533 1103 dico
1560 1049 1715 1111 vobis,
1749 1048 1880 1101 vestit
1926 1046 2069 1105 hora,
2104 1054 2149 1096 et

572 1164 705 1201 nunc
732 1158 821 1211 est,
857 1161 968 1198 cum
1012 1142 1200 1196 mortui
1245 1140 1450 1193 audient
1480 1154 1647 1191 vocem
1679 1136 1804 1188 Filii
1834 1135 2067 1195 hominis,
2103 1144 2149 1186 et

570 1240 655 1306 qui
683 1235 948 1299 audierint,
979 1234 1158 1286 vivent.
1186 1230 1446 1300 Operibus
1472 1229 1599 1297 ipsis
1628 1227 1786 1281 verba
1813 1223 2143 1292 comprobat.

572 1328 698 1380 Nam
726 1341 845 1380 cum
872 1324 1111 1386 dixisset,
1133 1320 1277 1377 Sicut
1300 1319 1451 1373 Pater
1473 1319 1679 1373 suscitat
1708 1327 1929 1370 mortuos
1960 1326 2005 1369 et
2029 1316 2150 1368 rivi-

535 1418 704 1494 Jirat,
748 1416 819 1468 sic
851 1422 897 1468 et
940 1413 1107 1467 Filius
1148 1428 1271 1482 quos
1311 1411 1414 1464 vult
1450 1410 1686 1479 viviﬁcat,
1732 1424 1797 1462 ne
1839 1408 2148 1462 viderentur

569 1508 683 1561 hsce
708 1522 771 1562 ex
815 1506 1065 1576 jactantia
1105 1514 1160 1560 et
1198 1503 1335 1558 fastu
1384 1503 1525 1558 dicta
1570 1502 1750 1568 fuisse,
1794 1516 1856 1556 ex
1898 1502 2148 1569 operibus

569 1616 681 1655 rem
710 1599 1055 1665 demonstrat,
1098 1612 1217 1652 cum
1254 1596 1403 1662 dicit,
1457 1594 1601 1649 Venit
1635 1596 1779 1648 hora.
1837 1593 2037 1647 Deinde
2079 1607 2147 1646 ne

570 1702 721 1760 putes
752 1692 839 1746 diu
884 1690 1295 1760 exspectandum
1339 1702 1479 1751 esse,
1521 1687 1719 1755 adjicit,
1776 1684 1839 1738 Et
1888 1701 2021 1737 nunc
2048 1694 2140 1748 est,

566 1798 680 1835 cum
709 1783 895 1834 mortui
933 1782 1139 1834 audient
1178 1794 1344 1832 vocem
1374 1776 1501 1830 Filii
1533 1776 1648 1843 Dei,
1678 1786 1724 1829 et
1749 1777 1833 1845 qui
1870 1777 2144 1841 audierint,

564 1878 745 1925 vivent.
790 1872 971 1926 V'idcn‘
1008 1870 1095 1925 hic
1136 1869 1502 1923 auctoritatem
1542 1876 1595 1922 et
1624 1858 1914 1936 potentiam
1960 1866 2146 1920 inell'a-

566 1966 706 2019 hilen
741 1964 763 2016 ‘i
790 1960 1242 2031 Quemadmodum
1274 1961 1415 2016 enim
1452 1960 1503 2014 in
1536 1959 1951 2021 resurrectione,
1981 1957 2058 2010 sic
2093 1966 2147 2009 et

568 2068 707 2108 nunc
727 2054 847 2119 erit,
877 2053 1041 2121 inquit
1112 2051 1242 2105 Nam
1286 2059 1409 2104 tunc
1437 2047 1614 2104 audita
1647 2048 1957 2117 imperantis
1994 2058 2141 2110 voce,

566 2158 933 2213 resurgcmus;
967 2142 1032 2196 In
1058 2144 1207 2211 jussu
1231 2139 1328 2194 Dei
1355 2144 1371 2171 ί
1393 2180 1406 2204 ,
1438 2141 1627 2209 inquit,
1660 2138 1847 2191 mortui
1888 2146 2143 2207 resurgent

564 2239 641 2301 (l.
665 2234 706 2288 T
749 2251 841 2287 ess.
865 2234 918 2287 4.
950 2232 1059 2303 lli).
1089 2233 1156 2287 Et
1191 2230 1350 2296 unde,
1384 2230 1609 2300 inquies,
1638 2236 1847 2282 Constat
1876 2226 2004 2281 illud
2037 2241 2142 2279 non

561 2340 626 2378 ex
672 2324 808 2377 fastu
851 2324 1048 2379 dictum
1099 2322 1255 2377 esse?
1283 2322 1361 2376 Ex
1385 2336 1450 2376 eo
1476 2318 1617 2389 quod
1644 2318 1874 2382 additur,
1911 2316 1974 2371 Et
2012 2312 2163 2370 inme

561 2428 652 2471 est.
675 2416 803 2470 Nam
827 2415 870 2469 si
894 2416 1064 2469 futura
1091 2424 1288 2469 tantum
1312 2414 1598 2478 nuntiaret,
1620 2409 1743 2465 hinc
1764 2410 1893 2479 ipsis
1908 2410 2142 2477 suspicio

560 2517 678 2561 orta
719 2516 880 2561 esset.
920 2506 1034 2560 Jam
1075 2521 1203 2560 vero
1240 2505 1317 2560 rei
1355 2503 1868 2559 demonstrationem
1915 2499 2136 2569 praebet.

561 2598 662 2663 ille,
696 2600 883 2667 inquit,
936 2598 1209 2653 vobiscum
1260 2605 1505 2652 versante
1551 2595 1654 2650 hoc
1695 2594 1925 2649 eveniet.
1961 2593 2143 2661 Neque

560 2692 724 2755 enim,
780 2691 877 2745 nisi
924 2700 1239 2760 potestatem
1286 2689 1579 2753 habuisset,
1632 2686 1733 2741 hoc
1786 2686 2142 2755 promissut'us

560 2792 693 2846 erat,
748 2798 815 2836 ne
858 2781 1112 2837 ridiculus
1141 2781 1390 2836 omnibus
1417 2787 1579 2835 esset.
1627 2778 1829 2833 Deinde
1864 2778 2001 2830 dicta
2045 2789 2138 2829 sua

556 2873 789 2941 expliunt
806 2872 889 2926 his
913 2871 1220 2927 verbiszﬁli.
1251 2872 1399 2925 Sicut
1418 2872 1549 2923 enim
1573 2868 1729 2922 Pater
1753 2870 1900 2921 habet
1920 2871 2069 2920 vitam
2087 2868 2137 2920 in

557 2964 843 3030 semetipso,
868 2963 939 3016 sic
968 2963 1104 3015 dedit
1140 2971 1185 3015 et
1212 2960 1349 3014 Filio
1379 2962 1528 3013 vitam
1559 2960 1739 3013 habere
1767 2960 1820 3012 in
1848 2959 2131 3027 semetipso.

632 3057 683 3110 5.
703 3054 873 3109 Patris
899 3065 944 3107 et
980 3054 1101 3107 Filii
1126 3054 1407 3123 a’qualitas.
1422 3050 1457 3105 Ι
1461 3052 1702 3116 udicium,
1721 3053 1891 3115 vitam,
1912 3066 2133 3103 resurre-

556 3149 770 3201 ctionem
787 3162 876 3200 cur
890 3146 1118 3201 Christus
1137 3161 1267 3215 stupe
1290 3152 1544 3197 memoret.
1566 3142 1761 3195 Paulus
1779 3141 2137 3196 Samosatenus

554 3238 803 3307 quomodo
825 3239 977 3308 legat.
1011 3236 1137 3304 Quis
1165 3238 1227 3291 sit
1249 3252 1392 3290 verus
1418 3235 1616 3305 legendi
1643 3233 1842 3288 modus.
1860 3263 1932 3273 —
1952 3233 2134 3288 Vidcn’

554 3329 822 3400 quomodo
850 3328 1209 3398 aequalitatem
1246 3327 1477 3381 stabiliat
1496 3368 1510 3388 ,
1536 3336 1589 3381 et
1614 3326 1753 3380 hanc
1782 3326 1947 3380 solam
1977 3325 2132 3379 dill'e-

556 3422 783 3476 rentiam
825 3430 1057 3487 statuat,
1086 3418 1224 3490 quod
1256 3433 1391 3473 unus
1433 3419 1500 3473 sit
1548 3418 1705 3472 Pater
1725 3458 1739 3481 ,
1769 3417 1903 3471 alter
1929 3416 2134 3470 Filius?

554 3515 685 3568 Nam
715 3530 812 3568 vox
838 3513 947 3579 illa,
982 3512 1154 3577 Dedit,
1186 3512 1322 3565 hanc
1350 3510 1519 3565 solum
1550 3510 1949 3564 distinctionem
1976 3508 2149 3577 indue

555 3606 625 3662 sit
647 3623 660 3658 :
686 3616 875 3659 uetera
909 3618 1034 3657 vero
1073 3603 1251 3657 omnia
1295 3601 1516 3669 mqualia
1546 3609 1600 3656 et
1628 3602 1773 3671 paria
1800 3616 1919 3655 esse
1946 3610 2126 3654 osten-

559 3695 647 3755 lit.
681 3692 831 3748 Unde
858 3694 1021 3762 liquet
1050 3707 1169 3747 eum
1202 3705 1323 3746 cum
1352 3690 1539 3745 eadem
1568 3700 1826 3759 potestate
1853 3701 1906 3743 et
1938 3690 2130 3744 virtute

551 3785 726 3838 omnia
755 3782 945 3847 lacere,
978 3798 1077 3853 qua
1106 3782 1279 3845 Pater,
1312 3795 1411 3837 nec
1440 3780 1651 3835 aliunde
1682 3779 1785 3834 vim
1816 3781 1956 3834 illam
2014 3797 2129 3834 mu-

551 3884 746 3929 tuatus.
775 3873 849 3928 lla
876 3875 1014 3928 enim
1042 3874 1198 3927 vitam
1230 3872 1409 3939 habet,
1441 3881 1498 3927 ut
1542 3872 1716 3926 Pater.
1752 3871 1981 3941 Ideoque
2010 3889 2129 3925 rur-

548 3981 642 4019 sus
669 3966 851 4034 adjicit
879 3964 929 4018 id
957 3964 1097 4033 quod
1126 3964 1365 4034 sequitur
1388 4005 1405 4030 ,
1438 3972 1495 4017 ut
1533 3978 1600 4018 ex
1642 3962 1740 4017 hoc
1772 3962 1898 4016 illud
1932 3962 2128 4016 intelli-

550 4072 756 4125 gamus.
782 4055 915 4122 Quid
941 4054 1069 4110 illud
1092 4056 1205 4111 eSt?
1236 4054 1301 4108 Et
1333 4063 1626 4125 potestatem
1648 4052 1781 4107 dedit
1804 4055 1850 4109 ei
1869 4054 2126 4123 judicium

549 4151 733 4215 facere.
766 4147 830 4201 Et
858 4162 952 4201 cur
994 4148 1437 4200 resurrectionem
1479 4155 1533 4199 et
1567 4145 1827 4214 judicium
1871 4155 1974 4199 tam
2021 4146 2126 4199 frc-

548 4248 771 4306 qucntcr
798 4234 1090 4290 memorat?
1119 4234 1263 4289 Sicut
1302 4237 1434 4289 enim
1471 4234 1631 4289 Pater
1668 4236 1875 4289 suscitat
1906 4246 2128 4289 mortuos

552 4342 595 4380 et
623 4329 858 4394 viviﬁcut,
886 4329 958 4381 sic
987 4336 1035 4380 et
1064 4325 1231 4380 Filius
1250 4343 1375 4395 quos
1402 4328 1503 4379 vult
1532 4327 1773 4392 vivi/icat;
1803 4335 1856 4379 et
1882 4342 2088 4378 rursum
2113 4367 2126 4387 ,

551 4418 730 4488 Neque
751 4418 906 4472 Pater
921 4418 1120 4488 judicat
1142 4433 1463 4488 quamquam,
1486 4416 1573 4471 sed
1603 4432 1748 4470 onme
1765 4416 2022 4486 judicium
2052 4418 2130 4469 de-

547 4512 624 4563 dit
658 4510 827 4574 Filio;
856 4510 989 4564 iteru
1014 4525 1179 4578 nque,
1210 4509 1354 4564 Sicut
1392 4508 1548 4563 Pater
1584 4509 1729 4563 habet
1780 4509 1931 4561 vitam
1969 4510 2020 4562 in
2054 4526 2130 4562 se-

547 4602 779 4673 metipso,
803 4602 873 4654 ita
892 4602 1029 4655 dedit
1054 4612 1100 4654 et
1124 4600 1257 4654 Filio
1277 4602 1431 4654 vitam
1458 4600 1637 4653 habere
1662 4602 1713 4653 in
1739 4601 2024 4668 semetipso;
2051 4610 2123 4665 et,

552 4693 653 4759 Qui
682 4694 885 4745 audient
915 4706 1081 4745 vocem
1114 4690 1238 4745 Filii
1268 4691 1381 4757 Dei,
1412 4692 1607 4753 vivent;
1634 4702 1686 4744 et
1716 4692 1815 4745 hoc
1847 4693 1991 4755 loco,
2027 4690 2127 4745 Po-

551 4796 775 4838 testatem
796 4784 840 4837 ei
873 4783 1008 4837 dedit
1035 4791 1079 4836 et
1099 4783 1348 4850 judicium
1378 4787 1563 4852 facere.
1593 4781 1701 4836 Cur
1720 4798 1847 4850 ergo
1882 4781 1995 4836 lucc
2016 4782 2127 4836 lrc-

549 4874 797 4943 quentius
825 4882 1023 4938 versat,
1054 4888 1243 4943 nempe
1265 4873 1541 4941 judicium,
1572 4874 1754 4937 vitam,
1785 4876 2125 4927 resurrectio-

549 4966 710 5021 nem?
739 4963 999 5031 Quoniam
1028 4964 1142 5018 hare
1163 4965 1389 5018 maxime
1410 4974 1531 5017 sunt
1552 4979 1671 5033 qua:
1694 4964 1771 5018 vel
1801 4964 2127 5018 obstinatum

548 5056 843 5109 auditorem
872 5054 1087 5108 ﬂectere
1117 5054 1337 5122 possint.
1366 5054 1467 5119 Qui
1496 5054 1635 5107 enim
1664 5054 1833 5109 credit
1862 5069 1920 5107 se
1949 5069 2127 5108 resur-

549 5156 814 5200 recturum
839 5160 980 5209 esse,
1004 5154 1059 5199 et
1084 5144 1344 5199 scelerum
1376 5160 1559 5212 poenas
1575 5145 1819 5199 daturum
1847 5164 1861 5209 ;
1887 5147 1985 5199 etsi
2022 5162 2126 5200 non

546 5235 690 5289 aliud
716 5235 903 5289 viderit
928 5236 1161 5305 signum,
1197 5234 1296 5287 hoc
1326 5246 1547 5303 accepto
1577 5244 1819 5289 accurret
1846 5234 1983 5289 haud
2030 5236 2130 5289 du-

548 5326 657 5389 bie,
690 5332 747 5377 ut
775 5326 1057 5393 propitium
1088 5326 1188 5380 sibi
1214 5325 1448 5394 judicem
1483 5326 1689 5379 reddat.
1732 5326 1820 5378 27.
1856 5326 1987 5390 Quia
2031 5327 2127 5380 Fi-

548 5418 646 5467 lius
673 5416 888 5469 hominis
913 5426 1005 5470 est.
1030 5416 1120 5469 28.
1145 5417 1297 5469 nolite
1321 5418 1412 5470 hoc
1435 5417 1699 5469 admirari.
1734 5418 1922 5470 Paulus
1944 5416 2127 5472 Samo-

550 5516 764 5559 satcnus
785 5521 888 5559 non
908 5507 983 5559 sic
1002 5506 1155 5575 legit;
1182 5505 1272 5560 sed
1290 5506 1753 5575 quomodotbedit
1771 5510 1815 5561 ei
1836 5518 2127 5577 potestatem

549 5598 796 5667 judicium
841 5599 1004 5666 facere
1024 5639 1037 5662 ,
1068 5600 1187 5667 quia
1216 5596 1383 5653 Filius
1414 5600 1628 5653 hominis
1656 5610 1745 5654 est.
1788 5600 1985 5654 Verum
2028 5601 2128 5656 hoc

553 5690 620 5742 ita
666 5690 854 5744 lectum
885 5691 1081 5743 nullam
1123 5691 1279 5745 habet
1304 5694 1800 5762 consequutionem.
1831 5694 1948 5750 Non
1985 5696 2126 5752 enim

619 5804 630 5830 ³
677 5799 751 5849 Alii
778 5801 946 5863 legunt
973 5816 983 5847 :
1017 5810 1064 5849 In
1078 5801 1222 5863 jussu
1240 5802 1345 5865 Dei,
1392 5804 1439 5852 in
1464 5806 1711 5856 norissinm
1734 5806 1863 5858 tuba.

1298 396 1353 453 Β.
1393 393 1667 453 JOANNIS
1690 383 2157 444 CIIRYSOSTUMI
2200 379 2512 436 ABCIIIEP.
2554 372 3083 433 CONSTAN'I'IINUP.

3752 371 3856 404 -ισοε

3754 395 3862 424 ΖΖΟ

2260 513 2378 569 ideo
2391 510 2646 581 judicium
2662 508 2888 576 accepit,
2906 506 3027 576 quia
3044 503 3205 560 homo
3220 513 3300 558 est
3324 502 3583 573 :ahoquin
3608 501 3741 573 quid
3766 518 3861 554 tui-

2259 602 2462 673 pediret
2490 601 2773 671 quominus
2793 613 2981 651 onmes
3005 595 3248 652 homines
3266 593 3472 661 judices
3496 604 3683 648 essent
3702 594 3727 644 ἲ
3760 593 3859 644 sed

2257 695 2379 763 quia
2412 691 2687 747 inell‘abilis
2716 690 2855 743 illius
2878 688 3188 742 subsmntize
3215 686 3380 741 Filius
3403 696 3508 747 est.
3535 686 3659 741 ideo
3683 685 3858 754 jllllt‘\

2256 792 2359 837 cst.
2390 782 2462 835 lta
2493 782 2649 851 igitur
2678 779 2978 850 legendum,
3012 778 3143 846 Quia
3175 777 3342 832 Filius
3372 778 3592 832 hominis
3620 788 3718 841 est,
3753 795 3859 830 no-

2257 872 2342 927 lite
2363 874 2454 926 hoc
2474 872 2732 925 admirari.
2770 871 2899 925 Cum
2938 871 3206 925 videretur
3235 870 3568 924 auditoribus
3599 885 3858 939 pugnan-

2258 965 2328 1016 tia
2372 962 2512 1033 loqui
2539 1003 2552 1024 ,
2585 970 2638 1015 et
2668 961 2795 1015 nihil
2825 961 2969 1015 aliud
3009 976 3165 1030 quam
3199 976 3389 1029 purum
3418 961 3696 1014 hominem
3728 975 3859 1014 esse

2257 1054 2398 1107 illum
2429 1062 2693 1123 putarent,
2726 1052 2881 1106 verba
2905 1061 3081 1107 autem
3107 1067 3263 1120 supra
3289 1052 3586 1115 hominem,
3619 1052 3733 1105 imo
3761 1066 3859 1105 su-

2256 1161 2346 1215 pra
2372 1146 2589 1215 angelos
2614 1152 2813 1209 essent,
2843 1154 2895 1197 et
2925 1144 3090 1198 solius
3122 1145 3249 1204 Dei;
3278 1146 3413 1197 hanc
3454 1144 3676 1196 Solvens
3703 1143 3857 1208 obje-

2254 1236 2485 1289 cti0uem
2533 1234 2855 1303 subjunxit:
2900 1232 3073 1289 Nolite
3113 1235 3285 1287 mirari
3334 1234 3428 1287 hoc
3458 1276 3472 1299 ,
3514 1234 3639 1298 quia
3682 1231 3857 1285 Filius

2254 1326 2469 1377 hominis
2500 1334 2569 1379 est
2600 1342 2618 1379 :
2643 1325 2761 1393 quia
2782 1327 2912 1378 venit
2940 1326 3083 1390 hora,
3112 1327 3165 1378 in
3189 1342 3289 1395 qua
3315 1342 3509 1390 omnes,
3539 1328 3632 1395 qui
3663 1326 3717 1377 in
3747 1341 3857 1375 nio-

2253 1417 2499 1470 uumentis
2523 1428 2658 1482 sunt,
2691 1419 2895 1471 audient
2918 1434 3085 1471 vocem
3116 1419 3245 1487 ejus;
3276 1418 3365 1473 29.
3391 1426 3436 1472 et
3466 1418 3747 1486 precedent
3770 1420 3858 1486 qui

2254 1509 2380 1560 bona
2409 1511 2667 1577 fecerunt,
2697 1511 2748 1561 in
2778 1511 3190 1564 resurrectionem
3233 1511 3345 1565 vitta
3373 1527 3390 1564 :
3419 1512 3509 1581 qui
3554 1528 3677 1564 vero
3719 1516 3854 1563 inuia

2251 1610 2493 1668 egerunt,
2524 1602 2577 1653 in
2601 1603 3014 1655 resurrectionem
3031 1602 3237 1669 judicii.
3275 1602 3341 1657 Et
3397 1618 3495 1657 cur
3580 1620 3637 1657 ut
3670 1604 3803 1657 dixit
3832 1646 3846 1665 .

2251 1689 2421 1744 Nolite
2447 1690 2645 1756 mirari,
2676 1696 2794 1760 quLa
2827 1691 2990 1745 Filius
3021 1690 3252 1746 hominis
3278 1694 3538 1748 est?nam
3568 1696 3733 1747 etiam
3768 1693 3852 1746 Fi-

2252 1783 2353 1837 lius
2394 1784 2485 1839 Dei
2527 1794 2647 1849 est;
2693 1785 2787 1839 sed
2831 1787 3278 1840 resurrectionem
3318 1788 3687 1840 memoravit?
3727 1786 3845 1841 Jan:

2252 1875 2377 1928 illud
2423 1889 2579 1946 supra
2623 1887 2910 1945 posuerat,
2943 1876 3125 1930 dicens
3177 1895 3191 1930 :
3234 1876 3457 1931 Audierit
3500 1892 3675 1930 vocent
3725 1874 3849 1931 Fili

2250 1966 2366 2020 Dei.
2404 1966 2556 2033 Quod
2586 1968 2630 2021 si
2663 1967 2749 2022 hic
2787 1966 2915 2021 illud
2944 1968 3143 2031 tacuit,
3189 1982 3255 2021 ne
3294 1968 3527 2021 mireris.
3557 1967 3695 2021 Nam
3728 1982 3846 2021 cum

2250 2073 2380 2126 Opus
2413 2058 2605 2112 dixerit
2646 2057 2788 2127 quod
2817 2058 2924 2111 Deo
2949 2058 3218 2127 proprium
3245 2065 3393 2123 erat,
3428 2056 3557 2111 hinc
3603 2057 3843 2111 inferen-

2248 2148 2374 2201 dum
2417 2147 2747 2201 auditoribus
2787 2148 3075 2217 relinquit,
3106 2148 3277 2217 ipsum
3317 2160 3441 2201 esse
3492 2155 3545 2200 et
3584 2146 3761 2200 Deum
3788 2156 3845 2201 et

2251 2241 2340 2295 D..i
2373 2241 2581 2294 Filium.
2614 2239 2745 2293 Nam
2772 2240 2815 2293 si
2844 2239 2893 2293 id
2918 2238 3222 2308 frequenter
3242 2239 3481 2305 dixisset,
3515 2238 3637 2294 illos
3665 2238 3735 2292 ad
3763 2254 3845 2293 rc-

2248 2331 2587 2399 pognandnm
2612 2332 2953 2395 concitasset;
2978 2346 3042 2384 ex
3066 2330 3334 2385 miraculis
3365 2345 3492 2384 vero
3520 2329 3846 2397 comproba-

2248 2436 2356 2479 tum
2405 2427 2577 2478 minus
2621 2424 2859 2478 odiosam
2900 2423 3195 2477 doctrinam
3235 2420 3515 2476 reddebat.
3569 2421 3706 2474 Nam
3754 2424 3842 2490 qui

2247 2517 2585 2587 syllogismos
2608 2522 2857 2579 nectunt,
2882 2514 3065 2583 positis
3097 2511 3548 2583 pr0positionibus
3577 2526 3704 2579 qua:
3730 2526 3839 2563 rem

2246 2606 2490 2674 probent,
2523 2621 2663 2674 smpe
2692 2605 3087 2659 conclusionem
3121 2620 3225 2657 non
3254 2602 3503 2665 aderunt;
3543 2600 3643 2655 sed
3674 2603 3838 2654 benc-

2246 2696 2595 2749 volentiorem
2642 2696 2764 2749 hinc
2793 2695 2891 2748 sibi
2921 2695 3221 2747 auditorem
3259 2692 3523 2754 reddunt,
3558 2701 3616 2745 et
3659 2692 3840 2760 splen-

2243 2785 2503 2840 didiorem
2527 2785 2762 2840 referunt
2790 2786 3085 2849 victoriam,
3112 2785 3236 2838 dum
3261 2783 3630 2838 adversarium
3664 2784 3837 2851 ipsum

2242 2886 2439 2945 cogunt
2480 2877 2795 2931 sententiam
2838 2877 2977 2931 ferre
3024 2890 3181 2945 quam
3237 2874 3424 2929 volunt
3459 2893 3473 2927 :
3510 2875 3580 2927 ita
3637 2886 3695 2928 ut
3746 2876 3835 2943 qui

2243 2980 2534 3039 priesentcs
2560 2978 2683 3023 sunt
2710 2969 2876 3038 ipsam
2907 2968 3028 3022 ideo
3053 2969 3234 3022 statim
3259 2968 3679 3038 amplectantur.
3702 2966 3837 3020 Cum

2242 3074 2399 3129 porro
2446 3060 2629 3113 Lazari
2675 3059 3121 3114 resurrectionem
3169 3057 3527 3123 memoravit,
3568 3056 3835 3126 judicium

2243 3152 2423 3216 tacuit;
2455 3166 2559 3204 non
2581 3151 2723 3204 enim
2752 3149 2850 3204 bac
2868 3148 2935 3203 de
2956 3163 3115 3203 causa
3146 3149 3431 3203 suscitatus
3448 3162 3529 3201 ρει
3555 3146 3799 3202 Lazarus
3822 3167 3832 3199 :

2239 3259 2359 3298 cum
2376 3251 2553 3297 autem
2570 3241 2638 3296 de
2664 3241 2948 3296 universali
2976 3240 3389 3303 resurrectione,
3416 3238 3465 3293 id
3488 3238 3709 3309 adjecit,
3737 3255 3835 3293 eos

2238 3336 2325 3405 qui
2350 3336 2484 3390 bona
2513 3343 2734 3404 egerunt
2763 3335 2927 3389 ituros
2955 3334 3007 3388 in
3038 3332 3492 3388 resurrectionem
3537 3333 3664 3387 vita:
3694 3350 3708 3397 ;
3740 3336 3831 3401 qui

2238 3442 2365 3480 vero
2391 3427 2523 3481 mala
2549 3466 2563 3491 ,
2594 3427 2645 3480 in
2677 3426 3126 3481 resurrectionem
3144 3424 3351 3493 jodicii.
3385 3424 3475 3478 Sic
3500 3435 3557 3479 et
3584 3423 3833 3479 .lomnes

2237 3520 2531 3574 auditorem
2560 3518 2806 3573 excitavit
2829 3558 2843 3583 ,
2870 3516 3124 3586 judicium
3158 3532 3498 3582 memorans,
3544 3527 3599 3572 ct
3642 3517 3833 3572 dicens

2236 3626 2356 3665 eum
2384 3614 2471 3681 qui
2504 3627 2609 3665 non
2635 3610 2807 3665 credit
2834 3610 2886 3663 in
2912 3609 3105 3664 Filium
3126 3650 3140 3673 ,
3176 3624 3282 3663 non
3313 3610 3551 3663 visurum
3596 3624 3721 3665 esse
3751 3611 3833 3664 vi-

2238 3713 2341 3757 lam
2365 3744 2379 3766 ,
2405 3704 2497 3758 sed
2530 3704 2660 3757 iram
2685 3704 2775 3757 Dei
2806 3717 3110 3757 mansuram
3137 3718 3259 3759 esse
3287 3719 3451 3773 super
3476 3720 3601 3758 eum
3630 3704 3828 3775 (Joan.

2237 3796 2287 3850 5.
2320 3796 2430 3863 56).
2456 3795 2544 3849 Sic
2581 3805 2634 3849 et
2665 3794 2955 3849 Nicodemo
2981 3793 3113 3851 dixit
3145 3812 3158 3848 :
3188 3794 3290 3861 Qui
3316 3795 3476 3849 credit
3502 3796 3555 3849 in
3588 3795 3786 3851 Filium
3814 3840 3829 3863 ,

2235 3902 2333 3939 non
2368 3886 2636 3955 judicatur
2664 3901 2681 3939 :
2710 3887 2795 3956 qui
2825 3897 2993 3940 autem
3034 3902 3135 3940 non
3182 3887 3341 3939 credit
3370 3928 3384 3952 ,
3406 3888 3520 3957 jam
3558 3890 3832 3957 judicatus

2235 3988 2308 4030 est
2333 3976 2495 4045 (Ibid.
2532 3978 2585 4033 ὅ.
2612 3976 2729 4047 18).
2760 3977 2849 4032 Sic
2869 3977 3048 4033 ethoc
3072 3978 3189 4033 loco
3218 3978 3473 4048 etjudicii
3501 3990 3555 4033 et
3580 3982 3833 4049 supplicii

2234 4067 2510 4130 meminit,
2552 4067 2707 4122 malis
2743 4068 2950 4122 actibus
2990 4068 3250 4139 deputati.
3295 4070 3428 4135 Quia
3472 4072 3621 4125 enim
3667 4088 3830 4141 supra

2232 4157 2460 4219 dixerat.
2491 4158 2591 4225 Qui
2616 4158 2759 4211 audit
2787 4158 2933 4212 verba
2954 4175 3083 4223 mea,
3108 4170 3154 4213 et
3174 4160 3331 4214 credit
3360 4161 3405 4213 ei
3428 4162 3518 4230 qui
3543 4178 3623 4214 me
3651 4163 3788 4216 misit
3814 4205 3828 4227 ,

2235 4251 2609 4317 nonjudicatur
2633 4267 2650 4304 :
2674 4266 2738 4304 ne
2760 4253 2879 4321 quis
2906 4261 3053 4319 putet
3072 4253 3172 4305 hoc
3190 4252 3256 4306 ad
3278 4252 3505 4307 salutem
3528 4258 3663 4308 satis
3687 4272 3827 4318 esse,

2236 4342 2357 4394 vita:
2382 4340 2643 4395 rationem
2670 4340 2836 4404 addit,
2872 4341 2969 4407 Qui
2997 4342 3129 4396 bona
3156 4353 3380 4412 egerunt,
3414 4345 3466 4396 in
3494 4353 3833 4401 resurrectio-

2237 4447 2347 4483 nem
2376 4431 2521 4493 vitaz;
2543 4431 2626 4498 qui
2646 4429 2802 4509 mala,
2825 4432 2876 4485 in
2906 4434 3320 4489 resurrectionem
3330 4437 3537 4505 judicii.
3558 4438 3831 4504 Quoniam

2236 4525 2395 4595 igitur
2423 4524 2633 4579 dixerat
2654 4533 2822 4580 totum
2852 4528 3037 4581 orbem
3066 4528 3165 4598 ipsi
3192 4531 3455 4584 rationem
3485 4532 3830 4589 redditurum

2233 4629 2353 4669 esse
2375 4656 2389 4680 ,
2428 4625 2482 4670 et
2508 4630 2696 4671 omnes
2716 4632 2745 4670 a
2775 4632 2905 4672 voce
2927 4619 3045 4686 ejus
3070 4633 3189 4675 esse
3229 4632 3633 4680 resurrecturos
3656 4668 3670 4691 ,
3717 4644 3831 4682 rem

2235 4717 2379 4760 certe
2423 4721 2612 4761 novam
2639 4748 2654 4771 ,
2700 4708 3152 4777 inexspeCIatam,
3196 4720 3252 4767 et
3294 4727 3324 4765 a
3371 4715 3557 4769 multis
3587 4719 3832 4774 nondum

2235 4796 2491 4850 creditam
2519 4839 2534 4863 ,
2569 4800 2635 4853 ab
2671 4800 2733 4853 iis
2770 4800 2930 4854 etiam
2968 4802 3058 4871 qui
3099 4802 3392 4859 credidisse
3416 4788 3708 4875 videntur,
3744 4829 3838 4867 uc-

2235 4886 2359 4941 dum
2389 4902 2420 4941 a
2444 4887 2642 4944 Judazis
2670 4908 2683 4955 ;
2713 4890 2833 4945 audi
2863 4907 2969 4961 quo
2995 4900 3149 4961 pacto
3194 4893 3309 4949 h;cc
3342 4898 3584 4962 proferat
3613 4903 3835 4956 audito-

2237 4992 2353 5031 rum
2385 4978 2675 5034 inlirmitati
2700 4995 2758 5036 se
2787 4989 3173 5052 altemperans.
3198 4984 3286 5039 50.
3325 4984 3444 5039 Non
3491 5006 3704 5056 possunt
3746 5013 3836 5064 ego

2236 5087 2268 5121 ιι
2306 5070 2492 5140 meipso
2517 5075 2682 5140 facere
2709 5072 3001 5142 quidquam.
3032 5075 3176 5130 Sicut
3197 5078 3371 5144 audio,
3398 5081 3605 5149 judico,
3662 5098 3711 5140 et
3747 5092 3837 5157 jx.

2237 5162 2423 5213 dicium
2455 5177 2617 5215 meum
2649 5164 2849 5230 justum
2877 5175 2951 5217 est
2975 5206 2989 5231 ,
3028 5167 3145 5234 quia
3174 5184 3274 5221 non
3296 5184 3467 5239 qurere
3512 5174 3835 5232 voluntatem

2237 5269 2417 5319 meam,
2439 5256 2525 5307 sed
2542 5252 2847 5309 uoluntatem
2867 5258 2977 5326 ejus
2996 5260 3081 5328 qui
3104 5260 3235 5313 misit
3258 5277 3356 5315 me.
3379 5263 3543 5333 Atqui
3574 5283 3690 5323 non
3716 5288 3836 5339 par-

2236 5359 2357 5396 vum
2387 5346 2495 5411 jam
2541 5346 2762 5400 dederat
2808 5350 3221 5406 resurrectionis
3251 5364 3635 5422 argumentum
3665 5402 3679 5423 ,
3710 5379 3833 5416 cum

2238 5437 2582 5505 paralyticnm
2633 5439 2860 5493 sanavit.
2918 5438 3150 5508 Ideoque
3192 5456 3295 5496 non
3337 5456 3461 5499 ante
3488 5447 3558 5502 de
3587 5466 3844 5509 resurre-

2236 5527 2415 5581 ctione
2442 5528 2690 5597 loquutus
2719 5538 2822 5593 cst,
2850 5546 3009 5598 quam
3038 5530 3140 5586 hoc
3164 5532 3401 5598 fecisset,
3428 5539 3573 5606 quod
3600 5556 3629 5593 a
3658 5558 3832 5597 resur-

2238 5620 2477 5673 rectione
2507 5634 2612 5671 non
2640 5622 2868 5674 mimum
2891 5622 3074 5675 aberat
3098 5641 3112 5677 :
3138 5623 3397 5692 judicium
3426 5645 3558 5683 vero
3594 5646 3717 5699 post
3745 5654 3832 5689 cu-

2238 5718 2418 5774 ratum
2436 5724 2631 5779 corpus
2659 5711 2937 5765 subindica
2947 5714 3020 5765 vit
3040 5713 3342 5784 hisverbis
3366 5718 3551 5781 λείη
3562 5740 3735 5779 ω
3746 5732 3828 5797 pg.

2240 5815 2344 5853 ctus
2373 5819 2453 5866 es;
2474 5802 2587 5871 jam
2624 5805 2727 5857 noli
2752 5821 2960 5872 peccare
2981 5848 2996 5871 ,
3023 5823 3084 5860 ne
3105 5808 3324 5863 deterius
3361 5812 3447 5864 tibi
3474 5816 3679 5881 aliquid
3708 5835 3827 5873 rou-
