4024 6484
234 376 340 432 ἥδ

235 485 418 554 tingat.
453 483 705 534 Attamen
733 488 787 533 et
826 475 1013 532 Lazari
1051 483 1106 530 et
1148 474 1292 530 orbis
1336 482 1598 529 terrarum
1630 488 1814 529 resur-

233 575 527 629 recﬁonem
559 568 820 639 prmdieit.
851 567 919 621 Et
945 566 1067 637 quia
1101 565 1262 620 hasce
1290 565 1424 623 duas
1467 565 1820 620 resurrectio-

236 684 333 722 nes
363 665 615 736 praedixit
641 706 655 729 ,
688 662 873 718 Lazari
899 675 1017 731 qua:
1046 673 1170 714 mox
1217 658 1392 713 futura
1419 666 1568 723 erat,
1597 665 1648 713 et
1673 656 1820 712 orbis

229 771 492 814 terrarum
510 755 602 810 diu
634 765 816 823 postea
843 752 1076 807 futuram
1104 767 1119 816 ;
1149 749 1333 804 Lazari
1361 745 1835 804 resurrectionem'

225 865 326 918 per
348 846 692 917 paralyticum
721 843 938 908 indicat,
959 840 1353 912 quamprimum
1382 838 1633 903 futuram,
1671 837 1818 892 Venit

223 936 422 994 liora'et
443 955 578 991 nunc
599 946 712 1002 est;
739 934 1096 991 universalem
1124 939 1306 986 autem
1325 945 1391 985 ex
1421 929 1608 984 Lazari
1638 943 1816 984 resur-

225 1034 492 1098 rectione,
515 1046 611 1098 per
627 1045 689 1084 ea
715 1043 833 1098 qua:
860 1026 1000 1081 facta
1025 1024 1258 1089 fuerant,
1275 1022 1513 1078 nondum
1543 1031 1693 1093 gesta
1715 1020 1816 1076 sub

219 1127 410 1182 nudos
437 1126 727 1180 adducens.
744 1119 897 1190 Quod
920 1120 1094 1189 ipsum
1121 1117 1314 1188 ubique
1339 1116 1517 1172 facere
1537 1113 1810 1170 videmus:

214 1218 350 1271 dum
393 1216 526 1270 duas
553 1213 637 1268 vel
671 1222 779 1267 tres
808 1210 1183 1280 praedictiones
1225 1207 1506 1278 proponit,
1536 1215 1594 1260 et
1637 1205 1812 1259 futura

213 1324 284 1364 ex
313 1305 476 1378 gestis
503 1301 779 1358 credibilia
812 1300 1007 1355 reddit.

291 1420 345 1474 οι.
378 1419 626 1472 Attamen
657 1413 741 1469 his
767 1412 922 1468 dictis
947 1420 1109 1482 alque
1143 1409 1310 1482 gestis
1330 1451 1346 1475 ,
1375 1409 1500 1479 quia
1527 1408 1606 1464 illi
1637 1408 1811 1464 imbe-

212 1509 494 1567 cilliores‘
559 1515 743 1571 erant,
807 1503 923 1559 hmo
964 1519 1070 1558 non
1114 1503 1243 1557 satis
1289 1500 1509 1565 habuit,
1550 1499 1644 1554 sed
1690 1498 1812 1553 aliis

211 1615 429 1670 quoque
452 1598 628 1652 allatis
650 1597 863 1652 illorum
882 1593 1229 1665 pertinaciam
1252 1594 1272 1624 ²
1292 1592 1556 1661 reprimit,
1583 1591 1805 1646 dicens:

215 1691 339 1744 Non
370 1705 574 1761 possunt
604 1704 636 1740 a
663 1687 851 1754 meipso
889 1689 1056 1756 facere
1093 1684 1391 1755 quidquam.
1438 1682 1584 1737 Sicut
1619 1681 1803 1745 audio,

206 1783 407 1854 judico,
441 1789 487 1834 et
519 1780 771 1851 judicium
811 1793 974 1833 meum
991 1778 1189 1846 justum
1227 1784 1321 1838 est,
1350 1776 1471 1843 quia
1499 1790 1598 1828 non
1637 1788 1810 1844 quwro

208 1874 519 1926 uoluntatem
563 1889 758 1937 meam,
799 1871 889 1925 sed
916 1869 1226 1925 uoluntatem
1257 1868 1366 1942 ejus
1404 1868 1492 1939 qui
1527 1865 1661 1920 misit
1707 1881 1805 1920 me.

205 1963 347 2028 Quia
373 1963 514 2018 enim
544 1963 719 2017 aliena
742 1961 987 2030 quaedam
1012 1969 1065 2015 et
1107 1975 1138 2014 a
1181 1959 1457 2030 prephetis
1485 1957 1693 2015 diversa
1719 1955 1806 2011 di-

205 2069 336 2109 cere
366 2053 644 2108 videbatur
683 2052 801 2123 (illi
840 2053 1035 2122 quippe
1063 2050 1314 2106 dicebant
1353 2050 1523 2106 Deum
1559 2064 1679 2107 esse
1702 2047 1804 2119 qui

201 2145 410 2214 indicat
436 2156 631 2200 terram
657 2160 894 2209 omnem,
923 2144 1026 2199 hoc
1050 2153 1153 2208 est,
1182 2158 1349 2214 genus
1388 2142 1697 2198 humanum.
1739 2142 1806 2197 Et

204 2237 314 2292 hoc
342 2237 504 2292 David
533 2238 731 2308 ubique
758 2236 1031 2306 prtedicat,
1059 2235 1319 2290 Judicabit
1341 2240 1556 2305 populos
1575 2237 1627 2289 in
1645 2236 1804 2306 tequi-

204 2338 312 2383 tate
337 2327 518 2401 [PsuL
549 2329 643 2385 95.
674 2327 800 2402 l0];
830 2337 885 2384 et
908 2369 924 2395 ,
952 2327 1090 2382 Deus
1125 2329 1289 2400 judea:
1317 2329 1524 2399 justus,
1566 2327 1713 2398 {ortis
1754 2337 1803 2383 et

203 2420 403 2485 patiens
433 2418 613 2492 [PsaL
648 2420 699 2473 7.
738 2418 874 2490 l2];
921 2418 1275 2486 similiterque
1307 2431 1497 2472 omnes
1525 2416 1802 2488 propheta:

199 2522 260 2564 ct
288 2510 496 2582 Moyses
529 2529 543 2565 :
573 2511 816 2566 Christus
846 2525 971 2565 vero
999 2509 1230 2575 dicehat,
1264 2509 1422 2563 Pater
1446 2509 1693 2564 neminem
1709 2510 1802 2580 ju-

200 2604 377 2668 dicat,
402 2603 491 2657 sed
509 2604 762 2674 judicium
790 2603 928 2656 dedit
960 2601 1134 2666 Filio;
1173 2602 1303 2656 illud
1344 2616 1473 2657 vero
1501 2600 1799 2656 auditorem

198 2694 447 2751 Judaeum
505 2695 719 2750 turbare
769 2703 1013 2765 poterat,
1080 2693 1441 2763 inducereque
1503 2701 1560 2747 ut
1614 2691 1799 2748 Jesum

200 2790 318 2842 Deo
343 2787 707 2843 adversarium
748 2785 1149 2855 suspicaretur)
1183 2799 1198 2840 :
1241 2783 1326 2839 hic
1350 2782 1638 2838 admodum
1676 2797 1800 2840 sese

195 2878 441 2943 dimittit,
466 2887 721 2946 quantum
747 2876 952 2930 scilicet
979 2873 1313 2930 imbecillitas
1354 2888 1539 2928 eorum
1565 2872 1799 2941 postula-

200 2971 315 3033 hat,
349 2977 407 3022 ut
432 2969 786 3037 perniciosam
822 2966 957 3021 hanc
985 2965 1342 3035 suspicionem
1369 2963 1622 3020 radicitus
1647 2964 1796 3019 avel-

197 3061 359 3123 lcrct,
388 3060 564 3128 aitque
584 3099 599 3123 ,
643 3057 754 3128 Ego
783 3074 882 3111 non
914 3074 1121 3125 possunt
1161 3074 1194 3109 a
1221 3056 1412 3125 meipso
1454 3057 1622 3125 [acere
1649 3056 1798 3126 quid-

195 3166 388 3216 quam;
416 3148 466 3202 id
497 3158 618 3214 est,
653 3147 794 3202 Nihil
825 3148 1054 3202 alienum
1076 3186 1092 3212 ,
1121 3147 1389 3202 diversum
1408 3186 1424 3213 ,
1465 3144 1609 3216 quod
1639 3145 1797 3201 Pater

199 3240 358 3303 nolit,
399 3254 428 3292 a
458 3253 542 3293 me
567 3237 763 3293 factum
791 3237 1040 3292 videbitis
1060 3279 1076 3304 ,
1108 3237 1194 3292 vel
1221 3237 1421 3292 dictum
1447 3236 1697 3291 audietis.
1729 3235 1796 3290 Et

194 3347 319 3384 eum
349 3329 494 3399 prius
519 3327 733 3392 dixerit,
761 3327 930 3382 Filius
955 3326 1192 3382 hominis
1219 3338 1297 3382 est
1323 3367 1339 3394 ,
1383 3327 1507 3397 quia
1550 3325 1622 3381 illi
1669 3342 1792 3381 eum

195 3435 392 3490 purum
418 3418 688 3473 hominem
716 3431 835 3473 esse
863 3401 1277 3483 arbitrabantur,
1311 3417 1432 3472 ideo
1458 3416 1548 3471 illa
1575 3415 1790 3485 adjecit.

196 3512 266 3568 Ut
295 3527 426 3581 ergo
455 3525 617 3581 supra
643 3525 765 3565 cum
799 3510 1037 3578 diceret,
1081 3509 1232 3572 Quod
1270 3511 1586 3575 audivimus,
1631 3510 1794 3578 loqui-

192 3620 332 3668 mur,
366 3613 411 3657 et
437 3602 573 3672 quod
600 3603 838 3664 vidimus,
871 3611 1148 3666 testamur;
1177 3610 1231 3656 et
1262 3601 1517 3668 Joannes,
1549 3601 1700 3668 Quod
1721 3600 1794 3654 vi-

191 3698 302 3761 dit,
334 3705 560 3761 testatur,
588 3705 633 3748 et
662 3695 999 3748 testimonium
1021 3695 1134 3764 ejus
1154 3709 1298 3748 nemo
1319 3694 1503 3763 accipit
1517 3709 1535 3756 ;
1556 3694 1624 3748 de
1646 3703 1790 3748 certa

193 3789 428 3858 loquitur
453 3787 758 3858 cognitione
787 3786 854 3840 ad
886 3796 1206 3856 utrumque,
1241 3800 1346 3838 non
1376 3799 1505 3840 vero
1533 3784 1792 3853 simpliciv

193 3892 277 3938 ter
302 3881 368 3936 de
394 3881 576 3935 auditu
607 3878 755 3935 etde
782 3879 897 3933 visu
927 3894 940 3930 :
972 3878 1041 3932 ita
1071 3886 1126 3933 et
1149 3877 1236 3932 hic
1264 3892 1362 3947 per
1390 3876 1627 3931 auditum
1658 3875 1790 3930 nihil

187 3973 334 4028 aliud
360 3972 640 4042 signiﬁcat,
669 3987 827 4042 quam
857 3985 962 4026 non
993 3985 1151 4040 posse
1179 3985 1238 4024 se
1267 3967 1410 4023 aliud
1441 3968 1599 4035 velle,
1629 3983 1789 4038 quam

189 4064 332 4135 quod
362 4064 474 4117 vult
515 4063 692 4116 Pater.
735 4060 840 4116 Sed
872 4060 923 4114 id
965 4075 1072 4115 non
1115 4059 1186 4114 ita
1229 4059 1371 4113 clare
1411 4057 1545 4113 dixit
1583 4057 1792 4129 (neque

188 4156 333 4211 enim
367 4153 505 4209 ferre
535 4152 830 4222 potuissent
858 4152 901 4205 si
930 4159 1116 4220 aperte
1138 4150 1437 4220 dixisset);
1468 4164 1656 4206 verum
1683 4147 1790 4219 quo

189 4246 384 4318 pacto?
417 4245 716 4299 Admodum
752 4243 986 4299 demisso
1029 4251 1085 4298 et
1125 4241 1361 4296 humano
1402 4256 1553 4298 more
1591 4260 1605 4296 :
1645 4241 1791 4298 Sicut

188 4337 364 4398 audio,
386 4335 588 4404 judico.
622 4333 737 4389 Non
764 4335 832 4390 de
852 4334 1093 4389 doctrina
1115 4332 1201 4387 ltic
1222 4333 1428 4401 agitur;
1453 4348 1625 4403 neque
1645 4334 1787 4388 enim

189 4429 352 4492 dicit,
400 4425 550 4483 Sicut
574 4425 797 4492 doceor,
830 4424 922 4480 sed
943 4465 958 4491 ,
990 4424 1137 4479 Sicut
1164 4423 1320 4477 audio
1349 4439 1369 4476 :
1401 4438 1504 4478 non
1533 4423 1674 4493 quod
1701 4439 1790 4478 au-

190 4520 303 4574 ditu
338 4526 492 4588 egeat
520 4537 532 4572 :
567 4534 670 4572 non
701 4517 860 4572 modo
889 4531 994 4571 non
1039 4516 1287 4571 doctrina
1310 4556 1324 4580 ,
1354 4517 1446 4572 sed
1494 4531 1562 4571 ne
1604 4516 1788 4570 auditu

189 4613 403 4682 quidem
435 4611 740 4681 indigebat;
770 4610 864 4666 sed
891 4609 1234 4665 concordiam
1276 4609 1508 4675 indicat,
1551 4618 1607 4664 et
1647 4608 1786 4664 idem

190 4705 362 4774 ipsum
389 4702 649 4772 judicium
668 4742 685 4767 ,
716 4714 778 4755 ac
807 4701 852 4754 si
881 4701 1084 4755 diceret
1114 4715 1126 4749 :
1160 4698 1232 4752 Ita
1259 4698 1443 4768 judico
1467 4713 1531 4752 ac
1558 4698 1602 4752 si
1630 4698 1790 4753 Pater

191 4798 303 4865 ipse
328 4795 612 4866 judicaret.
646 4795 836 4848 Postea
865 4793 1049 4862 adjicit
1081 4809 1094 4845 :
1130 4790 1194 4844 Et
1224 4792 1339 4845 novi
1367 4791 1503 4860 quod
1527 4791 1788 4861 judicium

192 4904 356 4940 meum
374 4887 572 4955 justunt
599 4894 700 4950 est,
743 4887 862 4955 quia
906 4901 1007 4938 non
1045 4900 1215 4954 quer
1244 4883 1550 4937 voluntatem
1585 4899 1747 4936 meam
1768 4923 1785 4950 ,

189 4978 278 5032 sed
303 4978 611 5031 voluntatem
638 4976 747 5044 ejus
775 4976 860 5045 qui
895 4975 1028 5027 misit
1059 4989 1154 5027 me.
1189 4972 1326 5040 Quid
1353 4972 1520 5028 dicis?
1551 4972 1788 5029 habesne

190 5069 416 5123 alteram
445 5082 602 5137 quam
630 5066 791 5121 Pater
817 5065 1186 5121 voluntatem?
1221 5065 1379 5133 Atqui
1407 5063 1530 5119 alibi
1557 5064 1736 5119 dixisti
1771 5082 1786 5119 :

193 5161 338 5214 Sicut
376 5173 467 5229 ego
494 5168 539 5212 et
569 5170 621 5210 tu
649 5174 806 5211 unum
833 5174 1045 5222 sumus;
1073 5165 1127 5210 et
1154 5171 1386 5220 rursum,
1418 5154 1488 5210 de
1512 5156 1787 5210 voluntate

191 5260 245 5304 et
271 5247 557 5304 concordia
585 5248 807 5317 loquens
838 5265 851 5298 :
882 5245 963 5299 Da
988 5245 1059 5300 eis
1088 5255 1143 5298 ut
1172 5254 1218 5298 et
1245 5245 1344 5314 ipsi
1369 5244 1422 5298 in
1461 5245 1603 5298 nobis
1631 5261 1788 5298 unum

190 5341 320 5401 sint,
370 5339 472 5392 hoc
512 5347 627 5402 est,
676 5337 727 5391 in
774 5335 879 5390 ﬁde
916 5345 1118 5390 nostra.
1155 5333 1337 5389 V’iden’
1377 5349 1438 5389 ea
1469 5349 1590 5398 qua:
1619 5335 1787 5402 magis

193 5428 407 5483 humilia
430 5428 698 5491 videntur,
725 5427 1008 5481 sublimem
1034 5440 1250 5481 sensum
1272 5425 1540 5480 occultum
1564 5423 1785 5479 habere?

132 5515 137 5522 ’
191 5519 341 5585 Quod
373 5534 502 5589 ergo
529 5517 862 5583 subindicat,
896 5517 997 5572 hoc
1027 5525 1110 5572 est
1152 5535 1165 5570 :
1209 5515 1446 5571 ostendit
1481 5530 1588 5569 non
1627 5515 1785 5570 aliam

193 5626 311 5665 esse
340 5609 514 5665 Patris
541 5610 867 5664 voluntatem
889 5649 904 5672 ,
931 5623 1090 5678 quam
1117 5621 1304 5673 suam;
1336 5606 1430 5662 sed
1464 5606 1559 5674 Ita,
1593 5606 1784 5677 mquit,

258 5722 272 5751 ί
312 5719 472 5783 storel.
501 5719 639 5783 legit,
665 5719 947 5783 crassiores.

258 5783 276 5812 ε
311 5776 445 5831 Idctn
472 5776 635 5843 hab'ct,
662 5782 1037 5846 impudentiam,
1066 5795 1170 5846 pro,
1198 5781 1528 5846 pertinaciam.

1163 363 1228 419 IN
1264 362 1580 428 JOANNEM
1617 362 1846 420 HOMIL.
1892 361 2135 418 XXXIX.
2176 366 2245 432 al.
2291 365 2576 423 XXXVIII.

3416 377 3539 434 ηδ’

1892 465 1902 478 ’
1932 490 2034 531 una
2066 487 2148 531 est
2179 492 2295 533 mea
2322 487 2378 533 et
2406 476 2601 542 Patris,
2639 488 2699 535 ut
2738 481 2893 536 unius
2926 483 3088 538 animi
3129 486 3378 542 voluntas
3417 506 3521 546 una

1929 573 2030 620 est.
2058 564 2166 621 Nec
2194 567 2405 622 mireris
2432 567 2478 623 si
2507 577 2704 623 tantam
2738 569 2880 625 dicat
2903 573 3356 642 eonjunctionem.
3388 577 3524 636 Nam

1927 653 1996 711 de
2022 655 2213 725 spiritu
2249 671 2463 728 quoque
2495 658 2687 715 eodem
2726 659 2921 717 Paulus
2958 663 3206 735 exemplo
3245 666 3412 724 utitur
3437 669 3524 726 di-

1925 759 2056 801 cens
2086 763 2099 799 :
2135 746 2264 815 Quis
2288 748 2382 802 scit
2410 749 2669 804 hominum
2698 767 2812 821 qua:
2837 763 2957 808 sunt
2993 754 3212 812 hominis
3229 799 3248 827 ,
3287 760 3388 815 nisi
3410 762 3525 833 spi-

1924 837 2050 890 ritus
2078 837 2295 892 Itomiuis
2318 839 2404 909 qui
2428 841 2481 894 in
2507 840 2619 910 ipso
2645 853 2716 896 est
2732 844 2758 898 2
2783 843 2870 899 Ita
2894 853 2942 899 et
2968 861 3082 914 qua:
3107 845 3202 903 Dei
3228 861 3347 905 sunt
3375 868 3523 909 nemo

1925 927 2079 990 novit,
2107 928 2205 982 nisi
2228 927 2452 998 Spiritus
2472 929 2569 985 Dei
2594 932 2668 1001 (Ι.
2695 932 2813 988 Cor.
2839 933 2894 988 2.
2927 935 3038 1004 ll).
3061 935 3204 994 Nihil
3227 955 3354 1010 ergo
3375 943 3522 999 aliud

1920 1033 2080 1086 quam
2110 1017 2210 1072 hoc
2236 1018 2366 1075 dicit
2396 1038 2411 1074 :
2444 1019 2559 1076 Non
2599 1031 2682 1077 est
2719 1023 2848 1078 mihi
2890 1024 3138 1082 voluntas
3174 1028 3278 1085 alia
3307 1039 3362 1086 et
3390 1048 3518 1103 pro-

1920 1106 2034 1175 pria
2065 1123 2225 1177 quam
2253 1125 2373 1178 qua:
2399 1109 2574 1167 Patris
2595 1119 2680 1168 est
2708 1129 2722 1167 :
2750 1113 2845 1169 sed
2874 1114 2919 1170 si
2948 1116 3073 1186 quid
3111 1118 3203 1174 ille
3231 1119 3374 1186 vult,
3417 1121 3520 1180 hoc

1918 1204 1974 1250 et
1997 1211 2098 1266 ego
2119 1198 2267 1263 volo;
2291 1199 2408 1253 etsi
2434 1199 2558 1270 quid
2582 1215 2703 1271 ego,
2727 1201 2829 1259 hoc
2851 1213 2907 1258 et
2926 1202 3031 1259 ille.
3055 1205 3517 1273 Quemadmodum

1918 1303 2047 1359 ergo
2074 1288 2288 1345 Patrem
2319 1306 2480 1346 nemo
2505 1291 2864 1362 reprehendet
2897 1294 3225 1364 judicantem
3245 1340 3263 1366 ,
3301 1299 3375 1355 ita
3416 1318 3518 1358 nec

1919 1393 2007 1433 me
2033 1395 2049 1433 :
2081 1394 2149 1434 ex
2179 1379 2366 1435 eadem
2391 1381 2590 1452 quippe
2614 1384 2878 1440 sententia
2904 1394 3128 1457 uterque
3152 1389 3391 1447 calculus
3411 1393 3517 1448 fer-

1918 1475 2023 1523 tur.
2056 1469 2209 1538 Quod
2237 1471 2281 1524 si
2313 1470 2427 1526 hazc
2451 1472 2540 1528 ille
2567 1474 2802 1530 humano
2840 1490 2991 1531 more
3017 1476 3285 1549 loquatur,
3315 1495 3385 1538 ne
3411 1484 3514 1539 mi-

1916 1559 2053 1614 reris
2101 1577 2114 1615 :
2163 1576 2284 1614 nam
2331 1561 2477 1617 illum
2523 1560 2794 1619 hominem
2836 1579 3028 1635 purum
3075 1582 3195 1623 esse
3234 1570 3512 1640 putabant.

1913 1647 2272 1717 Quamobrem
2295 1652 2347 1705 in
2369 1652 2634 1708 similibus
2654 1665 2868 1724 oportet
2893 1671 2999 1710 non
3025 1656 3167 1714 dicta
3192 1659 3388 1727 solum,
3418 1661 3514 1718 sed

1913 1747 1969 1793 et
1997 1743 2270 1796 hominum
2301 1742 2607 1814 opinionem
2636 1746 2992 1817 perpendere,
3023 1757 3077 1803 et
3105 1751 3513 1820 responsionem

1912 1833 2064 1903 quasi
2105 1834 2400 1890 secundum
2447 1836 2590 1892 illam
2627 1839 2936 1907 opinionem
2981 1839 3160 1897 datam
3199 1827 3457 1914 'accipere
3495 1863 3510 1900 :

1911 1924 2147 1994 alioquin
2177 1927 2342 1982 multa
2368 1939 2724 1998 sequerentur
2748 1930 3000 1986 absurda.

1981 2013 2050 2069 In
2099 2015 2300 2071 Christo
2339 2019 2457 2072 duce
2484 2019 2765 2074 voluntates
2786 2062 2801 2086 ,
2854 2023 3130 2091 quomodo.
3153 2052 3227 2066 -
3247 2025 3510 2083 Animad-

1908 2115 2060 2163 verte
2083 2147 2098 2174 ,
2131 2121 2352 2177 qutcso;
2383 2107 2558 2174 dixit,
2592 2107 2716 2164 Non
2761 2127 2935 2182 qurere
2972 2112 3286 2170 voluntatem
3314 2133 3505 2172 meam.

1907 2199 2051 2270 Ergo
2080 2198 2181 2254 alia
2213 2207 2296 2253 est
2338 2199 2455 2268 ejus
2483 2199 2732 2255 voluntas
2755 2240 2773 2266 ,
2822 2210 2878 2258 et
2907 2201 3067 2272 longe
3105 2202 3368 2270 inferior;
3410 2221 3511 2262 nec

1908 2290 2067 2346 modo
2098 2288 2340 2361 inferior,
2373 2290 2468 2349 sed
2500 2291 2662 2346 etiam
2695 2307 2803 2348 non
2835 2301 2942 2348 tam
2971 2295 3138 2349 utilis.
3165 2295 3301 2351 Nam
3344 2297 3390 2354 si
3416 2313 3508 2354 sa-

1905 2381 2092 2439 lutaris
2123 2394 2301 2453 esset,
2324 2396 2378 2441 et
2403 2387 2448 2441 si
2473 2394 2797 2442 consonaret
2823 2399 2944 2440 cum
2978 2388 3258 2446 voluntate
3296 2389 3505 2457 Patris,

1904 2489 2002 2530 cur
2019 2476 2163 2531 illam
2186 2493 2292 2532 non
2311 2479 2507 2548 quaeris
2525 2480 2547 2533 ?
2570 2479 2828 2536 Homines
2843 2479 3041 2554 quippe
3061 2481 3183 2550 jure
3205 2481 3307 2537 hoc
3332 2483 3507 2554 ipsum

1903 2568 2158 2637 dixerint,
2187 2581 2245 2623 ut
2271 2571 2359 2641 qui
2382 2573 2581 2627 multas
2608 2573 2841 2630 habeant
2864 2577 3167 2632 voluntates
3190 2585 3388 2644 prater
3412 2575 3506 2632 Dei

1904 2659 2177 2728 placitum.
2207 2659 2287 2716 Tu
2315 2676 2444 2717 vero
2473 2677 2577 2732 qua
2603 2663 2674 2720 de
2696 2679 2858 2721 causa
2891 2665 2972 2722 sic
3001 2666 3255 2739 loqueris,
3285 2666 3377 2741 qui
3410 2681 3508 2740 per

1903 2751 2084 2804 omnia
2130 2750 2274 2806 Patri
2318 2752 2510 2808 similis
2560 2755 2665 2810 es?
2719 2755 2833 2811 Hoc
2879 2758 3023 2811 enim
3077 2759 3304 2815 verbum
3342 2777 3506 2817 nemo

1902 2841 2101 2895 dixerit
2128 2855 2249 2896 esse
2302 2844 2401 2897 viri
2436 2845 2706 2911 accurati,
2735 2853 2790 2900 et
2828 2847 2919 2915 qui
2963 2847 3252 2905 cruciﬁxus
3303 2850 3395 2906 sit.
3445 2852 3502 2908 Si

1901 2947 2134 3003 namque
2161 2934 2456 3006 Paulusita
2496 2951 2555 2992 se
2577 2938 2837 2992 voluntati
2867 2939 2962 2994 Dei
2987 2941 3220 3010 copulat,
3252 2953 3309 2997 ut
3337 2943 3499 3011 dicat,

1910 3021 2034 3079 Viuo
2061 3035 2228 3080 autem
2268 3028 2384 3096 jam
2421 3043 2520 3080 non
2545 3045 2658 3098 ego,
2710 3030 2828 3082 uiuit
2872 3044 2987 3086 vero
3039 3031 3094 3084 in
3146 3048 3226 3087 me
3271 3031 3502 3089 Christus

1900 3112 2046 3182 (Gal.
2085 3113 2141 3167 2.
2189 3113 2307 3186 20),
2333 3116 2609 3184 quomodo
2651 3118 2892 3173 omnium
2953 3120 3212 3175 Dominus
3265 3122 3499 3190 dixerit,

1900 3203 2024 3258 Non
2061 3198 2236 3273 quacro
2281 3207 2589 3260 uoluntatem
2623 3223 2807 3275 meam,
2835 3208 2927 3263 sed
2965 3211 3076 3280 ejus
3103 3211 3192 3281 qui
3221 3212 3357 3268 misit
3400 3230 3499 3280 me,

1897 3309 1963 3350 ac
1981 3296 2026 3351 si
2047 3296 2148 3350 alia
2173 3297 2264 3350 sit.
2284 3296 2423 3364 Quid
2444 3312 2574 3368 ergo
2594 3299 2696 3353 sibi
2719 3300 2865 3354 vult?
2882 3300 3042 3369 Quasi
3059 3301 3226 3358 homo
3242 3303 3499 3375 loquitur,

1897 3395 1952 3440 et
1976 3386 2269 3440 secundum
2299 3387 2607 3441 auditorum
2634 3388 2966 3457 opinionem.
2990 3391 3123 3446 Cum
3154 3393 3300 3448 enim
3338 3409 3502 3465 supe-

1898 3477 2009 3530 rius
2038 3477 2141 3530 alia
2170 3486 2229 3531 ut
2256 3477 2415 3541 Deus,
2446 3478 2551 3533 alia
2581 3488 2637 3532 ut
2664 3477 2828 3534 homo
2847 3480 3048 3536 dixisse
3074 3482 3498 3549 demonstretur.

1896 3582 2083 3624 rursus
2130 3576 2189 3622 ut
2240 3568 2404 3623 homo
2445 3568 2558 3624 haec
2585 3568 2790 3640 profert
2829 3578 2884 3624 et
2908 3569 3004 3636 ait,
3031 3570 3298 3628 Judicium
3335 3591 3503 3630 meum

1887 3662 2090 3731 justum
2133 3671 2224 3716 est.
2255 3661 2324 3716 Et
2350 3661 2492 3716 unde
2520 3661 2623 3716 hoc
2651 3662 2861 3732 liquet?
2891 3662 3027 3728 Quia
3059 3678 3163 3717 non
3208 3681 3381 3735 quam
3410 3683 3500 3722 uo-

1897 3754 2146 3807 luntatem
2170 3769 2336 3806 meam
2354 3793 2369 3818 ,
2396 3752 2487 3806 sed
2511 3753 2822 3807 voluntatem
2860 3753 2972 3822 ejus
2999 3753 3085 3823 qui
3114 3755 3252 3812 misit
3282 3771 3379 3809 me.
3410 3756 3500 3812 Si-

1897 3853 1990 3899 cut
2013 3844 2160 3900 enim
2195 3845 2376 3909 homo,
2407 3843 2499 3914 qui
2524 3846 2592 3900 ab
2628 3842 2820 3900 adectu
2851 3844 2988 3899 liber
3015 3852 3134 3911 est,
3173 3861 3283 3901 non
3315 3856 3497 3917 potest

1889 3935 2039 4006 juste
2065 3935 2306 3992 accusari
2349 3935 2494 4006 quod
2541 3945 2738 4004 praeter
2765 3935 2844 3990 fas
2876 3935 3199 4005 judicaverit
3230 3954 3250 3993 :
3276 3939 3358 3994 sic
3403 3954 3505 3996 nec

1890 4042 1983 4084 me
2001 4027 2115 4096 jam
2144 4028 2388 4097 poteritis
2412 4027 2834 4096 reprehendere.
2856 4028 2990 4084 Nam
3013 4029 3106 4099 qui
3129 4031 3245 4085 vult
3268 4045 3362 4085 sua
3391 4039 3500 4087 sta-

1894 4115 2082 4186 bilire,
2109 4117 2231 4188 jure
2255 4117 2507 4172 fortassis
2534 4118 2587 4174 in
2612 4119 2976 4188 suspicionem
3003 4120 3202 4183 veniat.
3228 4122 3370 4193 quod
3401 4125 3501 4179 hac

1893 4208 1963 4263 de
1989 4224 2148 4263 causa
2177 4209 2441 4278 justitiam
2496 4210 2948 4280 pessumdederit.
2982 4212 3084 4280 Qui
3106 4229 3241 4270 vero
3265 4230 3359 4270 sua
3392 4231 3499 4270 non

1894 4301 2128 4370 reSpicit,
2162 4316 2266 4370 qua
2289 4301 2357 4356 de
2385 4315 2547 4355 causa
2581 4315 2689 4356 non
2714 4301 2863 4371 juste
2889 4303 3154 4358 calculum
3179 4305 3356 4360 ferat?
3386 4306 3501 4362 Iloc

1893 4391 2072 4459 itaque
2098 4391 2381 4445 ratiocinio
2406 4406 2528 4461 ane
2551 4391 2620 4445 ad
2650 4407 2738 4447 me
2763 4401 3010 4463 spectant
3033 4394 3336 4463 explorate.
3363 4395 3497 4464 Nam

1893 4482 1939 4535 si
1963 4482 2201 4538 dicerem
2230 4497 2316 4536 me
2345 4496 2452 4536 non
2482 4497 2512 4534 a
2541 4482 2699 4537 Patre
2727 4483 2950 4538 missum
2977 4499 3102 4540 esse
3123 4525 3138 4549 ,
3185 4499 3289 4540 nec
3316 4494 3500 4555 gesto-

1893 4589 2012 4629 rum
2054 4575 2277 4644 gloriam
2325 4573 2394 4628 ad
2423 4573 2572 4628 illum
2622 4573 2918 4638 referrem,
2980 4584 3221 4632 vestrum
3267 4576 3500 4636 fortasse

1893 4670 2158 4740 quiSpiam
2185 4672 2570 4740 suspicaretur,
2601 4686 2689 4726 me
2710 4671 3101 4741 jactabundum
3130 4687 3257 4728 vera
3282 4688 3389 4729 non
3409 4673 3496 4729 di-

1893 4775 2017 4816 cere
2049 4779 2062 4815 :
2091 4761 2137 4816 si
2183 4771 2365 4816 autem
2415 4762 2571 4816 alteri
2601 4771 2658 4816 et
2687 4777 2804 4833 qua:
2833 4761 2972 4818 facta
3002 4772 3126 4818 sunt
3157 4764 3356 4831 refero,
3401 4783 3498 4821 cur

1893 4853 2034 4908 dicta
2063 4853 2151 4908 illa
2197 4864 2447 4924 suspecta
2498 4853 2782 4910 habeatis?
2809 4853 3002 4911 Viden“
3034 4871 3144 4926 quo
3186 4872 3496 4914 sermonem

1892 4944 2208 5012 deduxerit,
2251 4954 2306 5001 et
2333 4947 2473 5002 unde
2494 4946 2754 5017 judicium
2785 4964 2944 5005 suum
2965 4949 3170 5019 justum
3199 4966 3321 5006 esse
3349 4967 3496 5008 asse-

1893 5037 2018 5091 rat?
2047 5037 2201 5093 Unde
2230 5036 2480 5093 videlicet
2505 5039 2678 5109 quivis
2705 5055 2736 5095 e
2757 5040 2918 5112 vulgo
2941 5041 3309 5097 defensionem
3336 5058 3496 5112 para-

1893 5139 1998 5184 ret.
2022 5127 2210 5184 V'idcn’
2237 5129 2379 5199 quod
2410 5144 2556 5200 saepe
2583 5131 2728 5198 dixi,
2757 5132 3031 5202 quomodo
3071 5134 3218 5205 clare
3247 5135 3493 5204 resplen-

1895 5219 2060 5274 deat?
2114 5219 2254 5288 Quid
2335 5220 2464 5276 illud
2521 5231 2604 5277 est
2669 5221 2815 5293 quod
2870 5223 3022 5279 dixi?
3083 5225 3233 5281 Illam
3288 5233 3492 5283 tantam

1893 5311 2180 5365 verborum
2227 5311 2587 5369 humilitatem
2629 5328 2776 5369 same
2805 5316 3004 5372 mentis
3029 5315 3341 5374 hominibus
3366 5334 3493 5375 sua-

1896 5401 2046 5466 dere,
2079 5417 2147 5456 ne
2163 5401 2305 5457 dicta
2331 5406 2510 5459 statim
2531 5404 2598 5460 ad
2624 5405 2808 5460 inﬁma
2833 5397 3161 5477 deprimant,
3190 5408 3285 5463 sed
3318 5411 3493 5479 potius

1898 5494 1950 5547 in
1983 5493 2349 5548 sublimiorem
2393 5509 2611 5549 sensum
2643 5494 2884 5561 ducant;
2917 5496 3027 5551 imo
3056 5497 3147 5567 qui
3186 5497 3297 5568 jam
3344 5497 3489 5552 hutni

1897 5595 2123 5656 repunt,
2155 5586 2280 5641 hinc
2310 5588 2564 5656 paulatim
2596 5587 2666 5642 ad
2691 5588 2882 5643 altiora
2914 5588 3074 5645 facile
3098 5589 3486 5659 provehuntur.

1972 5679 2184 5734 Moralis
2213 5680 2499 5735 exhortatio
2518 5681 2586 5733 ad
2609 5681 2882 5752 prudentia
2909 5681 3063 5736 simul
3087 5690 3132 5735 et
3157 5681 3490 5748 simplicitate

1897 5775 2157 5829 utendum.
2181 5775 2397 5842 Quando
2415 5775 2530 5830 aliis
2540 5785 2750 5846 peccata
2762 5791 2862 5829 non
2877 5769 3350 5841 dimittimusmobis
3367 5767 3498 5836 ipsis
