4024 6442
590 336 697 390 9'27

584 467 686 503 non
703 446 1019 503 dimittimus.
1050 444 1360 499 Condonatio
1385 442 1688 512 injuriarum
1709 479 1725 505 ,
1755 438 1997 497 Charitas,
2029 436 2159 488 elec-

584 555 891 609 ntosynaque
918 536 1349 591 commendantur.
1373 562 1445 575 —-
1470 532 1595 588 Haec
1630 531 1805 585 omnia
1831 527 2121 596 cogitantes
2144 565 2158 589 ,

581 643 782 699 quaeso,
816 642 883 682 ne
909 627 1047 681 dicta
1072 636 1567 695 pra‘tercurramus,
1596 621 1689 676 sed
1711 628 1960 674 accurate
1978 617 2156 671 omnia

583 720 918 788 exploremus
939 759 954 783 ,
983 726 1038 772 et
1059 730 1277 771 causam
1302 714 1379 769 sic
1407 711 1652 782 loquendi
1680 710 1876 781 ubique
1906 707 2156 763 conside-

583 821 762 863 remus
792 825 806 861 :
834 821 1007 878 neque
1049 814 1295 876 putemus
1332 812 1415 858 sat
1458 802 1612 857 nobis
1657 801 1724 855 ad
1763 799 2158 856 excusationem

578 916 699 956 esse
732 900 1086 970 ignorantiam
1126 908 1180 952 et
1208 897 1619 966 simplicitatem.
1650 893 1832 964 Neque
1856 893 1996 948 enim
2030 891 2157 945 sim-

581 994 746 1059 plices
768 1001 969 1046 tantum
993 990 1151 1059 jussit
1170 1002 1309 1053 esse,
1333 986 1425 1042 sed
1448 987 1607 1041 etiam
1637 985 1923 1054 prudentes
1944 981 2156 1054 (Matth.

586 1084 667 1139 i0.
699 1084 827 1153 16).
854 1081 1073 1137 Utamur
1098 1096 1225 1150 ergo
1254 1079 1614 1149 simplicitate,
1648 1078 1742 1133 sed
1773 1092 1895 1132 cum
1922 1075 2157 1144 pruden-

580 1176 669 1237 tia,
707 1184 808 1226 tam
832 1173 885 1227 in
906 1172 1169 1238 doctrina,
1195 1186 1350 1241 quam
1379 1171 1431 1225 in
1457 1171 1708 1239 operibus
1734 1188 1748 1235 ;
1778 1179 1833 1225 et
1852 1169 2007 1223 nobis
2027 1168 2162 1238 ipsis

572 1268 664 1333 jus
688 1266 946 1329 dicamus,
978 1274 1033 1318 ut
1056 1279 1159 1317 non
1190 1272 1312 1317 tunc
1333 1279 1453 1319 eum
1481 1263 1583 1317 hoc
1605 1263 1803 1317 mundo
1820 1261 2155 1316 damnentur.

577 1356 735 1410 Tales
768 1370 869 1409 nos
905 1369 1031 1425 erga
1058 1368 1245 1409 servos
1270 1363 1481 1409 nostros
1526 1353 1875 1408 exhibeamus
1900 1394 1915 1417 ,
1943 1351 2153 1421 qualem

574 1448 826 1501 volumus
851 1460 975 1516 erga
1016 1460 1114 1500 nos
1149 1459 1270 1500 esse
1298 1444 1579 1499 Dominum
1610 1454 1873 1498 nostrum.
1906 1441 2115 1495 Dimitte
2136 1481 2152 1505 ,

581 1538 772 1607 inquit,
802 1537 943 1595 nobis
968 1538 1133 1591 debita
1157 1545 1349 1601 nostra,
1376 1538 1505 1589 sicut
1547 1545 1599 1589 et
1633 1552 1723 1589 nos
1748 1535 2041 1589 dimittimus
2068 1534 2154 1587 de-

577 1631 817 1684 bitoribus
841 1630 1022 1684 nostris
1052 1627 1262 1697 (Matth.
1288 1630 1337 1683 6.
1373 1628 1441 1683 12
1460 1627 1504 1699 ).
1527 1627 1650 1683 Scio
1679 1627 1890 1698 quidem
1919 1627 2152 1681 animam

578 1721 797 1789 injurias
824 1735 929 1774 non
956 1734 1108 1789 aequo
1127 1720 1304 1773 animo
1334 1719 1472 1774 ferre
1496 1735 1511 1781 ;
1543 1717 1640 1773 sed
1664 1718 1707 1772 si
1734 1719 2026 1787 cogitemus
2056 1730 2155 1772 nos

577 1827 679 1865 non
713 1810 920 1866 [ardenti
946 1851 961 1878 ,
994 1809 1087 1866 sed
1126 1809 1277 1865 nobis
1305 1810 1431 1879 ipsis
1475 1810 1545 1862 ita
1579 1810 1856 1863 consulere
1880 1850 1894 1874 ,
1923 1808 2033 1863 cito
2061 1809 2153 1862 im

577 1920 839 1959 venenum
862 1904 1192 1973 abjiciemus.
1224 1902 1355 1957 Nam
1381 1902 1470 1973 qui
1495 1911 1709 1957 centum
1736 1901 1985 1957 denarios
2005 1900 2153 1955 debi-

576 1994 679 2048 tori
705 2010 810 2049 non
841 1992 1045 2049 remisit
1070 2033 1087 2060 ,
1125 2008 1231 2049 non
1260 2007 1572 2049 conservum
1599 1993 1733 2047 lwsit
1755 2036 1769 2059 ,
1798 1992 1893 2047 sed
1919 1994 2150 2060 seipsum

579 2094 796 2140 centum
828 2086 1056 2141 millium
1087 2086 1403 2140 talentorum
1427 2126 1443 2151 ,
1470 2100 1588 2152 qua:
1627 2085 1725 2139 sibi
1758 2084 1905 2152 prius
1930 2084 2149 2137 remissa

574 2178 783 2232 fuerant
807 2218 822 2241 ,
854 2176 1151 2232 debitorem
1190 2175 1441 2237 reddidit.
1468 2175 1601 2230 Cum
1630 2190 1761 2243 ergo
1784 2175 1910 2229 aliis
1927 2189 2031 2228 non
2071 2174 2149 2228 di-

571 2268 857 2335 mittimus,
884 2267 1039 2324 nobis
1065 2283 1170 2323 non
1192 2268 1529 2323 dimittimus.
1552 2266 1629 2321 Ne
1651 2280 1781 2338 ergo
1808 2274 2009 2321 tantum
2042 2264 2153 2319 Deo

577 2361 821 2416 dicamus
844 2403 859 2425 ,
890 2360 966 2415 Ne
997 2360 1302 2416 memineris
1346 2368 1561 2429 peccata
1606 2367 1822 2421 nostra;
1866 2356 1962 2412 sed
1987 2357 2148 2411 etiam

573 2452 729 2506 nobis
769 2452 902 2520 ipsis
949 2451 1137 2520 singuli
1168 2451 1410 2505 dicamus
1433 2492 1447 2513 ,
1479 2449 1556 2504 Ne
1597 2451 1994 2505 meminerimus
2021 2463 2151 2503 con-

570 2556 844 2597 servorum
880 2549 1114 2610 peccata.
1140 2541 1271 2595 Nam
1304 2550 1358 2594 tu
1390 2541 1535 2609 prior
1562 2539 1614 2595 in
1646 2549 1697 2594 te
1718 2540 1976 2608 justitiam
1997 2554 2150 2594 exer-

570 2645 661 2687 ces
683 2671 702 2697 ,
732 2632 854 2686 hinc
880 2632 1121 2699 sequitur
1162 2631 1320 2685 Deus.
1356 2630 1438 2684 Tu
1482 2630 1651 2700 legem
1681 2628 1872 2685 scribis
1899 2629 1967 2684 de
1996 2630 2147 2684 venia

572 2732 630 2778 et
655 2738 833 2793 pmna,
859 2733 911 2777 et
940 2723 1004 2778 de
1031 2723 1118 2777 his
1143 2721 1250 2779 fers
1278 2723 1617 2777 sententiam.
1640 2722 1779 2793 Ergo
1805 2737 1967 2792 penes
1994 2731 2046 2777 te
2066 2732 2149 2777 est

575 2824 633 2867 ut
680 2814 822 2867 Deus
847 2822 1182 2882 peccatorum
1232 2822 1438 2867 tuorum
1473 2813 1557 2868 vel
1585 2812 1895 2867 recordetur
1922 2814 2003 2867 vel
2040 2828 2145 2868 non

568 2903 896 2959 recordetur.
930 2902 1051 2957 ideo
1080 2903 1272 2957 Paulus
1297 2903 1566 2959 dimittere
1588 2902 1760 2972 jubet,
1793 2904 1838 2957 si
1860 2904 1978 2973 quis
2004 2904 2149 2973 quid-

570 2998 709 3066 piam
747 2995 1000 3050 adversus
1040 2996 1201 3050 alium
1250 2993 1444 3049 habeat
1466 3034 1482 3057 ,
1513 3009 1614 3049 nec
1642 2993 1803 3048 modo
1840 2994 2105 3048 dimittere
2128 3034 2144 3059 ,

569 3086 663 3142 sed
698 3087 768 3141 ita
798 3096 853 3140 ut
883 3100 984 3140 nec
1015 3086 1253 3156 reliquia:
1280 3092 1529 3139 maneant
1562 3081 1786 3154 (Coloss.
1823 3084 1876 3139 5.
1905 3082 2031 3153 15).
2061 3084 2145 3138 Si-

568 3175 782 3246 quidem
809 3174 1055 3229 Christus
1081 3188 1183 3228 non
1207 3173 1365 3229 modo
1390 3183 1603 3243 peccata
1631 3181 1812 3227 nostra
1836 3173 1888 3227 in
1911 3173 2144 3228 medium

566 3280 672 3319 non
694 3265 900 3330 attulit;
924 3264 1016 3319 sed
1043 3278 1213 3333 neque
1236 3277 1334 3318 nos
1357 3264 1660 3333 peccavisse
1684 3265 2141 3331 commemoravit,

565 3371 737 3427 neque
762 3356 912 3422 dixit,
944 3356 1056 3411 liae
1082 3365 1135 3411 et
1158 3355 1332 3411 hacin
1360 3371 1420 3411 re
1449 3357 1679 3426 peccasti
1702 3356 1833 3421 ;sed
1863 3355 2063 3411 dimisit
2090 3365 2141 3412 et

565 3448 761 3505 delevit
807 3447 1260 3517 chirographum,
1315 3461 1413 3501 nec
1462 3456 1677 3517 peccata
1731 3447 2035 3513 recensuit,
2086 3456 2143 3501 ut

568 3540 761 3595 Paulus
804 3537 1085 3609 significat.
1140 3537 1251 3594 Hoc
1298 3546 1351 3593 et
1398 3552 1495 3591 nos
1539 3535 1837 3591 faciamus:
1868 3537 2044 3591 omnia
2073 3551 2140 3591 ex

564 3640 743 3688 mente
784 3633 1058 3692 deleamus
1089 3630 1268 3703 (Ibid.
1301 3630 1355 3684 2.
1399 3628 1523 3702 14).
1558 3630 1615 3685 Si
1658 3630 1786 3700 quid
1815 3629 1938 3685 boni
1985 3630 2052 3684 ab
2076 3642 2144 3683 eo

561 3728 649 3796 qui
680 3740 777 3780 nos
803 3724 934 3779 hesit
964 3724 1252 3780 admissum
1280 3722 1459 3789 fuerit,
1482 3722 1583 3777 hoc
1600 3722 1771 3777 solum
1800 3730 2135 3792 reputemus;

559 3819 604 3874 si
645 3818 926 3871 molestum
955 3826 1006 3871 et
1049 3815 1292 3882 odiosum
1321 3814 1629 3885 quidpiam,
1662 3813 1936 3884 ejiciamus
1963 3822 2017 3867 et
2040 3812 2139 3867 de-

560 3910 764 3965 leanms
789 3950 803 3973 ,
845 3918 903 3964 ut
930 3923 997 3963 ne
1026 3908 1305 3978 vestigium
1337 3906 1551 3978 quidem
1584 3914 1873 3960 remaneat.
1913 3903 2062 3972 Quod
2093 3903 2137 3960 si

560 4002 691 4056 nihil
721 4000 841 4055 boni
873 4016 997 4071 erga
1030 4015 1128 4054 nos
1158 4000 1347 4068 egerit,
1380 4008 1525 4052 tanto
1557 3999 1728 4067 major
1753 3997 1907 4051 nobis
1934 3995 2138 4051 condo-

557 4092 805 4148 nantibus
835 4106 1040 4147 meroes
1081 4098 1131 4145 et
1159 4091 1272 4145 laus
1299 4090 1422 4144 erit.
1452 4090 1552 4143 Alii
1581 4089 1771 4159 vigiliis
1790 4098 1845 4143 et
1870 4086 2015 4142 bumi
2046 4102 2138 4142 cu-

558 4182 758 4247 bando,
786 4182 1035 4252 milleque
1062 4180 1511 4236 maccratiunihus
1536 4188 1749 4247 peccata
1775 4179 2011 4247 expiant;
2042 4177 2137 4231 tibi

557 4272 793 4328 faciliore
822 4272 929 4339 via,
954 4273 1269 4341 injurlarum
1295 4285 1489 4337 nempe
1518 4270 1786 4324 oblivione
1808 4270 1932 4323 licet
1954 4269 2135 4321 omnia

556 4364 865 4431 abstergere
894 4362 1119 4417 scelera.
1151 4360 1259 4416 Cur
1285 4369 1470 4415 contra
1500 4368 1556 4413 te
1580 4359 1808 4429 gladium
1839 4369 1895 4413 ut
1922 4363 2137 4413 insanus

556 4462 611 4505 et
636 4451 815 4506 furens
845 4450 1116 4515 admoves,
1153 4461 1311 4528 teque
1345 4465 1375 4503 a
1404 4450 1578 4503 futura
1610 4451 1712 4503 vita
1737 4449 1981 4519 expellis,
2014 4466 2135 4504 cum

556 4540 688 4595 nihil
712 4557 817 4595 non
844 4541 1020 4596 facere
1042 4549 1331 4609 oporteret,
1360 4548 1415 4594 ut
1440 4540 1581 4594 illam
1604 4541 1983 4609 consequaris?
2003 4541 2132 4595 Nam

553 4633 597 4685 si
628 4646 863 4701 praesens
890 4630 996 4684 vita
1018 4630 1090 4684 ita
1117 4630 1495 4685 desiderabilis
1527 4641 1609 4684 est
1633 4673 1648 4697 ,
1677 4631 1801 4700 quid
1828 4631 1895 4685 de
1920 4632 2008 4685 illa
2055 4632 2135 4688 di-

554 4725 699 4777 xeris
722 4762 737 4789 ,
771 4723 913 4777 unde
943 4721 1143 4791 aufugit
1172 4724 1347 4777 onmis
1372 4721 1527 4776 dolor
1552 4763 1567 4787 ,
1599 4738 1796 4777 mteror
1817 4764 1832 4789 ,
1864 4725 2093 4792 gemitus
2114 4766 2128 4789 ,

557 4814 643 4867 ubi
683 4828 781 4867 nec
812 4812 996 4868 mortis
1026 4813 1187 4867 timor
1210 4852 1225 4878 ,
1273 4825 1371 4866 nec
1400 4812 1539 4865 ullus
1567 4812 1825 4867 bonorum
1858 4814 1975 4868 finis
2022 4829 2134 4868 me-

556 4905 821 4960 tuendus?
847 4906 1016 4972 Beati,
1043 4914 1123 4959 ter
1151 4905 1449 4974 sa‘piusque
1475 4904 1633 4970 beati,
1662 4906 1746 4974 qui
1774 4907 1858 4960 illa
1888 4906 2133 4960 fruuntur

560 5008 726 5062 sorte,
758 5005 813 5050 ut
843 4996 1027 5051 miseri
1056 5005 1240 5065 terque
1263 5005 1316 5050 et
1340 4996 1535 5066 sa'pius
1562 4997 1760 5062 miseri,
1789 4999 1875 5067 qui
1900 4999 1986 5052 illa
2012 5015 2132 5056 sese

559 5087 765 5152 privaut
818 5087 1169 5141 beatitudine.
1205 5084 1409 5155 Ecquid
1436 5127 1452 5153 ,
1502 5086 1709 5157 inquies
1735 5128 1749 5153 ,
1798 5089 1945 5144 illam
1976 5093 2129 5147 nobis

556 5179 713 5229 vitam
743 5178 1009 5247 acquirit?
1039 5176 1173 5231 Audi
1204 5177 1376 5245 ipsum
1404 5176 1636 5245 judicem
1658 5180 1983 5237 adolescenti
2010 5185 2121 5238 cui-

557 5266 941 5277 ___.———_————-——.

1610 5266 1995 5283 ————‘

555 5454 637 5510 51.
682 5452 743 5507 Si
781 5468 870 5523 ego
909 5451 1240 5505 testimonium
1283 5452 1513 5521 perhibea
1555 5454 1619 5506 de
1652 5454 1870 5525 meipso,
1906 5460 2125 5512 testimo-

623 5545 762 5598 nium
816 5559 977 5597 meum
1030 5559 1131 5596 non
1184 5553 1256 5597 est
1317 5558 1501 5599 rerum.
1556 5543 1643 5599 59...
1712 5546 1853 5601 Alius
1919 5560 1989 5601 est
2042 5552 2125 5614 qui

621 5634 953 5686 testimonium
996 5634 1216 5701 pCl'lllbt’i
1245 5635 1303 5689 tle
1335 5652 1409 5690 me
1432 5678 1445 5703 ,
1480 5646 1524 5691 ct
1564 5638 1664 5692 scio
1692 5640 1808 5707 quia
1839 5656 2006 5694 turum
2054 5654 2123 5697 cst

628 5726 957 5782 testiinonium
984 5725 1112 5794 (jus.

1317 329 1373 385 S.
1413 323 1688 382 JOANNIS
1724 318 2199 378 CHRYSOSTOMI
2240 318 2555 375 AﬂClllEP.
2596 320 3121 377 CONSTANTINOP.

3773 324 3880 378 2‘28

2276 435 2416 502 piam
2465 433 2564 489 hac
2601 434 2669 489 dc
2700 451 2758 490 re
2804 436 3127 506 loquentem.
3167 438 3286 507 Ipso
3328 454 3557 509 namque
3594 451 3834 510 rogante
3859 485 3875 499 .

2277 524 2413 590 Quid
2433 526 2662 592 faciendo
2680 528 2831 579 vitam
2852 539 3089 581 meritam
3114 531 3375 598 possidebo
3394 531 3614 602 (.llattk.
3642 534 3733 589 l9.
3759 532 3879 602 περ

2270 616 2480 669 cat-teris
2526 616 2816 685 prannissis
2864 616 3108 674 Christus
3137 622 3459 691 praeceptis,
3517 623 3572 677 in
3619 637 3875 677 amorem

2270 707 2503 775 proximi
2545 707 2723 762 desiit.
2751 708 2822 763 At
2850 709 3077 766 fortasse
3114 711 3417 767 auditorum
3445 712 3725 783 quispiam
3754 758 3771 781 ,
3820 728 3875 768 ut

2265 795 2416 851 dives
2441 795 2530 851 ille
2556 837 2571 862 ,
2608 796 2805 852 dixerit
2834 838 2850 864 ,
2885 799 3010 854 llaec
3046 815 3146 855 nos
3170 802 3536 867 servavimus;
3565 818 3675 857 non
3705 804 3876 859 furati

2265 901 2451 944 sumus
2470 930 2484 949 .
2515 904 2619 944 non
2651 891 2968 959 occidimus,
2998 908 3105 948 non
3132 894 3384 950 mmcltati
3413 912 3625 951 sumus.
3662 896 3873 953 Verum

2264 981 2367 1037 hoc
2389 982 2568 1038 dicere
2594 998 2699 1037 non
2732 986 2951 1053 poteris,
2983 995 3032 1040 te
3058 987 3357 1054 proximum
3389 994 3446 1041 ut
3470 989 3769 1057 oportebat
3796 990 3875 1044 di-

2264 1075 2480 1131 lexisse.
2514 1076 2644 1130 Nam
2673 1079 2757 1131 vel
2791 1078 3001 1133 invidus
3032 1077 3198 1146 fuisti,
3234 1079 3322 1134 vel
3360 1080 3657 1136 maledicta
3688 1092 3871 1153 protu-

2263 1165 2393 1233 listi,
2426 1168 2506 1222 vel
2539 1167 2666 1223 laeso
2691 1183 2848 1237 opem
2880 1184 2987 1224 non
3015 1170 3203 1235 tulisti,
3229 1170 3311 1226 vel
3334 1172 3402 1227 de
3428 1172 3587 1228 bonis
3621 1188 3733 1228 non
3760 1174 3869 1229 lar-

2263 1256 2404 1325 gitus
2433 1271 2527 1323 es,
2560 1272 2663 1312 non
2692 1258 2949 1316 dilexisti.
2984 1260 3182 1316 Verum
3217 1277 3323 1317 non
3366 1263 3469 1318 hoc
3496 1263 3681 1319 solum
3707 1268 3869 1335 jussit

2260 1346 2529 1415 Christus,
2556 1350 2649 1404 sed
2675 1359 2732 1406 et
2755 1351 2919 1405 aliud.
2947 1351 3085 1420 Quid
3114 1352 3286 1407 illud?
3325 1351 3498 1408 Vende
3531 1357 3715 1409 omnia
3754 1374 3871 1426 qaut

2261 1441 2443 1506 habes,
2483 1451 2531 1495 et
2560 1442 2625 1495 da
2663 1444 3002 1512 pauperibus,
3044 1454 3091 1499 et
3129 1449 3270 1509 t'em',
3298 1461 3504 1515 sequere
3530 1464 3612 1500 me
3643 1447 3865 1515 (Matth.

2262 1530 2350 1586 19.
2383 1530 2445 1585 21
2474 1530 2518 1603 ).
2548 1532 2709 1600 Sequi
2730 1532 3027 1598 Christum,
3062 1536 3256 1589 imitari
3277 1535 3557 1590 Christum
3585 1536 3677 1592 hic
3704 1538 3866 1608 signi-

2261 1623 2402 1677 ticat.
2424 1623 2560 1690 Quid
2582 1624 2705 1679 hinc
2730 1625 3023 1681 discimus?
3044 1625 3243 1694 Primo,
3270 1641 3392 1683 eum
3416 1628 3507 1697 qui
3540 1628 3661 1683 hmc
3683 1632 3862 1685 omnia

2260 1730 2365 1768 non
2397 1715 2590 1780 habet,
2619 1728 2820 1772 sortem
2848 1718 2995 1773 illam
3024 1734 3128 1773 non
3161 1733 3322 1788 posse
3346 1734 3471 1773 cum
3504 1722 3709 1789 primis
3736 1737 3861 1777 con-

2258 1805 2426 1874 sequi.
2461 1805 2591 1861 Cum
2622 1806 2848 1862 dixisset
2877 1808 3019 1862 enim
3050 1808 3159 1874 ille,
3193 1808 3380 1863 Omnia
3412 1810 3552 1877 feci,
3584 1826 3650 1865 ac
3677 1813 3725 1867 si
3756 1828 3861 1866 ma-

2257 1911 2416 1967 gnum
2447 1898 2717 1968 quidpiam
2748 1898 2961 1955 deesset
2990 1900 3055 1955 ad
3080 1901 3461 1971 perfectionem
3484 1944 3499 1968 ,
3530 1906 3611 1959 ait
3643 1923 3659 1958 :
3698 1905 3768 1960 Si
3791 1910 3857 1960 ris

2257 1991 2508 2059 perfectus
2529 2005 2652 2056 esse,
2674 1990 2828 2043 vende
2848 1992 3017 2044 omnia
3036 2008 3149 2060 qua:
3169 1991 3339 2056 habes,
3363 2003 3410 2047 et
3431 1994 3500 2046 da
3522 1995 3856 2063 pauperibus,

2254 2088 2303 2133 et
2328 2080 2455 2143 veni,
2478 2096 2680 2149 sequere
2710 2098 2807 2135 me.
2841 2082 2955 2137 Hoc
2985 2084 3162 2152 itaque
3188 2085 3360 2154 primo
3386 2086 3717 2141 discendum
3746 2100 3853 2153 est;

2254 2172 2512 2239 secundo,
2546 2175 2688 2244 quod
2722 2176 2870 2230 illum
2896 2175 3093 2231 frusna
3121 2177 3491 2235 venditantem
3516 2195 3580 2235 se
3608 2196 3855 2252 coargue

2253 2263 2342 2317 rit.
2375 2264 2476 2331 Qui
2509 2267 2650 2319 enim
2680 2267 2733 2320 in
2759 2276 2901 2320 tanta
2924 2268 3080 2336 cepia
3112 2282 3294 2323 rerum
3321 2278 3462 2336 erat,
3496 2280 3553 2325 et
3584 2287 3857 2342 pauperes

2253 2358 2667 2425 contemnebat,
2717 2375 2822 2429 quo
2857 2369 3015 2428 pacto
3058 2361 3359 2429 proxinmm
3391 2361 3697 2419 dilexerit?
3742 2364 3855 2419 Non

2252 2463 2377 2501 vera
2407 2464 2537 2519 ergo
2572 2450 2800 2505 dicebat.
2847 2454 2915 2505 At
2942 2466 3041 2505 nos
3071 2463 3123 2505 et
3152 2451 3255 2506 hoc
3293 2468 3347 2507 e.
3388 2453 3519 2509 illud
3552 2454 3853 2522 faciamus,

2253 2541 2536 2610 omniaque
2557 2552 2734 2595 nosua
2757 2542 3386 2611 d.ligeutereﬂ‘undamus
3408 2554 3465 2599 ut
3486 2548 3686 2600 etaiam
3709 2563 3853 2602 eom-

2256 2645 2525 2699 paremus.
2583 2632 2713 2686 Nam
2769 2633 2813 2684 si
2860 2632 3076 2700 quidam
3135 2648 3233 2702 pro
3284 2635 3529 2690 saeculari
3592 2638 3851 2707 dignitate

2256 2721 2436 2773 omnia
2451 2736 2544 2775 sua
2566 2721 2772 2786 effudit;
2798 2721 3075 2791 dignitate,
3094 2724 3328 2793 inquam,
3351 2741 3513 2795 quam
3532 2729 3585 2781 in
3615 2727 3721 2784 hac
3746 2731 3848 2786 vita

2249 2813 2447 2878 solum,
2471 2827 2644 2882 neque
2665 2813 2915 2868 diuturno
2940 2822 3180 2881 tempore
3204 2817 3437 2871 retinere
3464 2827 3648 2886 potest
3670 2822 3851 2888 (nmlti

2251 2919 2479 2973 namque
2508 2904 2595 2958 diu
2622 2913 2905 2973 antequam
2933 2916 3270 2961 morerentur
3298 2907 3677 2977 prtefecturam
3712 2914 3849 2966 ami-

2251 3009 2400 3058 sere;
2448 2994 2537 3048 alii
2586 3010 2713 3049 vero
2746 3011 2841 3064 pro
2893 2994 2981 3050 illa
3036 2998 3141 3050 vita
3180 2999 3340 3052 etiam
3388 3001 3634 3055 mulctati
3682 3014 3846 3066 sunt;

2250 3095 2483 3141 attamen
2512 3087 2635 3142 licet
2657 3086 2758 3141 hoc
2778 3089 2969 3154 sciant,
2999 3090 3175 3143 omnia
3200 3105 3295 3159 pro
3326 3090 3413 3145 illa
3436 3093 3846 3164 profundunt):

2248 3177 2294 3231 si
2324 3176 2485 3247 igitur
2510 3194 2605 3247 pro
2629 3177 2931 3245 huiusmodi
2955 3179 3209 3249 dignitate
3233 3189 3308 3235 tot
3330 3189 3583 3253 tmtaque
3613 3184 3843 3241 faciunt:

2248 3268 2374 3337 quid
2420 3268 2775 3323 miserabilius
2819 3270 2973 3323 nobis
3005 3269 3202 3336 fuerit,
3236 3270 3327 3341 qui
3374 3288 3469 3341 pro
3510 3274 3600 3328 illa
3629 3289 3846 3345 semper

2248 3370 2499 3413 manente
2518 3399 2531 3423 ,
2566 3376 2684 3429 qua:
2711 3361 2825 3414 tolli
2855 3376 3147 3427 numquam
3176 3371 3380 3431 potest,
3416 3379 3483 3418 ne
3513 3381 3689 3434 pauca
3728 3369 3842 3437 qui-

2245 3448 2367 3502 dem
2401 3448 2786 3517 prol‘undimus,
2812 3465 2981 3519 neque
3003 3466 3064 3505 ea
3087 3467 3369 3521 erogamus
3391 3470 3511 3523 quae
3541 3456 3706 3523 paulo
3728 3468 3845 3527 post

2248 3539 2335 3594 hic
2363 3540 2609 3597 amissnri
2637 3542 2862 3596 sumus?
2891 3542 3021 3608 Quis
3054 3542 3200 3596 furor
3228 3543 3340 3610 ille,
3371 3560 3491 3613 qua:
3524 3547 3710 3601 invitis
3736 3551 3845 3605 eri-

2246 3634 2457 3702 piantur
2478 3673 2491 3697 ,
2519 3648 2583 3688 ea
2608 3634 2753 3689 nolle
2790 3646 2982 3704 sponte
3010 3635 3141 3691 dare
3180 3644 3234 3691 et
3265 3637 3544 3691 nobiseum
3582 3641 3802 3697 auferre
3822 3643 3848 3695 ἵ

2248 3725 2303 3781 Si
2334 3725 2454 3795 quis
2485 3740 2582 3779 nos
2607 3727 2671 3781 ad
2702 3737 2930 3783 mortem
2962 3727 3214 3794 duceret,
3248 3730 3441 3785 deimlc
3474 3744 3841 3802 proponeret,

2244 3831 2373 3870 num
2397 3818 2556 3873 vitam
2589 3817 2742 3871 bonis
2764 3820 3010 3876 omnibus
3032 3820 3300 3876 redimere
3326 3822 3611 3888 vellemus,
3642 3827 3843 3895 gratias

2242 3918 2389 3964 certe
2414 3908 2484 3964 illi
2518 3908 2858 3965 haberemus.
2892 3910 3044 3967 Nunc
3081 3926 3211 3969 vero
3239 3927 3363 3966 cum
3394 3918 3723 3983 pr0ponitur
3746 3916 3841 3971 de-

2242 4001 2419 4056 ductis
2479 4000 2545 4055 ad
2597 4002 2944 4072 gehennam,
3011 4014 3067 4057 ut
3125 4004 3466 4061 dimidiarum
3516 4008 3839 4065 facultatum

2246 4094 2392 4147 dono
2421 4094 2738 4163 eripiamnr,
2768 4094 3038 4149 malumus
3066 4095 3134 4149 ad
3163 4097 3482 4167 supplicium
3510 4098 3664 4166 duci,
3694 4114 3746 4155 et
3773 4118 3833 4156 ea

2243 4185 2437 4239 frustra
2472 4200 2687 4240 servare
2712 4226 2728 4250 ,
2756 4202 2873 4259 qua:
2904 4197 3083 4241 nostra
3114 4202 3222 4242 non
3260 4198 3413 4254 sunt,
3448 4189 3520 4244 ita
3566 4201 3624 4245 ut
3657 4206 3837 4249 nostra

2245 4276 2547 4346 perdamus.
2593 4276 2764 4343 Quam
2816 4278 3216 4333 excusationem
3277 4278 3641 4337 habebimus?
3682 4303 3836 4355 quant

2246 4367 2455 4421 veniam
2505 4367 2868 4436 merebimur,
2910 4369 2998 4433 si,
3041 4383 3164 4423 cum
3197 4379 3301 4424 tam
3348 4370 3517 4426 faelis
3567 4375 3729 4430 nobis
3758 4377 3837 4434 via

2240 4470 2422 4529 aperta
2450 4460 2555 4523 sit,
2590 4476 2683 4531 per
2710 4462 2998 4531 praecipitia
3028 4461 3262 4518 feramur
3284 4503 3300 4529 ,
3340 4474 3390 4520 et
3442 4465 3834 4523 infructuosum

2239 4554 2595 4624 suscipiamus
2621 4556 2754 4621 iter,
2784 4565 2944 4626 atque
2986 4556 3070 4611 his
3095 4567 3149 4612 et
3175 4559 3286 4616 illis
3308 4561 3561 4616 onmibus
3592 4578 3695 4617 nos
3730 4568 3836 4638 pri-

2241 4662 2424 4700 vcmus
2447 4686 2461 4710 ,
2495 4660 2614 4700 cum
2645 4648 2811 4702 libere
2844 4650 3111 4718 possimus
3140 4650 3221 4705 bis
3241 4661 3294 4705 et
3321 4652 3423 4706 illis
3453 4652 3707 4724 perfrui?
3734 4658 3835 4713 Sed

2239 4737 2339 4791 etsi
2370 4754 2474 4791 non
2507 4746 2653 4804 ante,
2683 4741 2870 4794 saltem
2894 4757 3035 4814 nunc
3064 4742 3129 4795 ad
3159 4756 3258 4795 nos
3283 4742 3592 4812 redeamus,
3624 4758 3681 4805 et
3710 4765 3834 4807 sana

2240 4838 2421 4883 mente
2454 4832 2743 4896 praesentia
2774 4831 2911 4886 bona
2933 4873 2948 4898 ,
2983 4844 3037 4886 ut
3065 4848 3161 4902 par
3187 4844 3267 4889 cst
3290 4874 3305 4895 ,
3336 4834 3757 4907 dispensemus,
3787 4853 3838 4894 nt

2238 4919 2412 4974 futura
2460 4920 2613 4975 facile
2642 4937 3060 4993 consequanmr,
3092 4929 3256 4997 gratia
3285 4938 3338 4982 et
3368 4928 3703 5000 benignitate
3738 4936 3836 4988 lto.

2239 5013 2365 5065 tuini
2397 5031 2423 5065 ιε
2454 5016 2560 5068 ιδινί
2585 5014 2711 5069 Jesu
2737 5015 2960 5082 Christi,
2993 5018 3206 5087 quicum
3234 5019 3375 5073 Patri
3398 5021 3594 5090 gloria,
3623 5038 3833 5097 unaque

2236 5114 2420 5158 sancto
2447 5105 2689 5175 Spiritui,
2720 5107 2771 5161 in
2798 5112 2996 5163 saecula
3024 5110 3364 5165 smeulorum.
3400 5114 3605 5170 Amen.

1901 5330 2238 5397 HOMILIA
2276 5339 2408 5399 XL.

2306 5467 2356 5517 1.
2400 5462 2570 5515 Lectio
2598 5464 2983 5532 Scripturarttm
3006 5475 3245 5535 quantam
3268 5467 3622 5525 discretionem
3640 5474 3821 5543 exigat.

2232 5551 2517 5605 Itiscutitur
2541 5565 3001 5625 commentaturth
3030 5557 3158 5610 illud
3180 5573 3196 5610 :
3222 5557 3278 5612 Si
3306 5560 3680 5618 testiinonium
3710 5581 3820 5634 per-

2237 5645 2393 5697 hibeo
2415 5644 2480 5698 de
2505 5647 2729 5713 mvipso,
2759 5664 2941 5701 verum
2968 5664 3072 5701 non
3098 5650 3336 5704 est.—-Si
3356 5654 3478 5720 quis
3503 5656 3819 5711 tnetallicatn

2243 5745 2439 5789 tetram
2464 5736 2643 5791 ludere
2687 5740 3056 5809 aggrediatur,
3087 5756 3205 5795 eum
3241 5741 3304 5795 si!
3336 5743 3469 5799 artis
3505 5747 3816 5818 imperitus,
