4024 6456
146 405 265 458 2ἳο

139 538 349 580 aurum
370 537 475 576 non
493 519 709 584 efﬁciet,
733 517 912 573 omnia
935 525 1139 570 temere
1160 511 1427 576 miscebit,
1445 508 1652 578 eritque
1673 504 1756 557 la-

143 616 259 670 bor
273 615 388 683 ejus
407 611 631 675 inutilis,
653 611 758 663 imo
775 609 985 663 noxius.
1005 603 1080 658 ita
1097 604 1186 674 qui
1203 603 1503 656 divinarum
1519 597 1759 668 Scriptu-

145 719 340 759 rarum
367 701 804 772 consequentiam
833 713 937 752 non
962 704 1179 763 norunt,
1208 709 1382 763 neque
1404 691 1760 762 proprietates

144 805 214 850 et
243 795 394 864 leges
423 794 541 863 ejus
567 793 885 863 explorant,
915 787 1009 845 sed
1041 787 1358 856 simpliciter
1387 793 1442 840 et
1465 799 1571 839 uno
1599 781 1760 837 modo

144 888 342 942 omnia
369 895 710 956 percurrunt,
733 898 922 937 aurum
947 896 1068 937 cum
1102 889 1243 934 terra
1266 878 1576 942 miscentes,
1607 890 1763 929 num-

145 992 323 1048 quam
368 978 660 1046 repositum
708 975 762 1028 in
808 975 898 1029 illa
942 973 1252 1028 thesaurum
1289 969 1587 1024 invenient.
1635 966 1764 1021 Hmc

145 1085 328 1138 porro
349 1086 488 1124 nunc
503 1069 632 1131 dixi,
657 1067 777 1137 quia
799 1067 844 1121 is
863 1068 949 1138 qui
969 1066 1078 1136 jam
1105 1062 1419 1135 proponitur
1436 1060 1605 1124 locus,
1631 1059 1765 1113 mul-

153 1174 280 1216 tum
311 1163 530 1232 quidem
560 1175 751 1214 aurum
779 1157 960 1220 habet,
989 1171 1096 1212 non
1125 1154 1340 1226 quidem
1372 1154 1719 1222 conspicuum
1746 1193 1762 1218 ,

149 1254 258 1308 sed
283 1252 609 1308 obscuritate
631 1251 796 1305 multa
819 1250 1150 1306 obvolutum.
1172 1247 1530 1315 Quamobrem
1555 1254 1768 1314 Oportet

154 1343 420 1402 fodienth
439 1355 494 1400 et
521 1343 871 1415 expurgando
898 1343 964 1398 ad
987 1359 1171 1398 verum
1194 1356 1414 1396 sensum
1440 1340 1764 1409 pertingere.

153 1436 299 1504 Quis
329 1435 472 1489 enim
515 1452 622 1489 non
652 1435 832 1490 statim
860 1434 1104 1489 turbetur
1136 1431 1363 1486 audiens
1389 1430 1662 1484 Christum
1689 1427 1770 1482 di-

155 1537 407 1592 centem,
442 1526 503 1581 Si
527 1543 621 1596 ego
659 1526 999 1581 testimonium
1025 1524 1262 1596 perhibeo
1290 1522 1352 1576 de
1373 1522 1563 1592 meipso
1584 1563 1600 1588 ,
1632 1521 1768 1574 testi-

158 1621 397 1672 monium
459 1635 626 1673 meum
674 1635 843 1673 verum
886 1634 989 1672 non
1027 1618 1148 1672 est!
1191 1616 1322 1671 Nam
1351 1631 1494 1684 saepe
1526 1613 1771 1669 videmus

160 1711 319 1765 illmn
350 1710 417 1764 de
458 1711 637 1777 seipso
669 1709 1036 1764 testimonium
1068 1708 1385 1778 perhibere;
1416 1706 1770 1763 Samaritana:

159 1803 372 1873 quippe
399 1802 611 1858 dicebat
637 1842 652 1866 ,
687 1800 797 1873 Ego
821 1819 933 1858 sum
972 1803 1060 1873 qui
1090 1803 1268 1872 loquor
1297 1810 1458 1855 tecum
1484 1799 1682 1870 (Joan.
1715 1799 1766 1852 4.

158 1895 241 1949 26
267 1895 284 1963 )
310 1910 326 1958 ;
360 1902 416 1949 et
439 1909 587 1949 cmco
625 1895 897 1958 similiter,
931 1893 1030 1960 Qui
1061 1893 1285 1963 loquitur
1309 1901 1505 1955 tecum,
1537 1890 1627 1945 ille
1653 1900 1726 1944 est
1751 1905 1772 1954 ;

161 1995 226 2040 et
251 1985 468 2040 Judaeos
500 1985 804 2052 increpans,
842 1983 939 2038 Vos
965 1984 1155 2048 dicitis,
1190 1983 1267 2039 Tu
1287 1984 1629 2053 blasphemas,
1654 1983 1773 2052 quia

164 2075 306 2140 dixi,
336 2073 499 2129 Filius
525 2073 624 2128 Dei
643 2091 752 2128 sum
779 2073 977 2147 (Joan.
1003 2075 1057 2128 9.
1089 2074 1178 2128 57.
1202 2082 1253 2128 et
1274 2073 1363 2128 10.
1397 2072 1465 2128 36
1483 2073 1521 2144 ).
1560 2072 1771 2128 Etaiibi

165 2181 321 2236 saepe
347 2165 616 2220 similiter.
644 2164 700 2220 Si
730 2180 858 2235 ergo
890 2163 1010 2219 hanc
1047 2166 1224 2220 omnia
1254 2165 1528 2220 mendacia
1555 2172 1770 2228 essent,

167 2275 299 2328 quae
327 2257 480 2313 nobis
522 2264 669 2312 esset
712 2272 840 2327 spes
880 2257 1104 2312 salutis?
1131 2255 1285 2312 Unde
1324 2271 1456 2327 ergo
1493 2256 1774 2311 veritatem

169 2353 551 2421 reperiemus,
598 2364 718 2403 cum
766 2349 881 2419 ipsa
926 2350 1126 2404 veritas
1177 2349 1359 2415 dicat,
1413 2347 1778 2402 Testimonium

173 2458 348 2495 meum
375 2457 544 2495 verum
573 2457 674 2494 non
700 2449 771 2495 est
791 2443 816 2494 .7
842 2440 1026 2510 Neque
1067 2440 1170 2495 hoc
1211 2448 1420 2495 tantum
1448 2439 1777 2494 contrarium

172 2533 414 2599 videtur,
431 2531 523 2587 sed
550 2531 693 2587 aliud
723 2547 939 2603 quoque
959 2548 1066 2586 non
1093 2533 1297 2595 minus;
1325 2547 1446 2584 nam
1470 2531 1521 2584 in
1544 2544 1779 2598 sequen-

176 2626 328 2679 tibus
357 2625 432 2678 ait
461 2641 474 2677 :
515 2623 581 2676 Et
609 2627 652 2679 si
682 2641 774 2696 ego
803 2626 1147 2679 testimonium
1176 2624 1414 2694 perhibeo
1458 2622 1522 2678 de
1550 2622 1744 2692 meipso
1763 2663 1778 2688 ,

177 2716 525 2770 testimonium
564 2724 731 2768 meum
773 2731 946 2768 verum
986 2725 1057 2770 est
1105 2713 1309 2784 (Joan.
1339 2715 1394 2770 8.
1428 2714 1495 2769 Η
1520 2714 1561 2784 ).
1594 2712 1780 2769 Utrum

174 2820 314 2875 ergo
346 2804 535 2859 horum
560 2801 1062 2877 accipiam‘i'utrum
1092 2805 1282 2861 falsum
1309 2804 1545 2876 putabo?
1570 2803 1705 2860 Nam
1735 2805 1782 2860 si

175 2895 302 2950 haec
322 2895 393 2949 ita
414 2898 806 2965 acceperimus,
827 2898 970 2951 nulla
995 2897 1128 2952 facta
1153 2912 1416 2967 personas,
1440 2897 1583 2952 nulla
1605 2913 1784 2953 causae

177 2996 237 3041 et
281 2996 603 3041 caeterorum
637 2987 894 3042 similium
937 2988 1324 3057 perquisitionc
1353 3028 1367 3053 ,
1396 2998 1624 3058 utraque
1650 2988 1782 3044 falsa

178 3086 362 3133 erunt.
393 3076 449 3133 Si
480 3079 626 3132 enim
657 3079 1024 3133 testimonium
1052 3080 1171 3148 ejus
1200 3094 1384 3134 verum
1413 3096 1518 3133 non
1553 3089 1656 3142 est,
1690 3097 1785 3134 ne-

177 3183 289 3240 que
334 3167 438 3222 hoc
466 3169 636 3238 ipsum
669 3184 855 3223 verum
901 3180 986 3225 eSt
1012 3210 1028 3236 ,
1062 3185 1233 3238 neque
1265 3170 1563 3238 posterius,
1612 3184 1785 3239 neque

179 3261 357 3331 prius.
388 3260 524 3327 Quid
552 3276 682 3330 ergo
707 3261 807 3316 sibi
839 3262 990 3315 vult?
1014 3262 1173 3316 Multa
1202 3261 1356 3316 nobis
1383 3276 1520 3332 Opus
1545 3269 1626 3316 est
1648 3261 1783 3331 vigi-

183 3352 375 3414 lantia,
407 3354 513 3405 imo
541 3354 720 3420 potius
751 3353 846 3407 Dei
869 3354 1063 3423 gratia,
1095 3369 1163 3408 ne
1186 3353 1341 3408 nudis
1368 3355 1545 3409 verbis
1572 3354 1786 3408 insista-

181 3459 328 3498 rnus.
359 3443 433 3497 lta
480 3444 624 3498 enim
659 3444 898 3500 haeretici
946 3455 1168 3512 errant,
1201 3446 1328 3500 dum
1357 3462 1531 3516 neque
1561 3462 1784 3515 scopum

181 3534 450 3600 dicentis,
483 3550 657 3603 neque
695 3535 1022 3590 audientium
1054 3537 1305 3591 aﬂ'ectum
1336 3538 1640 3606 explorant.
1674 3537 1786 3593 Nisi

183 3640 317 3696 ergo
350 3625 462 3681 hrec
493 3626 808 3694 adjiciamus
833 3669 846 3691 ,
881 3628 988 3681 imo
1007 3629 1110 3683 alia
1136 3644 1349 3700 quoque
1372 3671 1388 3696 ,
1421 3643 1476 3684 ut
1509 3640 1747 3700 tempora
1769 3673 1784 3698 ,

183 3719 337 3780 loca,
381 3716 689 3770 auditorum
714 3719 996 3784 animum;
1031 3719 1197 3773 multa
1243 3730 1644 3789 consequentur
1683 3723 1783 3776 ab-

182 3806 370 3860 surda.
400 3805 539 3873 Quid
568 3806 668 3861 sibi
716 3809 828 3864 vult
857 3824 987 3878 ergo
1015 3809 1066 3864 id
1094 3810 1236 3879 quod
1277 3811 1390 3880 jam
1416 3811 1617 3867 dictum
1660 3813 1789 3868 est?

187 3896 393 3951 Dicturi
441 3905 598 3952 erant
626 3896 834 3953 Judaei:
866 3898 927 3954 Si
973 3909 1027 3953 tu
1071 3900 1408 3955 testimonium
1452 3903 1681 3973 perhibes
1727 3904 1790 3957 de

187 3990 390 4058 teipso,
423 3991 757 4043 testimonium
810 4000 952 4045 tuum
1000 4009 1103 4046 non
1150 4003 1224 4047 est
1264 4010 1456 4047 verum.
1509 3995 1634 4050 Ideo
1674 3995 1789 4050 haec

185 4089 530 4149 prwoccupat
558 4094 622 4135 ac
635 4081 680 4134 si
703 4081 902 4137 diceret
925 4100 939 4136 :
961 4083 1158 4138 Dicetis
1186 4086 1369 4156 utique
1391 4086 1542 4152 mihi,
1568 4087 1657 4141 tibi
1680 4105 1784 4143 non

187 4169 459 4223 credimus
489 4188 504 4226 :
531 4173 688 4225 nemo
729 4173 870 4226 enim
903 4175 991 4244 qui
1022 4175 1204 4230 statim
1231 4176 1299 4232 de
1329 4193 1388 4232 se
1421 4179 1786 4236 testimonium

190 4259 502 4326 perhibent.
522 4261 659 4330 apud
682 4261 924 4318 homines
948 4265 1214 4320 credetur.
1237 4267 1366 4322 Illud
1392 4284 1519 4339 ergo
1538 4312 1552 4334 ,
1579 4269 1700 4324 Non
1719 4280 1788 4326 est

187 4367 400 4415 rerum,
450 4366 554 4405 non
585 4361 785 4409 temere
815 4355 1093 4424 legendum
1121 4399 1135 4423 ,
1165 4357 1259 4413 sed
1283 4359 1788 4432 subintelligeudum

187 4451 272 4494 est
303 4442 602 4496 secundum
628 4444 837 4499 illorum
860 4447 1192 4516 opinionem,
1215 4466 1279 4504 ac
1303 4452 1347 4505 si
1373 4453 1597 4519 diceret,
1625 4453 1789 4509 Vobis

191 4547 300 4586 non
339 4542 420 4586 est
453 4548 660 4588 verum.
707 4534 823 4591 Non
867 4552 996 4607 ergo
1021 4549 1206 4595 contra
1251 4543 1565 4612 dignitatem
1595 4560 1786 4611 suam,

189 4621 287 4676 sed
317 4634 502 4676 contra
553 4625 763 4680 illorum
793 4629 1100 4697 Opinionem
1149 4631 1229 4686 sic
1258 4631 1514 4702 loquitur.
1548 4637 1628 4691 Ac
1667 4651 1787 4691 cum

189 4713 339 4780 dicit,
371 4715 732 4771 Testimonium
761 4735 927 4774 meum
953 4738 1123 4775 verum
1156 4739 1255 4777 non
1286 4736 1390 4793 est,
1421 4726 1636 4782 illorum
1665 4744 1790 4784 sen-

192 4809 414 4859 tentiam
465 4809 748 4877 coarguit,
790 4825 999 4866 necnon
1032 4813 1389 4881 Objectionem
1417 4858 1432 4882 ,
1481 4834 1640 4886 quam
1687 4820 1788 4889 ipsi

190 4897 423 4951 oblatttri
451 4908 627 4953 erant.
659 4899 792 4954 Cum
825 4918 954 4956 vero
987 4903 1139 4971 dicit,
1172 4905 1302 4960 Etsi
1325 4925 1415 4978 ego
1443 4911 1788 4966 testimonium

191 4989 428 5055 perhibeo
477 4991 540 5043 de
586 4992 779 5062 meipso
802 5034 816 5058 ,
869 5010 1040 5048 verum
1084 5005 1155 5050 est
1197 4999 1538 5054 testimonium
1581 5019 1787 5071 meum,

190 5082 362 5151 ipsam
393 5083 470 5136 rei
501 5095 743 5139 naturam
773 5089 1030 5152 ostendit,
1060 5092 1202 5159 quod
1233 5093 1439 5148 scilicet
1468 5095 1666 5163 ipsum,
1705 5107 1790 5152 ut-

192 5184 316 5242 pote
343 5173 510 5227 Deum
538 5217 552 5241 ,
582 5176 689 5231 ﬁde
712 5178 931 5248 dignum
957 5180 1105 5236 credi
1135 5192 1430 5252 oporteret,
1473 5186 1634 5240 etiam
1665 5203 1788 5243 eum

190 5267 260 5321 dc
288 5268 469 5336 scipso
496 5269 824 5338 loqueretur.
856 5272 990 5340 Quia
1021 5276 1165 5329 enim
1194 5275 1404 5330 dixerat
1431 5281 1787 5335 resurrectio-

190 5376 312 5413 nem
344 5370 678 5416 mortuorum
709 5374 761 5418 et
800 5364 1100 5434 judicium,
1135 5378 1188 5422 et
1229 5370 1369 5438 quod
1400 5373 1486 5440 qui
1517 5373 1690 5427 credit
1734 5375 1786 5429 in

189 5450 364 5518 ipsum
393 5467 498 5505 non
522 5453 816 5522 judicatur,
850 5457 943 5511 sed
971 5458 1038 5512 ad
1072 5460 1233 5513 vitam
1264 5463 1428 5528 venit,
1457 5473 1511 5517 et
1541 5465 1682 5535 quod
1712 5482 1790 5520 se-

189 5537 326 5594 dens
355 5544 594 5599 omnium
627 5549 863 5602 rationes
893 5548 1251 5618 expetiturus,
1279 5560 1333 5606 et
1358 5553 1500 5623 quod
1542 5557 1786 5614 eamdem

192 5629 386 5684 habeat
412 5672 426 5698 ,
477 5649 633 5702 quam
689 5636 839 5692 Pater
871 5678 886 5704 ,
918 5649 1235 5708 potestatem
1263 5651 1319 5698 et
1342 5646 1632 5711 virtutem;
1664 5665 1786 5705 cum

192 5720 308 5775 htec
337 5724 513 5777 omnia
543 5727 959 5785 confirmaturus
984 5741 1161 5800 esset,
1191 5735 1298 5790 alio
1325 5738 1488 5794 modo
1519 5737 1658 5797 hanc
1685 5741 1789 5798 Ob-

181 5806 474 5874 jeetioncm
521 5818 825 5876 necessario
873 5823 1100 5893 primani
1154 5825 1322 5896 petiit.
1377 5827 1536 5903 Dixi,
1583 5827 1785 5898 inquit,

1163 397 1228 455 ΙΝ
1265 393 1579 454 JOANNEM
1617 387 1848 447 HOMIL.
1893 386 2004 443 XL.
2047 389 2122 444 al.
2162 387 2408 445 XXXIX.

3359 398 3467 455 230

1870 502 2018 557 Sicut
2060 499 2221 558 Pater
2247 505 2458 558 suscitat
2487 511 2713 557 mortuos
2743 512 2790 557 et
2825 502 3045 571 visiﬁcat
3065 543 3081 572 ,
3111 504 3184 558 sic
3207 514 3258 560 et
3295 501 3466 562 It'ilins

1866 609 1993 661 quos
2043 595 2150 647 vnit
2190 596 2416 664 riviﬁcat
2440 613 2460 662 ;
2488 594 2624 660 dixi,
2657 593 2838 662 Neque
2869 593 3028 650 Pater
3049 597 3254 666 judicat
3290 614 3470 668 quem-

1865 703 2040 755 quam,
2063 686 2153 739 sed
2173 702 2320 740 omne
2329 688 2584 757 judicium
2605 687 2742 741 dedit
2765 685 2942 754 Filio;
2963 687 3072 744 dixi
3096 688 3469 749 honorandum

1867 792 1991 833 esse
2019 776 2215 832 Filium
2246 779 2386 834 sicut
2414 779 2628 834 Patrem
2655 796 2672 842 ι
2701 779 2811 834 dixi
2839 821 2854 844 ,
2887 781 2990 848 Qui
3018 797 3120 836 non
3161 783 3466 853 honoriﬁcat

1869 866 2104 933 Filium,
2144 884 2305 937 neque
2351 867 2564 923 Patrem
2615 869 2959 938 honoriﬁcat;
2988 870 3138 938 dixi,
3187 871 3290 938 Qui
3330 874 3475 928 audit

1871 961 2020 1014 verba
2045 975 2157 1013 mea
2182 970 2231 1014 et
2254 960 2414 1015 credit
2440 977 2521 1027 ea,
2551 978 2652 1016 non
2683 961 2868 1016 videbit
2890 973 3102 1017 mortem
3128 966 3168 1029 ³,
3189 964 3278 1018 sed
3303 977 3477 1019 trans-

1871 1051 2006 1104 latus
2027 1060 2101 1106 est
2130 1068 2163 1106 a
2183 1060 2341 1106 morte
2369 1051 2436 1104 ad
2469 1053 2645 1117 vitam;
2670 1052 2803 1121 dixi,
2826 1068 3015 1109 vocem
3037 1068 3213 1110 meum
3238 1063 3478 1113 mortuos

1874 1143 2254 1198 suscitaturam
2277 1158 2418 1205 esse,
2446 1152 2500 1198 et
2525 1158 2664 1198 nunc
2690 1152 2746 1199 et
2775 1153 2958 1212 postea
2987 1160 3001 1208 ;
3030 1144 3162 1211 dixi,
3195 1161 3282 1200 me
3307 1147 3475 1201 ratio-

1874 1248 1997 1287 nem
2021 1233 2261 1287 omnium
2290 1243 2632 1303 peccatorum
2663 1235 3016 1305 repetiturum
3045 1250 3200 1300 esse;
3222 1236 3355 1303 dixi,
3387 1253 3476 1294 me

1873 1341 1996 1382 esse
2019 1326 2163 1396 juste
2186 1327 2576 1397 judicaturum,
2609 1342 2673 1383 ac
2700 1326 3005 1384 mercedem
3037 1328 3175 1384 bene
3200 1332 3479 1399 operanti-

1874 1417 1974 1473 bus
2021 1418 2291 1474 daturum.
2338 1419 2472 1488 Quia
2502 1433 2631 1490 ergo
2675 1420 2760 1474 illa
2789 1420 2968 1475 omnia
2999 1421 3202 1491 prolata
3243 1420 3482 1489 fuerant,

1877 1519 1933 1564 et
1959 1526 2149 1581 magna
2195 1512 2413 1581 quidem
2441 1522 2638 1576 erant,
2673 1512 2907 1568 necdum
2939 1522 3119 1568 tamen
3164 1513 3285 1568 data
3309 1514 3487 1570 fuerat

1876 1599 2069 1657 horum
2093 1603 2238 1657 clara
2267 1603 2678 1672 demonstratio,
2712 1604 2806 1659 sed
2833 1605 3062 1660 Obscura
3087 1607 3284 1677 plane;
3306 1606 3484 1676 primo

1876 1692 2017 1761 quod
2047 1692 2401 1762 objiciebatur
2423 1696 2590 1764 ponit,
2617 1695 2686 1749 ad
2714 1696 2978 1751 dictorum
3006 1711 3187 1751 veram
3218 1696 3486 1754 rationem

1875 1794 2168 1850 venturus;
2197 1800 2261 1841 ac
2285 1787 2330 1843 si
2360 1788 2430 1841 ita
2453 1787 2780 1858 loqueretur,
2811 1790 2910 1845 etsi
2935 1806 3041 1845 non
3067 1790 3258 1846 iisdem
3281 1791 3484 1847 verbis.

1878 1875 1987 1932 Sed
2011 1877 2240 1935 fortasse
2269 1879 2459 1936 dicetis
2485 1899 2498 1934 :
2523 1881 2647 1936 Haec
2673 1882 2852 1937 omnia
2877 1893 2931 1937 tu
2957 1883 3112 1948 dicis,
3145 1899 3244 1940 nec
3276 1901 3338 1942 es
3381 1885 3488 1944 flde

1878 1970 2072 2040 dignus
2099 1973 2266 2037 testis,
2292 1973 2382 2043 qui
2409 1973 2499 2026 tibi
2525 1973 2624 2044 ipsi
2654 1976 3018 2031 testimonium
3040 1977 3349 2048 perhibeas.
3376 1979 3488 2036 llac

1880 2059 2060 2131 itaque
2099 2063 2306 2117 ratione
2356 2065 2529 2133 primo
2567 2065 2784 2120 solvens
2815 2066 3029 2123 illorum
3060 2072 3486 2138 contentionem,

1881 2156 2024 2225 quod
2054 2170 2118 2211 ea
2148 2172 2268 2227 qua:
2307 2156 2503 2212 dicturi
2536 2169 2692 2214 erant
2730 2158 3001 2230 proferret
3025 2203 3042 2229 ,
3071 2163 3491 2236 ostenderetque

1886 2261 1945 2301 se
1973 2261 2168 2302 arcana
2195 2248 2378 2304 cordis
2418 2264 2603 2305 eorum
2636 2266 2799 2307 nosse
2817 2292 2836 2319 ,
2863 2261 2920 2308 et
2947 2254 3086 2310 hanc
3115 2256 3341 2326 primam
3374 2259 3488 2313 vir-

1887 2341 2015 2395 tutis
2055 2356 2167 2396 sua:
2214 2341 2735 2398 demonstrationem
2767 2344 3032 2401 exhibens
3055 2388 3071 2412 ,
3102 2347 3319 2404 demum
3371 2359 3494 2420 post

1886 2433 2243 2502 Objectionem
2293 2433 2595 2503 prolatam,
2629 2436 2763 2492 alias
2805 2436 2980 2493 adfert
3004 2438 3495 2500 demonstrationes

1887 2524 2060 2580 claras
2089 2535 2144 2581 et
2167 2526 2643 2598 inexpugnabiles;
2673 2538 2783 2585 tres
2806 2528 3085 2586 adducens
3107 2540 3294 2599 testes,
3324 2547 3492 2604 Opera

1889 2631 1985 2671 sua
2014 2657 2028 2683 ,
2052 2617 2226 2674 Patris
2260 2619 2656 2686 testimonium,
2681 2630 2736 2676 et
2764 2620 2992 2676 Joannis
3022 2623 3489 2691 prtedicationem.

1889 2709 2241 2779 Primumque
2272 2711 2638 2766 testimOnium
2671 2713 2850 2781 ponit,
2881 2712 2932 2767 id
2961 2713 3104 2782 quod
3133 2714 3311 2770 minus
3340 2726 3493 2783 erat,

1890 2817 2085 2873 nempe
2110 2801 2353 2858 Joannis.
2389 2803 2520 2858 Cum
2539 2801 2681 2858 enim
2702 2802 2948 2871 dixisset,
2978 2803 3124 2861 Alius
3152 2816 3224 2861 est
3243 2807 3332 2874 qui
3359 2809 3498 2862 testi-

1890 2894 2119 2947 monium
2149 2893 2375 2962 perhibet
2413 2895 2476 2947 de
2502 2910 2600 2961 me,
2631 2903 2679 2948 et
2703 2895 2808 2949 scio
2828 2896 2948 2966 quia
2973 2911 3146 2950 verum
3173 2907 3246 2952 est
3273 2899 3497 2954 (estinte-

1892 2984 2036 3036 nium
2062 2985 2172 3052 ejus
2194 2998 2213 3047 ,'
2240 2983 2482 3038 subdidit
2506 3003 2520 3038 :
2550 2985 2641 3040 55.
2684 2983 2782 3039 Vos
2809 2986 3019 3041 misistis
3046 2989 3115 3040 ad
3139 2987 3418 3055 Joannem,
3448 3000 3496 3043 ct

1892 3074 2235 3126 testimonium
2268 3074 2519 3143 perhibuit
2546 3076 2762 3128 veritati.
2796 3077 2954 3148 Atqui
2977 3077 3022 3132 si
3055 3093 3161 3132 non
3193 3089 3278 3134 est
3307 3095 3496 3135 verum

1894 3164 2260 3220 teetimonium
2294 3174 2441 3219 tuum
2467 3206 2481 3230 ,
2510 3167 2782 3237 quomodo
2808 3167 2975 3234 dicis,
3007 3169 3205 3226 Verum
3233 3180 3318 3228 est
3345 3173 3499 3228 testi-

1893 3257 2132 3310 monium
2159 3255 2418 3321 Joannis;
2451 3268 2526 3320 et,
2570 3258 2938 3315 Testimonium
2972 3262 3224 3334 perhibuit
3250 3266 3449 3320 veritati
3470 3266 3500 3320 .’

1893 3345 2082 3400 Viden‘
2116 3361 2276 3416 quam
2309 3347 2513 3402 clarum
2544 3349 2628 3403 vel
2651 3349 2778 3406 inde
2806 3353 2900 3418 sit,
2930 3353 3061 3409 illud
3083 3395 3099 3420 ,
3128 3352 3499 3411 Testimonium

1892 3455 2059 3492 meum
2102 3454 2202 3492 non
2232 3446 2305 3493 est
2345 3453 2516 3494 verum
2541 3481 2557 3508 ,
2596 3440 2863 3499 adversus
2889 3459 3078 3501 eorum
3123 3451 3488 3521 suspicionem

1892 3529 2094 3585 dictum
2128 3529 2294 3585 fuisse
2315 3529 2338 3584 ’ἒ

1956 3621 2242 3677 2.10annis
2257 3621 2506 3694 Baptista:
2522 3625 2791 3680 testimonii
2811 3628 3080 3695 certitudo;
3096 3630 3254 3700 ipsius
3275 3631 3376 3688 Dei
3395 3647 3509 3690 erat

1892 3715 2250 3768 testimonium.
2270 3714 2493 3784 Operum
2520 3714 2708 3770 Christi
2727 3720 3067 3774 testimonium
3088 3723 3505 3782 ineluctabile.—

1893 3806 2029 3872 Quid
2075 3807 2118 3860 si
2165 3807 2277 3869 ille,
2312 3806 2540 3876 inquies,
2581 3810 2945 3866 testimonium
2973 3811 3040 3867 ad
3069 3814 3295 3883 gratiam
3322 3818 3508 3888 perhi-

1895 3898 2042 3952 huit’
2082 3898 2159 3952 Nc
2197 3899 2299 3954 hoc
2334 3899 2579 3954 dicereut
2604 3941 2619 3965 ,
2651 3901 2772 3955 vide
2811 3905 3084 3973 quomodo
3123 3905 3266 3964 hanc
3303 3911 3507 3967 amovit

1896 3988 2282 4057 suspicionem.
2328 3989 2446 4045 Non
2481 3991 2625 4046 enim
2668 3991 2822 4058 dixit,
2851 3993 3091 4052 Joannes
3137 3999 3504 4058 testimonium

1898 4082 2164 4151 perhibuit
2191 4091 2258 4138 de
2289 4099 2403 4146 me;
2438 4085 2530 4139 sed
2554 4085 2723 4155 prius,
2756 4086 2854 4142 Vos
2883 4088 3091 4146 misistis
3110 4092 3180 4146 ad
3207 4092 3506 4161 Joannem;

1898 4190 2002 4227 non
2052 4175 2332 4230 misissetis
2378 4185 2592 4243 autem,
2641 4178 2741 4232 nisi
2777 4178 2885 4235 fide
2925 4180 3145 4252 dignum
3191 4185 3505 4242 existimas-

1897 4266 2045 4320 setis.
2105 4265 2367 4336 Quodque
2424 4267 2597 4334 majus
2648 4278 2750 4333 est,
2797 4286 2904 4326 non
2951 4275 3217 4330 miserunt
3263 4276 3502 4334 interro-

1895 4366 2075 4428 gatum
2122 4359 2268 4412 illum
2308 4358 2377 4413 de
2417 4357 2657 4424 Christo,
2700 4360 2794 4416 sed
2835 4361 2903 4418 de
2941 4365 3153 4435 seipso;
3192 4381 3355 4437 quem
3397 4370 3505 4427 fide

1896 4450 2114 4516 dignum
2156 4449 2415 4520 putabant
2457 4451 2526 4506 de
2573 4454 2752 4522 seipso
2804 4454 3171 4514 testimonium
3218 4459 3506 4525 ferentem,

1897 4543 2066 4596 multo
2101 4545 2269 4612 magis
2303 4543 2371 4598 de
2403 4544 2510 4599 alio
2550 4545 2880 4614 loquentem.
2923 4549 3176 4608 Solemus
3216 4557 3362 4610 enim
3405 4572 3507 4614 nos

1899 4632 2144 4687 homines
2173 4650 2279 4687 non
2311 4635 2532 4703 perinde
2552 4637 2776 4694 credere
2803 4640 2868 4694 iis
2890 4645 2982 4711 qui
3012 4641 3079 4697 de
3108 4659 3169 4700 se
3188 4646 3501 4717 loquuntur,

1895 4740 2055 4793 quam
2104 4725 2168 4780 iis
2203 4727 2293 4795 qui
2333 4726 2402 4780 de
2441 4727 2582 4782 aliis.
2629 4729 2782 4785 lluuc
2805 4747 2933 4786 vero
2960 4734 3032 4788 ita
3063 4751 3312 4793 veracem
3346 4749 3504 4808 puta-

1897 4819 2046 4884 bant,
2077 4819 2319 4874 utetiam
2347 4819 2414 4874 de
2445 4834 2504 4874 se
2525 4821 2773 4892 loquens,
2803 4825 3026 4880 alterius
3057 4830 3370 4887 testimonio
3396 4849 3504 4890 non

1896 4921 2099 4980 egeret.
2147 4910 2281 4965 Nam
2323 4912 2412 4982 qui
2444 4913 2594 4967 missi
2627 4914 2874 4982 fuerant,
2907 4933 3013 4973 non
3043 4920 3335 4988 dixerunt,
3365 4925 3506 4992 Quid

1896 5001 2030 5055 dicis
2059 5001 2126 5055 de
2152 5000 2408 5057 Christo?
2437 5003 2554 5070 sed,
2576 5004 2655 5058 Tu
2678 5007 2792 5075 quis
2813 5008 2902 5062 es?
2926 5011 3048 5079 quid
3074 5012 3202 5068 dicis
3221 5013 3286 5069 de
3311 5017 3470 5086 teipse
3488 5020 3514 5073 2

1897 5092 2031 5146 Tam
2077 5109 2107 5146 ιι
2134 5093 2375 5147 irabilem
2415 5096 2672 5163 putabant
2714 5097 3009 5155 hominem.
3046 5102 3160 5160 iloc
3184 5120 3314 5177 ergo
3342 5116 3512 5164 totum

1896 5185 2273 5251 subindieavit,
2298 5201 2419 5240 cum
2446 5186 2603 5253 dixit,
2636 5187 2738 5243 Vos
2768 5192 2974 5246 misistis
2994 5194 3063 5248 ad
3081 5194 3357 5253 Joannem.
3386 5200 3512 5255 Ideo

1897 5278 2226 5345 evangelista
2259 5294 2365 5333 non
2397 5279 2572 5334 solum
2603 5282 2752 5347 dicit,
2779 5299 2872 5339 eos
2901 5285 3135 5356 misisse,
3157 5293 3252 5346 sed
3279 5293 3347 5349 de
3375 5296 3509 5348 mis-

1896 5369 1972 5424 sis
2005 5385 2259 5436 expresse
2280 5371 2434 5432 dicit,
2456 5371 2621 5424 fuisse.
2653 5391 2716 5427 ex
2748 5377 3121 5431 sacerdotibus
3145 5391 3194 5432 et
3225 5397 3289 5436 ex
3325 5383 3512 5438 Phari-

1898 5462 2041 5525 smis,
2058 5477 2162 5516 non
2186 5477 2217 5518 e
2237 5463 2416 5532 vulgo,
2437 5454 2537 5519 ηδε
2557 5465 2644 5534 qui
2671 5468 2943 5537 corrumpi
2963 5471 3043 5524 vel
3065 5471 3240 5542 decipi
3265 5483 3508 5544 possent,

1901 5553 1994 5608 sed
2026 5554 2116 5624 qui
2146 5554 2265 5621 ejus
2296 5554 2435 5608 dicta
2467 5566 2720 5612 accurate
2748 5560 3110 5630 perciperent.
3141 5565 3232 5621 54.
3276 5564 3388 5635 Ego
3413 5584 3508 5618 au-

1898 5653 1994 5698 tent
2024 5662 2125 5698 non
2147 5644 2208 5698 ab
2236 5645 2439 5699 homine
2459 5647 2802 5703 testimonium
2829 5654 3045 5722 accipio.
3071 5656 3178 5711 Cur
3201 5670 3332 5726 ergo
3349 5655 3514 5713 Joan-

1971 5852 1984 5881 ¹
2027 5849 2153 5899 Alius
2177 5848 2345 5912 habet,
2372 5863 2463 5901 non
2490 5851 2664 5904 ridebit
2679 5852 2946 5912 judicium.
