4024 6434
629 322 724 377 ssi
1370 315 1421 369 s.
1465 310 1737 367 JUANNIS
1774 306 2241 363 Cllm'SUSTOMI
2281 307 2598 368 ARCHIEP.
2643 314 3173 372 CONSTANTINOP.
3813 321 3909 376 εκ

629 435 710 488 nis
757 431 1114 488 testimonium
1158 426 1388 494 aCCipia?
1438 424 1581 478 Illius
1624 432 1768 477 certe
1811 420 2191 485 testimonium,
2307 419 2561 490 Iosephiar
2579 423 2840 489 studioso,
2863 441 3020 494 quem
3042 426 3441 481 admirabantur
3468 447 3481 481 :
3507 443 3679 497 opera
3704 441 3903 494 autem,

629 522 858 579 hominis
893 535 997 574 non
1040 527 1173 573 erat.
1218 516 1316 583 Qui
1353 515 1483 569 misit
1519 530 1615 577 me,
1649 512 1836 582 inquit,
1866 513 2120 580 baptizare
2143 514 2196 565 in
2304 512 2384 565 vel
2408 512 2546 582 apud
2570 514 2805 580 insanos,
2832 516 2961 569 nulli
2987 527 3140 571 erant
3164 519 3452 587 suspicioni
3484 519 3752 574 obnoxia.
3789 522 3901 575 Iden

624 627 774 681 aqua,
800 608 888 663 ille
907 609 1030 662 mihi
1050 608 1199 660 dixit.
1233 606 1412 675 Itaque
1441 603 1659 658 Joannis
1692 602 2074 667 testimonium,
2104 602 2193 657 Dei
2302 604 2526 659 alterum
2557 605 2776 659 adduxit
2808 608 3168 662 testimonium
3199 609 3385 664 dicens
3414 628 3426 661 :
3460 609 3640 679 Opera
3671 629 3793 681 quia
3814 618 3897 665 de-

621 713 737 758 erat
762 700 1119 759 testimonium
1145 714 1163 754 :
1191 699 1258 753 ab
1288 698 1377 751 illo
1411 696 1552 751 enim
1589 694 1847 749 didicerat
1877 710 1939 749 ea
1967 710 2083 764 qua:
2108 694 2187 748 di-
2302 693 2375 746 dit
2400 696 2522 748 mihi
2550 694 2724 760 Pater,
2755 706 2809 750 ut
2836 699 3094 765 perﬁciam
3119 716 3199 764 ea,
3231 702 3343 768 ipsa
3370 716 3525 771 opera
3552 717 3675 772 qua
3698 720 3797 775 ego
3825 706 3897 771 fa-

618 794 789 850 eebst.
821 793 928 849 Sed
957 808 1024 847 ne
1052 792 1308 854 dicerem,
1338 788 1490 843 Unde
1511 794 1719 841 constat
1749 786 1894 840 illum
1924 802 1953 840 a
1987 786 2093 841 Deo
2114 785 2196 840 di-
2298 785 2379 837 cio
2396 793 2638 839 testantur
2664 786 2726 839 de
2747 804 2842 849 me,
2862 790 3099 854 quoniam
3132 791 3266 844 misit
3291 807 3369 843 me
3396 790 3572 846 Pater.
3605 792 3709 847 Hic
3743 808 3896 847 accu-

618 884 813 940 dlcisse
852 893 907 939 et
950 882 1072 937 hinc
1110 880 1391 934 adversum
1419 886 1643 941 starent,
1673 877 1881 932 illorum
1908 893 1998 931 ora
2027 877 2191 931 velie-
2297 875 2554 931 sationem
2586 876 2653 931 de
2684 879 2878 932 violato
2907 879 3127 935 sabbato
3150 881 3383 949 depellit.
3415 882 3550 949 Quia
3574 884 3728 937 enim
3758 884 3891 939 dice-

620 984 826 1029 mcntcr
854 972 1128 1043 reprimit,
1161 980 1216 1026 et
1241 971 1413 1025 adhuc
1437 979 1621 1023 contra
1650 969 1859 1023 illorum
1886 968 2188 1038 opinionem

2301 964 2422 1018 bant
2452 966 2559 1029 illi,
2590 967 2869 1035 Quomodo
2897 980 3074 1039 potest
3099 986 3128 1024 a
3164 971 3270 1026 Deo
3298 988 3450 1036 esse,
3482 974 3571 1043 qui
3608 974 3890 1029 Sabbatum

618 1066 879 1122 edisserit.
912 1064 1090 1133 Neque
1115 1062 1255 1118 cnim
1282 1061 1567 1115 verisimile
1589 1071 1704 1115 erat
1726 1061 1919 1115 multos
1947 1061 2059 1115 hare
2086 1061 2190 1114 sci-
2295 1070 2400 1110 ιιοη
2450 1058 2716 1112 Cllslodil?
2766 1061 2887 1114 ideo
2934 1062 3109 1124 δίκην
3168 1064 3293 1128 Ωιταε
3340 1065 3477 1117 dedit
3529 1067 3659 1118 mihi
3714 1066 3889 1121 Ραίετι

619 1156 775 1218 mm,
806 1153 898 1209 sed
920 1152 1109 1208 10am“
1136 1151 1573 1219 auendebanmu
1598 1167 1662 1206 εχ
1692 1166 1749 1206 ω
1780 1150 2033 1221 loquenti,
2066 1150 2188 1207 Ideo
2293 1144 2515 1200 Etiamsi
2564 1148 2648 1202 ille
2689 1152 3004 1207 auctoritate
3048 1167 3139 1207 sua
3186 1164 3399 1223 ageret;
3441 1155 3537 1209 sed
3576 1166 3639 1209 ut
3665 1158 3890 1212 validius

614 1246 688 1299 ait
720 1262 732 1297 :
758 1244 865 1316 Ego
893 1243 955 1298 ab
979 1245 1179 1298 homine
1198 1244 1533 1298 testimonium
1555 1260 1653 1296 non
1677 1242 1888 1312 accipio.
1916 1243 1970 1298 Si
1999 1243 2067 1296 ab
2091 1242 2187 1299 ho.
2294 1239 2541 1307 probaret
2566 1255 2625 1295 se
2650 1240 2790 1296 Patri
2818 1242 2953 1297 nihil
2984 1246 3310 1300 contrarium
3342 1246 3522 1301 facere
3541 1288 3558 1312 ,
3590 1247 3720 1303 ideo
3752 1250 3887 1319 quod

614 1335 755 1389 rninc
782 1336 1143 1389 testimonium
1173 1349 1276 1387 non
1303 1342 1638 1405 accepturus,
1671 1348 1843 1403 neque
1872 1335 1961 1388 illo
1991 1349 2185 1389 usurus
2290 1328 2444 1398 longe
2471 1330 2643 1385 minus
2671 1341 2787 1386 erat
2814 1335 3007 1401 posuit.

612 1438 732 1479 eras
753 1466 768 1491 ,
800 1440 895 1480 cur
923 1424 1037 1494 ejus
1066 1424 1427 1479 testimonium
1454 1422 1756 1478 adduxisti?
1782 1424 1857 1485 Ne
1886 1425 2041 1495 igitur
2070 1423 2184 1479 hmc
2359 1419 2411 1472 3.
2435 1418 2603 1484 Quare
2621 1420 2850 1476 Christus
2873 1425 2951 1477 hic
2972 1441 3035 1478 ea:
3053 1426 3285 1494 operibus
3303 1427 3407 1481 suis
3427 1428 3753 1483 divinitatem
3776 1432 3886 1485 mis—

610 1518 868 1583 dicerent,
891 1517 1013 1571 audi
1038 1517 1303 1587 quomodo
1331 1516 1420 1569 tali
1445 1515 1731 1585 objectioni
1758 1526 2017 1571 occurrat.
2048 1516 2180 1573 Cum
2286 1507 2440 1561 tionis
2455 1521 2790 1576 summatum,
2812 1515 2951 1568 nulla
2972 1516 3035 1568 de
3051 1533 3143 1569 sua
3164 1517 3421 1571 divinitate
3444 1522 3710 1575 tractatione
3731 1525 3880 1593 (acta,

610 1607 830 1662 dixisset
870 1608 1034 1671 enim,
1077 1608 1152 1661 Ab
1192 1608 1394 1661 homine
1433 1608 1764 1662 testimonium
1808 1624 1908 1661 non
1946 1610 2180 1678 accipio;

2295 1598 2530 1651 adstruat.
2580 1599 2737 1655 Pater
2773 1606 3022 1673 quomodo
3062 1608 3299 1662 audiatur
3335 1619 3381 1662 et
3416 1611 3678 1667 videatur.
3723 1614 3884 1681 Quare

609 1696 879 1767 subjunxit
910 1714 923 1753 :
956 1696 1062 1753 Sed
1093 1698 1201 1753 Iure
1239 1699 1369 1761 dico,
1400 1708 1453 1751 ut
1479 1714 1563 1752 vos
1592 1699 1719 1753 salvi
1746 1700 1873 1753 sitis.
1908 1699 2017 1754 lloc
2050 1711 2131 1755 est
2161 1716 2175 1755 :

2292 1685 2491 1743 Iudam
2516 1689 2745 1747 (.hristus
2767 1693 2835 1745 ad
2860 1695 3155 1766 Scripturas
3176 1699 3442 1754 remiserit.
3467 1730 3544 1740 —
3565 1701 3634 1755 Et
3662 1717 3786 1769 cur,
3810 1706 3881 1759 in-

608 1787 719 1857 Ego
762 1788 917 1859 hujus
955 1789 1258 1844 tesﬁmonio
1300 1789 1534 1844 humano
1578 1805 1681 1843 non
1722 1806 1854 1860 opus
1894 1791 2175 1858 habebam,

2292 1779 2433 1846 quies
2458 1820 2470 1842 ,
2505 1795 2608 1835 non
2637 1782 2789 1846 dixit,
2822 1783 2995 1855 Opera
3026 1801 3142 1857 qua:
3167 1786 3314 1843 dedit
3346 1790 3475 1845 mihi
3508 1791 3702 1860 Pater,
3739 1799 3881 1851 testi.

604 1893 724 1931 cum
762 1879 899 1934 Deus
934 1880 1071 1946 sim;
1112 1880 1207 1935 sed
1234 1882 1355 1951 quia
1386 1881 1532 1934 illum
1560 1882 1826 1950 suspicitis
1851 1892 1905 1937 et
1930 1885 2177 1939 ouiuibus

2292 1866 2509 1924 licautur
2535 1885 2621 1925 me
2648 1871 2789 1927 Patri
2818 1877 3074 1945 mqualcm
3105 1880 3265 1933 esse?
3302 1880 3464 1935 Ccrlc
3494 1892 3799 1955 utrumque
3820 1904 3881 1943 ex

607 1968 709 2024 lide
727 1968 1019 2040 digniorem
1049 1972 1277 2039 putatis;
1307 1982 1360 2026 et
1387 1973 1452 2026 ad
1483 1973 1630 2026 illum
1654 1974 1867 2042 quidem
1891 1985 1943 2029 ut
1966 1974 2031 2029 ad
2056 1991 2177 2044 ιιι-ο-
2281 1960 2531 2025 "mribus
2577 1962 2740 2017 θδίδθί
2788 1975 3013 2034 Ροίθτθίο
3044 1977 3096 2023 εί
3141 1970 3313 2038 ipsum
3358 1972 3489 2026 "mil
3537 1980 3879 2034 εωητπίυιη

603 2060 813 2127 phetam
842 2062 1199 2116 accurrebatis
1225 2062 1432 2131 (civitas
1451 2062 1590 2117 enim
1613 2064 1677 2115 ad
1698 2062 1983 2118 Jordauem
2007 2065 2173 2120 eﬂ'un-

2291 2049 2424 2104 Patri
2473 2052 2671 2119 l'acere,
2710 2066 2765 2109 et
2810 2060 3069 2127 :equalem
3110 2062 3339 2130 genitori
3383 2080 3537 2131 esse,
3570 2066 3622 2121 id
3656 2071 3804 2139 quod
3832 2084 3880 2127 et

598 2149 862 2220 debatur),
890 2152 1017 2205 mihi
1044 2168 1172 2207 vero
1199 2167 1266 2207 ue
1290 2152 1502 2223 quidem
1529 2154 1780 2208 miracula
1805 2156 2031 2223 patranti
2053 2172 2171 2211 cre-
2276 2141 2399 2195 am’i
2430 2144 2619 2211 Pmbal
2644 2160 2765 2199 cum
2796 2147 2923 2203 ἀίοῖι
2953 2166 2966 2201 ⁵
3000 2149 3063 2205 Si
3094 2153 3217 2205 mihi
3247 2170 3347 2207 ηοη
3378 2157 3613 2221 "edim,
3644 2163 3880 2229 ομετίθκε

596 2239 802 2294 didistis
834 2258 847 2295 :
880 2241 998 2295 ideo
1042 2242 1144 2297 hoc
1188 2242 1338 2297 vobis
1380 2244 1739 2299 testimonium
1783 2260 2165 2301 commemoro.

2290 2234 2396 2286 neis
2434 2236 2620 2289 credite
2643 2278 2658 2301 ,
2694 2248 2746 2290 ut
2773 2240 2942 2294 sciatis
2965 2251 3014 2295 et
3033 2243 3248 2297 credatis
3272 2247 3392 2314 quia
3418 2263 3512 2317 ego
3540 2250 3596 2302 in
3632 2249 3817 2320 Patre,
3837 2268 3879 2309 et

598 2328 689 2381 35.
722 2327 821 2383 Ille
838 2340 943 2383 erat
964 2329 1167 2385 lucerna
1196 2333 1379 2386 ardens
1402 2343 1447 2385 et
1471 2335 1641 2388 lucens
1663 2351 1681 2387 :
1702 2352 1787 2389 vos
1810 2348 1976 2390 autent
2004 2339 2136 2391 rolui
2150 2369 2162 2377 -

2286 2321 2435 2375 Pater
2465 2326 2516 2377 in
2542 2343 2621 2379 me
2646 2340 2718 2381 est
2752 2328 2929 2400 (Joan.
2956 2331 3041 2386 10.
3076 2333 3191 2403 58).
3243 2334 3539 2406 Utrumque
3564 2382 3581 2404 ,
3616 2341 3838 2412 inquam
3862 2387 3875 2407 .

589 2420 680 2473 stis
704 2421 955 2475 exsultare
973 2423 1040 2475 ad
1060 2426 1235 2477 horam
1259 2426 1310 2478 in
1338 2426 1450 2479 luce
1471 2427 1603 2496 ejus.
1634 2426 1711 2481 Ne
1736 2429 1975 2483 dicerent
1999 2434 2160 2498 enim,
2277 2415 2587 2471 ίθδίίηοθίυδ
2610 2428 2773 2481 θεεθίο
2799 2430 2851 2474 εί
2876 2437 2936 2476 5°
2961 2424 3218 2492 ωψιειιειη
3241 2440 3364 2483 esse
3389 2427 3430 2481 Ρ
3430 2440 3519 2484 ³η·
3521 2431 3555 2494 ί›
3580 2442 3638 2486 οι
3661 2449 3725 2489 δε
3751 2436 3878 2492 "illi!

588 2510 745 2577 Quid,
769 2511 813 2565 si
846 2511 937 2568 ille
962 2513 1114 2578 dixit,
1144 2525 1198 2569 et
1226 2531 1323 2569 nos
1350 2531 1454 2570 non
1484 2519 1821 2585 recepimus?
1847 2520 1985 2575 dicta
2015 2538 2165 2576 rece-
2275 2505 2448 2563 πιθθτθ
2473 2509 2611 2564 Pam
2643 2516 2987 2569 θοίιίῖθτίυτηο
3033 2516 3141 2572 CW
3178 2535 3308 2591 ετεο
3346 2536 3452 2578 ηοη
3493 2524 3578 2580 δίο
3624 2528 3880 2599 ιοίιιιυιιιε

588 2603 729 2669 pisse
765 2603 883 2658 illus
928 2606 1181 2660 ostendit.
1227 2606 1407 2677 Neque
1452 2610 1593 2663 enim
1632 2612 1875 2682 vulgares
1924 2612 2165 2667 homines
2269 2607 2374 2690 βεεν
2408 2600 2501 2653 ⁸οά
2530 2603 2734 2671 maiore
2764 2620 2858 2674 P1"
2863 2615 2913 2661 ιο
2942 2608 3148 2676 1⁵⁸1⁵6⁸³,
3183 2613 3447 2670 minorem
3480 2620 3713 2686 Ροδυῖιῖ
3744 2623 3874 2690 Qui.1

587 2694 865 2759 miserunt,
898 2696 990 2749 sed
1016 2697 1323 2752 sacerdotes
1354 2708 1407 2753 et
1430 2699 1746 2755 Pliariswos.
1778 2702 1864 2756 Sic
1888 2703 2158 2756 hominem

2285 2703 2368 2741 ioc
2390 2690 2618 2757 primum
2638 2704 2771 2759 erat,
2795 2694 2863 2751 de
2886 2713 2992 2767 quo
3013 2709 3130 2754 erat
3151 2704 3394 2773 quaestio.
3423 2685 3560 2760 Nam
3589 2712 3697 2765 etsi
3721 2685 3874 2782 lduge

511 2784 517 2789 ’
583 2784 944 2850 mirabantur,
981 2802 1079 2841 nec
1109 2797 1354 2857 poterant
1383 2790 1539 2845 dictis
1560 2792 1673 2861 ejus
1704 2794 1986 2848 obsistere.
2022 2794 2156 2849 lllud
2264 2780 2441 2835 minus
2470 2792 2552 2837 θδί
2577 2786 2721 2839 credi
2753 2787 2924 2855 ipsum
2953 2805 2983 2844 3
3013 2790 3121 2846 υθο
3142 2795 3370 2859 νθηίδεθν
3390 2811 3553 2865 quam
3580 2803 3737 2857 credi
3767 2805 3873 2859 000

580 2885 777 2943 autem,
806 2877 885 2930 Ad
903 2878 1099 2947 horam,
1131 2880 1346 2935 nimiam
1371 2882 1579 2937 illorum
1605 2883 1909 2941 facilitatem
1939 2888 2151 2953 indicat,

2282 2876 2521 2942 equalem
2541 2892 2688 2942 esse;
2715 2880 2841 2934 illud
2859 2882 2999 2937 enim
3024 2884 3298 2953 propheta:
3319 2886 3595 2957 dixerant,
3622 2891 3730 2950 hoc
3749 2912 3871 2952 vero

581 2968 720 3034 quod
753 2969 960 3023 scilicet
1000 2972 1106 3024 cito
1152 2973 1217 3026 ab
1250 2973 1339 3026 illo
1368 2975 1671 3029 resillerint.
1716 2976 1805 3029 '56.
1852 2976 1961 3046 Ego
1991 2989 2159 3031 autem
2264 2966 2513 3030 ιυὶιιίιηες
2539 2976 2768 3024 “Name”
2793 2972 2905 3039 ίιιεθ
2925 2974 3217 3031 Gemino"?
3236 2988 3388 3045 Ρδτίθ
3407 2994 3667 3050 magnam
3683 3000 3868 3042 curam

581 3058 738 3111 habeo
760 3060 924 3125 majus
951 3061 1284 3114 testimonium
1318 3061 1541 3116 Joanne.
1575 3064 1629 3118 Si
1664 3066 1869 3121 velletis
1894 3068 2033 3121 enim
2068 3085 2155 3124 se-

2277 3058 2444 3124 )abet,
2474 3076 2669 3129 gnarus
2701 3062 2745 3116 si
2792 3063 2892 3117 hoc
2934 3065 3308 3133 admittatur‘,
3343 3070 3471 3125 illud
3506 3074 3679 3130 etiam
3714 3079 3866 3133 facile

579 3150 806 3201 eundum
830 3164 1007 3202 veram
1037 3166 1215 3205 rerum
1236 3155 1428 3208 seriem
1458 3155 1613 3209 tidem
1639 3158 1903 3225 accipere,
1935 3160 2002 3213 ab
2029 3175 2155 3229 0pc—

2275 3146 2550 3202 idmissum
2579 3150 2639 3203 iri
2662 3190 2678 3217 ,
2708 3160 2761 3205 et
2787 3154 2987 3221 majore
3015 3159 3372 3224 praetermissa
3396 3162 3719 3226 ,minorem
3748 3184 3864 3224 me-

579 3236 723 3290 rLbus
751 3252 846 3291 vos
873 3240 1037 3310 magis
1068 3240 1414 3297 iuduxissem.
1449 3246 1579 3311 Quia
1606 3261 1732 3300 vero
1758 3264 1861 3301 non
1888 3250 2062 3316 vultis,
2085 3251 2150 3305 ad

2279 3246 2433 3290 norat
2452 3278 2467 3303 ,
2494 3249 2549 3292 ut
2578 3256 2671 3307 per
2704 3242 2840 3297 hanc
2865 3254 2918 3298 et
2954 3246 3097 3300 illam
3125 3249 3447 3318 reciperent.
3478 3252 3601 3311 Hoc
3644 3271 3863 3324 peracto

576 3324 830 3381 Joannem
855 3342 946 3383 vos
968 3330 1134 3395 duco;
1172 3348 1275 3385 non
1304 3334 1442 3402 quod
1472 3336 1586 3403 ejus
1610 3350 1791 3407 egeam
1820 3340 2148 3407 testimonio;
2257 3341 2348 3379 "1"
2352 3343 2467 3381 sum
2500 3329 2681 3397 θάὶίοίι
2710 3348 2722 3383 ε
2753 3333 2840 3387 57-
2875 3335 2974 3401 Qui
3001 3336 3135 3390 ηιίείτ
3157 3355 3233 3391 ηδε
3262 3338 3451 3409 pater.
3478 3344 3597 3413 5P“
3636 3350 3861 3404 ιειιίηιο·

575 3416 666 3470 sed
697 3418 818 3486 quia
848 3418 965 3472 ideo
989 3422 1166 3474 omnia
1207 3421 1345 3476 facio
1384 3434 1440 3477 ut
1480 3426 1630 3479 vobis
1667 3430 1892 3483 salutem
1924 3432 2146 3499 pariam.

2274 3418 2397 3469 tium
2428 3420 2678 3487 perhibuit
2708 3423 2771 3475 de
2800 3440 2897 3478 me.
2944 3426 3008 3479 Et
3046 3428 3131 3483 ubi
3174 3431 3543 3488 testimonium
3581 3438 3861 3506 perhibuit

574 3505 956 3565 Testimonium
998 3514 1141 3566 enim
1184 3515 1352 3583 majus
1389 3516 1558 3571 habeo
1593 3534 1750 3588 quam
1785 3522 2037 3579 Joannis:
2083 3526 2151 3580 ab

2270 3508 2322 3562 le
2354 3510 2478 3565 illo?
2511 3510 2565 3567 lu
2591 3512 2842 3577 Jordane.
2862 3534 2983 3571 cum
3013 3521 3143 3574 dixit
3166 3540 3179 3576 :
3199 3522 3298 3577 Hic
3318 3537 3389 3579 est
3410 3505 3593 3583 Filius
3616 3548 3761 3588 meus
3782 3534 3859 3587 di-

572 3599 839 3665 opcribus.
884 3599 1075 3655 Verum
1119 3605 1319 3658 nonad
1362 3606 1412 3659 id
1456 3618 1641 3676 specto
1668 3612 1863 3678 solum,
1900 3624 2009 3669 uta
2041 3615 2148 3673 ﬁde

2266 3600 2412 3655 lectus
2439 3620 2455 3656 :
2485 3606 2650 3673 ipsum
2688 3610 2877 3663 audite.
2930 3610 3123 3667 Verum
3174 3613 3275 3669 hoc
3314 3628 3580 3687 apparatu
3620 3624 3855 3693 quodam

574 3689 745 3756 dignis
771 3690 932 3744 viris‘
959 3693 1097 3762 apud
1126 3708 1223 3748 vos
1264 3700 1638 3765 commendcr;
1683 3703 1776 3755 sed
1827 3712 1884 3757 ut
1924 3720 1955 3758 a
2001 3706 2150 3764 vobis

2261 3693 2461 3761 egebat.
2508 3697 2659 3762 Quod
2708 3698 2773 3753 ad
2814 3701 3078 3758 Joannem
3118 3706 3452 3773 pertinebat,
3494 3689 3850 3771 manifestum

573 3780 731 3846 notis,
770 3783 857 3851 qui
892 3787 1029 3852 apud
1071 3799 1166 3839 vos
1211 3787 1479 3843 mirabiles
1519 3790 1831 3849 habeantur.
1876 3794 1965 3851 Sic
2006 3810 2151 3867 post-
2253 3794 2370 3837 3"“
2400 3803 2413 3839 ³
2445 3786 2543 3855 ῑμεί
2572 3804 2803 3860 namque
2837 3794 3131 3859 ητίεοταηιο
3165 3813 3340 3868 neque
3367 3800 3419 3855 id
3452 3818 3659 3873 ηεεπε
3698 3817 3852 3877 Ροίθε·

571 3886 726 3939 quam
757 3872 877 3926 illos
903 3872 1193 3929 incesserat
1224 3875 1303 3931 his
1330 3879 1525 3947 verbis,
1559 3880 1791 3937 Votuistis
1811 3889 2064 3943 exsultare
2081 3890 2148 3944 ad

2260 3885 2391 3930 rant.
2426 3877 2585 3949 Signa
2613 3897 2826 3952 quoque
2854 3885 2999 3939 clara
3038 3899 3213 3943 erant.
3251 3891 3351 3961 Ipsi
3385 3872 3849 3967 faclaividerant,

572 3964 745 4015 harant
787 3964 839 4016 in
882 3964 992 4018 luce
1031 3968 1161 4036 ejus,
1190 3968 1751 4045 demOItstraveratque
1792 3977 1917 4032 illud
1961 3995 2146 4036 eorum
2253 3978 2411 4036 θίψιθ
2431 3979 2674 4026 sanatum
2694 3974 2989 4043 audieram»
3015 3980 3449 4051 θιετθάίάθηηιν
3473 4002 3536 4042 ac
3560 4002 3851 4060 Ρωβῑετοε

569 4054 802 4108 studium
827 4063 1221 4125 temporaueum
1242 4073 1305 4115 ac
1325 4063 1541 4118 minime
1564 4067 1774 4121 ﬁrmum
1796 4069 1991 4139 fuisse;
2024 4089 2145 4129 cum
2250 4060 2399 4113 ί¹¹¹¹¹¹¹
2427 4065 2767 4121 accusabam-
2795 4068 3049 4124 Βεειθίηί
3074 4071 3290 4127 demum
3314 4086 3369 4128 υί
3401 4076 3577 4133 Ρίιιτίε
3606 4084 3852 4139 “3551m-

578 4149 838 4204 lucernam
866 4148 1035 4217 ipsum
1068 4152 1309 4218 vocavit,
1341 4158 1574 4211 ostendit
1604 4160 1773 4227 ipsum
1802 4178 1832 4217 a
1859 4168 2145 4237 semetipso
2252 4154 2397 4207 "ium
2426 4156 2724 4223 θσυπθίυτν
2749 4162 2887 4229 qm“
2918 4164 3230 4221 inducmrus
3248 4169 3483 4225 subdidi!
3504 4191 3520 4227 ε
3544 4173 3659 4229 Nec
3682 4195 3851 4233 τοίω

570 4240 741 4293 lucem
770 4254 876 4294 non
905 4240 1124 4307 habere,
1152 4244 1247 4298 sed
1274 4259 1305 4297 a
1333 4248 1501 4314 gratia
1528 4248 1774 4318 Spiritus.
1805 4252 2038 4308 Necdum
2067 4265 2145 4309 ta-
2256 4244 2365 4310 ei”
2390 4260 2625 4314 "mqu
2651 4251 2882 4305 αιιάίυίε·
2915 4252 2978 4305 Et
3001 4257 3269 4323 (ἰυοηιοάο
3296 4258 3507 4332 Moyses
3534 4265 3689 4331 die",
3708 4268 3850 4325 De!“

570 4346 689 4383 tncn
719 4332 849 4384 dixit
880 4331 934 4385 in
958 4348 1065 4402 quo
1092 4333 1329 4389 dill‘erret
1354 4337 1421 4389 ab
1451 4338 1566 4406 ipso
1588 4381 1602 4402 ,
1634 4343 1772 4409 quod
1800 4346 2003 4401 scilicet
2033 4348 2144 4418 ipse

2261 4334 2563 4401 loquebatur,
2588 4339 2790 4410 Moyses
2809 4345 3068 4412 respondit
3095 4346 3288 4412 (Exod.
3309 4331 3395 4405 i9.
3422 4353 3534 4424 l9).
3562 4356 3850 4424 Quomodo

567 4420 646 4474 sul
663 4422 879 4488 justitia:
900 4433 1073 4487 esset;
1103 4425 1195 4479 sed
1216 4440 1334 4480 cum
1358 4427 1483 4482 illud
1508 4430 1894 4491 subiudicasset
1918 4446 2139 4508 tantum,

2260 4426 2438 4492 David,
2454 4426 2703 4499 Linguam
2714 4449 2865 4501 quant
2881 4451 2980 4488 non
3002 4448 3226 4505 noverat,
3244 4442 3434 4495 audivit
3458 4443 3477 4513 (
3650 4448 3743 4504 80.
3764 4452 3849 4514 6)?

570 4513 620 4564 in
665 4512 783 4567 illos
822 4514 1167 4571 vehementer
1211 4518 1472 4576 invehitur
1491 4562 1505 4587 ,
1535 4526 1872 4598 ostenditque
1899 4530 2018 4586 illos
2047 4548 2141 4588 eo-
2249 4517 2478 4572 Rursum
2509 4520 2737 4591 “03595:
2766 4523 2822 4578 Si
2848 4533 2931 4578 εει
2955 4540 3086 4596 ϐευθ
3113 4529 3252 4595 ωηεν
3281 4547 3398 4600 qua?
3428 4534 3638 4592 δυάίνῖι
3659 4555 3850 4597 V008"!

566 4603 686 4657 dem
732 4606 895 4659 animi
950 4610 1260 4677 proposito,
1312 4628 1417 4682 quo
1469 4615 1615 4669 illum
1671 4630 2139 4696 contempserant,

2260 4610 2384 4666 Dei?
2416 4609 2596 4680 Neque
2625 4615 2839 4679 speciem
2864 4616 2971 4685 ejus
2999 4619 3190 4674 vidistis
3216 4620 3393 4689 (Deut.
3424 4625 3479 4679 /..
3512 4627 3643 4697 33).
3687 4634 3849 4703 Atqui

568 4696 779 4749 (λιπίευ)
816 4698 1036 4752 credere
1078 4700 1329 4756 noiuissc_
1378 4703 1508 4757 Nam
1554 4705 1810 4764 Joannem
1850 4714 1928 4766 Αά
1966 4716 2142 4770 horam
2249 4702 2393 4755 illum
2419 4702 2613 4758 vidisse
2632 4703 2880 4759 dicuntur
2903 4707 3084 4772 Isaias,
3103 4709 3383 4779 Jeremias,
3407 4714 3660 4774 Ezechiel
3685 4734 3737 4777 et
3762 4725 3849 4779 alii

567 4784 739 4837 solum
768 4785 1009 4841 admirati
1052 4800 1211 4843 sunt:
1240 4793 1379 4861 quod
1428 4797 1525 4849 nisi
1571 4797 1840 4868 fecissent,
1874 4807 1979 4860 cito
2021 4808 2141 4865 illos
2250 4793 2482 4863 ριυτίιιιῑο
2522 4795 2657 4863 Ουίά
2683 4812 2811 4866 ergo
2838 4814 2977 4853 ⁸³³⁸ηο
3000 4801 3101 4855 Sibi
3127 4803 3240 4857 ν¹¹¹ι
3266 4802 3553 4863 Christum?
3585 4811 3641 4865 l"
3666 4814 3847 4882 ΡΙιίΙΟ·

567 4875 632 4929 ad
661 4875 841 4930 Jesum
868 4878 1122 4936 ducturus
1150 4895 1283 4938 erat.
1329 4886 1612 4957 Postquam
1656 4893 1815 4963 igitur
1850 4898 1968 4952 illos
1996 4906 2140 4956 omni
2247 4888 2519 4956 δορίιίεθηι
2557 4888 2677 4943 ίίίοδ
2718 4890 2920 4945 hunc“
2960 4891 3294 4964 diSCiP'iM'"
3318 4937 3335 4964 ι
3370 4900 3626 4968 Damalin]
3660 4917 3848 4961 οδίεη·

565 4980 630 5019 ex
662 4976 809 5035 parte
837 4966 1082 5039 indignos
1107 4976 1258 5027 venia
1288 4979 1610 5047 ostenderat,
1636 4983 1837 5039 addidit
1866 5005 1879 5039 :
1916 4988 2023 5059 Ego
2049 5007 2142 5045 au-

2255 4978 2399 5043 dens,
2430 4978 2481 5032 in
2517 4979 2628 5033 Deo
2656 4996 2755 5034 nec
2784 4995 2967 5037 vocem
2996 4998 3095 5037 nec
3121 4988 3354 5053 speciem
3382 5004 3525 5058 esse,
3556 4994 3657 5049 sed
3688 5014 3844 5067 supe-

568 5068 664 5111 tem
683 5058 838 5113 habeo
858 5062 1196 5116 testimonium
1221 5067 1385 5136 majus
1407 5067 1624 5126 Joanne.
1649 5075 1854 5141 Quale?
1882 5058 2138 5150 Operam.

2257 5068 2440 5122 riorem
2470 5068 2621 5123 illum
2650 5084 2769 5124 esse
2794 5078 2848 5125 et
2869 5071 3016 5126 sonis
3045 5084 3105 5128 et.
3130 5074 3312 5145 ﬁguris
3342 5079 3676 5148 hujusmodi.
3713 5058 3846 5143 Nam

570 5147 739 5215 Opera
764 5151 911 5216 enim,
936 5153 1127 5222 inquit,
1151 5172 1264 5224 quas
1287 5159 1422 5211 dedit
1451 5162 1573 5215 mihi
1593 5163 1771 5232 Pater,
1797 5181 1849 5222 ut
1879 5147 2139 5241 perﬁciam
2248 5167 2303 5211 υι
2323 5158 2569 5226 ἀίεθηάοι
2603 5158 2783 5230 Νεφω
2803 5177 2974 5216 "mm
2998 5164 3108 5232 ei”
3133 5166 3349 5221 ακάίείίδ
3368 5209 3381 5233 ν
3416 5183 3522 5223 "0"
3552 5172 3845 5243 δίκηίῡεειι.

564 5255 643 5301 ea,
668 5238 780 5308 ipsa
808 5257 959 5309 opera
985 5245 1316 5299 testimonium
1338 5251 1597 5318 perhibent
1627 5256 1688 5309 de
1719 5275 1814 5325 me,
1842 5238 2140 5331 quial’ater

2255 5249 2394 5303 illum
2429 5266 2612 5305 vocent
2641 5252 2905 5319 emittere,
2940 5268 3037 5309 nec
3058 5254 3226 5311 audiri
3252 5274 3267 5311 :
3298 5259 3375 5313 sic
3402 5274 3525 5315 Cum
3555 5262 3710 5331 dicit,
3743 5268 3844 5322 Ne-

565 5345 642 5383 mo
680 5329 831 5384 misit.
880 5332 975 5387 llic
1018 5338 1363 5407 paralytieum
1402 5356 1645 5400 sanatum
1687 5358 1740 5403 et
1770 5329 1901 5409 alios
1943 5360 2137 5415 multos

2255 5356 2339 5408 que
2362 5341 2576 5409 speciem
2604 5344 2716 5414 ejus
2743 5344 2955 5410 vidiuis,
2987 5360 3093 5400 non
3118 5346 3249 5401 dicit
3270 5348 3442 5417 ipsum
3471 5329 3713 5420 speciem
3749 5358 3844 5411 ba-

563 5433 963 5478 commemorat.
992 5425 1159 5480 Verba
1182 5429 1392 5497 quidem
1413 5476 1425 5497 ,
1459 5436 1678 5493 dixisset
1708 5440 1841 5497 forte
1876 5448 2134 5518 quispiam
2246 5431 2371 5485 bere
2394 5471 2409 5495 r
2440 5447 2542 5487 nec
2581 5444 2754 5488 "me"
2786 5435 2986 5502 νίδθτίῖ
3018 5452 3203 5491 verum
3234 5450 3484 5493 "cuum"
3515 5442 3717 5499 hnm'“
3748 5448 3842 5504 Μ’

563 5518 781 5569 eorum,
816 5508 900 5561 illa
944 5511 1218 5579 magniﬁca
1263 5513 1493 5571 Joannes
1532 5521 1597 5575 ad
1643 5526 1868 5593 gratiam
1894 5508 2133 5599 dixerit;

2253 5520 2373 5575 bere
2401 5522 2567 5576 Deum
2596 5523 2859 5594 intelligit.
2898 5523 3009 5579 Nec
3046 5525 3287 5582 dicerent
3316 5529 3460 5583 cnim
3490 5573 3503 5593 ,
3542 5532 3765 5588 Frustra
3796 5551 3842 5589 ιτ

565 5585 687 5639 licet
713 5598 883 5643 L‘IIIICII
908 5591 1007 5646 hoc
1025 5594 1201 5649 dicere
1233 5615 1334 5650 non
1366 5616 1579 5668 possent
1603 5585 1670 5661 de
1693 5608 1897 5667 Joanne
1925 5614 1991 5668 ita
2022 5585 2135 5687 pili:
2242 5612 2431 5681 Ιῢεῑθεν
2475 5613 2640 5684 ΜοΥδί
2693 5624 2895 5670 tantum
2941 5617 3191 5686 loquutus
3232 5630 3313 5674 οδι
3362 5620 3543 5687 Deus;
3595 5624 3840 5682 dicebam

630 5689 643 5719 ¹
683 5690 767 5739 Alii
791 5692 987 5759 habent,
1009 5703 1056 5747 ut
1079 5712 1107 5747 a
1135 5701 1413 5765 propinquis
1438 5708 1619 5759 restria.
2318 5726 2331 5755 ³
2370 5722 2466 5775 Alii
2492 5725 2677 5789 legunt,
2694 5740 2870 5791 gnarus
2888 5728 2929 5779 si
2946 5726 3034 5779 hoc
3058 5728 3267 5780 dicatur:
