4024 6464
153 351 276 409 251

1161 349 1229 405 ΙΝ
1267 348 1584 408 ιυΑΝΝΕΜ
1622 349 1857 408 ηοδιη..
1907 350 2014 407 XL.
2053 355 2126 409 al.
2167 353 2408 410 XXXIX.

3365 354 3476 408 25:!

157 485 283 522 που
313 467 591 540 μαρτυρία
623 461 711 538 ἦν.
756 467 810 521 '0
845 470 954 541 γὰρ
987 468 1231 539 πέμψας
1247 487 1324 540 με
1351 469 1667 535 ,ϐαπτίζειν
1697 469 1768 522 ἐν
1883 470 2064 538 φιλίας
2096 471 2194 540 τῆς
2244 471 2492 524 Ἰωάννου
2522 469 2712 540 χάριν·
2766 468 2942 523 καίτοι
2973 468 3093 522 οὐδὲ
3139 467 3299 521 τοῦτο
3345 470 3477 539 ἐνῆν

154 552 370 616 ὕδατι,
420 551 608 623 φησιν,
641 550 874 619 ἐκεῖνός
912 569 1015 622 μοι
1061 549 1251 610 εἶπεν,
1286 554 1450 610 Ὥστε
1476 555 1572 608 καὶ
1597 556 1632 624 ἡ
1666 550 1763 606 τοῦ

174 636 435 689 Ἰωάννου
466 635 744 706 μαρτυρία
770 635 866 689 τοῦ
887 635 1023 690 Θεοῦ
1052 640 1326 709 μαρτυρία
1349 633 1417 709 ἦν
1434 654 1450 669 ·
1476 637 1629 712 παρά
1651 636 1762 707 γάρ

155 719 388 770 ἐκείνου
418 717 609 787 μαθὼν
631 718 817 786 ἔλεγεν
844 719 990 792 άπερ
1019 719 1225 789 ἔλεγεν.
1276 719 1416 773 Ἀλλ’
1447 721 1534 774 ῖνα
1561 721 1637 792 μὴ
1672 720 1763 774 λέ-

160 817 338 867 γωσι,
370 801 543 855 Πόθεν
572 802 733 856 τοῦτο
758 802 938 873 δῆλον,
978 806 1061 858 611
1089 805 1243 876 παρά
1267 803 1363 859 τοῦ
1390 804 1527 860 θεοῦ
1556 805 1762 876 έμαθε;

157 885 270 937 καὶ
300 885 431 955 περὶ
463 885 638 942 ταῦτα
668 887 1091 958 καταγίνωνται,
1125 891 1190 943 ἐκ
1221 889 1315 944 τοῦ
1350 891 1636 963 περιόντος
1668 892 1766 946 αὒ-

153 970 300 1033 τοὺς
323 970 686 1042 ἐπιστομίζει,
711 971 791 1026 ἔτι
817 974 956 1045 πρὸς
981 975 1080 1044 τὴν
1105 975 1363 1030 ὑπόνοιαν
1383 975 1565 1030 αὐτῶν
1593 975 1765 1030 διαλε-

155 1053 424 1122 γόμενος.
457 1053 592 1107 Ούδέ
631 1055 740 1126 γὰρ
763 1051 832 1127 ἦν
861 1056 1009 1122 είκδς
1039 1058 1217 1111 ταῦτα
1264 1057 1495 1122 πολλοὺς
1538 1059 1760 1126 εἰδέναι,

154 1135 287 1187 ἀλλ’
317 1137 393 1200 ὼς
414 1136 624 1190 οίκοθεν
657 1136 889 1206 λέγοντι,
914 1139 1052 1203 τέως
1079 1143 1368 1212 προσεῖχον
1389 1141 1469 1212 τῷ
1513 1141 1757 1214 Ἰωάννῃ.

155 1219 271 1272 Διὰ
286 1219 445 1272 τοῦτό
472 1236 638 1290 φησιν
660 1235 675 1249 ·
721 1219 864 1291 Ἐγὼ
881 1224 1043 1291 παρὰ
1063 1222 1381 1290 ἀνθρώπον
1404 1223 1522 1294 τὴν
1535 1242 1763 1295 μαρτυ-

142 1303 310 1370 ρίαν
336 1305 408 1358 οὑ
433 1303 739 1373 λαμϐάνω.
761 1306 872 1360 Kal
888 1309 936 1360 εί
959 1307 1034 1378 μὴ
1057 1307 1282 1377 ἔμελλες
1303 1310 1454 1381 παρά
1469 1308 1762 1381 ἀνθρώπου

155 1385 268 1455 τὴν
299 1386 937 1458 μαρτυρίανλαμϐάνειν,
961 1391 1055 1444 καὶ
1084 1391 1334 1445 ἐντεῦθεν
1363 1392 1758 1464 ἰσχυρίζεσθαι,

156 1470 320 1532 τίνος
340 1469 531 1524 ἕνεκεν
563 1475 812 1544 παρῆγες
837 1474 1004 1528 αὐτοῦ
1023 1476 1123 1547 τὴν
1159 1477 1466 1548 μαρτυρίαν
1488 1494 1503 1544 ;
1530 1477 1650 1531 Ἵνα
1665 1473 1761 1531 οῦν

157 1552 245 1623 μὴ
280 1553 456 1608 ταῦτα
489 1554 741 1623 λέγωσιν,
790 1558 1025 1612 ἄκουσον
1073 1559 1193 1624 πῶς
1235 1561 1329 1613 καὶ
1375 1560 1474 1631 τὴν
1502 1561 1761 1635 τοιαύτην

150 1636 440 1690 ἀντίθεσιν
477 1640 542 1709 τῇ
581 1639 846 1712 ἐπαγωγῇ
874 1640 1244 1712 διωρθώσατο.
1287 1642 1472 1697 Είπὼν
1514 1644 1644 1715 γὰρ,
1677 1647 1758 1698 ὅτι

149 1718 336 1787 Παρὰ
361 1721 678 1787 ἀνθρώπου
705 1722 822 1791 τὴν
845 1727 1182 1793 μαρτυρίαν
1222 1728 1295 1781 οὺ
1316 1727 1622 1796 λαμϐάνω,
1662 1729 1762 1781 ἐπ-

151 1806 377 1872 ήγαγεν
394 1820 407 1835 ·
440 1805 625 1860 Ἀλλὰ
641 1808 826 1861 ταῦτα
851 1808 1026 1879 λέγω,
1053 1812 1153 1864 ἵνα
1166 1812 1336 1880 ὑμεῖς
1353 1811 1680 1879 σωθῆτε.⁸0
1703 1813 1760 1867 δὲ

153 1886 290 1954 λέγε
303 1904 339 1951 ι,
357 1888 598 1942 τοιοῦτόν
615 1892 785 1944 ἐστιν·
816 1893 958 1962 Ἐγὼ
978 1896 1076 1964 μὲν
1090 1896 1191 1949 οὐκ
1208 1896 1438 1967 ἐδεόμην
1455 1897 1553 1965 τῆς
1567 1898 1758 1950 τούτου

156 1971 500 2042 μαρτυρίας,
533 1972 664 2038 Θεὸς
688 1972 785 2041 ὢν,
803 1976 903 2047 τῆς
917 1977 1268 2049 ἀνθρωπίνης
1286 1992 1304 2009 ⁸
1329 1979 1516 2051 ἐπειδὴ
1535 1979 1591 2033 δὲ
1616 1980 1757 2050 μᾶλ-

150 2053 260 2106 λον
317 2054 469 2125 αὐτῷ
511 2055 857 2128 προσείχετε,
907 2061 1004 2114 καὶ
1051 2061 1273 2116 πάντων
1313 2062 1756 2135 ἀξιοπιστότερον

149 2139 412 2207 ἡγεῖσθε,
449 2141 542 2193 καὶ
579 2140 775 2214 ἐκείνῳ
801 2142 902 2214 μὲν
949 2145 1024 2210 ὡς
1057 2148 1313 2220 προφήτῃ
1344 2145 1757 2220 προσεδράμετε

153 2223 284 2290 (καὶ
311 2223 420 2293 γάρ
447 2225 480 2293 ή
507 2224 660 2290 πόλις
683 2227 778 2280 ἐπὶ
807 2228 902 2282 τὸν
940 2229 1213 2301 Ἰορδάνην
1245 2229 1521 2302 ἐξεχύθη),
1549 2234 1673 2303 ἐμοὶ⁵
1699 2234 1759 2287 δὲ

151 2304 287 2357 οὐδὲ
322 2305 835 2380 θαυματουργοῦντι
869 2313 1263 2369 ἐπιστεύσατε·
1292 2316 1380 2370 διὰ
1423 2316 1585 2370 τοῦτο
1614 2319 1760 2388 ὑμᾶς

152 2389 577 2462 ἀναμιμνήσκω
590 2395 693 2465 τῆς
723 2398 1033 2470 μαρτυρίας
1059 2399 1298 2470 ἐκείνης.
1328 2399 1596 2465 Ἐκεῖνος
1623 2399 1705 2472 ἦν
1726 2405 1761 2457 ό

149 2474 241 2527 λύ
246 2492 396 2543 χνος
413 2480 446 2531 ό
457 2480 794 2547 καιόμενος,
811 2482 967 2553 φησὶ,
986 2483 1086 2538 καί
1107 2485 1357 2553 φαίνων·
1375 2485 1545 2555 ὑμεῖς
1556 2487 1624 2541 δὲ
1635 2488 1762 2543 ἐθε-

151 2561 398 2627 .ῖήοάτε
415 2560 560 2633 [259]
579 2563 730 2630 πρὸς
742 2562 952 2633 ὥρανά
961 2566 1399 2636 γαλλιασθῆναι
1419 2570 1490 2623 ἐν
1499 2570 1646 2639 φωτὶ
1661 2573 1765 2626 αὺ-

155 2645 296 2701 τοῦ.
315 2648 431 2699 Ἵνα
451 2648 560 2716 γὰρ
579 2648 654 2718 μὴ
683 2648 906 2718 λέγωσι,
930 2651 995 2703 Τί
1015 2646 1130 2713 οῦν,
1160 2653 1208 2705 εί
1225 2655 1436 2715 ἐκεῖνος
1460 2654 1560 2724 μὲν
1581 2650 1760 2721 εἶπεν,

153 2733 193 2800 ἡ
204 2734 326 2801 μεῖς
340 2730 397 2783 δὲ
411 2732 510 2784 οὑκ
522 2730 844 2801 ἐδεξάμεθας
858 2733 1129 2788 δείκνυσιν
1145 2735 1227 2789 611
1240 2736 1333 2790 καὶ
1346 2737 1678 2803 ἀπεδέξαντο
1693 2739 1764 2794 τά

156 2832 184 2866 ε
195 2813 454 2885 ίρημένσ.
471 2815 580 2866 Kal
592 2815 701 2884 γάρ
712 2815 832 2868 οὐδὲ
848 2816 976 2880 τοῦς
989 2818 1249 2888 τυχόντας
1268 2819 1542 2891 ἔπεμψαν,
1563 2823 1679 2876 ἀλλ’
1696 2824 1764 2876 ἱε-

159 2901 283 2968 ρεῖς
309 2897 403 2950 καὶ
431 2898 779 2968 Φαρισαίους.
804 2898 962 2952 Οὕτω
991 2900 1084 2952 τὸν
1112 2901 1282 2971 ἄνδρα
1302 2903 1636 2973 ἐθαύμαζον,
1667 2908 1764 2960 καὶ

156 2985 280 3043 τοῖς
309 2981 625 3049 λεγομένοις
644 2983 915 3035 ἀντειπεῖν
935 2983 1037 3036 οὐκ
1057 2979 1201 3053 εῐχον
1230 2985 1372 3038 τότε.
1395 2987 1467 3039 Τὸ
1497 2986 1572 3052 δὲ,
1606 2989 1763 3056 Πρὸς

155 3065 347 3131 ὤραν,
385 3064 484 3134 τὴν
529 3063 780 3118 εὐκολίαν
810 3064 993 3118 αὐτῶν
1022 3065 1330 3131 δεικνύντος
1369 3070 1507 3133 ἐστὶ,
1543 3072 1638 3123 καὶ
1679 3071 1762 3124 ὅτι

157 3149 376 3218 ταχέως
413 3147 578 3201 αὑτοῦ
604 3148 983 3218 ἀπεπήδησαν.
1028 3148 1179 3218 Ἐγὼ
1209 3148 1278 3203 δὲ
1322 3150 1442 3220 ἔχω
1474 3152 1591 3221 τὴν
1609 3172 1761 3224 μαρ-

157 3235 383 3302 τυρίαν
405 3230 645 3301 μείζονα
669 3231 776 3286 τοῦ
807 3232 1100 3288 Ἰωάννου.
1131 3234 1194 3287 El
1223 3233 1322 3304 μὲν
1341 3237 1449 3307 γὰρ
1475 3237 1762 3292 ἐϐούλεσθε

159 3318 311 3372 κατά
345 3317 441 3387 τὴν
466 3315 785 3369 ἀκολουθίαν
828 3315 936 3368 τῶν
981 3317 1325 3387 πραγμάτων
1359 3320 1763 3391 παραδέχεσθαι

157 3406 265 3476 τὴν
293 3404 497 3466 πίστιν,
537 3401 646 3456 ἀπὸ
677 3401 788 3460 τῶν
819 3401 996 3472 ἔργων
1033 3402 1235 3474 μᾶλλον
1284 3406 1430 3476 ὑμᾶς
1466 3406 1533 3461 ἂν
1562 3411 1765 3479 ὲπηγα.

156 3489 365 3558 γόμην.
425 3485 642 3556 Ἐπειδὴ
681 3485 738 3539 δὲ
774 3485 836 3538 ού
887 3485 1166 3555 βούλεσθε,
1209 3488 1300 3542 ἐπὶ
1351 3489 1446 3543 τὸν
1512 3491 1765 3564 Ἰωάννην

159 3574 314 3641 ὑμᾶς
340 3573 476 3639 ἀγω,
513 3571 611 3639 οὐχ
647 3569 722 3632 ὡς
752 3569 854 3639 τῆς
891 3570 1100 3624 ἐκείνου
1139 3570 1392 3643 δεόμενος
1432 3577 1765 3648 μαρτυρίας,

159 3657 282 3710 ἀλλ’
313 3654 500 3724 ἐπειδὴ
525 3653 615 3707 διὰ
637 3651 797 3707 τοῦτο
819 3654 1001 3709 πάντα
1034 3654 1195 3718 ποιῶ,
1238 3655 1380 3710 ὥστε
1408 3658 1554 3728 ὑμᾶς
1587 3660 1766 3729 σωθῆ-

161 3756 275 3792 ναι.
313 3739 464 3806 Ἕχω
490 3736 588 3807 μὲν
632 3734 742 3807 γὰρ
784 3738 1124 3806 μαρτυρίαν
1167 3737 1453 3795 Ἰωάννου
1495 3741 1761 3810 μείζονα,

160 3824 266 3896 τὴν
312 3821 422 3874 ἀπὸ
461 3819 572 3873 τῶν
610 3818 808 3890 ἔργων.
855 3819 992 3873 Ἀλλ’
1048 3822 1107 3873 ού
1145 3820 1308 3875 τοῦτο
1354 3825 1545 3878 σκοπῶ
1581 3827 1763 3895 μόνον,

161 3908 317 3967 ὅπως
339 3901 448 3956 ἀπὸ
476 3902 588 3954 τῶν
617 3900 948 3966 ἀξιοπίστων
983 3903 1391 3975 εὐπαράδεκτος
1424 3908 1555 3978 ὑμῖν
1592 3912 1767 3977 γενος-

167 4010 280 4062 μην
302 4032 316 4057 ,
352 3988 468 4044 ἀλλ’
498 3990 649 4052 ὅπως
680 3988 774 4040 καὶ
805 3985 914 4039 ἀπὸ
956 3988 1065 4041 τῶν
1098 3989 1230 4059 ὑμῖν
1254 3991 1548 4062 γνωρίμων
1580 4005 1628 4058 ει,
1670 3994 1766 4046 καὶ

163 4079 302 4148 παρ’
326 4074 481 4146 ὑμῶν
512 4069 964 4143 θαυμαζομένων.
994 4071 1152 4127 Οῦτω
1177 4074 1561 4147 καθαψάμενος
1584 4078 1767 4133 αὐτῶν

161 4160 246 4231 τῷ
288 4160 460 4212 εἰπεῖν
479 4198 493 4222 ,
540 4158 622 4211 ὅτι
669 4155 828 4224 Πρὸς
880 4153 1041 4225 ὥραν
1079 4156 1421 4225 ἠθελήσατε
1476 4162 1767 4232 ἀγαλλια-

163 4242 480 4312 σοῆναιέν
499 4239 581 4305 τῷ
602 4239 751 4310 φωτὶ
775 4238 984 4304 αὐτοῦ,
1013 4238 1164 4293 ἐτιτε
1189 4243 1523 4316 πρόσκαιρον
1548 4247 1767 4318 ἐκείνην

163 4328 349 4392 δείξας
378 4325 480 4396 τὴν
513 4321 750 4393 σπουδὴν
791 4322 888 4376 καὶ
918 4322 1192 4391 ἀϐέϐαιον,
1250 4326 1328 4397 τῷ
1368 4327 1560 4398 λύχνον
1605 4331 1767 4383 αὑτὸν

166 4412 419 4474 καλέσαι,
449 4408 707 4478 ἐνέφηνεν
735 4407 817 4460 δτι
839 4406 939 4460 οὐκ
970 4406 1183 4462 οἴκοθεν
1229 4403 1343 4479 εἶχε
1382 4411 1443 4464 τὸ
1473 4413 1610 4482 φῶς,
1650 4413 1766 4468 ἀλλ’

164 4496 279 4552 ἀπὸ
300 4495 401 4565 τῆς
434 4491 527 4546 τοῦ
562 4489 882 4561 Πνεύματος
904 4491 1152 4562 χάριτος.
1183 4492 1257 4546 Τὸ
1277 4493 1332 4547 δὲ
1355 4496 1494 4567 πρὸς
1526 4497 1768 4552 ἀντιδια-

167 4578 367 4651 στολὴν
399 4575 588 4642 αὑτοῦ,
617 4573 778 4629 τοῦτο
795 4576 896 4629 οὐκ
925 4577 1005 4630 ἐτι
1032 4576 1298 4642 τέθεικεν,
1316 4580 1398 4634 ὄτι
1426 4581 1587 4645 αὑτός
1617 4585 1768 4638 ἐστιν

163 4668 197 4722 6
221 4667 375 4737 ἣλιος
402 4663 505 4733 τῆς
525 4659 895 4732 δικαιοσύνης,
914 4660 1050 4714 ἀλλὰ
1069 4661 1207 4726 τέως
1221 4664 1566 4735 αἰνιξάμενος
1583 4667 1766 4736 μόνον,

166 4747 456 4818 καθήψατο
473 4746 501 4786 δ
525 4745 731 4816 σφόδρα
763 4743 964 4806 αὐτῶν,
997 4744 1091 4798 καὶ
1105 4745 1398 4810 δείκνυσιν,
1421 4749 1503 4801 ὅτι
1535 4749 1643 4803 ἀπὸ
1666 4751 1768 4821 τῆς

167 4834 340 4904 αὐτῆς
379 4830 623 4902 γνώμης,
656 4830 749 4898 ἀφ’
788 4823 857 4900 ἦς
903 4829 1113 4882 ἐκείνου
1168 4833 1604 4905 κατεφρόνησαν,
1645 4836 1766 4889 οὐδὲ

166 4919 248 4991 τῷ
285 4916 509 4990 Χριστῷ
533 4912 822 4984 πίσσεῦσαι
847 4913 1212 4986 ἠδυνήθησαν.
1239 4917 1350 4969 Καὶ
1376 4917 1487 4987 γὰρ
1515 4918 1606 4970 τὸν
1637 4918 1769 4972 θαυο

171 5003 480 5074 μαζόμενον
512 5001 638 5071 παρ’
663 4999 846 5061 αὐτοῖς
865 4996 1191 5068 πρός-ὥραν
1217 4999 1538 5068 ἐθαύμασαν
1572 5004 1733 5074 μόνον
1750 5021 1763 5034 ·

168 5090 246 5152 ὡς
292 5088 338 5140 εί
384 5085 458 5156 μὴ
497 5083 655 5139 τοῦτο
693 5082 976 5153 ἐποίησαν,
1028 5083 1238 5154 ταχέως
1289 5084 1355 5137 ἂν
1387 5085 1586 5150 αὐτοὺς
1633 5089 1770 5159 πρὸς

167 5173 260 5225 τὸν
288 5169 500 5241 Ἰησοῦν
524 5167 955 5240 ὲχειραγὼγησε.
986 5165 1178 5232 Δείξας
1195 5167 1375 5220 τοίνυν
1403 5170 1604 5236 αὐτοὺς
1630 5173 1768 5226 πάν-

167 5255 325 5308 τοθεν
371 5251 622 5316 ἀναξίους
674 5250 833 5312 δντας
884 5249 1234 5320 συγγνώμης.
1278 5252 1526 5322 ἐπήγαγε
1554 5254 1766 5323 λέγων.

183 5335 330 5405 Ἐμὼ
358 5335 425 5388 δὲ
447 5335 564 5403 ἔχω
586 5333 701 5401 τὴν
714 5334 1050 5403 μαρτυρίαν
1059 5332 1302 5402 μείζονα
1330 5335 1435 5389 τοῦ
1465 5336 1768 5394 Ἰωάννου.

171 5419 339 5474 ιιοίαν
364 5419 428 5487 δὴ
457 5419 660 5490 ταύτην
683 5434 698 5483 ;
734 5419 777 5471 Τ
781 5420 846 5489 ὴν
864 5417 972 5470 ἀπὸ
992 5418 1101 5471 τῶν
1130 5417 1327 5490 ἔργων.
1370 5419 1445 5475 Τὰ
1466 5421 1576 5490 γὰρ
1603 5423 1768 5494 ἔργα,

171 5505 359 5574 φησιν,
398 5500 436 5554 ἅ
463 5501 648 5556 ἔδωκέ
674 5519 775 5571 μοι
809 5505 842 5555 ό
870 5500 1094 5570 Πατὴρ,
1128 5503 1228 5555 ἵνα
1257 5503 1557 5558 τελειώσω
1595 5506 1770 5573 αὐτὰ,

169 5589 323 5642 αὐτὰ
352 5585 420 5638 τὰ
446 5584 590 5654 ἔργα
621 5585 752 5651 περὶ
778 5583 925 5652 ἐμοῦ
952 5586 1259 5653 μαρτυρεῖ,
1282 5587 1369 5641 ὅτι
1404 5591 1438 5642 ὁ
1467 5589 1669 5659 Πατήρ
1695 5609 1773 5661 με

169 5670 555 5726 ἀπέστειλεν.
604 5668 869 5721 Ἐνταῦθα
893 5667 988 5720 τοῦ
1024 5668 1432 5738 παραλυθέντος
1471 5673 1565 5726 καὶ
1593 5673 1771 5745 ὀρθω-

174 5757 358 5818 θέντος
393 5755 688 5826 ἀνέμνησε,
720 5755 814 5808 καὶ
850 5753 1052 5824 ἐτέρων
1082 5753 1344 5810 πλειόνων
1367 5773 1381 5787 ·
1422 5757 1492 5812 τὰ
1529 5759 1630 5829 μὲν
1674 5764 1772 5833 ρή-

178 5857 320 5910 ματα
363 5851 410 5901 ς,
439 5835 593 5891 εἶπεν
624 5839 755 5900 ἴσως
787 5839 853 5892 ἄν
890 5856 975 5901 11;
1015 5838 1218 5906 αὐτῶν,
1245 5841 1456 5911 κόμπον
1505 5841 1644 5900 εἶναι
1680 5848 1771 5901 καὶ

238 5951 261 5976 ¹¹
293 5947 390 5994 ΜΗ
413 5945 523 6013 ῦτιξν
545 5946 819 6013 ἐγγυτέρωνδ.
880 5943 918 6013 ,δ
953 5945 1104 5994 Μωυῐ
1167 5949 1468 5998 γ.;.¹)ικι;ῗ;ςιι,
1540 5955 1558 5984 ε
1597 5952 1766 6005 Mum-1,

179 6013 420 6064 3-i;ig.w..
476 6011 653 6064 λάπης
678 6023 758 6069 "7.".
795 6027 837 6055 ,ιι
871 6025 1074 6070 .¹“ι”1;”λι,υ’.,

1872 553 2057 616 αὐτοῖς
2081 555 2256 606 εἰπεῖν
2282 554 2411 624 περ)⁸
2461 553 2733 617 Ἰωάννου,
2783 553 2977 624 ἀνδρὸς
3022 549 3164 621 μετά
3186 550 3474 622 ἀκριϐείας

1874 635 2188 706 φιλοσοφεῖν
2215 636 2436 702 είδότος,
2466 634 2560 689 καὶ
2586 633 2731 689 οὕτω
2753 636 2885 706 παρ’
2912 635 3096 697 αὐτοῖς
3133 634 3474 704 θαυμασθέν-

1869 734 1990 783 τος·
2019 719 2090 773 τά
2109 719 2166 772 δὲ
2195 720 2500 790 πράγματα
2533 719 2635 773 οὐκ
2667 717 2748 772 ἑτι
2786 718 2911 771 οὐδὲ
2946 717 3100 788 παρά
3133 719 3248 780 τοῖς
3281 735 3469 788 μαινο-

1871 803 2056 874 μένοις
2091 804 2298 876 σφόδρα
2335 804 2536 875 ταύτην
2584 803 2816 874 ἠδύνατο
2853 801 2953 874 τὴν
3000 801 3257 854 ὑπόνοιαν
3300 801 3467 871 ἔχειν.

1866 886 1970 941 Διά
2012 888 2172 942 τοῦτο
2221 888 2480 958 δευτέραν
2544 888 2750 960 ταύτην
2813 887 3063 957 ἐπήγαγε
3139 886 3468 957 μαρτυρίαν,

1866 972 2040 1026 είπών
2059 990 2074 1003 ·
2110 974 2188 1028 Τὰ
2214 974 2360 1043 ἔργα
2384 973 2424 1029 d
2441 973 2626 1028 ἔδωκέ
2642 991 2746 1044 μοι
2769 975 2802 1027 ὀ
2818 970 3025 1040 Πατὴρ
3048 971 3149 1024 ἵνα
3174 969 3472 1024 τελειώσω

1865 1056 2039 1123 αὐτὰ,
2073 1057 2227 1112 αὐτὰ
2250 1058 2324 1113 τὰ
2352 1057 2518 1127 ἔργα,
2554 1058 2594 1112 ἄ
2640 1057 2757 1128 ἐγὼ
2801 1053 2970 1116 ποιῶ.
3003 1052 3298 1124 μαρτυρεῖ
3334 1054 3469 1121 περὶ

1864 1141 2033 1212 ἐμοῦ,
2063 1142 2155 1196 ὅτι
2184 1141 2507 1197 ἀπέστειλέ
2523 1159 2601 1211 με
2620 1145 2654 1196 ὀ
2679 1139 2902 1209 Πατήρ.
2931 1137 3195 1192 Ἐνταῦθα
3218 1137 3472 1208 καὶπρὸς

1863 1226 1966 1297 τὴν
2013 1227 2352 1299 κατηγορίαν
2389 1229 2488 1297 τῆς
2527 1225 2620 1279 τοῦ
2659 1224 2934 1280 σαϐϐάτου
2975 1223 3181 1286 λύσεως
3229 1223 3467 1276 ἵσταται.

1877 1309 2096 1381 Ἐπειδὴ
2129 1309 2240 1380 γάρ
2272 1310 2459 1379 ἔλεγον
2488 1311 2709 1362 ἐκεῖνοι·
2754 1306 2882 1371 Πῶς
2923 1305 3150 1360 δύναται
3187 1299 3329 1358 εἶναι
3359 1305 3471 1358 ἀπὸ

1862 1392 1958 1446 τοῦ
1978 1393 2138 1460 Θεοῦ,
2155 1393 2314 1448 ὅτιτὸ
2344 1392 2618 1448 σάϐϐατον
2643 1392 2704 1446 ού
2741 1393 2935 1463 τηρεῖ;
2967 1389 3058 1444 διὰ
3083 1387 3245 1442 τοῦτο
3270 1383 3394 1441 εἶπε
3416 1387 3468 1450 δ,

1869 1479 1936 1536 Ἀ
1973 1478 2158 1534 ἔδωκέ
2179 1497 2283 1550 μοι
2315 1483 2349 1534 ό
2385 1479 2614 1547 Πατήρ.
2650 1478 2843 1533 Καίτοι
2875 1493 2939 1546 γε
2969 1475 3227 1547 αύθεντίᾳ
3257 1474 3466 1528 ἐποίει·

1862 1561 2003 1616 άλλά
2031 1563 2248 1627 δεικνὺς
2285 1563 2425 1634 μετά
2458 1561 2660 1634 πολλῆς
2692 1562 2791 1632 τῆς
2829 1559 3170 1633 περιουσίας,
3205 1559 3286 1613 ὅτι
3317 1559 3470 1612 οὐδὲν

1862 1645 2206 1716 ἐναντίοντῷ
2241 1647 2416 1718 Πατρὶ
2453 1645 2719 1718 πράττει,
2764 1644 2854 1699 διά
2875 1643 3034 1697 τοῦτο
3070 1642 3250 1698 καὶτὸ
3287 1641 3472 1713 πολλῷ

1862 1727 2083 1782 ἔλαττον
2104 1729 2342 1784 τέθεικε.

1935 1819 2004 1881 γ’.
2027 1812 2138 1867 Καὶ
2161 1812 2327 1877 διατί,
2347 1812 2651 1883 φησὶν,ούκ
2673 1808 2846 1873 εἶπεν,
2865 1811 2947 1865 ὅτι
2967 1803 3048 1864 Τὰ
3064 1807 3274 1880 ἐργα,θ.
3299 1807 3469 1862 ῑδωκέ

1864 1912 1955 1965 μοι
1989 1895 2017 1946 ὁ
2056 1894 2266 1967 Πατὴρ,
2302 1899 2570 1967 μαρτυρεῖ
2622 1897 2702 1950 ὅτι
2753 1896 2866 1958 ῐσος
2899 1893 3017 1965 είμὶ
3070 1891 3168 1946 τοῦ
3213 1891 3467 1963 Πατρός;

1874 1979 2183 2049 Ἀμφότερα
2211 1979 2318 2052 γὰρ
2346 1975 2415 2050 ἦν
2449 1980 2557 2033 ἀπὸ
2602 1979 2711 2033 τῶν
2745 1978 2926 2048 ἔργων
2985 1975 3200 2048 μαθεῖν,
3246 1975 3342 2029 καὶ
3383 1975 3468 2028 611

1859 2061 2014 2114 οὐδὲν
2064 2061 2242 2135 [240]
2290 2062 2534 2116 ἐναντίον
2585 2063 2752 2124 ποιεῖ,
2811 2060 2907 2114 καὶ
2947 2060 3034 2113 611
3081 2059 3194 2122 ῐσος
3227 2059 3347 2113 ἐστὶ
3372 2056 3468 2111 τοῦ

1862 2145 2274 2216 γεγεννηκότος.
2296 2145 2476 2215 Ὅπερ
2493 2142 2730 2215 ἀλλαχοῦ
2763 2140 3194 2212 κατασκευάζων
3210 2140 3394 2211 ἔλεγεν
3417 2150 3464 2180 ο·

1863 2230 2079 2299 Είὲμοὶ
2105 2230 2177 2285 οὐ
2207 2231 2542 2296 πιστεύετε,
2586 2229 2714 2294 τοῖς
2752 2228 2948 2297 ἔργοις
2973 2244 3093 2295 μου
3126 2226 3466 2290 πιστεύετε,

1862 2318 1965 2370 ἵνα
1990 2316 2178 2386 γνῶτε
2210 2317 2309 2370 καὶ
2341 2316 2733 2383 πιστεύσητε,
2786 2315 2874 2367 ὅτι
2901 2315 3017 2382 ἐγὼ
3050 2312 3120 2366 ἐν
3149 2310 3232 2378 τῷ
3259 2311 3466 2379 Harp),

1863 2402 1962 2456 καὶ
1995 2405 2029 2456 ὁ
2063 2401 2270 2469 Πατὴρ
2289 2402 2360 2456 ἐν
2382 2401 2534 2470 ἐμοί.
2571 2400 2883 2470 Ἀμφότερα
2915 2395 3010 2451 οὖν
3041 2397 3192 2466 αὐτῷ
3222 2393 3466 2466 ἐμαρτύο

1867 2502 1970 2556 ρει,
1999 2485 2093 2539 καὶ
2124 2485 2207 2538 ὃτι
2236 2484 2350 2546 ἴσος
2374 2479 2444 2555 ἦν
2472 2482 2568 2537 τοῦ
2605 2482 2842 2553 Πατρὸς,
2880 2482 2976 2534 καὶ
3007 2481 3090 2534 611
3120 2478 3274 2533 οὐδὲν
3313 2480 3470 2531 ἐνανο

1861 2567 1976 2622 τίον
2014 2568 2282 2640 ἔπραττεν
2315 2568 2529 2638 ἐκείνῳ.
2589 2566 2749 2630 Τίνος
2790 2560 2884 2619 οὖν
2919 2564 3108 2616 ἕνεκεν
3154 2562 3252 2631 οὐχ
3293 2559 3469 2623 οὕτως

1864 2647 2039 2714 εἶπεν,
2075 2651 2212 2704 ἀλλά
2244 2651 2304 2704 τὸ
2338 2651 2523 2721 μεῖζον
2553 2648 2733 2717 ἀφεὶς,
2774 2646 2936 2700 10610
2957 2646 3230 2711 τέθεικεν;
3264 2643 3387 2698 Ὀτι
3408 2642 3471 2695 16

1867 2735 2302 2807 σπουδαζόμενον
2325 2734 2485 2788 τοῦτο
2521 2733 2742 2804 πρῶτον
2778 2727 2868 2802 ἦν.
2918 2731 2980 2784 El
3024 2729 3136 2799 γὰρ
3165 2727 3261 2782 καὶ
3289 2725 3470 2797 πολλῷ

1866 2819 2087 2872 ἔλαττον
2112 2819 2174 2872 τὺ
2201 2818 2560 2888 πιστευθῆναι
2587 2817 2670 2870 611
2704 2814 2854 2884 παρά
2885 2813 2980 2867 τοῦ
3021 2813 3161 2867 Θεοῦ
3189 2810 3342 2884 ἦλθε,
3373 2810 3469 2864 τοῦ

1865 2901 2219 2974 πιστευθῆναι
2243 2904 2325 2956 611
2354 2901 2489 2965 Ηεός
2519 2903 2666 2954 ἐστιν
2693 2902 2806 2963 ἴσος
2827 2897 2976 2967 αύτῷ
2997 2915 3010 2928 ·
3035 2898 3214 2951 ἐκεῖνο
3239 2897 3338 2967 μὲν
3359 2895 3472 2965 γὰρ

1865 2987 1961 3038 καὶ
1992 2987 2270 3056 προφῆται
2323 2981 2501 3052 εἶπον,
2555 2984 2714 3038 τοῦτο
2741 2984 2798 3037 δὲ
2827 2982 3014 3036 οὐκέτι
3038 2999 3052 3013 ·
3106 2983 3258 3053 ὅμως
3307 2980 3471 3043 αὐτὸς

1865 3069 2009 3141 ὑπὲρ
2043 3070 2136 3124 τοῦ
2174 3069 2459 3134 ἐλάττονος
2518 3068 2722 3140 πολλὴν
2764 3067 2973 3121 τίθεται
3013 3065 3272 3136 σπουδὴν,
3316 3063 3470 3126 εἰδώς

1863 3154 1946 3207 ὃτι
1993 3153 2185 3206 τούτου
2239 3151 2562 3223 δεχθέντοςί
2599 3151 2692 3204 καὶ
2723 3151 2902 3204 ἐκεῖνο
2933 3148 3131 3217 γένοιτ’
3171 3145 3238 3200 ἂν
3285 3146 3472 3200 λοιπὸν

1865 3236 2292 3307 εύπαράδεκτον.
2334 3236 2443 3288 Kal
2475 3236 2574 3305 τῆς
2603 3233 2849 3304 μείζονος
2888 3232 3043 3285 οὐδὲν
3086 3229 3472 3300 μνημονεύσας

1868 3320 2194 3392 μαρτυρίας,
2231 3320 2291 3371 τὸ
2321 3319 2540 3370 ἔλαττον
2581 3317 2753 3386 αὐτῆς
2792 3316 2953 3387 ἔργον
2975 3313 3180 3384 τίθησι,
3211 3313 3300 3367 ἵνα.
3331 3314 3356 3353 ⁸
3383 3311 3473 3365 διὰ

1862 3404 2054 3456 τούτου
2090 3401 2352 3472 κάκείνην
2377 3401 2659 3467 δέξωνται.
2709 3399 2883 3453 Τοῦτο
2915 3395 3336 3458 κατασκευάσας
3369 3395 3475 3448 πά-

1864 3486 1947 3538 λιν
1979 3485 2212 3554 ἐπάγει·
2265 3485 2321 3536 '0
2356 3484 2605 3552 πέμψας
2634 3499 2713 3552 με
2763 3481 2992 3550 Πατὴρ,
3025 3480 3210 3546 αὐτὸς
3248 3495 3476 3548 μεμαρ-

1865 3571 2086 3638 τύρηκε
2118 3565 2254 3636 περὶ
2276 3561 2446 3635 ἐμοῦ.
2480 3566 2589 3620 Καὶ
2631 3565 2733 3619 ποῦ
2772 3564 3172 3636 μεμαρτύρηκε
3221 3564 3350 3632 περὶ
3375 3563 3476 3615 αύ-

1863 3652 1998 3717 τοῧῖ
2046 3654 2134 3705 Ἐν
2183 3650 2262 3721 τῷ
2303 3649 2566 3722 Ἰορδάνῃ.
2605 3645 2798 3715 Οὗτός
2841 3648 2995 3708 ἐστι,
3033 3647 3231 3715 λέγων,
3266 3649 3299 3700 ό
3341 3645 3476 3710 Υἱός

1859 3755 1980 3808 μου
2011 3735 2318 3805 ἀγαπητός
2341 3749 2353 3763 ·
2389 3732 2578 3787 αὑτοῦ
2607 3732 2888 3788 ἀκούετε.
2960 3731 3123 3784 Ἀλλά
3175 3730 3271 3784 καὶ
3317 3729 3478 3782 τοῦτο

1865 3818 2218 3888 κατασκευῆς
2251 3818 2442 3871 ἐδεῖτο.
2476 3813 2550 3868 Τὸ
2581 3815 2682 3886 μὲν
2725 3810 2821 3869 οῦν
2867 3814 3117 3868 Ἰωάννου
3157 3812 3320 3883 δῆλον
3364 3808 3433 3882 ἦν
3457 3828 3472 3842 ·

1867 3902 2024 3956 αὐτοὶ
2061 3902 2171 3973 γὰρ
2223 3899 2575 3961 ἀπέστειλαν,
2637 3899 2732 3952 καὶ
2777 3896 3122 3970 ἀρνήσασθαι
3157 3897 3261 3950 οὐκ
3307 3891 3473 3967 εἶχον.

1868 3987 1978 4039 Kal
1998 3987 2060 4038 16
2079 3987 2144 4038 ἐκ
2161 3983 2272 4037 τῶν
2296 3983 2538 4054 σημείων
2555 3982 2611 4035 δὲ
2634 3981 2856 4051 ὁμοίως.
2881 3977 3036 4035 Εἶδον
3057 3982 3167 4052 γὰρ
3190 3979 3474 4049 γινόμενα,

1868 4070 1962 4123 καὶ
2003 4067 2157 4142 παρὰ
2191 4065 2288 4121 τοῦ
2324 4065 2760 4137 θεραπευθέντος
2787 4067 3053 4136 ἧκουσαν,
3085 4066 3182 4119 καὶ
3225 4065 3478 4116 ἐπίστευ-

1870 4169 1992 4217 σαν,
2022 4151 2146 4206 ὅθεν
2172 4151 2267 4204 καὶ
2295 4149 2609 4204 ἐνεκάλουν.
2645 4149 2923 4203 Ἐλείπετο
2944 4149 3001 4203 δὲ
3035 4147 3225 4204 λοιπὸν
3254 4146 3316 4200 τὸ
3348 4147 3479 4217 περὶ

1869 4238 1970 4308 τῆς
1996 4235 2093 4290 τοῦ
2146 4235 2363 4305 Πατρὸς
2398 4233 2708 4307 μαρτυρίας
2759 4233 3067 4300 ἀποδεῖξαι.
3094 4230 3228 4285 Εἶτα
3265 4230 3476 4301 μέλλων

1869 4319 2003 4375 αὑτό
2031 4317 2488 4382 κατασκευάζειν,
2517 4319 2818 4389 ἐπήγαγεν.
2855 4318 3008 4371 Οὔτε
3037 4315 3251 4386 φωνὴν
3285 4312 3476 4369 αὐτοῦ

1867 4405 2188 4474 ἀκηκόρέεῄ
2214 4402 2474 4456 πώποτε.
2518 4403 2631 4456 Kal
2695 4401 2814 4467 πῶς
2875 4401 3122 4472 Μωῦσῆς
3179 4400 3350 4469 λέγει,
3413 4399 3478 4453 Ὀ

1871 4487 2019 4554 Θεὸς
2053 4482 2284 4552 adi/151,
2318 4483 2585 4554 Μωῦσῆς
2627 4483 2697 4538 δὲ
2743 4485 3111 4553 ἁπεκρίνατο
3131 4500 3152 4549 ;
3209 4484 3327 4549 πῶς
3353 4482 3410 4536 δέ
3447 4483 3478 4536 6

1869 4571 2035 4626 Δαυῖδ
2073 4588 2229 4641 φησι,
2258 4568 2566 4623 Γλῶσσαν
2595 4567 2678 4636 ἦν
2710 4571 2824 4623 οὐκ
2853 4569 3011 4640 ἔγνω
3052 4568 3319 4638 ἧκουσε;
3365 4566 3480 4619 Kal

1873 4654 2041 4710 πάλιν
2103 4652 2370 4722 Μωῡσῆς,
2407 4647 2473 4705 El
2512 4651 2661 4706 ἐστιν
2704 4650 2858 4715 ἔθνος
2891 4651 3158 4716 τοιοῦτον,
3203 4650 3232 4703 6
3273 4650 3477 4722 ἢκουσε

1871 4739 2059 4810 φωνὴν
2083 4736 2253 4803 Θεοῦ;
2285 4736 2437 4790 Οὔτε
2473 4731 2638 4803 εἶδος
2674 4735 2864 4790 αὐτοῦ
2910 4733 3231 4804 ἑωράκατε.
3283 4733 3481 4788 Καίτοι

1873 4825 1968 4878 καὶ
1997 4823 2304 4894 ἑωρακέναι
2329 4819 2496 4874 αὑτὸν
2514 4819 2768 4888 λέγονται
2785 4818 2880 4873 καὶ
2916 4820 3165 4882 Ἡσαΐας,
3188 4818 3285 4873 καὶ
3312 4818 3480 4890 Ἱερε-

1876 4907 2028 4976 μίας,
2067 4906 2164 4959 καὶ
2202 4903 2484 4975 Ἱεζεκιὴλ,
2508 4903 2604 4958 καὶ
2634 4904 2812 4974 ἕτεροι
2844 4903 3083 4966 πλείους.
3117 4902 3184 4955 Τί
3210 4898 3304 4956 οὖν
3332 4903 3482 4955 ἐστιν

1872 4991 1900 5044 6
1936 5007 2100 5061 φησιν
2129 4991 2158 5044 ό
2186 4987 2422 5060 Χριστὸς
2450 4986 2546 5041 νῦν
2574 5004 2589 5052 ;
2619 4985 2715 5051 El;
2734 4987 3043 5064 ,φιλόσοφον
3075 4985 3275 5050 αὐτοὺς
3295 4985 3481 5053 ἐνάγει

1872 5075 2071 5145 δόγμα,
2115 5072 2259 5128 κατὰ
2315 5071 2513 5143 μικρὸν
2556 5071 2795 5135 δεικνὺς,
2845 5071 2928 5124 ὅτι
2983 5070 3110 5125 οὒτε
3151 5071 3306 5142 φωνὴ
3351 5070 3481 5140 περὶ

1872 5159 2030 5224 Θεὸν,
2064 5156 2190 5212 οὔτε
2221 5152 2384 5220 εἶδος,
2422 5155 2539 5209 ἀλλ’
2571 5154 2846 5225 ἁνὼτερος
2886 5155 2982 5208 καὶ
3027 5154 3327 5225 σχημάτων
3363 5153 3483 5209 ἐστὶ

1873 5242 1970 5296 καὶ
2005 5241 2259 5310 φθόγγων
2291 5239 2570 5292 τοιούτων.
2608 5239 2824 5310 Ὥσπερ
2853 5238 2964 5309 γὰρ
2987 5236 3182 5300 εἰπὼν,
3212 5237 3295 5291 611
3329 5235 3483 5292 Οὔτε

1874 5323 2089 5395 φωνὴν
2122 5320 2313 5378 αὐτοῦ
2346 5322 2668 5389 ἀληκόατε,
2701 5321 2763 5374 ού
2797 5321 2958 5374 τοῦτο
2984 5321 3155 5389 λέγει,
3187 5321 3271 5374 ὅτι
3299 5319 3484 5390 φωνὴν

1877 5411 1977 5479 μὲν
2006 5409 2277 5480 προΐεται,
2315 5407 2416 5459 οὐκ
2442 5407 2717 5478 ἀκουστὴν
2744 5406 2802 5460 δέ
2830 5423 2843 5437 ·
2889 5406 3062 5469 οὕτως
3100 5405 3294 5467 εἰπὼν,
3332 5405 3483 5459 Οὔτε

1873 5487 2034 5558 εἶδος
2080 5489 2268 5545 αὑτοῦ
2325 5489 2642 5558 ἑωράκατε,
2683 5495 2746 5542 οὐ
2790 5489 2948 5543 τοῦτο
2992 5489 3163 5558 λέγει,
3213 5489 3295 5542 ὅτι
3342 5484 3482 5550 εἶδος

1879 5577 1978 5646 μὲν
2005 5575 2140 5645 ἔχει,
2181 5573 2241 5626 ού
2293 5573 2484 5626 θεατὸν
2526 5573 2614 5626 δέ·
2653 5572 2768 5626 ἀλλ’
2813 5573 2896 5626 ὅτι
2925 5572 3078 5625 οὐδὲν
3110 5572 3317 5625 τούτων
3352 5569 3482 5640 περὶ

1875 5659 2028 5712 Θεόν.
2064 5658 2183 5710 ’Ίνα
2215 5655 2326 5726 γὰρ
2364 5655 2438 5727 μὴ
2465 5655 2716 5723 λέγωσιν,
2753 5657 2887 5726 Είκῆ
2910 5655 3239 5725 κομπάζεις.
3267 5655 3290 5693 δ
3318 5655 3482 5706 Mm?)—

1882 5745 1966 5796 σεῖ
2003 5741 2301 5811 λελάληκεν
2326 5741 2353 5793 ό
2386 5738 2520 5802 Θεὸς
2560 5737 2708 5809 μόνῳ
2745 5737 2938 5809 (τοῦτο
2966 5738 3097 5806 γοῦν
3135 5739 3232 5792 καὶ
3264 5736 3478 5807 ἔλεγον·

1940 5883 1968 5924 ά
1995 5883 2168 5933 Mnrel.
2211 5883 2314 5930 εἰπε
2353 5884 2430 5929 καὶ
2478 5879 2637 5933 αὐτὸς.
2713 5891 2736 5917 ο
2761 5877 2936 5927 Morel.
2984 5877 3009 5925 ὃ
3047 5880 3128 5925 καὶ
3173 5878 3353 5939 προϊὼν
3393 5893 3481 5923 xa-

1883 5946 2116 5995 ιασκευάἴ
2147 5964 2155 5988 1
2188 5947 2352 6004 );·,·ων.
2429 5940 2445 5979 ί
2487 5942 2585 6004 Alli
2613 5942 2872 6001 λεχθέντος.
2941 5942 2965 5978 8
2997 5939 3167 5987 Morel.
3220 5939 3364 5996 αὑτῆς
3398 5939 3480 5986 λά·

1880 6027 1961 6070 γοα
1989 6010 2105 6062 ἐιζινε
2133 6007 2224 6057 ἵνα.
2254 6003 2258 6004 ν
2296 6004 2486 6055 “Sull.
2518 6003 2719 6064 ὶέγωσιι
2746 6003 2814 6051 61'.
2850 6004 3119 6063 καμπαξκί.
