4024 6472
137 583 338 641 eliim,
368 571 480 628 Nos
504 568 687 623 scimus
716 561 832 630 quia
868 555 1032 626 Moysi
1059 553 1294 619 loquutus
1322 553 1394 599 est
1419 543 1554 596 Deus
1584 554 1602 593 :
1631 538 1764 590 hunc

141 632 285 724 uero
308 632 556 718 nescimus
585 655 719 712 unde
737 653 799 705 sit
827 647 1006 719 (Joan.
1032 643 1085 698 9.
1107 639 1230 710 39);
1266 637 1386 691 ideo
1411 634 1488 688 sic
1516 632 1768 700 loquutus

144 770 254 816 est
277 800 293 822 ,
323 752 615 812 ostendens
644 749 697 802 in
730 745 840 798 Deo
866 754 963 794 nec
994 748 1178 791 vocem
1216 744 1316 784 nec
1357 725 1592 797 speciem
1626 735 1765 776 esse.

153 813 247 905 Et
267 813 396 920 quid
428 847 528 899 hoc
550 836 704 894 dico?
732 834 849 889 Non
871 829 1033 885 modo
1050 838 1235 880 vocem
1253 821 1370 892 ejus
1393 833 1496 872 non
1516 813 1760 878 audistis,

150 906 551 1008 nee'speeiem
591 928 799 984 vidistis
823 965 837 988 ,
871 921 966 977 sed
997 919 1050 972 id
1079 917 1146 971 de
1172 929 1278 984 quo
1309 910 1541 965 maxime
1565 906 1764 976 gloria-

153 1033 330 1092 mini.
349 1000 427 1083 'de
451 1039 559 1096 quo
582 1021 814 1077 maxime
839 1013 1002 1070 inllati
1026 1010 1158 1065 estis
1183 1020 1368 1062 omnes
1393 1046 1407 1068 ,
1440 1000 1582 1072 quod
1613 1013 1768 1052 man-

152 1089 298 1179 data
317 1089 444 1188 ejus
471 1089 789 1182 acceperitis
813 1117 868 1163 et
891 1102 1163 1164 habeatis;
1201 1115 1266 1152 ne
1297 1095 1424 1150 illud
1451 1092 1664 1164 quidem
1695 1089 1777 1143 di-

155 1227 304 1268 cere
333 1183 578 1280 potestis.
607 1203 732 1258 Ideo
762 1196 1035 1268 subiungit
1069 1210 1082 1247 :
1115 1191 1202 1247 '58.
1245 1187 1422 1256 Neque
1441 1187 1643 1240 verbum
1668 1183 1777 1250 ejus

158 1277 370 1356 habetis
399 1303 450 1354 in
480 1298 619 1352 vobis
647 1307 890 1353 manens;
924 1277 1118 1349 idest,
1147 1281 1394 1338 mandata
1415 1320 1430 1344 ,
1465 1284 1728 1347 pra-cepta
1758 1315 1772 1338 ,

163 1400 354 1467 legem
379 1438 396 1462 ,
426 1393 734 1464 prephetas.
769 1382 989 1441 Etiamsi
1014 1379 1156 1434 enim
1191 1379 1330 1431 Deus
1363 1374 1477 1428 hinc
1504 1384 1777 1440 pnecepe-

161 1489 268 1553 rit,
295 1461 530 1541 attamen
577 1481 692 1535 haec
727 1475 867 1547 apud
908 1489 1002 1527 vos
1042 1487 1146 1525 non
1183 1478 1328 1530 sunt,
1361 1466 1482 1535 quia
1515 1461 1642 1516 mihi
1672 1476 1778 1516 non

163 1577 421 1631 creditis.
454 1573 565 1628 Etsi
588 1571 730 1625 enim
756 1566 949 1636 passim
973 1571 1026 1615 et
1045 1561 1238 1628 ubique
1266 1557 1444 1609 dicant
1468 1553 1776 1620 Scripturai,

166 1666 315 1722 mihi
341 1679 459 1719 esse
484 1660 831 1719 credendum,
860 1668 957 1706 vos
981 1661 1156 1704 tamen
1185 1664 1289 1701 non
1311 1644 1552 1706 creditis,
1581 1641 1782 1709 palam-

168 1776 289 1831 que
319 1768 402 1813 est
429 1755 651 1809 verbum
681 1751 799 1820 ejus
826 1764 854 1801 a
884 1745 1033 1800 vobis
1073 1739 1420 1796 abscessisse.
1469 1735 1591 1789 ideo
1636 1733 1784 1785 addit

171 1854 377 1906 iterum
405 1866 419 1903 :
450 1846 583 1911 Quia
619 1844 663 1897 ei
702 1857 850 1912 quem
891 1838 1024 1890 misit
1051 1834 1138 1887 ille
1163 1847 1247 1884 vos
1277 1845 1378 1882 non
1412 1825 1634 1881 creditis.
1687 1823 1781 1875 lle-

171 1942 309 1996 inde
331 1956 396 1993 ne
418 1939 678 1995 dicerent,
710 1928 991 1999 Qttttmudu
1017 1926 1059 1978 si
1093 1937 1280 1976 vocem
1303 1921 1418 1988 ejus
1446 1931 1553 1970 non
1576 1913 1782 1968 audivi-

173 2049 326 2098 mus,
362 2031 456 2086 tibi
486 2025 850 2084 testimonium
881 2015 1187 2089 perhibuit?
1213 2015 1287 2068 ait
1316 2013 1406 2066 ille
1432 2029 1445 2066 :
1472 2005 1786 2064 Scrutamini

175 2126 519 2193 Scripturas;
547 2119 650 2173 illa:
672 2118 801 2170 enim
822 2122 936 2168 sunt
956 2125 1068 2181 qua:
1083 2105 1423 2161 testimonium
1443 2100 1701 2172 perhibent
1726 2098 1788 2151 de

173 2232 266 2268 me
290 2191 472 2285 ('Joan.
495 2212 548 2266 5.
581 2206 697 2278 39);
719 2205 958 2260 indicans
987 2216 1081 2270 per
1109 2200 1204 2252 has
1234 2198 1396 2250 Deum
1421 2191 1784 2248 testimonium

176 2280 546 2376 perhibuisse.
579 2298 710 2353 Nam
742 2305 794 2349 et
821 2295 872 2346 in
894 2289 1129 2347 Jordane
1161 2296 1213 2340 et
1243 2287 1293 2339 in
1338 2292 1520 2337 monte
1549 2280 1787 2334 testimo-

176 2371 335 2450 iiium
359 2391 644 2463 perhibuit.
672 2386 777 2442 Sed
808 2385 952 2439 illam
983 2395 1166 2436 vocem
1191 2393 1294 2431 non
1319 2375 1421 2429 fert
1449 2375 1498 2426 in
1528 2371 1781 2426 medium.

179 2487 457 2542 Fortassis
480 2484 621 2539 enim
647 2496 753 2536 non
779 2476 1016 2533 creditus
1039 2473 1238 2526 fuisset.
1267 2469 1397 2523 Nam
1421 2467 1579 2520 aliam
1600 2478 1784 2517 vocem

181 2597 297 2635 non
324 2578 625 2641 audierant,
649 2585 844 2640 nempe
865 2571 917 2623 in
941 2576 1150 2630 monte;
1176 2565 1338 2617 aliam
1358 2576 1485 2616 vero
1508 2560 1789 2613 audierant

179 2669 404 2741 quidem
429 2709 443 2731 ,
479 2665 572 2721 sed
605 2679 710 2718 non
737 2660 1097 2716 attenderant.
1153 2654 1351 2708 Idcirco
1384 2652 1546 2705 mittit
1576 2649 1693 2703 illos
1720 2646 1788 2700 ad

181 2763 529 2830 Scriptor-as,
559 2754 851 2811 ostendens
884 2750 1055 2805 Patris
1075 2749 1090 2779 ¹
1124 2744 1488 2801 testimoniqu
1519 2742 1640 2795 inde
1667 2753 1788 2794 esse

184 2851 515 2908 sumendum
539 2889 553 2913 ,
593 2845 814 2901 sublatis
847 2842 993 2912 prius
1023 2838 1254 2906 antiquis
1283 2837 1335 2889 in
1364 2833 1554 2904 quibus
1583 2831 1788 2901 gloria-

186 2946 389 2999 bantur
412 2983 426 3005 ,
471 2938 553 2993 vel
598 2937 748 3008 quasi
780 2934 1040 2988 vidissent
1073 2929 1240 2983 Deum
1262 2968 1276 2991 ,
1310 2926 1390 2980 vel
1419 2924 1569 2994 quasi
1601 2937 1788 2976 vocem

189 3036 316 3105 ejus
337 3032 632 3086 audissent.
675 3027 808 3094 Quia
839 3038 967 3078 vero
993 3020 1246 3077 credibile
1266 3027 1379 3074 erat
1404 3017 1520 3086 ejus
1542 3015 1657 3070 voci
1683 3028 1786 3068 non

183 3125 494 3182 credituros
544 3135 696 3181 esse.
757 3131 926 3186 eaque
975 3115 1356 3182 iinaginaturos
1400 3124 1520 3164 esse
1572 3123 1692 3178 qua:
1736 3107 1787 3162 in

187 3227 376 3273 monte
417 3215 544 3270 Sina
587 3210 900 3265 a‘ciderunt
919 3247 934 3270 ,
976 3212 1217 3260 correcta
1247 3203 1392 3271 prius
1422 3216 1482 3254 ea
1513 3216 1631 3268 qua:
1658 3199 1788 3253 sub-

184 3308 323 3364 oriri
364 3311 568 3374 poterat
605 3315 667 3355 ea
709 3298 776 3352 de
819 3312 876 3351 re
921 3294 1247 3362 suspicione,
1275 3300 1330 3345 ct
1368 3289 1660 3344 ostendens
1703 3289 1789 3341 illa

186 3413 290 3470 per
315 3394 698 3451 demissionem
725 3387 1010 3458 quamdam
1035 3385 1169 3439 facta
1200 3397 1341 3448 esse,
1385 3381 1529 3451 ipsos
1550 3381 1617 3434 ad
1643 3379 1787 3435 Seri‘

186 3499 466 3561 pturarum
495 3480 858 3538 testimOnium
886 3477 1064 3548 mittit.

263 3581 318 3634 4.
341 3577 528 3631 Contra
557 3573 814 3628 hereticos
843 3587 870 3625 e
911 3569 1191 3638 Scripturis
1221 3565 1574 3637 pugnandum.
1612 3562 1784 3629 Quas-

185 3672 310 3726 dam
341 3678 537 3722 tantunt
561 3665 788 3728 uirtutes,
823 3660 939 3716 aliis
977 3659 1235 3729 neglectis,
1263 3672 1493 3710 exercere
1528 3671 1626 3706 non
1650 3651 1789 3721 δηῃὶ-

183 3766 278 3817 cit.
310 3760 592 3815 Hominum
617 3771 885 3810 avarorum
927 3754 1330 3822 injustorumque
1349 3748 1550 3800 insania
1579 3755 1625 3798 et
1658 3760 1786 3812 sup-

185 3856 402 3929 plicium
448 3856 701 3922 futurum.
747 3877 819 3888 —
862 3847 929 3901 Et
960 3861 1059 3899 nos
1100 3857 1312 3913 quoque
1355 3839 1571 3910 quando
1601 3847 1789 3892 contra

188 3943 479 3999 haereticos
508 3952 807 4010 pugnamus
843 3945 896 3990 et
925 3949 1199 3988 armamur
1222 3973 1235 3993 .
1271 3931 1393 3984 hinc
1425 3943 1523 3983 nos
1555 3929 1787 3982 instrua-

187 4050 334 4092 mus.
355 4033 536 4090 Omnis
555 4034 685 4085 enim
714 4029 1006 4098 Scriptura,
1039 4026 1230 4094 inquit,
1259 4023 1498 4077 divinitus
1521 4021 1787 4089 inspirata,

187 4131 332 4186 utilis
358 4143 426 4183 est
444 4128 512 4180 ad
535 4125 839 4188 docendum,
863 4123 930 4175 ad
951 4119 1288 4191 urguendum,
1312 4116 1379 4171 ad
1411 4115 1787 4185 corrigendum,

187 4223 258 4278 ad
281 4219 649 4274 instituendum
677 4218 727 4268 in
750 4214 953 4282 justitia
983 4253 998 4277 ,
1028 4221 1080 4263 ut
1111 4210 1364 4280 perfectus
1389 4209 1455 4261 sit
1478 4206 1574 4260 Dei
1616 4206 1787 4270 homo,

191 4313 264 4368 ad
287 4328 432 4366 omne
455 4325 582 4379 opus
609 4307 795 4360 bonum
819 4306 1091 4358 instructus
1125 4301 1200 4371 (2.
1231 4299 1364 4353 Tim.
1388 4300 1441 4352 5.
1473 4297 1561 4352 16.
1587 4307 1632 4350 et
1662 4298 1725 4350 l7
1747 4296 1788 4367 ).

191 4405 310 4461 Non
338 4413 393 4458 ut
414 4402 518 4456 alia
553 4399 764 4463 habeat,
783 4397 900 4450 aliis
921 4404 1104 4450 careat
1133 4413 1145 4449 :
1177 4409 1297 4447 nam
1329 4391 1448 4444 talis
1478 4391 1639 4444 homo
1669 4405 1789 4459 per-

191 4498 363 4551 fectus
404 4507 510 4546 non
555 4499 717 4545 esset.
762 4491 892 4554 Quae
937 4485 1158 4550 utilitas,
1214 4497 1435 4552 quaeso,
1483 4482 1528 4536 si
1577 4481 1792 4535 assidue

194 4593 463 4658 precetur,
521 4596 621 4636 nec
661 4581 1057 4649 eleemosynam
1089 4575 1312 4645 largiter
1355 4573 1579 4643 eroget?
1628 4573 1708 4628 vel
1742 4573 1786 4626 si

194 4678 415 4746 largiter
442 4681 666 4743 eroget,
697 4670 791 4725 sed
823 4683 988 4738 rapax
1037 4676 1092 4722 et
1123 4666 1387 4720 violentus
1427 4664 1537 4718 sit?
1562 4663 1644 4717 vel
1671 4663 1714 4716 si
1746 4661 1795 4716 id

195 4769 357 4826 faciat
393 4766 460 4820 ad
507 4764 923 4820 ostentationem
967 4768 1023 4814 et
1075 4774 1263 4812 vanam
1308 4754 1577 4826 gloriam?
1625 4747 1796 4808 vel’si

202 4870 392 4930 eroget
433 4856 646 4926 quidem
685 4860 937 4908 accurate
963 4894 976 4916 ,
1025 4859 1080 4905 ct
1119 4851 1185 4903 ad
1234 4849 1484 4918 placitum
1533 4845 1666 4909 Dei,
1705 4843 1798 4898 sed

199 4951 323 5009 inde
371 4963 492 5004 sese
530 4946 755 5002 extollat
801 4955 855 4999 et
902 4943 1068 4997 altum
1113 4940 1329 5011 sapiat?
1368 4938 1452 4994 vel
1499 4938 1543 4992 si
1585 4937 1802 4991 humilis

266 5090 278 5122 ι
317 5085 516 5146 Quidam
539 5085 738 5142 habent.
770 5080 991 5146 Spiritus,
1017 5093 1120 5143 pro,
1149 5076 1326 5128 Patris.

208 5167 2295 5209 Μ..

1194 432 1255 489 IN
1293 422 1605 488 JO.\NNEM
1647 416 1879 476 llOlllL.
1920 415 2058 472 XLI.
2097 415 2173 468 al.
2217 411 2322 468 XL.

3372 401 3476 455 23$

1875 528 2090 600 quidem
2132 529 2202 581 sit
2231 536 2284 579 et
2306 523 2525 594 jejuniis
2570 535 2629 574 se
2655 524 2900 574 exerceat
2929 557 2942 578 ,
2973 528 3165 568 avarus
3215 522 3391 567 tamen
3422 524 3476 566 et

1877 624 2152 678 usurarius
2187 629 2242 674 et
2278 618 2506 673 terrenis
2535 614 2802 676 addictus,
2835 620 3172 680 matremque
3201 607 3465 663 malorum

1877 716 2116 770 omnium
2151 715 2203 766 in
2235 711 2470 766 animam
2514 723 2666 764 suam
2700 704 2958 760 inducat?
2983 704 3219 757 Avaritia
3249 717 3480 769 namque

1879 805 2031 861 radix
2076 803 2314 858 omnium
2356 801 2620 854 malorum
2649 807 2751 853 est.
2802 797 2947 850 llanc
2978 794 3349 858 lormidemus,
3381 793 3483 846 hoc

1881 896 2146 966 fugiamus
2187 901 2487 963 peccatum.
2522 889 2648 944 ιιι-ο
2678 888 2864 942 urbem
2910 898 3172 940 terrarum
3197 884 3479 946 subvertit,

1883 987 1997 1040 haec
2022 985 2202 1039 omnia
2249 982 2499 1043 miscuit,
2533 981 2648 1035 haec
2677 993 2706 1031 a
2742 976 3049 1033 beatissima
3079 975 3278 1028 ChriSti
3309 974 3484 1025 servi-

1884 1087 1995 1131 tute
2022 1091 2118 1130 nos
2147 1074 2364 1128 abducit
2395 1090 2407 1124 :
2445 1070 2566 1125 Non
2593 1069 2799 1139 potestis
2825 1109 2838 1130 ,
2870 1068 3061 1136 inquit,
3099 1065 3204 1118 Deo
3234 1065 3418 1118 servire
3440 1074 3486 1116 et

1883 1182 2153 1232 mamonae,
2203 1165 2290 1234 qui
2341 1163 2556 1218 Christo
2594 1159 2864 1215 contraria
2926 1159 3184 1227 praecipit.
3238 1156 3485 1210 Christus

1884 1259 2080 1327 quippe
2110 1256 2258 1318 dicit,
2289 1256 2358 1308 Da
2390 1252 2754 1322 indigentibus
2780 1266 2794 1315 ;
2826 1250 2934 1312 ille,
2969 1249 3116 1317 Rape
3145 1248 3214 1301 ab
3243 1247 3488 1315 indigeno

1888 1352 2046 1405 tibus.
2079 1349 2328 1405 Christus
2359 1347 2507 1409 dicit,
2539 1342 2923 1398 insidiantibus
2948 1339 3062 1406 tibi,
3086 1349 3143 1396 et
3166 1339 3488 1393 lmdentibns

1887 1449 1938 1494 te
1967 1441 2033 1493 da
2063 1440 2270 1492 veniam
2299 1456 2310 1489 :
2342 1438 2426 1490 hic
2447 1446 2657 1497 contra,
2690 1436 2932 1502 Laqueus
2964 1446 3091 1499 para
3111 1429 3371 1484 adversus
3395 1445 3492 1481 eos

1887 1534 1975 1602 qui
2010 1540 2060 1585 te
2101 1529 2232 1583 nihil
2286 1529 2560 1583 larserunt.
2619 1525 2868 1579 Christus
2913 1522 3063 1586 dicit,
3116 1521 3386 1590 Benignus
3435 1531 3490 1573 et

1889 1632 2198 1676 mansuetus
2250 1629 2401 1684 esto;
2458 1619 2542 1671 hic
2589 1637 2618 1671 e
2662 1616 2972 1677 contrario,
3005 1612 3251 1667 Crudelis
3293 1622 3410 1665 esto
3439 1621 3494 1665 ct

1893 1715 2234 1775 inhumanus,
2260 1720 2313 1765 et
2341 1710 2471 1764 nihil
2504 1723 2624 1762 esse
2671 1706 2976 1760 existimato
3005 1704 3270 1775 lacrymas
3295 1718 3497 1772 paupe-

1889 1820 2043 1868 rum;
2075 1813 2131 1857 ut
2160 1806 2212 1856 in
2241 1803 2327 1856 illa
2357 1800 2445 1855 die
2462 1815 2711 1854 severum
2741 1799 2896 1852 nobis
2918 1795 3494 1864 constituatjudicem.

1891 1896 2041 1949 'l‘unc
2070 1895 2212 1949 enim
2244 1892 2397 1947 nobis
2424 1893 2605 1946 omnia
2633 1933 2647 1956 ,
2699 1905 2821 1961 quas
2865 1888 3139 1953 iecimus;
3158 1898 3282 1941 ante
3311 1888 3498 1940 oculos

1892 1987 2280 2049 versabuntur,
2314 1984 2534 2052 hesique
2581 1982 2655 2035 illi
2707 1991 2761 2034 et
2805 1980 2989 2034 nudati
3027 1997 3056 2031 a
3090 1979 3246 2032 nobis
3277 1993 3493 2032 onmem

1892 2079 2047 2132 nobis
2075 2077 2444 2132 defensionem
2475 2072 2854 2128 intercludent.
2884 2071 2940 2126 Si
2964 2071 3108 2125 enim
3141 2069 3378 2124 Lazarus
3404 2071 3495 2140 qui

1893 2169 2025 2224 nihil
2075 2169 2234 2224 lassus
2271 2168 2442 2222 fuerat
2472 2181 2501 2220 a
2530 2167 2694 2220 divite
2717 2207 2730 2230 ,
2769 2164 2864 2218 sed
2898 2164 3099 2218 nullam
3145 2164 3214 2217 ab
3245 2179 3310 2218 eo
3340 2179 3497 2231 opem

1892 2269 2196 2330 acceperat,
2222 2252 2447 2314 acerbus
2469 2259 2587 2327 ejus
2615 2265 2895 2312 accusator
2922 2256 3151 2320 exstitit,
3181 2270 3280 2310 nec
3304 2257 3502 2323 permi-

1893 2354 1961 2408 sit
1993 2362 2049 2406 nt
2079 2353 2292 2407 veniam
2337 2352 2502 2404 ullam
2549 2359 2969 2419 consequeretur
3013 2365 3025 2400 :
3060 2362 3244 2417 quam,
3275 2362 3494 2417 qumso.

1893 2445 2264 2500 defensionem
2296 2443 2608 2505 habebunt,
2661 2440 2749 2510 qui
2795 2440 2970 2494 aliena
3021 2438 3256 2508 rapiunt,
3301 2439 3497 2493 nedum

1893 2536 2297 2606 elcemosynam
2343 2541 2599 2602 erogent,
2650 2530 3083 2601 pupillorumque
3122 2528 3312 2582 domos
3337 2544 3500 2583 ever.

1896 2625 2052 2679 tttnt?
2109 2624 2163 2680 Si
2204 2624 2279 2678 illi
2309 2623 2397 2693 qui
2445 2621 2714 2677 Christum
2761 2621 3085 2675 esurientem
3139 2635 3244 2672 non
3294 2620 3503 2675 nutrie-

1893 2727 2044 2780 runt,
2084 2724 2288 2769 tantum
2336 2717 2511 2784 ignem
2541 2715 2594 2767 in
2629 2722 2787 2782 caput
2815 2727 2968 2766 suum
2997 2720 3334 2766 attraxerant
3365 2730 3376 2762 :
3407 2714 3497 2782 qui

1893 2807 2065 2860 aliena
2094 2806 2329 2874 rapiunt,
2362 2805 2512 2859 mille
2537 2805 2657 2858 lites
2696 2810 2915 2857 movent
2937 2843 2951 2864 ,
2981 2803 3331 2872 omniumque
3363 2803 3500 2857 bona

1895 2899 1995 2952 sibi
2014 2898 2348 2963 adscribunt,
2377 2912 2484 2966 qua
2501 2895 2876 2952 consolatione
2898 2895 3180 2951 fruentur?
3202 2895 3347 2950 lianc
3370 2913 3500 2966 ergo

1894 2992 2239 3061 cupiditatem
2272 2990 2574 3059 ejiciamns.
2624 2989 2914 3058 Ejiciemns
2945 2998 3124 3043 autem
3152 3030 3168 3056 ,
3202 2990 3245 3043 si
3293 2991 3494 3058 cogite-

1895 3100 2014 3137 mus
2039 3083 2265 3150 injustos
2291 3081 2540 3135 homines
2569 3089 2623 3135 et
2663 3095 2858 3134 avaros
2882 3080 2974 3150 qui
3002 3089 3125 3136 ante
3151 3095 3252 3135 nos
3285 3080 3500 3136 fuerunt

1895 3185 1948 3228 et
1977 3174 2244 3227 obierunt.
2281 3174 2475 3226 Annon
2527 3173 2615 3225 alii
2647 3186 2834 3226 eorum
2868 3173 3108 3240 pecuniis
3138 3180 3195 3226 et
3227 3172 3501 3228 laboribus

1898 3265 2162 3329 fruuntur,
2189 3264 2286 3333 ipsi
2317 3263 2581 3334 supplicio
2605 3304 2619 3326 ,
2649 3263 2887 3316 cruciatu
2934 3270 2989 3316 et
3015 3262 3166 3316 malis
3195 3262 3503 3321 intolerabi-

1896 3356 2038 3410 libus
2073 3355 2418 3424 plectuntur?
2447 3357 2642 3406 Annon
2685 3361 2945 3406 extrema:
2985 3352 3274 3406 demenliin
3304 3353 3460 3407 fuerit
3487 3396 3501 3418 ,

1897 3447 1947 3499 in
1977 3443 2340 3498 sollicitudine
2367 3454 2422 3496 et
2456 3442 2716 3495 aerumnis
2745 3443 2969 3506 versari,
3003 3451 3059 3495 ut
3100 3450 3153 3496 et
3183 3443 3236 3496 in
3270 3442 3366 3498 hac
3400 3445 3504 3499 vita

1897 3535 2171 3589 laboribus
2199 3543 2528 3596 atteramur,
2564 3541 2618 3586 et
2672 3531 2797 3587 hinc
2826 3532 3117 3601 migrantes
3149 3534 3505 3590 intolerabili-

1899 3626 1998 3680 bus
2057 3637 2404 3695 torqueatnur
2457 3625 2737 3695 suppliciis
2799 3633 2959 3694 atque
3009 3624 3321 3693 laboribus,
3382 3643 3504 3683 cum

1897 3726 2175 3785 oporteret
2200 3727 2256 3770 et
2284 3716 2369 3769 hic
2397 3716 2447 3768 in
2481 3715 2689 3769 deliciis
2726 3717 2908 3770 vivere
2934 3716 3090 3783 (nimi
3123 3718 3268 3772 enim
3301 3727 3504 3774 tmttam

1899 3809 2229 3876 voluptatem
2265 3809 2436 3875 parit,
2468 3818 2725 3876 quantam
2758 3809 3098 3880 eleemosyna
3125 3852 3137 3872 ,
3168 3813 3496 3868 conscientia

1898 3915 2028 3969 pura
2053 3900 2068 3930 ί
2097 3896 2140 3970 ),
2167 3908 2221 3953 et
2246 3898 2530 3952 defunctos
2557 3900 2625 3953 ab
2645 3899 2894 3953 omnibus
2913 3901 3030 3954 erui
3061 3902 3234 3967 malis,
3259 3913 3313 3958 et
3345 3905 3505 3960 imm-

1898 4009 2044 4048 mera
2076 3993 2331 4062 consequi
2355 3993 2494 4047 bona
2517 3993 2540 4046 ?
2567 3993 2716 4047 Sicut
2736 3993 2879 4047 enim
2907 3995 3164 4062 nequitia,
3191 3997 3354 4050 etiam
3378 4010 3504 4053 ante

1897 4086 2200 4156 gehennam
2223 4126 2238 4150 ,
2272 4099 2366 4140 eos
2397 4087 2487 4154 qui
2521 4086 2667 4140 illam
2712 4095 2969 4140 exercent
2999 4088 3264 4156 supplicio
3294 4089 3508 4146 afficere

1898 4178 2038 4232 solet
2069 4195 2080 4229 :
2109 4179 2187 4232 sic
2215 4187 2267 4231 et
2299 4178 2503 4242 virtus,
2527 4177 2690 4232 etiam
2723 4187 2849 4231 ante
2871 4193 3095 4248 regnum
3120 4220 3135 4243 ,
3171 4180 3315 4234 illum
3346 4197 3508 4236 exer-

1898 4269 2147 4323 centibus
2168 4269 2394 4322 delicias
2419 4278 2592 4336 parat,
2640 4268 2782 4322 bona
2814 4285 2908 4337 spe
2937 4310 2951 4333 ,
2984 4271 3204 4338 perenni
3240 4272 3510 4340 voluptate

1905 4363 2060 4412 vitam
2092 4357 2358 4413 afﬁciens.
2386 4358 2453 4413 Ut
2475 4358 2612 4412 hanc
2635 4359 2812 4428 itaque
2845 4370 2898 4414 et
2930 4358 3016 4414 llic
3039 4369 3092 4413 et
3120 4361 3171 4413 in
3200 4362 3376 4416 futura
3402 4363 3507 4417 vita

1900 4465 2314 4517 consequamur,
2346 4451 2500 4503 bonis
2530 4450 2903 4503 incumbamus
2932 4450 3208 4519 operibus.
3238 4450 3328 4505 Sic
3359 4455 3506 4506 enim

1902 4552 1955 4596 et
1982 4541 2186 4596 futuras
2212 4541 2574 4611 adipiscemur
2611 4555 2876 4604 coronas;
2905 4558 3039 4611 quas
3071 4545 3272 4596 utinam
3301 4561 3503 4599 conse-

1904 4652 2132 4705 qnamur
2179 4650 2369 4690 omnes
2411 4636 2584 4704 gratia
2624 4645 2678 4690 et
2729 4635 3058 4706 benignitate
3100 4638 3310 4692 Domini
3345 4642 3513 4694 nostri

1905 4727 2033 4782 Jesu
2063 4726 2287 4792 Christi,
2315 4741 2408 4795 per
2433 4742 2591 4796 quem
2620 4736 2673 4781 et
2699 4742 2819 4780 cum
2850 4743 2956 4796 quo
2986 4730 3126 4782 Patri
3160 4731 3350 4799 gloria,
3383 4748 3520 4785 ttna-

1907 4835 2012 4890 que
2043 4819 2269 4889 Spiritui
2293 4829 2500 4883 sancto,
2527 4835 2667 4874 nunc
2695 4829 2749 4874 et
2774 4835 3007 4890 semper,
3034 4831 3088 4876 et
3110 4823 3160 4876 in
3185 4825 3382 4878 saecula
3409 4840 3516 4880 sa:-

1909 4914 2175 4967 culorum.
2212 4914 2403 4966 Amen.

1975 5009 1989 5037 ί
2027 5003 2302 5076 sayil._loco
2327 5001 2518 5076 illorum
2538 5011 2806 5076 _,quantam
2850 5004 3152 5070 eleemosyna
3172 5041 3188 5066 ,
3223 5007 3522 5061 conscientia

1910 5081 2055 5132 pura,
2084 5065 2224 5129 legit,
2249 5072 2480 5128 quantam
2502 5059 2822 5129 elcémosyna:
2843 5059 3390 5129 erogatafconscieutia.

2299 5168 3508 5193 __———_——W—-.

1564 5248 1915 5313 HOMILIA
1984 5243 2153 5306 XLI.

203 5393 294 5449 39.
347 5385 662 5446 Scrutamini
695 5385 1022 5450 Scripturas,
1064 5383 1181 5451 quia
1223 5395 1309 5433 vos
1355 5379 1542 5448 putatis
1587 5376 1637 5429 in
1677 5375 1803 5442 ipsis

275 5484 429 5537 vitam
460 5491 701 5534 cateruam
727 5476 909 5530 habere
940 5489 957 5528 :
985 5483 1030 5527 et
1055 5474 1160 5526 illas
1180 5481 1296 5524 sunt
1323 5485 1436 5540 qua:
1465 5466 1805 5522 testimonium

276 5571 538 5642 perhibent
569 5569 632 5622 de
661 5583 741 5621 me
768 5582 786 5623 :
814 5565 902 5620 10.
928 5574 1095 5618 etnon
1120 5562 1269 5616 vultis
1303 5561 1469 5614 venire
1519 5558 1585 5612 ad
1614 5573 1712 5622 me,
1753 5565 1806 5607 ut

277 5665 431 5719 vitam
459 5672 708 5714 externam
734 5657 982 5713 habeatis.

284 5756 336 5810 1.
366 5753 464 5807 Res
477 5748 767 5822 spirftuales
791 5749 936 5802 multi
953 5746 1220 5817 facienda.
1255 5745 1548 5813 Scripturas
1571 5758 1670 5794 non
1691 5755 1801 5808 per-

205 5840 462 5914 fmirtorie
515 5844 800 5916 legendum,
860 5841 1139 5910 praesertim
1180 5839 1231 5891 in
1272 5837 1393 5891 locis
1445 5835 1511 5888 ad
1546 5833 1803 5889 Christum

1909 5367 2290 5440 pertinentibus.
2334 5367 2565 5424 Cltristus
2612 5375 2950 5442 pertinaciam
2997 5372 3308 5430 Judteorstm
3346 5377 3524 5431 redar-

1911 5465 2037 5535 guit,
2070 5465 2345 5517 maximam
2377 5463 2624 5518 a'dhibens
2665 5468 2992 5534 prudentiam
3030 5468 3410 5540 maximamque
3434 5488 3522 5523 ar-

1915 5565 2266 5626 gumentorum
2298 5556 2394 5609 vim
2418 5570 2437 5619 ;
2467 5556 2698 5622 praedicit
2721 5558 2859 5628 ipsos
2886 5559 3257 5612 Antichristum
3288 5571 3524 5629 receptu-

1915 5647 2366 5718 ros.—-.\lagnam,
2401 5647 2603 5711 dilecti,
2639 5647 2708 5702 de
2735 5649 3105 5717 Spiritualibus
3134 5652 3399 5704 rationem
3435 5651 3527 5704 ha~

1932 5744 2188 5805 beamus,
2230 5755 2401 5809 neque
2431 5749 2608 5794 tamen
2666 5741 2819 5794 nobis
2871 5741 2936 5795 ad
2968 5741 3192 5796 salutem
3247 5743 3376 5796 satis
3409 5758 3529 5799 esse

1927 5846 2194 5902 pulcmus,
2218 5833 2259 5886 si
2293 5847 2356 5886 ca
2381 5842 2670 5901 utcumque
2705 5839 3017 5887 tractemus.
3043 5831 3181 5887 Nam
3205 5835 3248 5886 si
3283 5833 3333 5881 in
3363 5849 3536 5888 arcu-
