  <div class='ocr_page' id='page_1' title='image "/cluster/home/n/w/nwhite01/storage/ocr_20150623/59/ien.35556001660869/241.png"; bbox 0 0 4024 6442; ppageno 0'>
   <div class='ocr_carea' id='block_1_1' title="bbox 599 364 704 420">
    <p class='ocr_par' dir='ltr' id='par_1_1' title="bbox 599 364 704 420">
     <span class='ocr_line' id='line_1_1' title="bbox 599 364 704 420; baseline -0.038 -1"><span class='ocrx_word' id='word_1_1' title='bbox 599 364 704 420; x_wconf 60' lang='grc' dir='ltr'>εις</span> 
     </span>
    </p>
   </div>
   <div class='ocr_carea' id='block_1_2' title="bbox 600 499 2168 571">
    <p class='ocr_par' dir='ltr' id='par_1_2' title="bbox 600 499 2168 571">
     <span class='ocr_line' id='line_1_2' title="bbox 600 499 2168 571; baseline 0.004 -21"><span class='ocrx_word' id='word_1_2' title='bbox 600 499 801 553; x_wconf 84' lang='lat' dir='ltr'><strong>laribus</strong></span> <span class='ocrx_word' id='word_1_3' title='bbox 836 499 994 554; x_wconf 81' lang='lat' dir='ltr'><strong>rebus</strong></span> <span class='ocrx_word' id='word_1_4' title='bbox 1041 514 1199 554; x_wconf 87' lang='lat' dir='ltr'><strong>nemo</strong></span> <span class='ocrx_word' id='word_1_5' title='bbox 1244 514 1490 571; x_wconf 83' lang='lat' dir='ltr'><strong>magnum</strong></span> <span class='ocrx_word' id='word_1_6' title='bbox 1534 501 1803 571; x_wconf 81' lang='lat' dir='ltr'><strong>quidpiam</strong></span> <span class='ocrx_word' id='word_1_7' title='bbox 1835 503 2026 558; x_wconf 86' lang='lat' dir='ltr'><strong>lucrari</strong></span> <span class='ocrx_word' id='word_1_8' title='bbox 2073 503 2168 556; x_wconf 84' lang='lat' dir='ltr'><strong>de-</strong></span> 
     </span>
    </p>
   </div>
   <div class='ocr_carea' id='block_1_3' title="bbox 605 588 2170 661">
    <p class='ocr_par' dir='ltr' id='par_1_3' title="bbox 605 588 2170 661">
     <span class='ocr_line' id='line_1_3' title="bbox 605 588 2170 661; baseline 0.005 -23"><span class='ocrx_word' id='word_1_9' title='bbox 605 588 990 656; x_wconf 86' lang='lat' dir='ltr'><strong>prehenditur,</strong></span> <span class='ocrx_word' id='word_1_10' title='bbox 1040 589 1082 642; x_wconf 93' lang='lat' dir='ltr'><strong>si</strong></span> <span class='ocrx_word' id='word_1_11' title='bbox 1132 588 1305 643; x_wconf 68' lang='lat' dir='ltr'><strong>obiter</strong></span> <span class='ocrx_word' id='word_1_12' title='bbox 1349 602 1397 645; x_wconf 79' lang='lat' dir='ltr'><strong>et</strong></span> <span class='ocrx_word' id='word_1_13' title='bbox 1434 592 1786 659; x_wconf 74' lang='lat' dir='ltr'><strong>perfunctorie</strong></span> <span class='ocrx_word' id='word_1_14' title='bbox 1813 604 1962 661; x_wconf 82' lang='lat' dir='ltr'><strong>agat,</strong></span> <span class='ocrx_word' id='word_1_15' title='bbox 2005 593 2170 646; x_wconf 90' lang='lat' dir='ltr'><strong>multo</strong></span> 
     </span>
    </p>
   </div>
   <div class='ocr_carea' id='block_1_4' title="bbox 604 676 2165 748">
    <p class='ocr_par' dir='ltr' id='par_1_4' title="bbox 604 676 2165 748">
     <span class='ocr_line' id='line_1_4' title="bbox 604 676 2165 748; baseline 0.002 -19"><span class='ocrx_word' id='word_1_16' title='bbox 604 677 768 744; x_wconf 82' lang='lat' dir='ltr'><strong>magis</strong></span> <span class='ocrx_word' id='word_1_17' title='bbox 795 677 845 729; x_wconf 89' lang='lat' dir='ltr'><strong>itt</strong></span> <span class='ocrx_word' id='word_1_18' title='bbox 873 676 1233 745; x_wconf 74' lang='lat' dir='ltr'><strong>Spiritualihus</strong></span> <span class='ocrx_word' id='word_1_19' title='bbox 1271 680 1427 732; x_wconf 87' lang='lat' dir='ltr'><strong>rebus</strong></span> <span class='ocrx_word' id='word_1_20' title='bbox 1455 679 1504 732; x_wconf 91' lang='lat' dir='ltr'><strong>id</strong></span> <span class='ocrx_word' id='word_1_21' title='bbox 1532 680 1758 742; x_wconf 83' lang='lat' dir='ltr'><strong>eveniet,</strong></span> <span class='ocrx_word' id='word_1_22' title='bbox 1790 682 1912 748; x_wconf 92' lang='lat' dir='ltr'><strong>quia</strong></span> <span class='ocrx_word' id='word_1_23' title='bbox 1944 681 2024 732; x_wconf 69' lang='lat' dir='ltr'><strong>hee</strong></span> <span class='ocrx_word' id='word_1_24' title='bbox 2053 695 2165 732; x_wconf 86' lang='lat' dir='ltr'><strong>tna-</strong></span> 
     </span>
    </p>
   </div>
   <div class='ocr_carea' id='block_1_5' title="bbox 595 766 2166 838">
    <p class='ocr_par' dir='ltr' id='par_1_5' title="bbox 595 766 2166 838">
     <span class='ocr_line' id='line_1_5' title="bbox 595 766 2166 838; baseline 0.002 -19"><span class='ocrx_word' id='word_1_25' title='bbox 595 769 694 832; x_wconf 87' lang='lat' dir='ltr'><strong>jori</strong></span> <span class='ocrx_word' id='word_1_26' title='bbox 733 781 868 836; x_wconf 87' lang='lat' dir='ltr'><strong>opus</strong></span> <span class='ocrx_word' id='word_1_27' title='bbox 903 766 1099 822; x_wconf 78' lang='lat' dir='ltr'><strong>habent</strong></span> <span class='ocrx_word' id='word_1_28' title='bbox 1127 768 1413 838; x_wconf 90' lang='lat' dir='ltr'><strong>diligentia.</strong></span> <span class='ocrx_word' id='word_1_29' title='bbox 1452 768 1833 823; x_wconf 86' lang='lat' dir='ltr'><strong>ldeoClnistns</strong></span> <span class='ocrx_word' id='word_1_30' title='bbox 1858 769 2070 823; x_wconf 75' lang='lat' dir='ltr'><strong>Judmos</strong></span> <span class='ocrx_word' id='word_1_31' title='bbox 2099 769 2166 822; x_wconf 91' lang='lat' dir='ltr'><strong>ad</strong></span> 
     </span>
    </p>
   </div>
   <div class='ocr_carea' id='block_1_6' title="bbox 590 854 2162 926">
    <p class='ocr_par' dir='ltr' id='par_1_6' title="bbox 590 854 2162 926">
     <span class='ocr_line' id='line_1_6' title="bbox 590 854 2162 926; baseline 0.003 -19"><span class='ocrx_word' id='word_1_32' title='bbox 590 854 892 922; x_wconf 89' lang='lat' dir='ltr'><strong>Scripturas</strong></span> <span class='ocrx_word' id='word_1_33' title='bbox 934 857 1241 921; x_wconf 87' lang='lat' dir='ltr'><strong>remittens,</strong></span> <span class='ocrx_word' id='word_1_34' title='bbox 1290 873 1392 910; x_wconf 93' lang='lat' dir='ltr'><strong>non</strong></span> <span class='ocrx_word' id='word_1_35' title='bbox 1424 858 1489 911; x_wconf 88' lang='lat' dir='ltr'><strong>ad</strong></span> <span class='ocrx_word' id='word_1_36' title='bbox 1537 859 1830 926; x_wconf 91' lang='lat' dir='ltr'><strong>simplicem</strong></span> <span class='ocrx_word' id='word_1_37' title='bbox 1863 859 2162 924; x_wconf 84' lang='lat' dir='ltr'><strong>lcetionem,</strong></span> 
     </span>
    </p>
   </div>
   <div class='ocr_carea' id='block_1_7' title="bbox 594 945 2163 1018">
    <p class='ocr_par' dir='ltr' id='par_1_7' title="bbox 594 945 2163 1018">
     <span class='ocr_line' id='line_1_7' title="bbox 594 945 2163 1018; baseline 0.006 -21"><span class='ocrx_word' id='word_1_38' title='bbox 594 945 689 998; x_wconf 84' lang='lat' dir='ltr'><strong>sed</strong></span> <span class='ocrx_word' id='word_1_39' title='bbox 717 945 780 999; x_wconf 82' lang='lat' dir='ltr'><strong>ad</strong></span> <span class='ocrx_word' id='word_1_40' title='bbox 813 956 1118 1000; x_wconf 86' lang='lat' dir='ltr'><strong>accuratum</strong></span> <span class='ocrx_word' id='word_1_41' title='bbox 1147 963 1364 1002; x_wconf 81' lang='lat' dir='ltr'><strong>examen</strong></span> <span class='ocrx_word' id='word_1_42' title='bbox 1397 949 1516 1002; x_wconf 90' lang='lat' dir='ltr'><strong>illos</strong></span> <span class='ocrx_word' id='word_1_43' title='bbox 1540 950 1783 1002; x_wconf 71' lang='lat' dir='ltr'><strong>remittit.</strong></span> <span class='ocrx_word' id='word_1_44' title='bbox 1815 950 1996 1018; x_wconf 80' lang='lat' dir='ltr'><strong>Neque</strong></span> <span class='ocrx_word' id='word_1_45' title='bbox 2019 951 2163 1006; x_wconf 91' lang='lat' dir='ltr'><strong>enim</strong></span> 
     </span>
    </p>
   </div>
   <div class='ocr_carea' id='block_1_8' title="bbox 590 1035 2160 1108">
    <p class='ocr_par' dir='ltr' id='par_1_8' title="bbox 590 1035 2160 1108">
     <span class='ocr_line' id='line_1_8' title="bbox 590 1035 2160 1108; baseline 0.005 -22"><span class='ocrx_word' id='word_1_46' title='bbox 590 1035 744 1100; x_wconf 75' lang='lat' dir='ltr'><strong>dixit,</strong></span> <span class='ocrx_word' id='word_1_47' title='bbox 777 1035 957 1103; x_wconf 80' lang='lat' dir='ltr'><strong>Legite</strong></span> <span class='ocrx_word' id='word_1_48' title='bbox 976 1035 1277 1105; x_wconf 89' lang='lat' dir='ltr'><strong>Seripturas</strong></span> <span class='ocrx_word' id='word_1_49' title='bbox 1301 1055 1314 1099; x_wconf 88' lang='lat'>;</span> <span class='ocrx_word' id='word_1_50' title='bbox 1349 1039 1441 1092; x_wconf 88' lang='lat' dir='ltr'><strong>sed</strong></span> <span class='ocrx_word' id='word_1_51' title='bbox 1469 1081 1482 1102; x_wconf 93' lang='lat'><strong>,</strong></span> <span class='ocrx_word' id='word_1_52' title='bbox 1512 1038 1822 1092; x_wconf 84' lang='lat' dir='ltr'><strong>Scrutamini</strong></span> <span class='ocrx_word' id='word_1_53' title='bbox 1849 1039 2160 1108; x_wconf 80' lang='lat' dir='ltr'><strong>Scripturas.</strong></span> 
     </span>
    </p>
   </div>
   <div class='ocr_carea' id='block_1_9' title="bbox 587 1126 2164 1197">
    <p class='ocr_par' dir='ltr' id='par_1_9' title="bbox 587 1126 2164 1197">
     <span class='ocr_line' id='line_1_9' title="bbox 587 1126 2164 1197; baseline 0.004 -19"><span class='ocrx_word' id='word_1_54' title='bbox 587 1126 719 1192; x_wconf 85' lang='lat' dir='ltr'><strong>Quia</strong></span> <span class='ocrx_word' id='word_1_55' title='bbox 747 1141 807 1180; x_wconf 86' lang='lat' dir='ltr'><strong>ea</strong></span> <span class='ocrx_word' id='word_1_56' title='bbox 833 1168 848 1190; x_wconf 96' lang='lat'><strong>,</strong></span> <span class='ocrx_word' id='word_1_57' title='bbox 877 1143 995 1195; x_wconf 78' lang='lat' dir='ltr'><strong>quze</strong></span> <span class='ocrx_word' id='word_1_58' title='bbox 1021 1126 1089 1181; x_wconf 93' lang='lat' dir='ltr'><strong>de</strong></span> <span class='ocrx_word' id='word_1_59' title='bbox 1134 1128 1248 1196; x_wconf 88' lang='lat' dir='ltr'><strong>ipso</strong></span> <span class='ocrx_word' id='word_1_60' title='bbox 1279 1129 1348 1182; x_wconf 86' lang='lat' dir='ltr'><strong>ibi</strong></span> <span class='ocrx_word' id='word_1_61' title='bbox 1380 1128 1629 1183; x_wconf 90' lang='lat' dir='ltr'><strong>dicuntur</strong></span> <span class='ocrx_word' id='word_1_62' title='bbox 1651 1171 1665 1194; x_wconf 93' lang='lat'><strong>,</strong></span> <span class='ocrx_word' id='word_1_63' title='bbox 1711 1131 1872 1183; x_wconf 91' lang='lat' dir='ltr'><strong>multa</strong></span> <span class='ocrx_word' id='word_1_64' title='bbox 1906 1145 2039 1197; x_wconf 89' lang='lat' dir='ltr'><strong>opus</strong></span> <span class='ocrx_word' id='word_1_65' title='bbox 2069 1130 2164 1183; x_wconf 85' lang='lat' dir='ltr'><strong>ha-</strong></span> 
     </span>
    </p>
   </div>
   <div class='ocr_carea' id='block_1_10' title="bbox 587 1200 2160 1290">
    <p class='ocr_par' dir='ltr' id='par_1_10' title="bbox 587 1200 2160 1290">
     <span class='ocr_line' id='line_1_10' title="bbox 587 1200 2160 1290; baseline 0.002 -19"><span class='ocrx_word' id='word_1_66' title='bbox 587 1200 713 1271; x_wconf 76' lang='lat' dir='ltr'><strong>bent</strong></span> <span class='ocrx_word' id='word_1_67' title='bbox 739 1217 1143 1287; x_wconf 74' lang='lat' dir='ltr'><strong>investigatione</strong></span> <span class='ocrx_word' id='word_1_68' title='bbox 1167 1219 1291 1286; x_wconf 69' lang='lat' dir='ltr'><strong>(sub</strong></span> <span class='ocrx_word' id='word_1_69' title='bbox 1319 1220 1505 1273; x_wconf 91' lang='lat' dir='ltr'><strong>umbra</strong></span> <span class='ocrx_word' id='word_1_70' title='bbox 1529 1222 1673 1273; x_wconf 88' lang='lat' dir='ltr'><strong>enim</strong></span> <span class='ocrx_word' id='word_1_71' title='bbox 1703 1219 1928 1290; x_wconf 89' lang='lat' dir='ltr'><strong>quadam</strong></span> <span class='ocrx_word' id='word_1_72' title='bbox 1957 1221 2160 1274; x_wconf 86' lang='lat' dir='ltr'><strong>occulta</strong></span> 
     </span>
    </p>
   </div>
   <div class='ocr_carea' id='block_1_11' title="bbox 582 1307 2157 1380">
    <p class='ocr_par' dir='ltr' id='par_1_11' title="bbox 582 1307 2157 1380">
     <span class='ocr_line' id='line_1_11' title="bbox 582 1307 2157 1380; baseline 0.004 -23"><span class='ocrx_word' id='word_1_73' title='bbox 582 1309 850 1361; x_wconf 86' lang='lat' dir='ltr'><strong>veteribus</strong></span> <span class='ocrx_word' id='word_1_74' title='bbox 875 1307 1103 1378; x_wconf 83' lang='lat' dir='ltr'><strong>erant),</strong></span> <span class='ocrx_word' id='word_1_75' title='bbox 1145 1308 1266 1363; x_wconf 91' lang='lat' dir='ltr'><strong>ideo</strong></span> <span class='ocrx_word' id='word_1_76' title='bbox 1317 1309 1436 1364; x_wconf 91' lang='lat' dir='ltr'><strong>illos</strong></span> <span class='ocrx_word' id='word_1_77' title='bbox 1480 1319 1732 1365; x_wconf 77' lang='lat' dir='ltr'><strong>accurate</strong></span> <span class='ocrx_word' id='word_1_78' title='bbox 1781 1309 1963 1365; x_wconf 82' lang='lat' dir='ltr'><strong>fodere</strong></span> <span class='ocrx_word' id='word_1_79' title='bbox 1989 1311 2157 1380; x_wconf 85' lang='lat' dir='ltr'><strong>jubet,</strong></span> 
     </span>
    </p>
   </div>
   <div class='ocr_carea' id='block_1_12' title="bbox 581 1394 2158 1470">
    <p class='ocr_par' dir='ltr' id='par_1_12' title="bbox 581 1394 2158 1470">
     <span class='ocr_line' id='line_1_12' title="bbox 581 1394 2158 1470; baseline 0.006 -22"><span class='ocrx_word' id='word_1_80' title='bbox 581 1404 639 1449; x_wconf 93' lang='lat' dir='ltr'><strong>ut</strong></span> <span class='ocrx_word' id='word_1_81' title='bbox 668 1397 718 1449; x_wconf 90' lang='lat' dir='ltr'><strong>in</strong></span> <span class='ocrx_word' id='word_1_82' title='bbox 751 1394 1010 1464; x_wconf 89' lang='lat' dir='ltr'><strong>profundo</strong></span> <span class='ocrx_word' id='word_1_83' title='bbox 1067 1397 1236 1466; x_wconf 88' lang='lat' dir='ltr'><strong>posita</strong></span> <span class='ocrx_word' id='word_1_84' title='bbox 1276 1401 1512 1468; x_wconf 85' lang='lat' dir='ltr'><strong>reperire</strong></span> <span class='ocrx_word' id='word_1_85' title='bbox 1563 1400 1784 1470; x_wconf 86' lang='lat' dir='ltr'><strong>possint.</strong></span> <span class='ocrx_word' id='word_1_86' title='bbox 1815 1399 1994 1469; x_wconf 84' lang='lat' dir='ltr'><strong>Neque</strong></span> <span class='ocrx_word' id='word_1_87' title='bbox 2017 1402 2158 1456; x_wconf 86' lang='lat' dir='ltr'><strong>enim</strong></span> 
     </span>
    </p>
   </div>
   <div class='ocr_carea' id='block_1_13' title="bbox 580 1477 2160 1561">
    <p class='ocr_par' dir='ltr' id='par_1_13' title="bbox 580 1477 2160 1561">
     <span class='ocr_line' id='line_1_13' title="bbox 580 1477 2160 1561; baseline 0.003 -19"><span class='ocrx_word' id='word_1_88' title='bbox 580 1489 632 1542; x_wconf 90' lang='lat' dir='ltr'><strong>in</strong></span> <span class='ocrx_word' id='word_1_89' title='bbox 661 1488 946 1557; x_wconf 81' lang='lat' dir='ltr'><strong>superficie</strong></span> <span class='ocrx_word' id='word_1_90' title='bbox 969 1477 1060 1542; x_wconf 82' lang='lat' dir='ltr'><strong>vel</strong></span> <span class='ocrx_word' id='word_1_91' title='bbox 1094 1489 1145 1542; x_wconf 92' lang='lat' dir='ltr'><strong>in</strong></span> <span class='ocrx_word' id='word_1_92' title='bbox 1185 1501 1475 1559; x_wconf 87' lang='lat' dir='ltr'><strong>conspectu</strong></span> <span class='ocrx_word' id='word_1_93' title='bbox 1499 1500 1716 1559; x_wconf 79' lang='lat' dir='ltr'><strong>jacent,</strong></span> <span class='ocrx_word' id='word_1_94' title='bbox 1747 1491 1839 1546; x_wconf 87' lang='lat' dir='ltr'><strong>sed</strong></span> <span class='ocrx_word' id='word_1_95' title='bbox 1872 1492 2023 1561; x_wconf 89' lang='lat' dir='ltr'><strong>quasi</strong></span> <span class='ocrx_word' id='word_1_96' title='bbox 2053 1492 2160 1547; x_wconf 87' lang='lat' dir='ltr'><strong>the-</strong></span> 
     </span>
    </p>
   </div>
   <div class='ocr_carea' id='block_1_14' title="bbox 578 1578 2154 1647">
    <p class='ocr_par' dir='ltr' id='par_1_14' title="bbox 578 1578 2154 1647">
     <span class='ocr_line' id='line_1_14' title="bbox 578 1578 2154 1647; baseline 0.004 -18"><span class='ocrx_word' id='word_1_97' title='bbox 578 1593 769 1629; x_wconf 80' lang='lat' dir='ltr'><strong>saurus</strong></span> <span class='ocrx_word' id='word_1_98' title='bbox 797 1578 1056 1646; x_wconf 80' lang='lat' dir='ltr'><strong>quispiam</strong></span> <span class='ocrx_word' id='word_1_99' title='bbox 1088 1578 1348 1647; x_wconf 80' lang='lat' dir='ltr'><strong>profunde</strong></span> <span class='ocrx_word' id='word_1_100' title='bbox 1393 1580 1678 1634; x_wconf 85' lang='lat' dir='ltr'><strong>admodum</strong></span> <span class='ocrx_word' id='word_1_101' title='bbox 1708 1581 1976 1635; x_wconf 80' lang='lat' dir='ltr'><strong>recondita</strong></span> <span class='ocrx_word' id='word_1_102' title='bbox 2011 1591 2154 1636; x_wconf 92' lang='lat' dir='ltr'><strong>sunt.</strong></span> 
     </span>
    </p>
   </div>
   <div class='ocr_carea' id='block_1_15' title="bbox 579 1666 2159 1742">
    <p class='ocr_par' dir='ltr' id='par_1_15' title="bbox 579 1666 2159 1742">
     <span class='ocr_line' id='line_1_15' title="bbox 579 1666 2159 1742; baseline 0.005 -23"><span class='ocrx_word' id='word_1_103' title='bbox 579 1669 680 1735; x_wconf 85' lang='lat' dir='ltr'><strong>Qui</strong></span> <span class='ocrx_word' id='word_1_104' title='bbox 729 1683 856 1722; x_wconf 88' lang='lat' dir='ltr'><strong>vero</strong></span> <span class='ocrx_word' id='word_1_105' title='bbox 887 1666 1148 1737; x_wconf 85' lang='lat' dir='ltr'><strong>profunde</strong></span> <span class='ocrx_word' id='word_1_106' title='bbox 1180 1670 1347 1738; x_wconf 86' lang='lat' dir='ltr'><strong>posita</strong></span> <span class='ocrx_word' id='word_1_107' title='bbox 1389 1671 1579 1740; x_wconf 58' lang='lat' dir='ltr'><strong>qna‘rit</strong></span> <span class='ocrx_word' id='word_1_108' title='bbox 1609 1712 1622 1732; x_wconf 89' lang='lat'><strong>,</strong></span> <span class='ocrx_word' id='word_1_109' title='bbox 1656 1673 1756 1726; x_wconf 88' lang='lat' dir='ltr'><strong>nisi</strong></span> <span class='ocrx_word' id='word_1_110' title='bbox 1787 1687 1905 1725; x_wconf 90' lang='lat' dir='ltr'><strong>cum</strong></span> <span class='ocrx_word' id='word_1_111' title='bbox 1933 1673 2159 1742; x_wconf 86' lang='lat' dir='ltr'><strong>diligen-</strong></span> 
     </span>
    </p>
   </div>
   <div class='ocr_carea' id='block_1_16' title="bbox 577 1757 2150 1832">
    <p class='ocr_par' dir='ltr' id='par_1_16' title="bbox 577 1757 2150 1832">
     <span class='ocr_line' id='line_1_16' title="bbox 577 1757 2150 1832; baseline 0.008 -25"><span class='ocrx_word' id='word_1_112' title='bbox 577 1759 647 1811; x_wconf 89' lang='lat' dir='ltr'><strong>tia</strong></span> <span class='ocrx_word' id='word_1_113' title='bbox 667 1767 722 1812; x_wconf 88' lang='lat' dir='ltr'><strong>et</strong></span> <span class='ocrx_word' id='word_1_114' title='bbox 749 1757 931 1812; x_wconf 86' lang='lat' dir='ltr'><strong>labore</strong></span> <span class='ocrx_word' id='word_1_115' title='bbox 957 1770 1180 1827; x_wconf 68' lang='lat' dir='ltr'><strong>quazt&#39;at,</strong></span> <span class='ocrx_word' id='word_1_116' title='bbox 1206 1775 1492 1830; x_wconf 88' lang='lat' dir='ltr'><strong>numquam</strong></span> <span class='ocrx_word' id='word_1_117' title='bbox 1521 1762 1662 1831; x_wconf 91' lang='lat' dir='ltr'><strong>quod</strong></span> <span class='ocrx_word' id='word_1_118' title='bbox 1682 1765 1872 1832; x_wconf 71' lang='lat' dir='ltr'><strong>quierit</strong></span> <span class='ocrx_word' id='word_1_119' title='bbox 1899 1765 2150 1820; x_wconf 84' lang='lat' dir='ltr'><strong>inveniet.</strong></span> 
     </span>
    </p>
   </div>
   <div class='ocr_carea' id='block_1_17' title="bbox 573 1847 2148 1923">
    <p class='ocr_par' dir='ltr' id='par_1_17' title="bbox 573 1847 2148 1923">
     <span class='ocr_line' id='line_1_17' title="bbox 573 1847 2148 1923; baseline 0.006 -22"><span class='ocrx_word' id='word_1_120' title='bbox 573 1847 697 1903; x_wconf 85' lang='lat' dir='ltr'><strong>Ideo</strong></span> <span class='ocrx_word' id='word_1_121' title='bbox 748 1857 1026 1918; x_wconf 80' lang='lat' dir='ltr'><strong>postquam</strong></span> <span class='ocrx_word' id='word_1_122' title='bbox 1054 1849 1211 1915; x_wconf 74' lang='lat' dir='ltr'><strong>dixit,</strong></span> <span class='ocrx_word' id='word_1_123' title='bbox 1244 1851 1558 1904; x_wconf 85' lang='lat' dir='ltr'><strong>Scrutamini</strong></span> <span class='ocrx_word' id='word_1_124' title='bbox 1598 1851 1917 1922; x_wconf 73' lang='lat' dir='ltr'><strong>Scriptores,</strong></span> <span class='ocrx_word' id='word_1_125' title='bbox 1951 1856 2148 1923; x_wconf 84' lang='lat' dir='ltr'><strong>intulit,</strong></span> 
     </span>
    </p>
   </div>
   <div class='ocr_carea' id='block_1_18' title="bbox 572 1937 2150 2008">
    <p class='ocr_par' dir='ltr' id='par_1_18' title="bbox 572 1937 2150 2008">
     <span class='ocr_line' id='line_1_18' title="bbox 572 1937 2150 2008; baseline 0.008 -19"><span class='ocrx_word' id='word_1_126' title='bbox 572 1937 706 2003; x_wconf 82' lang='lat' dir='ltr'><strong>Quia</strong></span> <span class='ocrx_word' id='word_1_127' title='bbox 732 1955 817 1992; x_wconf 74' lang='lat' dir='ltr'><strong>vos</strong></span> <span class='ocrx_word' id='word_1_128' title='bbox 846 1940 1037 2008; x_wconf 85' lang='lat' dir='ltr'><strong>putatis</strong></span> <span class='ocrx_word' id='word_1_129' title='bbox 1077 1940 1130 1993; x_wconf 85' lang='lat' dir='ltr'><strong>in</strong></span> <span class='ocrx_word' id='word_1_130' title='bbox 1178 1941 1304 2008; x_wconf 83' lang='lat' dir='ltr'><strong>ipsis</strong></span> <span class='ocrx_word' id='word_1_131' title='bbox 1329 1943 1480 1995; x_wconf 81' lang='lat' dir='ltr'><strong>vitam</strong></span> <span class='ocrx_word' id='word_1_132' title='bbox 1519 1951 1761 1996; x_wconf 72' lang='lat' dir='ltr'><strong>cateruam</strong></span> <span class='ocrx_word' id='word_1_133' title='bbox 1807 1945 2007 2001; x_wconf 80' lang='lat' dir='ltr'><strong>habere.</strong></span> <span class='ocrx_word' id='word_1_134' title='bbox 2037 1947 2150 2002; x_wconf 82' lang='lat' dir='ltr'><strong>Non</strong></span> 
     </span>
    </p>
   </div>
   <div class='ocr_carea' id='block_1_19' title="bbox 567 2027 2153 2109">
    <p class='ocr_par' dir='ltr' id='par_1_19' title="bbox 567 2027 2153 2109">
     <span class='ocr_line' id='line_1_19' title="bbox 567 2027 2153 2109; baseline 0.009 -28"><span class='ocrx_word' id='word_1_135' title='bbox 567 2027 721 2090; x_wconf 80' lang='lat' dir='ltr'><strong>dixit,</strong></span> <span class='ocrx_word' id='word_1_136' title='bbox 751 2028 972 2084; x_wconf 75' lang='lat' dir='ltr'><strong>Habetis</strong></span> <span class='ocrx_word' id='word_1_137' title='bbox 997 2070 1014 2095; x_wconf 94' lang='lat'><strong>,</strong></span> <span class='ocrx_word' id='word_1_138' title='bbox 1046 2030 1140 2085; x_wconf 86' lang='lat' dir='ltr'><strong>sed</strong></span> <span class='ocrx_word' id='word_1_139' title='bbox 1194 2030 1395 2086; x_wconf 83' lang='lat' dir='ltr'><strong>Putatis</strong></span> <span class='ocrx_word' id='word_1_140' title='bbox 1433 2033 1649 2100; x_wconf 87' lang='lat' dir='ltr'><strong>habere,</strong></span> <span class='ocrx_word' id='word_1_141' title='bbox 1682 2038 1973 2093; x_wconf 88' lang='lat' dir='ltr'><strong>ostendens</strong></span> <span class='ocrx_word' id='word_1_142' title='bbox 2008 2039 2153 2109; x_wconf 86' lang='lat' dir='ltr'><strong>ipsos</strong></span> 
     </span>
    </p>
   </div>
   <div class='ocr_carea' id='block_1_20' title="bbox 569 2119 2147 2193">
    <p class='ocr_par' dir='ltr' id='par_1_20' title="bbox 569 2119 2147 2193">
     <span class='ocr_line' id='line_1_20' title="bbox 569 2119 2147 2193; baseline 0.008 -21"><span class='ocrx_word' id='word_1_143' title='bbox 569 2119 704 2174; x_wconf 84' lang='lat' dir='ltr'><strong>nihil</strong></span> <span class='ocrx_word' id='word_1_144' title='bbox 751 2135 999 2190; x_wconf 87' lang='lat' dir='ltr'><strong>magnum</strong></span> <span class='ocrx_word' id='word_1_145' title='bbox 1029 2123 1261 2187; x_wconf 89' lang='lat' dir='ltr'><strong>lucrari,</strong></span> <span class='ocrx_word' id='word_1_146' title='bbox 1298 2123 1424 2177; x_wconf 89' lang='lat' dir='ltr'><strong>dum</strong></span> <span class='ocrx_word' id='word_1_147' title='bbox 1455 2134 1705 2193; x_wconf 82' lang='lat' dir='ltr'><strong>putarent</strong></span> <span class='ocrx_word' id='word_1_148' title='bbox 1735 2141 1794 2181; x_wconf 88' lang='lat' dir='ltr'><strong>se</strong></span> <span class='ocrx_word' id='word_1_149' title='bbox 1821 2143 1885 2182; x_wconf 81' lang='lat' dir='ltr'><strong>ex</strong></span> <span class='ocrx_word' id='word_1_150' title='bbox 1914 2129 2028 2184; x_wconf 86' lang='lat' dir='ltr'><strong>sola</strong></span> <span class='ocrx_word' id='word_1_151' title='bbox 2071 2133 2147 2185; x_wconf 83' lang='lat' dir='ltr'><strong>le-</strong></span> 
     </span>
    </p>
   </div>
   <div class='ocr_carea' id='block_1_21' title="bbox 561 2211 2146 2286">
    <p class='ocr_par' dir='ltr' id='par_1_21' title="bbox 561 2211 2146 2286">
     <span class='ocr_line' id='line_1_21' title="bbox 561 2211 2146 2286; baseline 0.007 -21"><span class='ocrx_word' id='word_1_152' title='bbox 561 2211 734 2265; x_wconf 86' lang='lat' dir='ltr'><strong>ctione</strong></span> <span class='ocrx_word' id='word_1_153' title='bbox 755 2212 869 2265; x_wconf 86' lang='lat' dir='ltr'><strong>sine</strong></span> <span class='ocrx_word' id='word_1_154' title='bbox 896 2211 1000 2266; x_wconf 82' lang='lat' dir='ltr'><strong>ﬁde</strong></span> <span class='ocrx_word' id='word_1_155' title='bbox 1025 2227 1182 2282; x_wconf 90' lang='lat' dir='ltr'><strong>posse</strong></span> <span class='ocrx_word' id='word_1_156' title='bbox 1197 2215 1421 2269; x_wconf 84' lang='lat' dir='ltr'><strong>salutem</strong></span> <span class='ocrx_word' id='word_1_157' title='bbox 1443 2217 1719 2286; x_wconf 88' lang='lat' dir='ltr'><strong>consequi.</strong></span> <span class='ocrx_word' id='word_1_158' title='bbox 1750 2216 1828 2273; x_wconf 88' lang='lat' dir='ltr'><strong>Ac</strong></span> <span class='ocrx_word' id='word_1_159' title='bbox 1847 2219 1893 2275; x_wconf 90' lang='lat' dir='ltr'><strong>si</strong></span> <span class='ocrx_word' id='word_1_160' title='bbox 1924 2219 2146 2286; x_wconf 86' lang='lat' dir='ltr'><strong>diceret,</strong></span> 
     </span>
    </p>
   </div>
   <div class='ocr_carea' id='block_1_22' title="bbox 563 2302 2149 2372">
    <p class='ocr_par' dir='ltr' id='par_1_22' title="bbox 563 2302 2149 2372">
     <span class='ocr_line' id='line_1_22' title="bbox 563 2302 2149 2372; baseline 0.009 -20"><span class='ocrx_word' id='word_1_161' title='bbox 563 2303 752 2354; x_wconf 73' lang='lat' dir='ltr'><strong>Annon</strong></span> <span class='ocrx_word' id='word_1_162' title='bbox 786 2302 1052 2355; x_wconf 90' lang='lat' dir='ltr'><strong>miramini</strong></span> <span class='ocrx_word' id='word_1_163' title='bbox 1084 2303 1433 2372; x_wconf 86' lang='lat' dir='ltr'><strong>Scripturas&#39;!</strong></span> <span class='ocrx_word' id='word_1_164' title='bbox 1456 2321 1634 2360; x_wconf 89' lang='lat' dir='ltr'><strong>annon</strong></span> <span class='ocrx_word' id='word_1_165' title='bbox 1669 2307 1790 2361; x_wconf 73' lang='lat' dir='ltr'><strong>vita:</strong></span> <span class='ocrx_word' id='word_1_166' title='bbox 1813 2308 1991 2366; x_wconf 88' lang='lat' dir='ltr'><strong>fontes</strong></span> <span class='ocrx_word' id='word_1_167' title='bbox 2028 2326 2149 2368; x_wconf 85' lang='lat' dir='ltr'><strong>esse</strong></span> 
     </span>
    </p>
   </div>
   <div class='ocr_carea' id='block_1_23' title="bbox 560 2390 2148 2468">
    <p class='ocr_par' dir='ltr' id='par_1_23' title="bbox 560 2390 2148 2468">
     <span class='ocr_line' id='line_1_23' title="bbox 560 2390 2148 2468; baseline 0.009 -26"><span class='ocrx_word' id='word_1_168' title='bbox 560 2390 931 2444; x_wconf 79' lang='lat' dir='ltr'><strong>arbitramini?</strong></span> <span class='ocrx_word' id='word_1_169' title='bbox 963 2391 1055 2445; x_wconf 83' lang='lat' dir='ltr'><strong>His</strong></span> <span class='ocrx_word' id='word_1_170' title='bbox 1077 2392 1188 2460; x_wconf 91' lang='lat' dir='ltr'><strong>jam</strong></span> <span class='ocrx_word' id='word_1_171' title='bbox 1221 2395 1365 2448; x_wconf 90' lang='lat' dir='ltr'><strong>nitor</strong></span> <span class='ocrx_word' id='word_1_172' title='bbox 1395 2405 1447 2449; x_wconf 92' lang='lat' dir='ltr'><strong>et</strong></span> <span class='ocrx_word' id='word_1_173' title='bbox 1490 2411 1607 2466; x_wconf 88' lang='lat' dir='ltr'><strong>ego.</strong></span> <span class='ocrx_word' id='word_1_174' title='bbox 1640 2397 1730 2450; x_wconf 73' lang='lat' dir='ltr'><strong>lite</strong></span> <span class='ocrx_word' id='word_1_175' title='bbox 1757 2413 1986 2468; x_wconf 85' lang='lat' dir='ltr'><strong>namque</strong></span> <span class='ocrx_word' id='word_1_176' title='bbox 2024 2411 2148 2456; x_wconf 86' lang='lat' dir='ltr'><strong>sunt</strong></span> 
     </span>
    </p>
   </div>
   <div class='ocr_carea' id='block_1_24' title="bbox 558 2482 2144 2552">
    <p class='ocr_par' dir='ltr' id='par_1_24' title="bbox 558 2482 2144 2552">
     <span class='ocr_line' id='line_1_24' title="bbox 558 2482 2144 2552; baseline 0.01 -21"><span class='ocrx_word' id='word_1_177' title='bbox 558 2497 679 2549; x_wconf 82' lang='lat' dir='ltr'><strong>qua:</strong></span> <span class='ocrx_word' id='word_1_178' title='bbox 707 2482 1068 2536; x_wconf 90' lang='lat' dir='ltr'><strong>testimonium</strong></span> <span class='ocrx_word' id='word_1_179' title='bbox 1103 2483 1390 2551; x_wconf 89' lang='lat' dir='ltr'><strong>perhibent</strong></span> <span class='ocrx_word' id='word_1_180' title='bbox 1423 2484 1492 2541; x_wconf 89' lang='lat' dir='ltr'><strong>de</strong></span> <span class='ocrx_word' id='word_1_181' title='bbox 1519 2502 1603 2541; x_wconf 91' lang='lat' dir='ltr'><strong>me</strong></span> <span class='ocrx_word' id='word_1_182' title='bbox 1622 2529 1638 2552; x_wconf 95' lang='lat'><strong>,</strong></span> <span class='ocrx_word' id='word_1_183' title='bbox 1671 2497 1725 2542; x_wconf 91' lang='lat' dir='ltr'><strong>et</strong></span> <span class='ocrx_word' id='word_1_184' title='bbox 1765 2504 1872 2541; x_wconf 88' lang='lat' dir='ltr'><strong>non</strong></span> <span class='ocrx_word' id='word_1_185' title='bbox 1898 2491 2052 2545; x_wconf 89' lang='lat' dir='ltr'><strong>vultis</strong></span> <span class='ocrx_word' id='word_1_186' title='bbox 2079 2492 2144 2547; x_wconf 87' lang='lat' dir='ltr'><strong>ad</strong></span> 
     </span>
    </p>
   </div>
   <div class='ocr_carea' id='block_1_25' title="bbox 559 2574 2148 2650">
    <p class='ocr_par' dir='ltr' id='par_1_25' title="bbox 559 2574 2148 2650">
     <span class='ocr_line' id='line_1_25' title="bbox 559 2574 2148 2650; baseline 0.008 -24"><span class='ocrx_word' id='word_1_187' title='bbox 559 2589 646 2626; x_wconf 85' lang='lat' dir='ltr'><strong>tne</strong></span> <span class='ocrx_word' id='word_1_188' title='bbox 663 2574 844 2628; x_wconf 89' lang='lat' dir='ltr'><strong>venire</strong></span> <span class='ocrx_word' id='word_1_189' title='bbox 861 2616 875 2639; x_wconf 95' lang='lat'><strong>,</strong></span> <span class='ocrx_word' id='word_1_190' title='bbox 907 2585 962 2626; x_wconf 92' lang='grc' dir='ltr'><strong>ιιι</strong></span> <span class='ocrx_word' id='word_1_191' title='bbox 981 2575 1138 2628; x_wconf 86' lang='lat' dir='ltr'><strong>vitam</strong></span> <span class='ocrx_word' id='word_1_192' title='bbox 1163 2585 1419 2629; x_wconf 76' lang='lat' dir='ltr'><strong>:eternam</strong></span> <span class='ocrx_word' id='word_1_193' title='bbox 1442 2576 1699 2632; x_wconf 81' lang='lat' dir='ltr'><strong>habeatis.</strong></span> <span class='ocrx_word' id='word_1_194' title='bbox 1717 2578 1745 2632; x_wconf 86' lang='lat' dir='ltr'>J</span> <span class='ocrx_word' id='word_1_195' title='bbox 1752 2595 1844 2635; x_wconf 82' lang='lat' dir='ltr'><strong>ure</strong></span> <span class='ocrx_word' id='word_1_196' title='bbox 1856 2597 1981 2650; x_wconf 87' lang='lat' dir='ltr'><strong>ergo</strong></span> <span class='ocrx_word' id='word_1_197' title='bbox 2002 2582 2148 2638; x_wconf 85' lang='lat' dir='ltr'><strong>dice-</strong></span> 
     </span>
    </p>
   </div>
   <div class='ocr_carea' id='block_1_26' title="bbox 559 2660 2145 2740">
    <p class='ocr_par' dir='ltr' id='par_1_26' title="bbox 559 2660 2145 2740">
     <span class='ocr_line' id='line_1_26' title="bbox 559 2660 2145 2740; baseline 0.009 -25"><span class='ocrx_word' id='word_1_198' title='bbox 559 2663 668 2726; x_wconf 87' lang='lat' dir='ltr'><strong>bat,</strong></span> <span class='ocrx_word' id='word_1_199' title='bbox 703 2660 800 2716; x_wconf 85' lang='lat' dir='ltr'><strong>Vos</strong></span> <span class='ocrx_word' id='word_1_200' title='bbox 829 2665 1016 2732; x_wconf 83' lang='lat' dir='ltr'><strong>putatis</strong></span> <span class='ocrx_word' id='word_1_201' title='bbox 1040 2705 1054 2729; x_wconf 92' lang='lat'><strong>,</strong></span> <span class='ocrx_word' id='word_1_202' title='bbox 1086 2665 1230 2733; x_wconf 91' lang='lat' dir='ltr'><strong>quod</strong></span> <span class='ocrx_word' id='word_1_203' title='bbox 1256 2665 1459 2720; x_wconf 85' lang='lat' dir='ltr'><strong>nollent</strong></span> <span class='ocrx_word' id='word_1_204' title='bbox 1486 2667 1584 2736; x_wconf 90' lang='lat' dir='ltr'><strong>ipsi</strong></span> <span class='ocrx_word' id='word_1_205' title='bbox 1624 2669 1994 2740; x_wconf 89' lang='lat' dir='ltr'><strong>obtemperare</strong></span> <span class='ocrx_word' id='word_1_206' title='bbox 2013 2713 2028 2738; x_wconf 94' lang='lat'><strong>,</strong></span> <span class='ocrx_word' id='word_1_207' title='bbox 2052 2675 2145 2728; x_wconf 88' lang='lat' dir='ltr'><strong>sed</strong></span> 
     </span>
    </p>
   </div>
   <div class='ocr_carea' id='block_1_27' title="bbox 558 2754 2144 2825">
    <p class='ocr_par' dir='ltr' id='par_1_27' title="bbox 558 2754 2144 2825">
     <span class='ocr_line' id='line_1_27' title="bbox 558 2754 2144 2825; baseline 0.009 -19"><span class='ocrx_word' id='word_1_208' title='bbox 558 2754 626 2807; x_wconf 93' lang='lat' dir='ltr'><strong>de</strong></span> <span class='ocrx_word' id='word_1_209' title='bbox 651 2755 876 2824; x_wconf 75' lang='lat' dir='ltr'><strong>simplici</strong></span> <span class='ocrx_word' id='word_1_210' title='bbox 910 2755 1136 2810; x_wconf 88' lang='lat' dir='ltr'><strong>lectione</strong></span> <span class='ocrx_word' id='word_1_211' title='bbox 1165 2756 1539 2825; x_wconf 73' lang='lat' dir='ltr'><strong>gloriarentur.</strong></span> <span class='ocrx_word' id='word_1_212' title='bbox 1567 2760 1767 2814; x_wconf 90' lang='lat' dir='ltr'><strong>Deinde</strong></span> <span class='ocrx_word' id='word_1_213' title='bbox 1801 2776 1868 2815; x_wconf 90' lang='lat' dir='ltr'><strong>ne</strong></span> <span class='ocrx_word' id='word_1_214' title='bbox 1886 2777 1950 2816; x_wconf 82' lang='lat' dir='ltr'><strong>ex</strong></span> <span class='ocrx_word' id='word_1_215' title='bbox 1984 2765 2144 2820; x_wconf 89' lang='lat' dir='ltr'><strong>nimia</strong></span> 
     </span>
    </p>
   </div>
   <div class='ocr_carea' id='block_1_28' title="bbox 555 2846 2141 2926">
    <p class='ocr_par' dir='ltr' id='par_1_28' title="bbox 555 2846 2141 2926">
     <span class='ocr_line' id='line_1_28' title="bbox 555 2846 2141 2926; baseline 0.009 -28"><span class='ocrx_word' id='word_1_216' title='bbox 555 2861 682 2899; x_wconf 82' lang='lat' dir='ltr'><strong>cura</strong></span> <span class='ocrx_word' id='word_1_217' title='bbox 712 2846 762 2900; x_wconf 89' lang='lat' dir='ltr'><strong>in</strong></span> <span class='ocrx_word' id='word_1_218' title='bbox 792 2861 940 2901; x_wconf 74' lang='lat' dir='ltr'><strong>vana:</strong></span> <span class='ocrx_word' id='word_1_219' title='bbox 963 2847 1146 2917; x_wconf 82' lang='lat' dir='ltr'><strong>gloria:</strong></span> <span class='ocrx_word' id='word_1_220' title='bbox 1172 2849 1530 2918; x_wconf 88' lang='lat' dir='ltr'><strong>suspicionem</strong></span> <span class='ocrx_word' id='word_1_221' title='bbox 1569 2852 1814 2918; x_wconf 82' lang='lat' dir='ltr'><strong>veniret,</strong></span> <span class='ocrx_word' id='word_1_222' title='bbox 1845 2869 1979 2910; x_wconf 86' lang='lat' dir='ltr'><strong>neve</strong></span> <span class='ocrx_word' id='word_1_223' title='bbox 2001 2857 2141 2926; x_wconf 88' lang='lat' dir='ltr'><strong>quod</strong></span> 
     </span>
    </p>
   </div>
   <div class='ocr_carea' id='block_1_29' title="bbox 555 2935 2142 3011">
    <p class='ocr_par' dir='ltr' id='par_1_29' title="bbox 555 2935 2142 3011">
     <span class='ocr_line' id='line_1_29' title="bbox 555 2935 2142 3011; baseline 0.008 -23"><span class='ocrx_word' id='word_1_224' title='bbox 555 2936 763 2989; x_wconf 82' lang='lat' dir='ltr'><strong>illorum</strong></span> <span class='ocrx_word' id='word_1_225' title='bbox 816 2935 972 2990; x_wconf 86' lang='lat' dir='ltr'><strong>fidem</strong></span> <span class='ocrx_word' id='word_1_226' title='bbox 1024 2938 1309 3006; x_wconf 82' lang='lat' dir='ltr'><strong>exigeret,</strong></span> <span class='ocrx_word' id='word_1_227' title='bbox 1354 2948 1628 3008; x_wconf 82' lang='lat' dir='ltr'><strong>putaretur</strong></span> <span class='ocrx_word' id='word_1_228' title='bbox 1666 2957 1787 3011; x_wconf 66' lang='lat' dir='ltr'><strong>quae</strong></span> <span class='ocrx_word' id='word_1_229' title='bbox 1835 2959 1930 2998; x_wconf 91' lang='lat' dir='ltr'><strong>sua</strong></span> <span class='ocrx_word' id='word_1_230' title='bbox 1988 2956 2142 3002; x_wconf 88' lang='lat' dir='ltr'><strong>erant</strong></span> 
     </span>
    </p>
   </div>
   <div class='ocr_carea' id='block_1_30' title="bbox 553 3022 2143 3101">
    <p class='ocr_par' dir='ltr' id='par_1_30' title="bbox 553 3022 2143 3101">
     <span class='ocr_line' id='line_1_30' title="bbox 553 3022 2143 3101; baseline 0.009 -23"><span class='ocrx_word' id='word_1_231' title='bbox 553 3039 742 3079; x_wconf 88' lang='lat' dir='ltr'><strong>curare</strong></span> <span class='ocrx_word' id='word_1_232' title='bbox 765 3022 922 3094; x_wconf 89' lang='lat' dir='ltr'><strong>(nam</strong></span> <span class='ocrx_word' id='word_1_233' title='bbox 948 3025 1234 3082; x_wconf 82' lang='lat' dir='ltr'><strong>etJoanuis</strong></span> <span class='ocrx_word' id='word_1_234' title='bbox 1253 3043 1457 3094; x_wconf 86' lang='lat' dir='ltr'><strong>vocem,</strong></span> <span class='ocrx_word' id='word_1_235' title='bbox 1481 3040 1534 3082; x_wconf 90' lang='lat' dir='ltr'><strong>et</strong></span> <span class='ocrx_word' id='word_1_236' title='bbox 1562 3031 1651 3083; x_wconf 88' lang='lat' dir='ltr'><strong>Dei</strong></span> <span class='ocrx_word' id='word_1_237' title='bbox 1677 3033 2061 3101; x_wconf 88' lang='lat' dir='ltr'><strong>testimonium,</strong></span> <span class='ocrx_word' id='word_1_238' title='bbox 2088 3046 2143 3092; x_wconf 85' lang='lat' dir='ltr'><strong>et</strong></span> 
     </span>
    </p>
   </div>
   <div class='ocr_carea' id='block_1_31' title="bbox 556 3120 2138 3192">
    <p class='ocr_par' dir='ltr' id='par_1_31' title="bbox 556 3120 2138 3192">
     <span class='ocr_line' id='line_1_31' title="bbox 556 3120 2138 3192; baseline 0.009 -25"><span class='ocrx_word' id='word_1_239' title='bbox 556 3130 719 3184; x_wconf 77' lang='lat' dir='ltr'><strong>opera</strong></span> <span class='ocrx_word' id='word_1_240' title='bbox 767 3130 859 3170; x_wconf 88' lang='lat' dir='ltr'><strong>sua</strong></span> <span class='ocrx_word' id='word_1_241' title='bbox 901 3127 1435 3183; x_wconf 69' lang='lat' dir='ltr'><strong>commemoraverat,</strong></span> <span class='ocrx_word' id='word_1_242' title='bbox 1481 3120 1750 3190; x_wconf 79' lang='lat' dir='ltr'><strong>vitamque</strong></span> <span class='ocrx_word' id='word_1_243' title='bbox 1789 3126 2138 3192; x_wconf 88' lang='lat' dir='ltr'><strong>promiserat;</strong></span> 
     </span>
    </p>
   </div>
   <div class='ocr_carea' id='block_1_32' title="bbox 557 3206 2136 3284">
    <p class='ocr_par' dir='ltr' id='par_1_32' title="bbox 557 3206 2136 3284">
     <span class='ocr_line' id='line_1_32' title="bbox 557 3206 2136 3284; baseline 0.008 -26"><span class='ocrx_word' id='word_1_244' title='bbox 557 3206 662 3259; x_wconf 87' lang='lat' dir='ltr'><strong>illis</strong></span> <span class='ocrx_word' id='word_1_245' title='bbox 677 3206 926 3259; x_wconf 88' lang='lat' dir='ltr'><strong>omnibus</strong></span> <span class='ocrx_word' id='word_1_246' title='bbox 942 3220 1087 3277; x_wconf 83' lang='lat' dir='ltr'><strong>usus,</strong></span> <span class='ocrx_word' id='word_1_247' title='bbox 1104 3215 1159 3261; x_wconf 92' lang='lat' dir='ltr'><strong>ut</strong></span> <span class='ocrx_word' id='word_1_248' title='bbox 1174 3222 1268 3262; x_wconf 90' lang='lat' dir='ltr'><strong>eos</strong></span> <span class='ocrx_word' id='word_1_249' title='bbox 1279 3207 1344 3262; x_wconf 89' lang='lat' dir='ltr'><strong>ad</strong></span> <span class='ocrx_word' id='word_1_250' title='bbox 1361 3223 1418 3264; x_wconf 91' lang='lat' dir='ltr'><strong>se</strong></span> <span class='ocrx_word' id='word_1_251' title='bbox 1434 3209 1717 3278; x_wconf 83' lang='lat' dir='ltr'><strong>alliceret):</strong></span> <span class='ocrx_word' id='word_1_252' title='bbox 1742 3219 1884 3283; x_wconf 85' lang='lat' dir='ltr'><strong>quia,</strong></span> <span class='ocrx_word' id='word_1_253' title='bbox 1904 3215 2136 3284; x_wconf 87' lang='lat' dir='ltr'><strong>inquam,</strong></span> 
     </span>
    </p>
   </div>
   <div class='ocr_carea' id='block_1_33' title="bbox 553 3294 2138 3373">
    <p class='ocr_par' dir='ltr' id='par_1_33' title="bbox 553 3294 2138 3373">
     <span class='ocr_line' id='line_1_33' title="bbox 553 3294 2138 3373; baseline 0.008 -26"><span class='ocrx_word' id='word_1_254' title='bbox 553 3294 810 3349; x_wconf 86' lang='lat' dir='ltr'><strong>credibile</strong></span> <span class='ocrx_word' id='word_1_255' title='bbox 840 3303 957 3350; x_wconf 89' lang='lat' dir='ltr'><strong>erat</strong></span> <span class='ocrx_word' id='word_1_256' title='bbox 978 3297 1175 3351; x_wconf 88' lang='lat' dir='ltr'><strong>multos</strong></span> <span class='ocrx_word' id='word_1_257' title='bbox 1204 3301 1570 3367; x_wconf 75' lang='lat' dir='ltr'><strong>sutSpicaturos</strong></span> <span class='ocrx_word' id='word_1_258' title='bbox 1591 3315 1712 3356; x_wconf 90' lang='lat' dir='ltr'><strong>esse</strong></span> <span class='ocrx_word' id='word_1_259' title='bbox 1743 3303 1883 3370; x_wconf 84' lang='lat' dir='ltr'><strong>quod</strong></span> <span class='ocrx_word' id='word_1_260' title='bbox 1915 3306 2138 3373; x_wconf 79' lang='lat' dir='ltr'><strong>gloriam</strong></span> 
     </span>
    </p>
   </div>
   <div class='ocr_carea' id='block_1_34' title="bbox 552 3385 2138 3458">
    <p class='ocr_par' dir='ltr' id='par_1_34' title="bbox 552 3385 2138 3458">
     <span class='ocr_line' id='line_1_34' title="bbox 552 3385 2138 3458; baseline 0.009 -20"><span class='ocrx_word' id='word_1_261' title='bbox 552 3395 792 3454; x_wconf 81' lang='lat' dir='ltr'><strong>captaret</strong></span> <span class='ocrx_word' id='word_1_262' title='bbox 817 3426 831 3451; x_wconf 90' lang='lat'><strong>,</strong></span> <span class='ocrx_word' id='word_1_263' title='bbox 862 3385 983 3440; x_wconf 88' lang='lat' dir='ltr'><strong>audi</strong></span> <span class='ocrx_word' id='word_1_264' title='bbox 1006 3387 1133 3456; x_wconf 90' lang='lat' dir='ltr'><strong>quid</strong></span> <span class='ocrx_word' id='word_1_265' title='bbox 1168 3388 1382 3458; x_wconf 85' lang='lat' dir='ltr'><strong>adjiciat</strong></span> <span class='ocrx_word' id='word_1_266' title='bbox 1412 3409 1425 3444; x_wconf 92' lang='lat'><em>:</em></span> <span class='ocrx_word' id='word_1_267' title='bbox 1454 3392 1542 3445; x_wconf 73' lang='grc'><strong>41.</strong></span> <span class='ocrx_word' id='word_1_268' title='bbox 1579 3392 1806 3446; x_wconf 76' lang='lat' dir='ltr'><strong>Gloriam</strong></span> <span class='ocrx_word' id='word_1_269' title='bbox 1835 3396 1897 3448; x_wconf 89' lang='lat' dir='ltr'><strong>ab</strong></span> <span class='ocrx_word' id='word_1_270' title='bbox 1941 3396 2138 3452; x_wconf 80' lang='lat' dir='ltr'><strong>homine</strong></span> 
     </span>
    </p>
   </div>
   <div class='ocr_carea' id='block_1_35' title="bbox 552 3477 2132 3555">
    <p class='ocr_par' dir='ltr' id='par_1_35' title="bbox 552 3477 2132 3555">
     <span class='ocr_line' id='line_1_35' title="bbox 552 3477 2132 3555; baseline 0.007 -26"><span class='ocrx_word' id='word_1_271' title='bbox 552 3494 652 3529; x_wconf 92' lang='lat' dir='ltr'><strong>non</strong></span> <span class='ocrx_word' id='word_1_272' title='bbox 679 3477 912 3546; x_wconf 88' lang='lat' dir='ltr'><strong>accipio;</strong></span> <span class='ocrx_word' id='word_1_273' title='bbox 945 3477 1046 3531; x_wconf 89' lang='lat' dir='ltr'><strong>hoc</strong></span> <span class='ocrx_word' id='word_1_274' title='bbox 1072 3486 1172 3542; x_wconf 88' lang='lat' dir='ltr'><strong>est,</strong></span> <span class='ocrx_word' id='word_1_275' title='bbox 1206 3479 1296 3532; x_wconf 88' lang='lat' dir='ltr'><strong>Illa</strong></span> <span class='ocrx_word' id='word_1_276' title='bbox 1316 3495 1418 3533; x_wconf 90' lang='lat' dir='ltr'><strong>non</strong></span> <span class='ocrx_word' id='word_1_277' title='bbox 1447 3495 1598 3550; x_wconf 77' lang='lat' dir='ltr'><strong>egeo.</strong></span> <span class='ocrx_word' id='word_1_278' title='bbox 1631 3482 1747 3536; x_wconf 84' lang='lat' dir='ltr'><strong>Non</strong></span> <span class='ocrx_word' id='word_1_279' title='bbox 1775 3500 1913 3550; x_wconf 85' lang='lat' dir='ltr'><strong>sum,</strong></span> <span class='ocrx_word' id='word_1_280' title='bbox 1945 3485 2132 3555; x_wconf 87' lang='lat' dir='ltr'><strong>inquit,</strong></span> 
     </span>
    </p>
   </div>
   <div class='ocr_carea' id='block_1_36' title="bbox 560 3569 2134 3643">
    <p class='ocr_par' dir='ltr' id='par_1_36' title="bbox 560 3569 2134 3643">
     <span class='ocr_line' id='line_1_36' title="bbox 560 3569 2134 3643; baseline 0.009 -23"><span class='ocrx_word' id='word_1_281' title='bbox 560 3570 680 3622; x_wconf 82' lang='lat' dir='ltr'><strong>talis</strong></span> <span class='ocrx_word' id='word_1_282' title='bbox 710 3581 936 3632; x_wconf 67' lang='lat' dir='ltr'><strong>naturae,</strong></span> <span class='ocrx_word' id='word_1_283' title='bbox 969 3578 1025 3623; x_wconf 88' lang='lat' dir='ltr'><strong>ut</strong></span> <span class='ocrx_word' id='word_1_284' title='bbox 1056 3569 1327 3625; x_wconf 86' lang='lat' dir='ltr'><strong>hominum</strong></span> <span class='ocrx_word' id='word_1_285' title='bbox 1358 3572 1526 3641; x_wconf 80' lang='lat' dir='ltr'><strong>gloria</strong></span> <span class='ocrx_word' id='word_1_286' title='bbox 1558 3589 1692 3643; x_wconf 90' lang='lat' dir='ltr'><strong>opus</strong></span> <span class='ocrx_word' id='word_1_287' title='bbox 1717 3577 1940 3630; x_wconf 88' lang='lat' dir='ltr'><strong>habeam</strong></span> <span class='ocrx_word' id='word_1_288' title='bbox 1965 3620 1978 3641; x_wconf 92' lang='lat'><strong>,</strong></span> <span class='ocrx_word' id='word_1_289' title='bbox 2003 3579 2134 3634; x_wconf 85' lang='lat' dir='ltr'><strong>Nam</strong></span> 
     </span>
    </p>
   </div>
   <div class='ocr_carea' id='block_1_37' title="bbox 557 3658 2134 3738">
    <p class='ocr_par' dir='ltr' id='par_1_37' title="bbox 557 3658 2134 3738">
     <span class='ocr_line' id='line_1_37' title="bbox 557 3658 2134 3738; baseline 0.01 -29"><span class='ocrx_word' id='word_1_290' title='bbox 557 3658 600 3710; x_wconf 86' lang='lat' dir='ltr'><strong>si</strong></span> <span class='ocrx_word' id='word_1_291' title='bbox 632 3658 712 3711; x_wconf 90' lang='lat' dir='ltr'><strong>sol</strong></span> <span class='ocrx_word' id='word_1_292' title='bbox 760 3673 788 3712; x_wconf 91' lang='lat' dir='ltr'><strong>a</strong></span> <span class='ocrx_word' id='word_1_293' title='bbox 838 3659 1052 3712; x_wconf 80' lang='lat' dir='ltr'><strong>lucerna</strong></span> <span class='ocrx_word' id='word_1_294' title='bbox 1102 3660 1238 3713; x_wconf 88' lang='lat' dir='ltr'><strong>lucis</strong></span> <span class='ocrx_word' id='word_1_295' title='bbox 1280 3661 1701 3717; x_wconf 83' lang='lat' dir='ltr'><strong>additamentum</strong></span> <span class='ocrx_word' id='word_1_296' title='bbox 1751 3681 1855 3720; x_wconf 86' lang='lat' dir='ltr'><strong>non</strong></span> <span class='ocrx_word' id='word_1_297' title='bbox 1906 3669 2134 3738; x_wconf 90' lang='lat' dir='ltr'><strong>accipit,</strong></span> 
     </span>
    </p>
   </div>
   <div class='ocr_carea' id='block_1_38' title="bbox 563 3748 2137 3821">
    <p class='ocr_par' dir='ltr' id='par_1_38' title="bbox 563 3748 2137 3821">
     <span class='ocr_line' id='line_1_38' title="bbox 563 3748 2137 3821; baseline 0.011 -24"><span class='ocrx_word' id='word_1_298' title='bbox 563 3748 732 3800; x_wconf 88' lang='lat' dir='ltr'><strong>multo</strong></span> <span class='ocrx_word' id='word_1_299' title='bbox 773 3748 949 3801; x_wconf 87' lang='lat' dir='ltr'><strong>minus</strong></span> <span class='ocrx_word' id='word_1_300' title='bbox 985 3763 1086 3818; x_wconf 86' lang='lat' dir='ltr'><strong>ego</strong></span> <span class='ocrx_word' id='word_1_301' title='bbox 1116 3749 1342 3804; x_wconf 87' lang='lat' dir='ltr'><strong>humana</strong></span> <span class='ocrx_word' id='word_1_302' title='bbox 1373 3753 1542 3821; x_wconf 90' lang='lat' dir='ltr'><strong>egeho</strong></span> <span class='ocrx_word' id='word_1_303' title='bbox 1583 3754 1778 3821; x_wconf 75' lang='lat' dir='ltr'><strong>gloria.</strong></span> <span class='ocrx_word' id='word_1_304' title='bbox 1811 3758 1875 3810; x_wconf 78' lang='lat' dir='ltr'><strong>Et</strong></span> <span class='ocrx_word' id='word_1_305' title='bbox 1903 3772 1999 3812; x_wconf 90' lang='lat' dir='ltr'><strong>cur</strong></span> <span class='ocrx_word' id='word_1_306' title='bbox 2023 3758 2137 3815; x_wconf 71' lang='lat' dir='ltr'><strong>lucc</strong></span> 
     </span>
    </p>
   </div>
   <div class='ocr_carea' id='block_1_39' title="bbox 550 3841 2136 3912">
    <p class='ocr_par' dir='ltr' id='par_1_39' title="bbox 550 3841 2136 3912">
     <span class='ocr_line' id='line_1_39' title="bbox 550 3841 2136 3912; baseline 0.009 -19"><span class='ocrx_word' id='word_1_307' title='bbox 550 3841 702 3900; x_wconf 83' lang='lat' dir='ltr'><strong>dicis.</strong></span> <span class='ocrx_word' id='word_1_308' title='bbox 728 3841 770 3894; x_wconf 93' lang='lat' dir='ltr'><strong>si</strong></span> <span class='ocrx_word' id='word_1_309' title='bbox 801 3856 906 3895; x_wconf 91' lang='lat' dir='ltr'><strong>non</strong></span> <span class='ocrx_word' id='word_1_310' title='bbox 937 3843 1139 3912; x_wconf 81' lang='lat' dir='ltr'><strong>egeas?</strong></span> <span class='ocrx_word' id='word_1_311' title='bbox 1171 3843 1236 3897; x_wconf 90' lang='lat' dir='ltr'><strong>Ut</strong></span> <span class='ocrx_word' id='word_1_312' title='bbox 1277 3859 1370 3898; x_wconf 82' lang='lat' dir='ltr'><strong>vos</strong></span> <span class='ocrx_word' id='word_1_313' title='bbox 1399 3846 1532 3899; x_wconf 87' lang='lat' dir='ltr'><strong>salvi</strong></span> <span class='ocrx_word' id='word_1_314' title='bbox 1563 3846 1699 3900; x_wconf 86' lang='lat' dir='ltr'><strong>sitis.</strong></span> <span class='ocrx_word' id='word_1_315' title='bbox 1731 3847 1864 3903; x_wconf 91' lang='lat' dir='ltr'><strong>lllud</strong></span> <span class='ocrx_word' id='word_1_316' title='bbox 1897 3865 2022 3905; x_wconf 92' lang='lat' dir='ltr'><strong>vero</strong></span> <span class='ocrx_word' id='word_1_317' title='bbox 2049 3867 2136 3906; x_wconf 81' lang='lat' dir='ltr'><strong>su-</strong></span> 
     </span>
    </p>
   </div>
   <div class='ocr_carea' id='block_1_40' title="bbox 552 3929 2134 4003">
    <p class='ocr_par' dir='ltr' id='par_1_40' title="bbox 552 3929 2134 4003">
     <span class='ocr_line' id='line_1_40' title="bbox 552 3929 2134 4003; baseline 0.011 -23"><span class='ocrx_word' id='word_1_318' title='bbox 552 3946 645 3997; x_wconf 85' lang='lat' dir='ltr'><strong>pra</strong></span> <span class='ocrx_word' id='word_1_319' title='bbox 675 3929 903 3996; x_wconf 77' lang='lat' dir='ltr'><strong>dixerat,</strong></span> <span class='ocrx_word' id='word_1_320' title='bbox 931 3942 985 3986; x_wconf 91' lang='lat' dir='ltr'><strong>et</strong></span> <span class='ocrx_word' id='word_1_321' title='bbox 1009 3931 1094 3986; x_wconf 89' lang='lat' dir='ltr'><strong>hic</strong></span> <span class='ocrx_word' id='word_1_322' title='bbox 1127 3932 1487 3989; x_wconf 86' lang='lat' dir='ltr'><strong>subindicavit</strong></span> <span class='ocrx_word' id='word_1_323' title='bbox 1519 3936 1600 3990; x_wconf 90' lang='lat' dir='ltr'><strong>his</strong></span> <span class='ocrx_word' id='word_1_324' title='bbox 1631 3939 1826 4003; x_wconf 88' lang='lat' dir='ltr'><strong>verbis,</strong></span> <span class='ocrx_word' id='word_1_325' title='bbox 1876 3940 1942 3996; x_wconf 89' lang='lat' dir='ltr'><strong>Ut</strong></span> <span class='ocrx_word' id='word_1_326' title='bbox 1981 3944 2134 3997; x_wconf 73' lang='lat' dir='ltr'><strong>vitam</strong></span> 
     </span>
    </p>
   </div>
   <div class='ocr_carea' id='block_1_41' title="bbox 551 4021 2134 4098">
    <p class='ocr_par' dir='ltr' id='par_1_41' title="bbox 551 4021 2134 4098">
     <span class='ocr_line' id='line_1_41' title="bbox 551 4021 2134 4098; baseline 0.011 -24"><span class='ocrx_word' id='word_1_327' title='bbox 551 4021 793 4076; x_wconf 77' lang='lat' dir='ltr'><strong>habeatis.</strong></span> <span class='ocrx_word' id='word_1_328' title='bbox 841 4021 1012 4076; x_wconf 80' lang='lat' dir='ltr'><strong>All&#39;ert</strong></span> <span class='ocrx_word' id='word_1_329' title='bbox 1055 4032 1109 4077; x_wconf 91' lang='lat' dir='ltr'><strong>et</strong></span> <span class='ocrx_word' id='word_1_330' title='bbox 1149 4024 1306 4079; x_wconf 69' lang='lat' dir='ltr'><strong>aliam</strong></span> <span class='ocrx_word' id='word_1_331' title='bbox 1345 4041 1580 4082; x_wconf 81' lang='lat' dir='ltr'><strong>causam.</strong></span> <span class='ocrx_word' id='word_1_332' title='bbox 1627 4031 1842 4098; x_wconf 87' lang='lat' dir='ltr'><strong>Quam?</strong></span> <span class='ocrx_word' id='word_1_333' title='bbox 1889 4035 1979 4090; x_wconf 73' lang='grc'><strong>42.</strong></span> <span class='ocrx_word' id='word_1_334' title='bbox 2027 4037 2134 4092; x_wconf 86' lang='lat' dir='ltr'><strong>Sed</strong></span> 
     </span>
    </p>
   </div>
   <div class='ocr_carea' id='block_1_42' title="bbox 549 4113 2129 4183">
    <p class='ocr_par' dir='ltr' id='par_1_42' title="bbox 549 4113 2129 4183">
     <span class='ocr_line' id='line_1_42' title="bbox 549 4113 2129 4183; baseline 0.011 -18"><span class='ocrx_word' id='word_1_335' title='bbox 549 4113 755 4182; x_wconf 82' lang='lat' dir='ltr'><strong>cognovi</strong></span> <span class='ocrx_word' id='word_1_336' title='bbox 784 4129 890 4179; x_wconf 84' lang='lat' dir='ltr'><strong>vos,</strong></span> <span class='ocrx_word' id='word_1_337' title='bbox 921 4114 1041 4183; x_wconf 86' lang='lat' dir='ltr'><strong>quia</strong></span> <span class='ocrx_word' id='word_1_338' title='bbox 1070 4114 1391 4170; x_wconf 83' lang='lat' dir='ltr'><strong>dilectionem</strong></span> <span class='ocrx_word' id='word_1_339' title='bbox 1419 4117 1516 4172; x_wconf 90' lang='lat' dir='ltr'><strong>Dei</strong></span> <span class='ocrx_word' id='word_1_340' title='bbox 1551 4136 1652 4173; x_wconf 84' lang='lat' dir='ltr'><strong>non</strong></span> <span class='ocrx_word' id='word_1_341' title='bbox 1685 4122 1876 4178; x_wconf 79' lang='lat' dir='ltr'><strong>habetis</strong></span> <span class='ocrx_word' id='word_1_342' title='bbox 1901 4126 1953 4179; x_wconf 85' lang='lat' dir='ltr'><strong>in</strong></span> <span class='ocrx_word' id='word_1_343' title='bbox 1973 4127 2129 4182; x_wconf 81' lang='lat' dir='ltr'><strong>vobis.</strong></span> 
     </span>
    </p>
   </div>
   <div class='ocr_carea' id='block_1_43' title="bbox 551 4207 2133 4287">
    <p class='ocr_par' dir='ltr' id='par_1_43' title="bbox 551 4207 2133 4287">
     <span class='ocr_line' id='line_1_43' title="bbox 551 4207 2133 4287; baseline 0.01 -28"><span class='ocrx_word' id='word_1_344' title='bbox 551 4208 684 4270; x_wconf 79' lang='lat' dir='ltr'><strong>Quia</strong></span> <span class='ocrx_word' id='word_1_345' title='bbox 715 4222 877 4276; x_wconf 72' lang='lat' dir='ltr'><strong>sur-pe,</strong></span> <span class='ocrx_word' id='word_1_346' title='bbox 910 4207 1060 4275; x_wconf 88' lang='lat' dir='ltr'><strong>quasi</strong></span> <span class='ocrx_word' id='word_1_347' title='bbox 1117 4207 1279 4262; x_wconf 85' lang='lat' dir='ltr'><strong>Deum</strong></span> <span class='ocrx_word' id='word_1_348' title='bbox 1325 4209 1643 4281; x_wconf 88' lang='lat' dir='ltr'><strong>diligerent,</strong></span> <span class='ocrx_word' id='word_1_349' title='bbox 1677 4218 2133 4287; x_wconf 88' lang='lat' dir='ltr'><strong>persequebantur</strong></span> 
     </span>
    </p>
   </div>
   <div class='ocr_carea' id='block_1_44' title="bbox 547 4298 2132 4379">
    <p class='ocr_par' dir='ltr' id='par_1_44' title="bbox 547 4298 2132 4379">
     <span class='ocr_line' id='line_1_44' title="bbox 547 4298 2132 4379; baseline 0.011 -31"><span class='ocrx_word' id='word_1_350' title='bbox 547 4311 684 4360; x_wconf 88' lang='lat' dir='ltr'><strong>eum,</strong></span> <span class='ocrx_word' id='word_1_351' title='bbox 713 4298 834 4366; x_wconf 84' lang='lat' dir='ltr'><strong>quia</strong></span> <span class='ocrx_word' id='word_1_352' title='bbox 862 4298 1121 4366; x_wconf 70' lang='lat' dir='ltr'><strong>aequalem</strong></span> <span class='ocrx_word' id='word_1_353' title='bbox 1149 4313 1208 4353; x_wconf 87' lang='lat' dir='ltr'><strong>se</strong></span> <span class='ocrx_word' id='word_1_354' title='bbox 1237 4299 1462 4354; x_wconf 81' lang='lat' dir='ltr'><strong>faciebat</strong></span> <span class='ocrx_word' id='word_1_355' title='bbox 1492 4303 1620 4368; x_wconf 86' lang='lat' dir='ltr'><strong>[)eo,</strong></span> <span class='ocrx_word' id='word_1_356' title='bbox 1650 4306 1962 4377; x_wconf 90' lang='lat' dir='ltr'><strong>sciebatque</strong></span> <span class='ocrx_word' id='word_1_357' title='bbox 1985 4310 2132 4379; x_wconf 92' lang='lat' dir='ltr'><strong>ipsos</strong></span> 
     </span>
    </p>
   </div>
   <div class='ocr_carea' id='block_1_45' title="bbox 551 4385 2132 4463">
    <p class='ocr_par' dir='ltr' id='par_1_45' title="bbox 551 4385 2132 4463">
     <span class='ocr_line' id='line_1_45' title="bbox 551 4385 2132 4463; baseline 0.013 -27"><span class='ocrx_word' id='word_1_358' title='bbox 551 4399 656 4440; x_wconf 90' lang='lat' dir='ltr'><strong>non</strong></span> <span class='ocrx_word' id='word_1_359' title='bbox 692 4385 793 4440; x_wconf 86' lang='lat' dir='ltr'><strong>sibi</strong></span> <span class='ocrx_word' id='word_1_360' title='bbox 825 4387 1125 4441; x_wconf 85' lang='lat' dir='ltr'><strong>credituros</strong></span> <span class='ocrx_word' id='word_1_361' title='bbox 1159 4403 1313 4447; x_wconf 84' lang='lat' dir='ltr'><strong>esse:</strong></span> <span class='ocrx_word' id='word_1_362' title='bbox 1367 4405 1433 4445; x_wconf 91' lang='lat' dir='ltr'><strong>ne</strong></span> <span class='ocrx_word' id='word_1_363' title='bbox 1473 4394 1593 4462; x_wconf 86' lang='lat' dir='ltr'><strong>quis</strong></span> <span class='ocrx_word' id='word_1_364' title='bbox 1644 4395 1862 4463; x_wconf 85' lang='lat' dir='ltr'><strong>diceret,</strong></span> <span class='ocrx_word' id='word_1_365' title='bbox 1903 4399 2012 4454; x_wconf 90' lang='lat' dir='ltr'><strong>Cur</strong></span> <span class='ocrx_word' id='word_1_366' title='bbox 2062 4402 2132 4456; x_wconf 88' lang='lat' dir='ltr'><strong>ita</strong></span> 
     </span>
    </p>
   </div>
   <div class='ocr_carea' id='block_1_46' title="bbox 551 4472 2130 4558">
    <p class='ocr_par' dir='ltr' id='par_1_46' title="bbox 551 4472 2130 4558">
     <span class='ocr_line' id='line_1_46' title="bbox 551 4472 2130 4558; baseline 0.013 -32"><span class='ocrx_word' id='word_1_367' title='bbox 551 4472 822 4543; x_wconf 85' lang='lat' dir='ltr'><strong>loqueris?</strong></span> <span class='ocrx_word' id='word_1_368' title='bbox 877 4475 946 4529; x_wconf 85' lang='lat' dir='ltr'><strong>Ut</strong></span> <span class='ocrx_word' id='word_1_369' title='bbox 989 4491 1084 4531; x_wconf 84' lang='lat' dir='ltr'><strong>vos</strong></span> <span class='ocrx_word' id='word_1_370' title='bbox 1135 4479 1557 4551; x_wconf 87' lang='lat' dir='ltr'><strong>reprehendam,</strong></span> <span class='ocrx_word' id='word_1_371' title='bbox 1603 4485 1794 4556; x_wconf 91' lang='lat' dir='ltr'><strong>inquit,</strong></span> <span class='ocrx_word' id='word_1_372' title='bbox 1847 4492 1966 4558; x_wconf 91' lang='lat' dir='ltr'><strong>quia</strong></span> <span class='ocrx_word' id='word_1_373' title='bbox 2023 4509 2130 4548; x_wconf 89' lang='lat' dir='ltr'><strong>non</strong></span> 
     </span>
    </p>
   </div>
   <div class='ocr_carea' id='block_1_47' title="bbox 549 4565 2126 4652">
    <p class='ocr_par' dir='ltr' id='par_1_47' title="bbox 549 4565 2126 4652">
     <span class='ocr_line' id='line_1_47' title="bbox 549 4565 2126 4652; baseline 0.013 -33"><span class='ocrx_word' id='word_1_374' title='bbox 549 4577 765 4636; x_wconf 90' lang='lat' dir='ltr'><strong>pr0pter</strong></span> <span class='ocrx_word' id='word_1_375' title='bbox 792 4565 1133 4623; x_wconf 89' lang='lat' dir='ltr'><strong>dilectionem</strong></span> <span class='ocrx_word' id='word_1_376' title='bbox 1164 4570 1256 4625; x_wconf 92' lang='lat' dir='ltr'><strong>Dei</strong></span> <span class='ocrx_word' id='word_1_377' title='bbox 1286 4587 1372 4626; x_wconf 90' lang='lat' dir='ltr'><strong>tne</strong></span> <span class='ocrx_word' id='word_1_378' title='bbox 1405 4577 1806 4647; x_wconf 90' lang='lat' dir='ltr'><strong>persequimini.</strong></span> <span class='ocrx_word' id='word_1_379' title='bbox 1851 4579 2126 4652; x_wconf 83' lang='lat' dir='ltr'><strong>Siquidem</strong></span> 
     </span>
    </p>
   </div>
   <div class='ocr_carea' id='block_1_48' title="bbox 547 4658 2130 4745">
    <p class='ocr_par' dir='ltr' id='par_1_48' title="bbox 547 4658 2130 4745">
     <span class='ocr_line' id='line_1_48' title="bbox 547 4658 2130 4745; baseline 0.013 -34"><span class='ocrx_word' id='word_1_380' title='bbox 547 4659 664 4726; x_wconf 89' lang='lat' dir='ltr'><strong>ipse</strong></span> <span class='ocrx_word' id='word_1_381' title='bbox 710 4658 838 4713; x_wconf 90' lang='lat' dir='ltr'><strong>mihi</strong></span> <span class='ocrx_word' id='word_1_382' title='bbox 886 4660 1246 4717; x_wconf 89' lang='lat' dir='ltr'><strong>testimonium</strong></span> <span class='ocrx_word' id='word_1_383' title='bbox 1284 4665 1524 4734; x_wconf 87' lang='lat' dir='ltr'><strong>perhibet</strong></span> <span class='ocrx_word' id='word_1_384' title='bbox 1551 4678 1604 4723; x_wconf 92' lang='lat' dir='ltr'><strong>et</strong></span> <span class='ocrx_word' id='word_1_385' title='bbox 1634 4685 1730 4740; x_wconf 92' lang='lat' dir='ltr'><strong>per</strong></span> <span class='ocrx_word' id='word_1_386' title='bbox 1766 4687 1927 4741; x_wconf 86' lang='lat' dir='ltr'><strong>opera</strong></span> <span class='ocrx_word' id='word_1_387' title='bbox 1953 4684 2008 4729; x_wconf 93' lang='lat' dir='ltr'><strong>et</strong></span> <span class='ocrx_word' id='word_1_388' title='bbox 2035 4692 2130 4745; x_wconf 87' lang='lat' dir='ltr'><strong>per</strong></span> 
     </span>
    </p>
   </div>
   <div class='ocr_carea' id='block_1_49' title="bbox 546 4748 2130 4830">
    <p class='ocr_par' dir='ltr' id='par_1_49' title="bbox 546 4748 2130 4830">
     <span class='ocr_line' id='line_1_49' title="bbox 546 4748 2130 4830; baseline 0.014 -31"><span class='ocrx_word' id='word_1_389' title='bbox 546 4748 867 4816; x_wconf 75' lang='lat' dir='ltr'><strong>Seripturas.</strong></span> <span class='ocrx_word' id='word_1_390' title='bbox 919 4750 1067 4804; x_wconf 88' lang='lat' dir='ltr'><strong>Sicut</strong></span> <span class='ocrx_word' id='word_1_391' title='bbox 1109 4768 1207 4821; x_wconf 88' lang='lat' dir='ltr'><strong>ego</strong></span> <span class='ocrx_word' id='word_1_392' title='bbox 1259 4755 1485 4810; x_wconf 88' lang='lat' dir='ltr'><strong>antehac</strong></span> <span class='ocrx_word' id='word_1_393' title='bbox 1543 4774 1661 4813; x_wconf 92' lang='lat' dir='ltr'><strong>cum</strong></span> <span class='ocrx_word' id='word_1_394' title='bbox 1718 4765 1977 4830; x_wconf 88' lang='lat' dir='ltr'><strong>putaretis</strong></span> <span class='ocrx_word' id='word_1_395' title='bbox 2045 4782 2130 4821; x_wconf 87' lang='lat' dir='ltr'><strong>tne</strong></span> 
     </span>
    </p>
   </div>
   <div class='ocr_carea' id='block_1_50' title="bbox 549 4835 2129 4915">
    <p class='ocr_par' dir='ltr' id='par_1_50' title="bbox 549 4835 2129 4915">
     <span class='ocr_line' id='line_1_50' title="bbox 549 4835 2129 4915; baseline 0.015 -26"><span class='ocrx_word' id='word_1_396' title='bbox 549 4835 661 4889; x_wconf 83' lang='lat' dir='ltr'><strong>Deo</strong></span> <span class='ocrx_word' id='word_1_397' title='bbox 715 4835 1077 4891; x_wconf 71' lang='lat' dir='ltr'><strong>adversarium</strong></span> <span class='ocrx_word' id='word_1_398' title='bbox 1117 4855 1256 4908; x_wconf 85' lang='lat' dir='ltr'><strong>esse,</strong></span> <span class='ocrx_word' id='word_1_399' title='bbox 1314 4859 1400 4897; x_wconf 86' lang='lat' dir='ltr'><strong>me</strong></span> <span class='ocrx_word' id='word_1_400' title='bbox 1443 4849 1788 4915; x_wconf 79' lang='lat' dir='ltr'><strong>expellebatis</strong></span> <span class='ocrx_word' id='word_1_401' title='bbox 1827 4870 1838 4904; x_wconf 92' lang='lat'><strong>:</strong></span> <span class='ocrx_word' id='word_1_402' title='bbox 1871 4853 1939 4907; x_wconf 89' lang='lat' dir='ltr'><strong>ita</strong></span> <span class='ocrx_word' id='word_1_403' title='bbox 1988 4872 2129 4913; x_wconf 91' lang='lat' dir='ltr'><strong>nunc</strong></span> 
     </span>
    </p>
   </div>
   <div class='ocr_carea' id='block_1_51' title="bbox 547 4929 2128 5016">
    <p class='ocr_par' dir='ltr' id='par_1_51' title="bbox 547 4929 2128 5016">
     <span class='ocr_line' id='line_1_51' title="bbox 547 4929 2128 5016; baseline 0.013 -34"><span class='ocrx_word' id='word_1_404' title='bbox 547 4943 612 4982; x_wconf 81' lang='lat' dir='ltr'><strong>ex</strong></span> <span class='ocrx_word' id='word_1_405' title='bbox 665 4943 772 4997; x_wconf 90' lang='lat' dir='ltr'><strong>quo</strong></span> <span class='ocrx_word' id='word_1_406' title='bbox 833 4929 946 4984; x_wconf 63' lang='lat' dir='ltr'><strong>hate</strong></span> <span class='ocrx_word' id='word_1_407' title='bbox 998 4930 1408 5002; x_wconf 90' lang='lat' dir='ltr'><strong>demonstravi,</strong></span> <span class='ocrx_word' id='word_1_408' title='bbox 1460 4954 1742 4997; x_wconf 88' lang='lat' dir='ltr'><strong>accurrere</strong></span> <span class='ocrx_word' id='word_1_409' title='bbox 1813 4961 1909 5001; x_wconf 86' lang='lat' dir='ltr'><strong>vos</strong></span> <span class='ocrx_word' id='word_1_410' title='bbox 1962 4963 2128 5016; x_wconf 82' lang='lat' dir='ltr'><strong>opor-</strong></span> 
     </span>
    </p>
   </div>
   <div class='ocr_carea' id='block_1_52' title="bbox 544 5022 2127 5111">
    <p class='ocr_par' dir='ltr' id='par_1_52' title="bbox 544 5022 2127 5111">
     <span class='ocr_line' id='line_1_52' title="bbox 544 5022 2127 5111; baseline 0.012 -35"><span class='ocrx_word' id='word_1_411' title='bbox 544 5022 728 5087; x_wconf 83' lang='lat' dir='ltr'><strong>tebat,</strong></span> <span class='ocrx_word' id='word_1_412' title='bbox 786 5023 830 5077; x_wconf 89' lang='lat' dir='ltr'><strong>si</strong></span> <span class='ocrx_word' id='word_1_413' title='bbox 891 5023 1055 5078; x_wconf 85' lang='lat' dir='ltr'><strong>Deum</strong></span> <span class='ocrx_word' id='word_1_414' title='bbox 1106 5026 1436 5096; x_wconf 88' lang='lat' dir='ltr'><strong>diligeretis;</strong></span> <span class='ocrx_word' id='word_1_415' title='bbox 1490 5033 1584 5087; x_wconf 89' lang='lat' dir='ltr'><strong>sed</strong></span> <span class='ocrx_word' id='word_1_416' title='bbox 1635 5049 1738 5089; x_wconf 92' lang='lat' dir='ltr'><strong>non</strong></span> <span class='ocrx_word' id='word_1_417' title='bbox 1780 5053 1903 5093; x_wconf 87' lang='lat' dir='ltr'><strong>vere</strong></span> <span class='ocrx_word' id='word_1_418' title='bbox 1952 5040 2127 5111; x_wconf 84' lang='lat' dir='ltr'><strong>diligi-</strong></span> 
     </span>
    </p>
   </div>
   <div class='ocr_carea' id='block_1_53' title="bbox 543 5113 2127 5191">
    <p class='ocr_par' dir='ltr' id='par_1_53' title="bbox 543 5113 2127 5191">
     <span class='ocr_line' id='line_1_53' title="bbox 543 5113 2127 5191; baseline 0.013 -24"><span class='ocrx_word' id='word_1_419' title='bbox 543 5115 631 5168; x_wconf 90' lang='lat' dir='ltr'><strong>tis.</strong></span> <span class='ocrx_word' id='word_1_420' title='bbox 680 5113 806 5170; x_wconf 87' lang='lat' dir='ltr'><strong>ldeo</strong></span> <span class='ocrx_word' id='word_1_421' title='bbox 862 5117 977 5171; x_wconf 76' lang='lat' dir='ltr'><strong>hzec</strong></span> <span class='ocrx_word' id='word_1_422' title='bbox 1019 5118 1146 5179; x_wconf 74' lang='lat' dir='ltr'><strong>dixi,</strong></span> <span class='ocrx_word' id='word_1_423' title='bbox 1205 5130 1260 5173; x_wconf 93' lang='lat' dir='ltr'><strong>ut</strong></span> <span class='ocrx_word' id='word_1_424' title='bbox 1299 5124 1702 5191; x_wconf 88' lang='lat' dir='ltr'><strong>comprobarem</strong></span> <span class='ocrx_word' id='word_1_425' title='bbox 1757 5143 1851 5184; x_wconf 86' lang='lat' dir='ltr'><strong>vos</strong></span> <span class='ocrx_word' id='word_1_426' title='bbox 1891 5131 2028 5186; x_wconf 88' lang='lat' dir='ltr'><strong>fastu</strong></span> <span class='ocrx_word' id='word_1_427' title='bbox 2073 5144 2127 5189; x_wconf 87' lang='lat' dir='ltr'><strong>et</strong></span> 
     </span>
    </p>
   </div>
   <div class='ocr_carea' id='block_1_54' title="bbox 538 5205 2122 5289">
    <p class='ocr_par' dir='ltr' id='par_1_54' title="bbox 538 5205 2122 5289">
     <span class='ocr_line' id='line_1_54' title="bbox 538 5205 2122 5289; baseline 0.015 -32"><span class='ocrx_word' id='word_1_428' title='bbox 538 5205 789 5274; x_wconf 84' lang='lat' dir='ltr'><strong>jactantia</strong></span> <span class='ocrx_word' id='word_1_429' title='bbox 833 5205 977 5275; x_wconf 88' lang='lat' dir='ltr'><strong>duci,</strong></span> <span class='ocrx_word' id='word_1_430' title='bbox 1024 5218 1078 5262; x_wconf 90' lang='lat' dir='ltr'><strong>et</strong></span> <span class='ocrx_word' id='word_1_431' title='bbox 1118 5209 1366 5265; x_wconf 86' lang='lat' dir='ltr'><strong>invidiam</strong></span> <span class='ocrx_word' id='word_1_432' title='bbox 1422 5224 1648 5270; x_wconf 87' lang='lat' dir='ltr'><strong>vestram</strong></span> <span class='ocrx_word' id='word_1_433' title='bbox 1693 5219 1962 5289; x_wconf 84' lang='lat' dir='ltr'><strong>obtegere.</strong></span> <span class='ocrx_word' id='word_1_434' title='bbox 2016 5222 2122 5279; x_wconf 83' lang='lat' dir='ltr'><strong>Ne-</strong></span> 
     </span>
    </p>
   </div>
   <div class='ocr_carea' id='block_1_55' title="bbox 540 5295 2123 5380">
    <p class='ocr_par' dir='ltr' id='par_1_55' title="bbox 540 5295 2123 5380">
     <span class='ocr_line' id='line_1_55' title="bbox 540 5295 2123 5380; baseline 0.015 -34"><span class='ocrx_word' id='word_1_435' title='bbox 540 5310 644 5364; x_wconf 86' lang='lat' dir='ltr'><strong>que</strong></span> <span class='ocrx_word' id='word_1_436' title='bbox 669 5311 734 5349; x_wconf 82' lang='lat' dir='ltr'><strong>ex</strong></span> <span class='ocrx_word' id='word_1_437' title='bbox 768 5295 847 5350; x_wconf 88' lang='lat' dir='ltr'><strong>his</strong></span> <span class='ocrx_word' id='word_1_438' title='bbox 895 5308 1095 5353; x_wconf 90' lang='lat' dir='ltr'><strong>tantnnt</strong></span> <span class='ocrx_word' id='word_1_439' title='bbox 1119 5343 1134 5366; x_wconf 95' lang='lat'><strong>,</strong></span> <span class='ocrx_word' id='word_1_440' title='bbox 1168 5302 1259 5356; x_wconf 90' lang='lat' dir='ltr'><strong>sed</strong></span> <span class='ocrx_word' id='word_1_441' title='bbox 1290 5318 1352 5357; x_wconf 75' lang='lat' dir='ltr'><strong>ex</strong></span> <span class='ocrx_word' id='word_1_442' title='bbox 1393 5303 1583 5361; x_wconf 80' lang='lat' dir='ltr'><strong>futuris</strong></span> <span class='ocrx_word' id='word_1_443' title='bbox 1627 5324 1838 5380; x_wconf 91' lang='lat' dir='ltr'><strong>quoque</strong></span> <span class='ocrx_word' id='word_1_444' title='bbox 1882 5311 1985 5368; x_wconf 87' lang='lat' dir='ltr'><strong>ltoc</strong></span> <span class='ocrx_word' id='word_1_445' title='bbox 2024 5315 2123 5370; x_wconf 74' lang='lat' dir='ltr'><strong>ad-</strong></span> 
     </span>
    </p>
   </div>
   <div class='ocr_carea' id='block_1_56' title="bbox 537 5388 2115 5477">
    <p class='ocr_par' dir='ltr' id='par_1_56' title="bbox 537 5388 2115 5477">
     <span class='ocr_line' id='line_1_56' title="bbox 537 5388 2115 5477; baseline 0.012 -35"><span class='ocrx_word' id='word_1_446' title='bbox 537 5388 728 5452; x_wconf 85' lang='lat' dir='ltr'><strong>struit;</strong></span> <span class='ocrx_word' id='word_1_447' title='bbox 759 5404 879 5442; x_wconf 89' lang='lat' dir='ltr'><strong>nam</strong></span> <span class='ocrx_word' id='word_1_448' title='bbox 911 5392 985 5444; x_wconf 91' lang='lat' dir='ltr'><strong>ait</strong></span> <span class='ocrx_word' id='word_1_449' title='bbox 1014 5410 1027 5445; x_wconf 91' lang='lat'>:</span> <span class='ocrx_word' id='word_1_450' title='bbox 1052 5393 1140 5448; x_wconf 69' lang='grc'><strong>45.</strong></span> <span class='ocrx_word' id='word_1_451' title='bbox 1185 5394 1296 5466; x_wconf 82' lang='lat' dir='ltr'><strong>Ego</strong></span> <span class='ocrx_word' id='word_1_452' title='bbox 1336 5399 1447 5452; x_wconf 80' lang='lat' dir='ltr'><strong>veni</strong></span> <span class='ocrx_word' id='word_1_453' title='bbox 1477 5400 1529 5452; x_wconf 91' lang='lat' dir='ltr'><strong>in</strong></span> <span class='ocrx_word' id='word_1_454' title='bbox 1567 5402 1768 5457; x_wconf 83' lang='lat' dir='ltr'><strong>nomine</strong></span> <span class='ocrx_word' id='word_1_455' title='bbox 1799 5403 1970 5460; x_wconf 83' lang='lat' dir='ltr'><strong>Patris</strong></span> <span class='ocrx_word' id='word_1_456' title='bbox 2001 5410 2115 5477; x_wconf 74' lang='lat' dir='ltr'><strong>mei,</strong></span> 
     </span>
    </p>
   </div>
   <div class='ocr_carea' id='block_1_57' title="bbox 537 5479 2116 5568">
    <p class='ocr_par' dir='ltr' id='par_1_57' title="bbox 537 5479 2116 5568">
     <span class='ocr_line' id='line_1_57' title="bbox 537 5479 2116 5568; baseline 0.016 -39"><span class='ocrx_word' id='word_1_457' title='bbox 537 5486 584 5529; x_wconf 88' lang='lat' dir='ltr'><strong>et</strong></span> <span class='ocrx_word' id='word_1_458' title='bbox 625 5492 727 5530; x_wconf 81' lang='lat' dir='ltr'><strong>non</strong></span> <span class='ocrx_word' id='word_1_459' title='bbox 761 5479 1017 5548; x_wconf 81' lang='lat' dir='ltr'><strong>recepistis</strong></span> <span class='ocrx_word' id='word_1_460' title='bbox 1046 5497 1124 5534; x_wconf 85' lang='lat' dir='ltr'><strong>me</strong></span> <span class='ocrx_word' id='word_1_461' title='bbox 1148 5499 1167 5535; x_wconf 90' lang='lat'><strong><em>:</em></strong></span> <span class='ocrx_word' id='word_1_462' title='bbox 1212 5487 1256 5538; x_wconf 88' lang='lat' dir='ltr'><strong>si</strong></span> <span class='ocrx_word' id='word_1_463' title='bbox 1293 5488 1423 5540; x_wconf 87' lang='lat' dir='ltr'><strong>alius</strong></span> <span class='ocrx_word' id='word_1_464' title='bbox 1464 5493 1648 5544; x_wconf 85' lang='lat' dir='ltr'><strong>venerit</strong></span> <span class='ocrx_word' id='word_1_465' title='bbox 1686 5494 1739 5545; x_wconf 85' lang='lat' dir='ltr'><strong>in</strong></span> <span class='ocrx_word' id='word_1_466' title='bbox 1783 5498 1984 5550; x_wconf 89' lang='lat' dir='ltr'><strong>nomine</strong></span> <span class='ocrx_word' id='word_1_467' title='bbox 2006 5516 2116 5568; x_wconf 82' lang='lat' dir='ltr'><strong>suo,</strong></span> 
     </span>
    </p>
   </div>
   <div class='ocr_carea' id='block_1_58' title="bbox 539 5566 2118 5653">
    <p class='ocr_par' dir='ltr' id='par_1_58' title="bbox 539 5566 2118 5653">
     <span class='ocr_line' id='line_1_58' title="bbox 539 5566 2118 5653; baseline 0.018 -35"><span class='ocrx_word' id='word_1_468' title='bbox 539 5566 688 5620; x_wconf 74' lang='lat' dir='ltr'><strong>illum</strong></span> <span class='ocrx_word' id='word_1_469' title='bbox 718 5570 990 5638; x_wconf 85' lang='lat' dir='ltr'><strong>recipietis.</strong></span> <span class='ocrx_word' id='word_1_470' title='bbox 1035 5571 1219 5629; x_wconf 75' lang='lat' dir='ltr'><strong>Viden’</strong></span> <span class='ocrx_word' id='word_1_471' title='bbox 1246 5578 1391 5632; x_wconf 86' lang='lat' dir='ltr'><strong>illum</strong></span> <span class='ocrx_word' id='word_1_472' title='bbox 1425 5581 1618 5653; x_wconf 85' lang='lat' dir='ltr'><strong>ubique</strong></span> <span class='ocrx_word' id='word_1_473' title='bbox 1639 5584 1816 5642; x_wconf 83' lang='lat' dir='ltr'><strong>dicere</strong></span> <span class='ocrx_word' id='word_1_474' title='bbox 1838 5603 1896 5642; x_wconf 90' lang='lat' dir='ltr'><strong>se</strong></span> <span class='ocrx_word' id='word_1_475' title='bbox 1926 5590 1989 5644; x_wconf 89' lang='lat' dir='ltr'><strong>ad</strong></span> <span class='ocrx_word' id='word_1_476' title='bbox 2018 5566 2118 5650; x_wconf 63' lang='grc' dir='ltr'>ιιοέ</span> 
     </span>
    </p>
   </div>
   <div class='ocr_carea' id='block_1_59' title="bbox 538 5658 2113 5750">
    <p class='ocr_par' dir='ltr' id='par_1_59' title="bbox 538 5658 2113 5750">
     <span class='ocr_line' id='line_1_59' title="bbox 538 5658 2113 5750; baseline 0.019 -42"><span class='ocrx_word' id='word_1_477' title='bbox 538 5658 754 5711; x_wconf 86' lang='lat' dir='ltr'><strong>missum</strong></span> <span class='ocrx_word' id='word_1_478' title='bbox 779 5673 917 5726; x_wconf 87' lang='lat' dir='ltr'><strong>esse,</strong></span> <span class='ocrx_word' id='word_1_479' title='bbox 946 5672 998 5716; x_wconf 84' lang='lat' dir='ltr'><strong>et</strong></span> <span class='ocrx_word' id='word_1_480' title='bbox 1021 5679 1084 5717; x_wconf 79' lang='lat' dir='ltr'><strong>ex</strong></span> <span class='ocrx_word' id='word_1_481' title='bbox 1115 5665 1266 5720; x_wconf 82' lang='lat' dir='ltr'><strong>Patre</strong></span> <span class='ocrx_word' id='word_1_482' title='bbox 1282 5668 1536 5737; x_wconf 88' lang='lat' dir='ltr'><strong>judicium</strong></span> <span class='ocrx_word' id='word_1_483' title='bbox 1559 5677 1848 5745; x_wconf 88' lang='lat' dir='ltr'><strong>accepisse,</strong></span> <span class='ocrx_word' id='word_1_484' title='bbox 1874 5695 1970 5734; x_wconf 86' lang='lat' dir='ltr'><strong>nec</strong></span> <span class='ocrx_word' id='word_1_485' title='bbox 1992 5685 2113 5750; x_wconf 86' lang='lat' dir='ltr'><strong>quid</strong></span> 
     </span>
    </p>
   </div>
   <div class='ocr_carea' id='block_1_60' title="bbox 537 5754 2111 5840">
    <p class='ocr_par' dir='ltr' id='par_1_60' title="bbox 537 5754 2111 5840">
     <span class='ocr_line' id='line_1_60' title="bbox 537 5754 2111 5840; baseline 0.02 -40"><span class='ocrx_word' id='word_1_486' title='bbox 537 5760 691 5815; x_wconf 77' lang='lat' dir='ltr'><strong>posse</strong></span> <span class='ocrx_word' id='word_1_487' title='bbox 743 5765 772 5803; x_wconf 85' lang='lat' dir='ltr'><strong>a</strong></span> <span class='ocrx_word' id='word_1_488' title='bbox 818 5754 1133 5826; x_wconf 81' lang='lat' dir='ltr'><strong>sctnetispso</strong></span> <span class='ocrx_word' id='word_1_489' title='bbox 1174 5758 1376 5824; x_wconf 86' lang='lat' dir='ltr'><strong>facere,</strong></span> <span class='ocrx_word' id='word_1_490' title='bbox 1410 5773 1466 5818; x_wconf 90' lang='lat' dir='ltr'><strong>ut</strong></span> <span class='ocrx_word' id='word_1_491' title='bbox 1498 5779 1710 5822; x_wconf 86' lang='lat' dir='ltr'><strong>onmem</strong></span> <span class='ocrx_word' id='word_1_492' title='bbox 1764 5769 2111 5840; x_wconf 73' lang='lat' dir='ltr'><strong>iltipt&#39;obllalls</strong></span> 
     </span>
    </p>
   </div>
   <div class='ocr_carea' id='block_1_61' title="bbox 1299 361 3091 439">
    <p class='ocr_par' dir='ltr' id='par_1_61' title="bbox 1299 361 3091 439">
     <span class='ocr_line' id='line_1_61' title="bbox 1299 361 3091 439; baseline 0.011 -21"><span class='ocrx_word' id='word_1_493' title='bbox 1299 365 1336 419; x_wconf 72' lang='grc' dir='ltr'><strong>ὃ</strong></span> <span class='ocrx_word' id='word_1_494' title='bbox 1388 361 1662 420; x_wconf 80' lang='lat' dir='ltr'><strong>JO.\-.\&#39;.\&#39;IS</strong></span> <span class='ocrx_word' id='word_1_495' title='bbox 1698 365 2163 424; x_wconf 66' lang='lat' dir='ltr'><strong>CHRYSOSTOJII</strong></span> <span class='ocrx_word' id='word_1_496' title='bbox 2205 369 2516 429; x_wconf 79' lang='lat' dir='ltr'><strong>ARCIIIEP.</strong></span> <span class='ocrx_word' id='word_1_497' title='bbox 2559 376 3091 439; x_wconf 67' lang='lat' dir='ltr'><strong>CONSTANTINOP.</strong></span> 
     </span>
    </p>
   </div>
   <div class='ocr_carea' id='block_1_62' title="bbox 2285 517 3893 605">
    <p class='ocr_par' dir='ltr' id='par_1_62' title="bbox 2285 517 3893 605">
     <span class='ocr_line' id='line_1_62' title="bbox 2285 517 3893 605; baseline 0.019 -44"><span class='ocrx_word' id='word_1_498' title='bbox 2285 523 2467 564; x_wconf 87' lang='lat' dir='ltr'><strong>ansam</strong></span> <span class='ocrx_word' id='word_1_499' title='bbox 2515 517 2758 568; x_wconf 83' lang='lat' dir='ltr'><strong>resecet?</strong></span> <span class='ocrx_word' id='word_1_500' title='bbox 2807 519 2912 573; x_wconf 85' lang='lat' dir='ltr'><strong>Sed</strong></span> <span class='ocrx_word' id='word_1_501' title='bbox 2941 536 3232 590; x_wconf 87' lang='lat' dir='ltr'><strong>quemnam</strong></span> <span class='ocrx_word' id='word_1_502' title='bbox 3261 523 3397 582; x_wconf 91' lang='lat' dir='ltr'><strong>dicit</strong></span> <span class='ocrx_word' id='word_1_503' title='bbox 3447 529 3504 583; x_wconf 92' lang='lat' dir='ltr'><strong>in</strong></span> <span class='ocrx_word' id='word_1_504' title='bbox 3539 545 3654 587; x_wconf 81' lang='lat' dir='ltr'><strong>suo</strong></span> <span class='ocrx_word' id='word_1_505' title='bbox 3684 543 3893 605; x_wconf 73' lang='lat' dir='ltr'><strong>prOpriu</strong></span> 
     </span>
    </p>
   </div>
   <div class='ocr_carea' id='block_1_63' title="bbox 2282 602 3892 682">
    <p class='ocr_par' dir='ltr' id='par_1_63' title="bbox 2282 602 3892 682">
     <span class='ocr_line' id='line_1_63' title="bbox 2282 602 3892 682; baseline 0.018 -31"><span class='ocrx_word' id='word_1_506' title='bbox 2282 602 2498 655; x_wconf 91' lang='lat' dir='ltr'><strong>nomine</strong></span> <span class='ocrx_word' id='word_1_507' title='bbox 2529 615 2812 662; x_wconf 90' lang='lat' dir='ltr'><strong>venturum</strong></span> <span class='ocrx_word' id='word_1_508' title='bbox 2858 613 3023 668; x_wconf 84' lang='lat' dir='ltr'><strong>esse?</strong></span> <span class='ocrx_word' id='word_1_509' title='bbox 3067 616 3469 675; x_wconf 85' lang='lat' dir='ltr'><strong>Antichristum</strong></span> <span class='ocrx_word' id='word_1_510' title='bbox 3503 621 3606 677; x_wconf 88' lang='lat' dir='ltr'><strong>hic</strong></span> <span class='ocrx_word' id='word_1_511' title='bbox 3655 627 3892 682; x_wconf 69' lang='lat' dir='ltr'><strong>subimu-</strong></span> 
     </span>
    </p>
   </div>
   <div class='ocr_carea' id='block_1_64' title="bbox 2278 700 3889 784">
    <p class='ocr_par' dir='ltr' id='par_1_64' title="bbox 2278 700 3889 784">
     <span class='ocr_line' id='line_1_64' title="bbox 2278 700 3889 784; baseline 0.02 -42"><span class='ocrx_word' id='word_1_512' title='bbox 2278 700 2396 755; x_wconf 90' lang='lat' dir='ltr'><strong>cat,</strong></span> <span class='ocrx_word' id='word_1_513' title='bbox 2453 707 2749 762; x_wconf 87' lang='lat' dir='ltr'><strong>eorumque</strong></span> <span class='ocrx_word' id='word_1_514' title='bbox 2801 704 3094 771; x_wconf 88' lang='lat' dir='ltr'><strong>nequitiam</strong></span> <span class='ocrx_word' id='word_1_515' title='bbox 3153 707 3493 767; x_wconf 90' lang='lat' dir='ltr'><strong>ineluctabili</strong></span> <span class='ocrx_word' id='word_1_516' title='bbox 3567 728 3889 784; x_wconf 55' lang='lat' dir='ltr'><strong>argumenta</strong></span> 
     </span>
    </p>
   </div>
   <div class='ocr_carea' id='block_1_65' title="bbox 2277 782 3887 878">
    <p class='ocr_par' dir='ltr' id='par_1_65' title="bbox 2277 782 3887 878">
     <span class='ocr_line' id='line_1_65' title="bbox 2277 782 3887 878; baseline 0.021 -45"><span class='ocrx_word' id='word_1_517' title='bbox 2277 782 2626 839; x_wconf 83' lang='lat' dir='ltr'><strong>dcmonSlt‘at.</strong></span> <span class='ocrx_word' id='word_1_518' title='bbox 2658 788 2790 845; x_wconf 80' lang='lat' dir='ltr'><strong>Nam</strong></span> <span class='ocrx_word' id='word_1_519' title='bbox 2819 795 2863 848; x_wconf 93' lang='lat' dir='ltr'><strong>si</strong></span> <span class='ocrx_word' id='word_1_520' title='bbox 2897 803 3167 866; x_wconf 89' lang='lat' dir='ltr'><strong>tamquam</strong></span> <span class='ocrx_word' id='word_1_521' title='bbox 3197 800 3293 856; x_wconf 81' lang='lat' dir='ltr'><strong>Dei</strong></span> <span class='ocrx_word' id='word_1_522' title='bbox 3326 815 3622 862; x_wconf 86' lang='lat' dir='ltr'><strong>amatores</strong></span> <span class='ocrx_word' id='word_1_523' title='bbox 3653 824 3750 864; x_wconf 85' lang='lat' dir='ltr'><strong>me</strong></span> <span class='ocrx_word' id='word_1_524' title='bbox 3782 829 3887 878; x_wconf 83' lang='lat' dir='ltr'><strong>per-</strong></span> 
     </span>
    </p>
   </div>
   <div class='ocr_carea' id='block_1_66' title="bbox 2274 878 3885 971">
    <p class='ocr_par' dir='ltr' id='par_1_66' title="bbox 2274 878 3885 971">
     <span class='ocr_line' id='line_1_66' title="bbox 2274 878 3885 971; baseline 0.019 -46"><span class='ocrx_word' id='word_1_525' title='bbox 2274 878 2575 943; x_wconf 84' lang='lat' dir='ltr'><strong>sequimini,</strong></span> <span class='ocrx_word' id='word_1_526' title='bbox 2608 883 2776 938; x_wconf 90' lang='lat' dir='ltr'><strong>multo</strong></span> <span class='ocrx_word' id='word_1_527' title='bbox 2806 887 2972 956; x_wconf 90' lang='lat' dir='ltr'><strong>magis</strong></span> <span class='ocrx_word' id='word_1_528' title='bbox 2999 890 3394 949; x_wconf 84' lang='lat' dir='ltr'><strong>Antichristum</strong></span> <span class='ocrx_word' id='word_1_529' title='bbox 3430 900 3706 969; x_wconf 83' lang='lat' dir='ltr'><strong>persequi</strong></span> <span class='ocrx_word' id='word_1_530' title='bbox 3737 916 3885 971; x_wconf 83' lang='lat' dir='ltr'><strong>Opor-</strong></span> 
     </span>
    </p>
   </div>
   <div class='ocr_carea' id='block_1_67' title="bbox 2276 961 3883 1055">
    <p class='ocr_par' dir='ltr' id='par_1_67' title="bbox 2276 961 3883 1055">
     <span class='ocr_line' id='line_1_67' title="bbox 2276 961 3883 1055; baseline 0.021 -47"><span class='ocrx_word' id='word_1_531' title='bbox 2276 961 2452 1013; x_wconf 89' lang='lat' dir='ltr'><strong>tuerit.</strong></span> <span class='ocrx_word' id='word_1_532' title='bbox 2505 962 2597 1018; x_wconf 88' lang='lat' dir='ltr'><strong>Ille</strong></span> <span class='ocrx_word' id='word_1_533' title='bbox 2643 982 2872 1038; x_wconf 88' lang='lat' dir='ltr'><strong>namque</strong></span> <span class='ocrx_word' id='word_1_534' title='bbox 2903 971 3035 1026; x_wconf 87' lang='lat' dir='ltr'><strong>nihil</strong></span> <span class='ocrx_word' id='word_1_535' title='bbox 3081 975 3262 1031; x_wconf 85' lang='lat' dir='ltr'><strong>simile</strong></span> <span class='ocrx_word' id='word_1_536' title='bbox 3299 961 3574 1049; x_wconf 78' lang='lat' dir='ltr'><strong>proferet,</strong></span> <span class='ocrx_word' id='word_1_537' title='bbox 3624 961 3814 1055; x_wconf 66' lang='lat' dir='ltr'><strong>neque</strong></span> <span class='ocrx_word' id='word_1_538' title='bbox 3860 1008 3883 1042; x_wconf 71' lang='grc' dir='ltr'>ει</span> 
     </span>
    </p>
   </div>
   <div class='ocr_carea' id='block_1_68' title="bbox 2273 1047 3886 1149">
    <p class='ocr_par' dir='ltr' id='par_1_68' title="bbox 2273 1047 3886 1149">
     <span class='ocr_line' id='line_1_68' title="bbox 2273 1047 3886 1149; baseline 0.02 -47"><span class='ocrx_word' id='word_1_539' title='bbox 2273 1047 2428 1104; x_wconf 86' lang='lat' dir='ltr'><strong>Patre</strong></span> <span class='ocrx_word' id='word_1_540' title='bbox 2457 1068 2515 1107; x_wconf 90' lang='lat' dir='ltr'><strong>se</strong></span> <span class='ocrx_word' id='word_1_541' title='bbox 2557 1057 2810 1125; x_wconf 89' lang='lat' dir='ltr'><strong>missum,</strong></span> <span class='ocrx_word' id='word_1_542' title='bbox 2860 1076 3039 1131; x_wconf 89' lang='lat' dir='ltr'><strong>neque</strong></span> <span class='ocrx_word' id='word_1_543' title='bbox 3082 1080 3147 1120; x_wconf 78' lang='lat' dir='ltr'><strong>ex</strong></span> <span class='ocrx_word' id='word_1_544' title='bbox 3194 1068 3313 1136; x_wconf 88' lang='lat' dir='ltr'><strong>ejus</strong></span> <span class='ocrx_word' id='word_1_545' title='bbox 3358 1074 3654 1132; x_wconf 83' lang='lat' dir='ltr'><strong>voluntate</strong></span> <span class='ocrx_word' id='word_1_546' title='bbox 3712 1082 3886 1149; x_wconf 69' lang='lat' dir='ltr'><strong>venirt-</strong></span> 
     </span>
    </p>
   </div>
   <div class='ocr_carea' id='block_1_69' title="bbox 2270 1137 3884 1234">
    <p class='ocr_par' dir='ltr' id='par_1_69' title="bbox 2270 1137 3884 1234">
     <span class='ocr_line' id='line_1_69' title="bbox 2270 1137 3884 1234; baseline 0.022 -43"><span class='ocrx_word' id='word_1_547' title='bbox 2270 1137 2409 1193; x_wconf 91' lang='lat' dir='ltr'><strong>dicet</strong></span> <span class='ocrx_word' id='word_1_548' title='bbox 2433 1155 2446 1192; x_wconf 90' lang='lat'><strong>:</strong></span> <span class='ocrx_word' id='word_1_549' title='bbox 2475 1144 2569 1198; x_wconf 88' lang='lat' dir='ltr'><strong>sed</strong></span> <span class='ocrx_word' id='word_1_550' title='bbox 2601 1155 2810 1214; x_wconf 89' lang='lat' dir='ltr'><strong>contra,</strong></span> <span class='ocrx_word' id='word_1_551' title='bbox 2845 1165 2907 1204; x_wconf 87' lang='lat' dir='ltr'><strong>ea</strong></span> <span class='ocrx_word' id='word_1_552' title='bbox 2934 1154 3213 1222; x_wconf 87' lang='lat' dir='ltr'><strong>tyrannice</strong></span> <span class='ocrx_word' id='word_1_553' title='bbox 3251 1161 3426 1229; x_wconf 88' lang='lat' dir='ltr'><strong>rapiet</strong></span> <span class='ocrx_word' id='word_1_554' title='bbox 3450 1179 3580 1234; x_wconf 69' lang='lat' dir='ltr'><strong>quae</strong></span> <span class='ocrx_word' id='word_1_555' title='bbox 3604 1182 3723 1223; x_wconf 85' lang='lat' dir='ltr'><strong>non</strong></span> <span class='ocrx_word' id='word_1_556' title='bbox 3743 1142 3810 1224; x_wconf 79' lang='lat' dir='ltr'><strong>ad</strong></span> <span class='ocrx_word' id='word_1_557' title='bbox 3832 1185 3884 1224; x_wconf 84' lang='lat' dir='ltr'><strong>se</strong></span> 
     </span>
    </p>
   </div>
   <div class='ocr_carea' id='block_1_70' title="bbox 2269 1232 3880 1326">
    <p class='ocr_par' dir='ltr' id='par_1_70' title="bbox 2269 1232 3880 1326">
     <span class='ocr_line' id='line_1_70' title="bbox 2269 1232 3880 1326; baseline 0.022 -46"><span class='ocrx_word' id='word_1_558' title='bbox 2269 1232 2573 1298; x_wconf 88' lang='lat' dir='ltr'><strong>pertinent,</strong></span> <span class='ocrx_word' id='word_1_559' title='bbox 2607 1250 2770 1306; x_wconf 88' lang='lat' dir='ltr'><strong>seque</strong></span> <span class='ocrx_word' id='word_1_560' title='bbox 2797 1239 2959 1295; x_wconf 91' lang='lat' dir='ltr'><strong>deum</strong></span> <span class='ocrx_word' id='word_1_561' title='bbox 2992 1244 3367 1304; x_wconf 84' lang='lat' dir='ltr'><strong>universorum</strong></span> <span class='ocrx_word' id='word_1_562' title='bbox 3398 1232 3788 1326; x_wconf 66' lang='lat' dir='ltr'><strong>proﬁtebitur,</strong></span> <span class='ocrx_word' id='word_1_563' title='bbox 3834 1275 3880 1314; x_wconf 89' lang='lat' dir='ltr'><strong>ut</strong></span> 
     </span>
    </p>
   </div>
   <div class='ocr_carea' id='block_1_71' title="bbox 2268 1319 3874 1416">
    <p class='ocr_par' dir='ltr' id='par_1_71' title="bbox 2268 1319 3874 1416">
     <span class='ocr_line' id='line_1_71' title="bbox 2268 1319 3874 1416; baseline 0.02 -44"><span class='ocrx_word' id='word_1_564' title='bbox 2268 1319 2462 1376; x_wconf 86' lang='lat' dir='ltr'><strong>Paulus</strong></span> <span class='ocrx_word' id='word_1_565' title='bbox 2487 1326 2562 1378; x_wconf 88' lang='lat' dir='ltr'><strong>ait</strong></span> <span class='ocrx_word' id='word_1_566' title='bbox 2593 1343 2607 1381; x_wconf 85' lang='lat'><strong>;</strong></span> <span class='ocrx_word' id='word_1_567' title='bbox 2633 1326 2807 1396; x_wconf 82' lang='lat' dir='ltr'><strong>Supra</strong></span> <span class='ocrx_word' id='word_1_568' title='bbox 2827 1347 3023 1386; x_wconf 81' lang='lat' dir='ltr'><strong>omnem</strong></span> <span class='ocrx_word' id='word_1_569' title='bbox 3043 1337 3130 1402; x_wconf 81' lang='lat' dir='ltr'><strong>qui</strong></span> <span class='ocrx_word' id='word_1_570' title='bbox 3158 1339 3345 1394; x_wconf 87' lang='lat' dir='ltr'><strong>dicitur</strong></span> <span class='ocrx_word' id='word_1_571' title='bbox 3368 1319 3520 1399; x_wconf 56' lang='lat' dir='ltr'><strong>Deus</strong></span> <span class='ocrx_word' id='word_1_572' title='bbox 3552 1358 3652 1401; x_wconf 78' lang='lat' dir='ltr'><strong>aut</strong></span> <span class='ocrx_word' id='word_1_573' title='bbox 3673 1319 3874 1416; x_wconf 74' lang='lat' dir='ltr'><strong>colitur,</strong></span> 
     </span>
    </p>
   </div>
   <div class='ocr_carea' id='block_1_72' title="bbox 2265 1413 3877 1509">
    <p class='ocr_par' dir='ltr' id='par_1_72' title="bbox 2265 1413 3877 1509">
     <span class='ocr_line' id='line_1_72' title="bbox 2265 1413 3877 1509; baseline 0.023 -48"><span class='ocrx_word' id='word_1_574' title='bbox 2265 1413 2530 1467; x_wconf 85' lang='lat' dir='ltr'><strong>ostendens</strong></span> <span class='ocrx_word' id='word_1_575' title='bbox 2568 1432 2622 1469; x_wconf 89' lang='lat' dir='ltr'><strong>se</strong></span> <span class='ocrx_word' id='word_1_576' title='bbox 2651 1428 2906 1488; x_wconf 84' lang='lat' dir='ltr'><strong>tamquam</strong></span> <span class='ocrx_word' id='word_1_577' title='bbox 2929 1423 2994 1475; x_wconf 87' lang='lat' dir='ltr'><strong>sit</strong></span> <span class='ocrx_word' id='word_1_578' title='bbox 3030 1423 3174 1481; x_wconf 80' lang='lat' dir='ltr'><strong>Deus</strong></span> <span class='ocrx_word' id='word_1_579' title='bbox 3195 1428 3271 1498; x_wconf 76' lang='grc'><strong>(2.</strong></span> <span class='ocrx_word' id='word_1_580' title='bbox 3311 1431 3496 1488; x_wconf 77' lang='lat' dir='ltr'><strong>Thess.</strong></span> <span class='ocrx_word' id='word_1_581' title='bbox 3525 1437 3592 1499; x_wconf 71' lang='lat'><strong>2.</strong></span> <span class='ocrx_word' id='word_1_582' title='bbox 3648 1440 3742 1509; x_wconf 76' lang='grc'><strong>4).</strong></span> <span class='ocrx_word' id='word_1_583' title='bbox 3775 1413 3877 1498; x_wconf 75' lang='lat' dir='ltr'><strong>[loc</strong></span> 
     </span>
    </p>
   </div>
   <div class='ocr_carea' id='block_1_73' title="bbox 2264 1501 3871 1599">
    <p class='ocr_par' dir='ltr' id='par_1_73' title="bbox 2264 1501 3871 1599">
     <span class='ocr_line' id='line_1_73' title="bbox 2264 1501 3871 1599; baseline 0.022 -46"><span class='ocrx_word' id='word_1_584' title='bbox 2264 1501 2406 1555; x_wconf 91' lang='lat' dir='ltr'><strong>enim</strong></span> <span class='ocrx_word' id='word_1_585' title='bbox 2437 1514 2520 1558; x_wconf 88' lang='lat' dir='ltr'><strong>est</strong></span> <span class='ocrx_word' id='word_1_586' title='bbox 2549 1505 2600 1558; x_wconf 90' lang='lat' dir='ltr'><strong>in</strong></span> <span class='ocrx_word' id='word_1_587' title='bbox 2621 1511 2836 1577; x_wconf 83' lang='lat' dir='ltr'><strong>prOprio</strong></span> <span class='ocrx_word' id='word_1_588' title='bbox 2860 1513 3076 1570; x_wconf 89' lang='lat' dir='ltr'><strong>nomine</strong></span> <span class='ocrx_word' id='word_1_589' title='bbox 3105 1517 3308 1576; x_wconf 84' lang='lat' dir='ltr'><strong>venire.</strong></span> <span class='ocrx_word' id='word_1_590' title='bbox 3332 1523 3450 1594; x_wconf 86' lang='lat' dir='ltr'><strong>Ego</strong></span> <span class='ocrx_word' id='word_1_591' title='bbox 3479 1543 3624 1582; x_wconf 82' lang='lat' dir='ltr'><strong>vero</strong></span> <span class='ocrx_word' id='word_1_592' title='bbox 3649 1548 3760 1585; x_wconf 86' lang='lat' dir='ltr'><strong>non</strong></span> <span class='ocrx_word' id='word_1_593' title='bbox 3785 1550 3871 1599; x_wconf 69' lang='lat' dir='ltr'><strong>sne,</strong></span> 
     </span>
    </p>
   </div>
   <div class='ocr_carea' id='block_1_74' title="bbox 2262 1589 3870 1677">
    <p class='ocr_par' dir='ltr' id='par_1_74' title="bbox 2262 1589 3870 1677">
     <span class='ocr_line' id='line_1_74' title="bbox 2262 1589 3870 1677; baseline 0.022 -35"><span class='ocrx_word' id='word_1_594' title='bbox 2262 1589 2358 1644; x_wconf 88' lang='lat' dir='ltr'><strong>sed</strong></span> <span class='ocrx_word' id='word_1_595' title='bbox 2388 1592 2438 1645; x_wconf 91' lang='lat' dir='ltr'><strong>in</strong></span> <span class='ocrx_word' id='word_1_596' title='bbox 2488 1597 2704 1652; x_wconf 90' lang='lat' dir='ltr'><strong>nomine</strong></span> <span class='ocrx_word' id='word_1_597' title='bbox 2735 1600 2907 1656; x_wconf 81' lang='lat' dir='ltr'><strong>Patris</strong></span> <span class='ocrx_word' id='word_1_598' title='bbox 2933 1605 3038 1658; x_wconf 90' lang='lat' dir='ltr'><strong>mei</strong></span> <span class='ocrx_word' id='word_1_599' title='bbox 3070 1606 3286 1664; x_wconf 83' lang='lat' dir='ltr'><strong>adveni.</strong></span> <span class='ocrx_word' id='word_1_600' title='bbox 3340 1611 3437 1667; x_wconf 79' lang='lat' dir='ltr'><strong>Vel</strong></span> <span class='ocrx_word' id='word_1_601' title='bbox 3475 1615 3615 1672; x_wconf 88' lang='lat' dir='ltr'><strong>hinc</strong></span> <span class='ocrx_word' id='word_1_602' title='bbox 3667 1625 3870 1677; x_wconf 86' lang='lat' dir='ltr'><strong>ostendi</strong></span> 
     </span>
    </p>
   </div>
   <div class='ocr_carea' id='block_1_75' title="bbox 2263 1685 3868 1783">
    <p class='ocr_par' dir='ltr' id='par_1_75' title="bbox 2263 1685 3868 1783">
     <span class='ocr_line' id='line_1_75' title="bbox 2263 1685 3868 1783; baseline 0.022 -50"><span class='ocrx_word' id='word_1_603' title='bbox 2263 1690 2470 1749; x_wconf 89' lang='lat' dir='ltr'><strong>poterat</strong></span> <span class='ocrx_word' id='word_1_604' title='bbox 2495 1685 2639 1754; x_wconf 91' lang='lat' dir='ltr'><strong>ipsos</strong></span> <span class='ocrx_word' id='word_1_605' title='bbox 2668 1706 2771 1744; x_wconf 93' lang='lat' dir='ltr'><strong>non</strong></span> <span class='ocrx_word' id='word_1_606' title='bbox 2817 1709 3000 1751; x_wconf 87' lang='lat' dir='ltr'><strong>amare</strong></span> <span class='ocrx_word' id='word_1_607' title='bbox 3037 1697 3245 1768; x_wconf 85' lang='lat' dir='ltr'><strong>Deum,</strong></span> <span class='ocrx_word' id='word_1_608' title='bbox 3277 1706 3424 1774; x_wconf 91' lang='lat' dir='ltr'><strong>quod</strong></span> <span class='ocrx_word' id='word_1_609' title='bbox 3457 1709 3650 1777; x_wconf 85' lang='lat' dir='ltr'><strong>illum,</strong></span> <span class='ocrx_word' id='word_1_610' title='bbox 3697 1714 3790 1783; x_wconf 87' lang='lat' dir='ltr'><strong>qui</strong></span> <span class='ocrx_word' id='word_1_611' title='bbox 3819 1737 3868 1770; x_wconf 66' lang='lat' dir='ltr'><strong>si:</strong></span> 
     </span>
    </p>
   </div>
   <div class='ocr_carea' id='block_1_76' title="bbox 2259 1773 3868 1870">
    <p class='ocr_par' dir='ltr' id='par_1_76' title="bbox 2259 1773 3868 1870">
     <span class='ocr_line' id='line_1_76' title="bbox 2259 1773 3868 1870; baseline 0.023 -44"><span class='ocrx_word' id='word_1_612' title='bbox 2259 1773 2539 1833; x_wconf 80' lang='lat' dir='ltr'><strong>diceretab</strong></span> <span class='ocrx_word' id='word_1_613' title='bbox 2561 1781 2651 1834; x_wconf 92' lang='lat' dir='ltr'><strong>illo</strong></span> <span class='ocrx_word' id='word_1_614' title='bbox 2687 1784 2930 1851; x_wconf 88' lang='lat' dir='ltr'><strong>missum,</strong></span> <span class='ocrx_word' id='word_1_615' title='bbox 2970 1804 3075 1844; x_wconf 84' lang='lat' dir='ltr'><strong>non</strong></span> <span class='ocrx_word' id='word_1_616' title='bbox 3121 1795 3424 1863; x_wconf 88' lang='lat' dir='ltr'><strong>reciperent</strong></span> <span class='ocrx_word' id='word_1_617' title='bbox 3459 1817 3474 1852; x_wconf 91' lang='lat'>:</span> <span class='ocrx_word' id='word_1_618' title='bbox 3504 1802 3626 1870; x_wconf 91' lang='lat' dir='ltr'><strong>jam</strong></span> <span class='ocrx_word' id='word_1_619' title='bbox 3660 1821 3868 1862; x_wconf 75' lang='lat' dir='ltr'><strong>veroex</strong></span> 
     </span>
    </p>
   </div>
   <div class='ocr_carea' id='block_1_77' title="bbox 2258 1871 3870 1960">
    <p class='ocr_par' dir='ltr' id='par_1_77' title="bbox 2258 1871 3870 1960">
     <span class='ocr_line' id='line_1_77' title="bbox 2258 1871 3870 1960; baseline 0.021 -41"><span class='ocrx_word' id='word_1_620' title='bbox 2258 1871 2530 1926; x_wconf 88' lang='lat' dir='ltr'><strong>contrario</strong></span> <span class='ocrx_word' id='word_1_621' title='bbox 2580 1876 2816 1928; x_wconf 87' lang='lat' dir='ltr'><strong>ostendit</strong></span> <span class='ocrx_word' id='word_1_622' title='bbox 2867 1878 3081 1935; x_wconf 90' lang='lat' dir='ltr'><strong>illorum</strong></span> <span class='ocrx_word' id='word_1_623' title='bbox 3135 1883 3535 1953; x_wconf 86' lang='lat' dir='ltr'><strong>impudentiam</strong></span> <span class='ocrx_word' id='word_1_624' title='bbox 3600 1896 3660 1960; x_wconf 76' lang='lat'><strong>&#39;,</strong></span> <span class='ocrx_word' id='word_1_625' title='bbox 3692 1915 3758 1951; x_wconf 73' lang='lat' dir='ltr'><strong>ex</strong></span> <span class='ocrx_word' id='word_1_626' title='bbox 3813 1915 3870 1954; x_wconf 75' lang='lat' dir='ltr'><strong>eo</strong></span> 
     </span>
    </p>
   </div>
   <div class='ocr_carea' id='block_1_78' title="bbox 2257 1961 3866 2055">
    <p class='ocr_par' dir='ltr' id='par_1_78' title="bbox 2257 1961 3866 2055">
     <span class='ocr_line' id='line_1_78' title="bbox 2257 1961 3866 2055; baseline 0.022 -43"><span class='ocrx_word' id='word_1_627' title='bbox 2257 1961 2398 2029; x_wconf 88' lang='lat' dir='ltr'><strong>quod</strong></span> <span class='ocrx_word' id='word_1_628' title='bbox 2432 1965 2814 2022; x_wconf 77' lang='lat' dir='ltr'><strong>Antichristum</strong></span> <span class='ocrx_word' id='word_1_629' title='bbox 2843 1976 3107 2042; x_wconf 88' lang='lat' dir='ltr'><strong>recepturi</strong></span> <span class='ocrx_word' id='word_1_630' title='bbox 3132 1988 3338 2034; x_wconf 86' lang='lat' dir='ltr'><strong>essent.</strong></span> <span class='ocrx_word' id='word_1_631' title='bbox 3364 1982 3508 2038; x_wconf 87' lang='lat' dir='ltr'><strong>Cum</strong></span> <span class='ocrx_word' id='word_1_632' title='bbox 3538 1989 3698 2043; x_wconf 89' lang='lat' dir='ltr'><strong>enim</strong></span> <span class='ocrx_word' id='word_1_633' title='bbox 3731 2008 3866 2055; x_wconf 85' lang='lat' dir='ltr'><strong>eum,</strong></span> 
     </span>
    </p>
   </div>
   <div class='ocr_carea' id='block_1_79' title="bbox 2257 2051 3868 2146">
    <p class='ocr_par' dir='ltr' id='par_1_79' title="bbox 2257 2051 3868 2146">
     <span class='ocr_line' id='line_1_79' title="bbox 2257 2051 3868 2146; baseline 0.024 -45"><span class='ocrx_word' id='word_1_634' title='bbox 2257 2051 2344 2119; x_wconf 93' lang='lat' dir='ltr'><strong>qui</strong></span> <span class='ocrx_word' id='word_1_635' title='bbox 2375 2068 2404 2104; x_wconf 91' lang='lat' dir='ltr'><strong>a</strong></span> <span class='ocrx_word' id='word_1_636' title='bbox 2438 2054 2548 2109; x_wconf 91' lang='lat' dir='ltr'><strong>Deo</strong></span> <span class='ocrx_word' id='word_1_637' title='bbox 2583 2071 2641 2112; x_wconf 89' lang='lat' dir='ltr'><strong>se</strong></span> <span class='ocrx_word' id='word_1_638' title='bbox 2663 2059 2886 2115; x_wconf 90' lang='lat' dir='ltr'><strong>missum</strong></span> <span class='ocrx_word' id='word_1_639' title='bbox 2908 2063 3142 2133; x_wconf 90' lang='lat' dir='ltr'><strong>dicebat,</strong></span> <span class='ocrx_word' id='word_1_640' title='bbox 3179 2086 3286 2125; x_wconf 90' lang='lat' dir='ltr'><strong>non</strong></span> <span class='ocrx_word' id='word_1_641' title='bbox 3332 2076 3698 2146; x_wconf 78' lang='lat' dir='ltr'><strong>reciperent;</strong></span> <span class='ocrx_word' id='word_1_642' title='bbox 3730 2101 3868 2138; x_wconf 88' lang='lat' dir='ltr'><strong>eum-</strong></span> 
     </span>
    </p>
   </div>
   <div class='ocr_carea' id='block_1_80' title="bbox 2255 2143 3864 2230">
    <p class='ocr_par' dir='ltr' id='par_1_80' title="bbox 2255 2143 3864 2230">
     <span class='ocr_line' id='line_1_80' title="bbox 2255 2143 3864 2230; baseline 0.025 -40"><span class='ocrx_word' id='word_1_643' title='bbox 2255 2152 2358 2206; x_wconf 88' lang='lat' dir='ltr'><strong>que</strong></span> <span class='ocrx_word' id='word_1_644' title='bbox 2379 2143 2470 2210; x_wconf 91' lang='lat' dir='ltr'><strong>qui</strong></span> <span class='ocrx_word' id='word_1_645' title='bbox 2507 2144 2671 2200; x_wconf 90' lang='lat' dir='ltr'><strong>Deum</strong></span> <span class='ocrx_word' id='word_1_646' title='bbox 2700 2163 2804 2202; x_wconf 88' lang='lat' dir='ltr'><strong>non</strong></span> <span class='ocrx_word' id='word_1_647' title='bbox 2837 2165 3080 2220; x_wconf 88' lang='lat' dir='ltr'><strong>noverat,</strong></span> <span class='ocrx_word' id='word_1_648' title='bbox 3110 2160 3204 2213; x_wconf 84' lang='lat' dir='ltr'><strong>sed</strong></span> <span class='ocrx_word' id='word_1_649' title='bbox 3241 2143 3616 2230; x_wconf 73' lang='lat' dir='ltr'><strong>jactabtittdus</strong></span> <span class='ocrx_word' id='word_1_650' title='bbox 3646 2143 3710 2227; x_wconf 82' lang='lat' dir='ltr'><strong>se</strong></span> <span class='ocrx_word' id='word_1_651' title='bbox 3757 2179 3864 2229; x_wconf 78' lang='lat' dir='ltr'><strong>nni-</strong></span> 
     </span>
    </p>
   </div>
   <div class='ocr_carea' id='block_1_81' title="bbox 2255 2237 3867 2331">
    <p class='ocr_par' dir='ltr' id='par_1_81' title="bbox 2255 2237 3867 2331">
     <span class='ocr_line' id='line_1_81' title="bbox 2255 2237 3867 2331; baseline 0.025 -48"><span class='ocrx_word' id='word_1_652' title='bbox 2255 2245 2527 2289; x_wconf 87' lang='lat' dir='ltr'><strong>versorunt</strong></span> <span class='ocrx_word' id='word_1_653' title='bbox 2557 2237 2969 2312; x_wconf 78' lang='lat' dir='ltr'><strong>denmdieebat,</strong></span> <span class='ocrx_word' id='word_1_654' title='bbox 2995 2248 3267 2307; x_wconf 88' lang='lat' dir='ltr'><strong>adoraturi</strong></span> <span class='ocrx_word' id='word_1_655' title='bbox 3289 2269 3475 2311; x_wconf 52' lang='lat' dir='ltr'><strong>essent</strong></span> <span class='ocrx_word' id='word_1_656' title='bbox 3512 2264 3735 2331; x_wconf 84' lang='lat' dir='ltr'><strong>:palam</strong></span> <span class='ocrx_word' id='word_1_657' title='bbox 3763 2278 3867 2322; x_wconf 81' lang='lat' dir='ltr'><strong>erat</strong></span> 
     </span>
    </p>
   </div>
   <div class='ocr_carea' id='block_1_82' title="bbox 2252 2326 3861 2416">
    <p class='ocr_par' dir='ltr' id='par_1_82' title="bbox 2252 2326 3861 2416">
     <span class='ocr_line' id='line_1_82' title="bbox 2252 2326 3861 2416; baseline 0.025 -40"><span class='ocrx_word' id='word_1_658' title='bbox 2252 2338 2318 2378; x_wconf 84' lang='lat' dir='ltr'><strong>ex</strong></span> <span class='ocrx_word' id='word_1_659' title='bbox 2345 2326 2539 2383; x_wconf 85' lang='lat' dir='ltr'><strong>invidia</strong></span> <span class='ocrx_word' id='word_1_660' title='bbox 2567 2341 2621 2384; x_wconf 91' lang='lat' dir='ltr'><strong>et</strong></span> <span class='ocrx_word' id='word_1_661' title='bbox 2650 2348 2717 2387; x_wconf 77' lang='lat' dir='ltr'><strong>ex</strong></span> <span class='ocrx_word' id='word_1_662' title='bbox 2737 2335 2828 2389; x_wconf 90' lang='lat' dir='ltr'><strong>Dei</strong></span> <span class='ocrx_word' id='word_1_663' title='bbox 2860 2338 2984 2393; x_wconf 89' lang='lat' dir='ltr'><strong>odio</strong></span> <span class='ocrx_word' id='word_1_664' title='bbox 3011 2347 3490 2413; x_wconf 87' lang='lat' dir='ltr'><strong>persequutiottem</strong></span> <span class='ocrx_word' id='word_1_665' title='bbox 3514 2367 3702 2410; x_wconf 86' lang='lat' dir='ltr'><strong>ortam</strong></span> <span class='ocrx_word' id='word_1_666' title='bbox 3729 2376 3861 2416; x_wconf 76' lang='lat' dir='ltr'><strong>esse.</strong></span> 
     </span>
    </p>
   </div>
   <div class='ocr_carea' id='block_1_83' title="bbox 2253 2415 3864 2519">
    <p class='ocr_par' dir='ltr' id='par_1_83' title="bbox 2253 2415 3864 2519">
     <span class='ocr_line' id='line_1_83' title="bbox 2253 2415 3864 2519; baseline 0.024 -51"><span class='ocrx_word' id='word_1_667' title='bbox 2253 2415 2377 2472; x_wconf 87' lang='lat' dir='ltr'><strong>Ideo</strong></span> <span class='ocrx_word' id='word_1_668' title='bbox 2417 2418 2550 2475; x_wconf 90' lang='lat' dir='ltr'><strong>duas</strong></span> <span class='ocrx_word' id='word_1_669' title='bbox 2602 2426 2753 2491; x_wconf 90' lang='lat' dir='ltr'><strong>ponit</strong></span> <span class='ocrx_word' id='word_1_670' title='bbox 2791 2427 3058 2484; x_wconf 90' lang='lat' dir='ltr'><strong>dictorum</strong></span> <span class='ocrx_word' id='word_1_671' title='bbox 3103 2449 3334 2502; x_wconf 82' lang='lat' dir='ltr'><strong>causas,</strong></span> <span class='ocrx_word' id='word_1_672' title='bbox 3390 2443 3643 2509; x_wconf 90' lang='lat' dir='ltr'><strong>priorem</strong></span> <span class='ocrx_word' id='word_1_673' title='bbox 3680 2466 3864 2519; x_wconf 75' lang='lat' dir='ltr'><strong>nempc</strong></span> 
     </span>
    </p>
   </div>
   <div class='ocr_carea' id='block_1_84' title="bbox 2252 2508 3862 2598">
    <p class='ocr_par' dir='ltr' id='par_1_84' title="bbox 2252 2508 3862 2598">
     <span class='ocr_line' id='line_1_84' title="bbox 2252 2508 3862 2598; baseline 0.022 -38"><span class='ocrx_word' id='word_1_674' title='bbox 2252 2508 2397 2564; x_wconf 88' lang='lat' dir='ltr'><strong>illam</strong></span> <span class='ocrx_word' id='word_1_675' title='bbox 2426 2528 2548 2581; x_wconf 75' lang='lat' dir='ltr'><strong>qua:</strong></span> <span class='ocrx_word' id='word_1_676' title='bbox 2577 2516 2760 2570; x_wconf 88' lang='lat' dir='ltr'><strong>utilior</strong></span> <span class='ocrx_word' id='word_1_677' title='bbox 2791 2530 2938 2588; x_wconf 90' lang='lat' dir='ltr'><strong>erat,</strong></span> <span class='ocrx_word' id='word_1_678' title='bbox 2973 2521 3041 2576; x_wconf 87' lang='lat' dir='ltr'><strong>Ut</strong></span> <span class='ocrx_word' id='word_1_679' title='bbox 3066 2527 3195 2579; x_wconf 83' lang='lat' dir='ltr'><strong>salvi</strong></span> <span class='ocrx_word' id='word_1_680' title='bbox 3218 2530 3331 2584; x_wconf 87' lang='lat' dir='ltr'><strong>sitis</strong></span> <span class='ocrx_word' id='word_1_681' title='bbox 3363 2508 3468 2598; x_wconf 18' lang='lat' dir='ltr'><strong>,iet</strong></span> <span class='ocrx_word' id='word_1_682' title='bbox 3497 2534 3574 2590; x_wconf 85' lang='lat' dir='ltr'><strong>Ut</strong></span> <span class='ocrx_word' id='word_1_683' title='bbox 3599 2541 3757 2594; x_wconf 66' lang='lat' dir='ltr'><strong>vitam</strong></span> <span class='ocrx_word' id='word_1_684' title='bbox 3779 2508 3862 2594; x_wconf 69' lang='lat' dir='ltr'><strong>Ita-</strong></span> 
     </span>
    </p>
   </div>
   <div class='ocr_carea' id='block_1_85' title="bbox 2253 2600 3862 2686">
    <p class='ocr_par' dir='ltr' id='par_1_85' title="bbox 2253 2600 3862 2686">
     <span class='ocr_line' id='line_1_85' title="bbox 2253 2600 3862 2686; baseline 0.022 -36"><span class='ocrx_word' id='word_1_685' title='bbox 2253 2600 2427 2654; x_wconf 86' lang='lat' dir='ltr'><strong>beatis.</strong></span> <span class='ocrx_word' id='word_1_686' title='bbox 2451 2604 2582 2669; x_wconf 88' lang='lat' dir='ltr'><strong>Quia</strong></span> <span class='ocrx_word' id='word_1_687' title='bbox 2604 2621 2732 2663; x_wconf 90' lang='lat' dir='ltr'><strong>vero</strong></span> <span class='ocrx_word' id='word_1_688' title='bbox 2755 2609 2925 2678; x_wconf 92' lang='lat' dir='ltr'><strong>ipsum</strong></span> <span class='ocrx_word' id='word_1_689' title='bbox 2949 2611 3155 2670; x_wconf 86' lang='lat' dir='ltr'><strong>irrisuri</strong></span> <span class='ocrx_word' id='word_1_690' title='bbox 3177 2631 3356 2686; x_wconf 89' lang='lat' dir='ltr'><strong>erant,</strong></span> <span class='ocrx_word' id='word_1_691' title='bbox 3386 2624 3862 2686; x_wconf 76' lang='lat' dir='ltr'><strong>vehementiorem</strong></span> 
     </span>
    </p>
   </div>
   <div class='ocr_carea' id='block_1_86' title="bbox 2252 2694 3863 2795">
    <p class='ocr_par' dir='ltr' id='par_1_86' title="bbox 2252 2694 3863 2795">
     <span class='ocr_line' id='line_1_86' title="bbox 2252 2694 3863 2795; baseline 0.019 -52"><span class='ocrx_word' id='word_1_692' title='bbox 2252 2694 2417 2760; x_wconf 88' lang='lat' dir='ltr'><strong>ponit,</strong></span> <span class='ocrx_word' id='word_1_693' title='bbox 2449 2695 2751 2764; x_wconf 80' lang='lat' dir='ltr'><strong>declarans,</strong></span> <span class='ocrx_word' id='word_1_694' title='bbox 2787 2703 2829 2754; x_wconf 92' lang='lat' dir='ltr'><strong>si</strong></span> <span class='ocrx_word' id='word_1_695' title='bbox 2857 2704 3140 2762; x_wconf 88' lang='lat' dir='ltr'><strong>audientes</strong></span> <span class='ocrx_word' id='word_1_696' title='bbox 3182 2727 3288 2765; x_wconf 91' lang='lat' dir='ltr'><strong>non</strong></span> <span class='ocrx_word' id='word_1_697' title='bbox 3318 2714 3742 2788; x_wconf 86' lang='lat' dir='ltr'><strong>obtemperent,</strong></span> <span class='ocrx_word' id='word_1_698' title='bbox 3777 2744 3863 2795; x_wconf 82' lang='lat' dir='ltr'><strong>pro</strong></span> 
     </span>
    </p>
   </div>
   <div class='ocr_carea' id='block_1_87' title="bbox 2248 2787 3399 2860">
    <p class='ocr_par' dir='ltr' id='par_1_87' title="bbox 2248 2787 3399 2860">
     <span class='ocr_line' id='line_1_87' title="bbox 2248 2787 3399 2860; baseline 0.02 -24"><span class='ocrx_word' id='word_1_699' title='bbox 2248 2800 2398 2838; x_wconf 90' lang='lat' dir='ltr'><strong>more</strong></span> <span class='ocrx_word' id='word_1_700' title='bbox 2421 2800 2518 2838; x_wconf 89' lang='lat' dir='ltr'><strong>suo</strong></span> <span class='ocrx_word' id='word_1_701' title='bbox 2553 2787 2715 2842; x_wconf 91' lang='lat' dir='ltr'><strong>Deum</strong></span> <span class='ocrx_word' id='word_1_702' title='bbox 2745 2791 2939 2860; x_wconf 91' lang='lat' dir='ltr'><strong>ubique</strong></span> <span class='ocrx_word' id='word_1_703' title='bbox 2969 2794 3229 2853; x_wconf 87' lang='lat' dir='ltr'><strong>facturum</strong></span> <span class='ocrx_word' id='word_1_704' title='bbox 3253 2817 3399 2859; x_wconf 85' lang='lat' dir='ltr'><strong>esse.</strong></span> 
     </span>
    </p>
   </div>
   <div class='ocr_carea' id='block_1_88' title="bbox 2317 2875 3862 2970">
    <p class='ocr_par' dir='ltr' id='par_1_88' title="bbox 2317 2875 3862 2970">
     <span class='ocr_line' id='line_1_88' title="bbox 2317 2875 3862 2970; baseline 0.021 -42"><span class='ocrx_word' id='word_1_705' title='bbox 2317 2875 2371 2928; x_wconf 61' lang='grc' dir='ltr'><strong>ἓ.</strong></span> <span class='ocrx_word' id='word_1_706' title='bbox 2415 2876 2608 2932; x_wconf 88' lang='lat' dir='ltr'><strong>Paulus</strong></span> <span class='ocrx_word' id='word_1_707' title='bbox 2635 2889 2782 2935; x_wconf 87' lang='lat' dir='ltr'><strong>certe</strong></span> <span class='ocrx_word' id='word_1_708' title='bbox 2811 2883 2878 2937; x_wconf 92' lang='lat' dir='ltr'><strong>de</strong></span> <span class='ocrx_word' id='word_1_709' title='bbox 2909 2887 3238 2945; x_wconf 75' lang='lat' dir='ltr'><strong>Antichristo</strong></span> <span class='ocrx_word' id='word_1_710' title='bbox 3277 2892 3512 2964; x_wconf 89' lang='lat' dir='ltr'><strong>loquens</strong></span> <span class='ocrx_word' id='word_1_711' title='bbox 3545 2903 3862 2970; x_wconf 68' lang='lat' dir='ltr'><strong>prophetae</strong></span> 
     </span>
    </p>
   </div>
   <div class='ocr_carea' id='block_1_89' title="bbox 2245 2967 3863 3058">
    <p class='ocr_par' dir='ltr' id='par_1_89' title="bbox 2245 2967 3863 3058">
     <span class='ocr_line' id='line_1_89' title="bbox 2245 2967 3863 3058; baseline 0.017 -39"><span class='ocrx_word' id='word_1_712' title='bbox 2245 2967 2371 3020; x_wconf 91' lang='lat' dir='ltr'><strong>dicit</strong></span> <span class='ocrx_word' id='word_1_713' title='bbox 2402 2984 2416 3020; x_wconf 91' lang='lat'><strong>:</strong></span> <span class='ocrx_word' id='word_1_714' title='bbox 2451 2967 2500 3019; x_wconf 84' lang='grc' dir='ltr'><em>Μ</em></span> <span class='ocrx_word' id='word_1_715' title='bbox 2509 2969 2615 3021; x_wconf 80' lang='lat' dir='ltr'><strong>iuet</strong></span> <span class='ocrx_word' id='word_1_716' title='bbox 2642 2970 2746 3025; x_wconf 83' lang='lat' dir='ltr'><strong>illis</strong></span> <span class='ocrx_word' id='word_1_717' title='bbox 2767 2970 2906 3027; x_wconf 83' lang='lat' dir='ltr'><strong>Deus</strong></span> <span class='ocrx_word' id='word_1_718' title='bbox 2931 2981 3271 3046; x_wconf 81' lang='lat' dir='ltr'><strong>operationem</strong></span> <span class='ocrx_word' id='word_1_719' title='bbox 3292 2987 3509 3053; x_wconf 85' lang='lat' dir='ltr'><strong>erroris,</strong></span> <span class='ocrx_word' id='word_1_720' title='bbox 3549 3001 3608 3042; x_wconf 72' lang='grc' dir='ltr'>ιη</span> <span class='ocrx_word' id='word_1_721' title='bbox 3635 2967 3863 3058; x_wconf 64' lang='lat' dir='ltr'><strong>iudicen-</strong></span> 
     </span>
    </p>
   </div>
   <div class='ocr_carea' id='block_1_90' title="bbox 2246 3063 3860 3143">
    <p class='ocr_par' dir='ltr' id='par_1_90' title="bbox 2246 3063 3860 3143">
     <span class='ocr_line' id='line_1_90' title="bbox 2246 3063 3860 3143; baseline 0.02 -33"><span class='ocrx_word' id='word_1_722' title='bbox 2246 3068 2328 3112; x_wconf 88' lang='lat' dir='ltr'><strong>tur</strong></span> <span class='ocrx_word' id='word_1_723' title='bbox 2357 3077 2526 3114; x_wconf 85' lang='lat' dir='ltr'><strong>omnes</strong></span> <span class='ocrx_word' id='word_1_724' title='bbox 2551 3063 2637 3128; x_wconf 89' lang='lat' dir='ltr'><strong>qui</strong></span> <span class='ocrx_word' id='word_1_725' title='bbox 2666 3080 2765 3118; x_wconf 85' lang='lat' dir='ltr'><strong>non</strong></span> <span class='ocrx_word' id='word_1_726' title='bbox 2795 3069 3113 3124; x_wconf 78' lang='lat' dir='ltr'><strong>crediderunt</strong></span> <span class='ocrx_word' id='word_1_727' title='bbox 3136 3073 3352 3143; x_wconf 79' lang='lat' dir='ltr'><strong>veritati,</strong></span> <span class='ocrx_word' id='word_1_728' title='bbox 3375 3080 3470 3132; x_wconf 78' lang='lat' dir='ltr'><strong>scd</strong></span> <span class='ocrx_word' id='word_1_729' title='bbox 3488 3096 3860 3142; x_wconf 70' lang='lat' dir='ltr'><strong>consenserunt</strong></span> 
     </span>
    </p>
   </div>
   <div class='ocr_carea' id='block_1_91' title="bbox 2247 3149 3861 3234">
    <p class='ocr_par' dir='ltr' id='par_1_91' title="bbox 2247 3149 3861 3234">
     <span class='ocr_line' id='line_1_91' title="bbox 2247 3149 3861 3234; baseline 0.02 -34"><span class='ocrx_word' id='word_1_730' title='bbox 2247 3149 2499 3219; x_wconf 80' lang='lat' dir='ltr'><strong>iniquitati</strong></span> <span class='ocrx_word' id='word_1_731' title='bbox 2529 3152 2547 3221; x_wconf 88' lang='lat'><strong>(</strong></span> <span class='ocrx_word' id='word_1_732' title='bbox 2573 3152 2704 3206; x_wconf 82' lang='lat' dir='ltr'><strong>Ibid.</strong></span> <span class='ocrx_word' id='word_1_733' title='bbox 2737 3173 2784 3209; x_wconf 78' lang='grc' dir='ltr'><strong>υ.</strong></span> <span class='ocrx_word' id='word_1_734' title='bbox 2816 3159 2882 3211; x_wconf 80' lang='grc'><strong>10</strong></span> <span class='ocrx_word' id='word_1_735' title='bbox 2908 3169 2951 3212; x_wconf 83' lang='lat' dir='ltr'><strong>cl</strong></span> <span class='ocrx_word' id='word_1_736' title='bbox 2985 3161 3043 3214; x_wconf 80' lang='grc' dir='ltr'>Η</span> <span class='ocrx_word' id='word_1_737' title='bbox 3068 3171 3110 3231; x_wconf 82' lang='grc'><strong>).</strong></span> <span class='ocrx_word' id='word_1_738' title='bbox 3141 3163 3391 3224; x_wconf 82' lang='lat' dir='ltr'><strong>Christus</strong></span> <span class='ocrx_word' id='word_1_739' title='bbox 3416 3181 3611 3228; x_wconf 78' lang='lat' dir='ltr'><strong>autem</strong></span> <span class='ocrx_word' id='word_1_740' title='bbox 3641 3194 3755 3234; x_wconf 86' lang='lat' dir='ltr'><strong>non</strong></span> <span class='ocrx_word' id='word_1_741' title='bbox 3785 3180 3861 3234; x_wconf 75' lang='lat' dir='ltr'><strong>di-</strong></span> 
     </span>
    </p>
   </div>
   <div class='ocr_carea' id='block_1_92' title="bbox 2244 3241 3862 3325">
    <p class='ocr_par' dir='ltr' id='par_1_92' title="bbox 2244 3241 3862 3325">
     <span class='ocr_line' id='line_1_92' title="bbox 2244 3241 3862 3325; baseline 0.02 -34"><span class='ocrx_word' id='word_1_742' title='bbox 2244 3241 2316 3292; x_wconf 90' lang='lat' dir='ltr'><strong>cit</strong></span> <span class='ocrx_word' id='word_1_743' title='bbox 2343 3254 2464 3295; x_wconf 90' lang='lat' dir='ltr'><strong>esse</strong></span> <span class='ocrx_word' id='word_1_744' title='bbox 2491 3255 2808 3311; x_wconf 88' lang='lat' dir='ltr'><strong>venturum;</strong></span> <span class='ocrx_word' id='word_1_745' title='bbox 2838 3249 2932 3302; x_wconf 87' lang='lat' dir='ltr'><strong>sed</strong></span> <span class='ocrx_word' id='word_1_746' title='bbox 2955 3291 2968 3313; x_wconf 89' lang='lat'><strong>,</strong></span> <span class='ocrx_word' id='word_1_747' title='bbox 2998 3250 3061 3305; x_wconf 88' lang='lat' dir='ltr'><strong>Si</strong></span> <span class='ocrx_word' id='word_1_748' title='bbox 3086 3257 3271 3309; x_wconf 72' lang='lat' dir='ltr'><strong>venerit</strong></span> <span class='ocrx_word' id='word_1_749' title='bbox 3289 3296 3304 3322; x_wconf 97' lang='lat'><strong>,</strong></span> <span class='ocrx_word' id='word_1_750' title='bbox 3333 3260 3690 3323; x_wconf 86' lang='lat' dir='ltr'><strong>auditoribus</strong></span> <span class='ocrx_word' id='word_1_751' title='bbox 3715 3285 3777 3325; x_wconf 82' lang='lat' dir='ltr'><strong>se</strong></span> <span class='ocrx_word' id='word_1_752' title='bbox 3796 3282 3862 3324; x_wconf 82' lang='lat' dir='ltr'><strong>at-</strong></span> 
     </span>
    </p>
   </div>
   <div class='ocr_carea' id='block_1_93' title="bbox 2245 3336 3858 3416">
    <p class='ocr_par' dir='ltr' id='par_1_93' title="bbox 2245 3336 3858 3416">
     <span class='ocr_line' id='line_1_93' title="bbox 2245 3336 3858 3416; baseline 0.022 -35"><span class='ocrx_word' id='word_1_753' title='bbox 2245 3339 2547 3398; x_wconf 85' lang='lat' dir='ltr'><strong>temperans</strong></span> <span class='ocrx_word' id='word_1_754' title='bbox 2566 3374 2581 3398; x_wconf 95' lang='lat'><strong>,</strong></span> <span class='ocrx_word' id='word_1_755' title='bbox 2612 3336 2733 3404; x_wconf 88' lang='lat' dir='ltr'><strong>quia</strong></span> <span class='ocrx_word' id='word_1_756' title='bbox 2763 3338 2998 3394; x_wconf 92' lang='lat' dir='ltr'><strong>nondum</strong></span> <span class='ocrx_word' id='word_1_757' title='bbox 3038 3345 3305 3414; x_wconf 81' lang='lat' dir='ltr'><strong>completa</strong></span> <span class='ocrx_word' id='word_1_758' title='bbox 3334 3360 3458 3406; x_wconf 87' lang='lat' dir='ltr'><strong>erat</strong></span> <span class='ocrx_word' id='word_1_759' title='bbox 3488 3363 3606 3410; x_wconf 85' lang='lat' dir='ltr'><strong>tota</strong></span> <span class='ocrx_word' id='word_1_760' title='bbox 3639 3358 3858 3416; x_wconf 86' lang='lat' dir='ltr'><strong>illorum</strong></span> 
     </span>
    </p>
   </div>
   <div class='ocr_carea' id='block_1_94' title="bbox 2243 3422 3859 3507">
    <p class='ocr_par' dir='ltr' id='par_1_94' title="bbox 2243 3422 3859 3507">
     <span class='ocr_line' id='line_1_94' title="bbox 2243 3422 3859 3507; baseline 0.022 -34"><span class='ocrx_word' id='word_1_761' title='bbox 2243 3422 2472 3489; x_wconf 83' lang='lat' dir='ltr'><strong>nequitia</strong></span> <span class='ocrx_word' id='word_1_762' title='bbox 2500 3441 2512 3476; x_wconf 85' lang='lat'><strong>:</strong></span> <span class='ocrx_word' id='word_1_763' title='bbox 2545 3423 2768 3495; x_wconf 80' lang='lat' dir='ltr'><strong>ideoque</strong></span> <span class='ocrx_word' id='word_1_764' title='bbox 2796 3429 2938 3483; x_wconf 90' lang='lat' dir='ltr'><strong>illius</strong></span> <span class='ocrx_word' id='word_1_765' title='bbox 2962 3430 3222 3490; x_wconf 84' lang='lat' dir='ltr'><strong>adventus</strong></span> <span class='ocrx_word' id='word_1_766' title='bbox 3246 3452 3465 3496; x_wconf 88' lang='lat' dir='ltr'><strong>causam</strong></span> <span class='ocrx_word' id='word_1_767' title='bbox 3497 3448 3695 3504; x_wconf 83' lang='lat' dir='ltr'><strong>tacuit.</strong></span> <span class='ocrx_word' id='word_1_768' title='bbox 3724 3450 3859 3507; x_wconf 82' lang='lat' dir='ltr'><strong>Pau-</strong></span> 
     </span>
    </p>
   </div>
   <div class='ocr_carea' id='block_1_95' title="bbox 2244 3511 3860 3605">
    <p class='ocr_par' dir='ltr' id='par_1_95' title="bbox 2244 3511 3860 3605">
     <span class='ocr_line' id='line_1_95' title="bbox 2244 3511 3860 3605; baseline 0.023 -42"><span class='ocrx_word' id='word_1_769' title='bbox 2244 3511 2326 3564; x_wconf 90' lang='lat' dir='ltr'><strong>lus</strong></span> <span class='ocrx_word' id='word_1_770' title='bbox 2357 3527 2485 3566; x_wconf 86' lang='lat' dir='ltr'><strong>vero</strong></span> <span class='ocrx_word' id='word_1_771' title='bbox 2530 3516 2946 3586; x_wconf 89' lang='lat' dir='ltr'><strong>intelligentihus</strong></span> <span class='ocrx_word' id='word_1_772' title='bbox 2981 3535 3164 3592; x_wconf 89' lang='lat' dir='ltr'><strong>aperte</strong></span> <span class='ocrx_word' id='word_1_773' title='bbox 3203 3529 3345 3584; x_wconf 89' lang='lat' dir='ltr'><strong>illam</strong></span> <span class='ocrx_word' id='word_1_774' title='bbox 3383 3533 3733 3605; x_wconf 83' lang='lat' dir='ltr'><strong>declaravit;</strong></span> <span class='ocrx_word' id='word_1_775' title='bbox 3775 3545 3860 3599; x_wconf 83' lang='lat' dir='ltr'><strong>ille</strong></span> 
     </span>
    </p>
   </div>
   <div class='ocr_carea' id='block_1_96' title="bbox 2242 3610 3853 3690">
    <p class='ocr_par' dir='ltr' id='par_1_96' title="bbox 2242 3610 3853 3690">
     <span class='ocr_line' id='line_1_96' title="bbox 2242 3610 3853 3690; baseline 0.02 -34"><span class='ocrx_word' id='word_1_776' title='bbox 2242 3618 2468 3674; x_wconf 89' lang='lat' dir='ltr'><strong>namque</strong></span> <span class='ocrx_word' id='word_1_777' title='bbox 2511 3616 2592 3661; x_wconf 88' lang='lat' dir='ltr'><strong>est</strong></span> <span class='ocrx_word' id='word_1_778' title='bbox 2639 3610 2728 3678; x_wconf 91' lang='lat' dir='ltr'><strong>qui</strong></span> <span class='ocrx_word' id='word_1_779' title='bbox 2767 3625 2982 3667; x_wconf 90' lang='lat' dir='ltr'><strong>omnem</strong></span> <span class='ocrx_word' id='word_1_780' title='bbox 3025 3616 3155 3687; x_wconf 86' lang='lat' dir='ltr'><strong>ipsis</strong></span> <span class='ocrx_word' id='word_1_781' title='bbox 3197 3620 3370 3678; x_wconf 85' lang='lat' dir='ltr'><strong>aufert</strong></span> <span class='ocrx_word' id='word_1_782' title='bbox 3412 3633 3853 3690; x_wconf 78' lang='lat' dir='ltr'><strong>excusationem.</strong></span> 
     </span>
    </p>
   </div>
   <div class='ocr_carea' id='block_1_97' title="bbox 2246 3695 3852 3793">
    <p class='ocr_par' dir='ltr' id='par_1_97' title="bbox 2246 3695 3852 3793">
     <span class='ocr_line' id='line_1_97' title="bbox 2246 3695 3852 3793; baseline 0.021 -46"><span class='ocrx_word' id='word_1_783' title='bbox 2246 3695 2446 3751; x_wconf 85' lang='lat' dir='ltr'><strong>Deinde</strong></span> <span class='ocrx_word' id='word_1_784' title='bbox 2469 3697 2852 3756; x_wconf 87' lang='lat' dir='ltr'><strong>incredulitatis</strong></span> <span class='ocrx_word' id='word_1_785' title='bbox 2872 3719 3056 3760; x_wconf 83' lang='lat' dir='ltr'><strong>eorum</strong></span> <span class='ocrx_word' id='word_1_786' title='bbox 3079 3723 3294 3766; x_wconf 88' lang='lat' dir='ltr'><strong>causam</strong></span> <span class='ocrx_word' id='word_1_787' title='bbox 3318 3713 3402 3768; x_wconf 91' lang='lat' dir='ltr'><strong>his</strong></span> <span class='ocrx_word' id='word_1_788' title='bbox 3428 3720 3618 3777; x_wconf 83' lang='lat' dir='ltr'><strong>verbis</strong></span> <span class='ocrx_word' id='word_1_789' title='bbox 3645 3728 3816 3793; x_wconf 82' lang='lat' dir='ltr'><strong>aperit</strong></span> <span class='ocrx_word' id='word_1_790' title='bbox 3841 3747 3852 3780; x_wconf 88' lang='lat'>:</span> 
     </span>
    </p>
   </div>
   <div class='ocr_carea' id='block_1_98' title="bbox 2245 3787 3854 3876">
    <p class='ocr_par' dir='ltr' id='par_1_98' title="bbox 2245 3787 3854 3876">
     <span class='ocr_line' id='line_1_98' title="bbox 2245 3787 3854 3876; baseline 0.019 -36"><span class='ocrx_word' id='word_1_791' title='bbox 2245 3787 2327 3840; x_wconf 72' lang='grc' dir='ltr'><strong>Η.</strong></span> <span class='ocrx_word' id='word_1_792' title='bbox 2364 3787 2626 3854; x_wconf 84' lang='lat' dir='ltr'><strong>Quomodo</strong></span> <span class='ocrx_word' id='word_1_793' title='bbox 2654 3794 2858 3860; x_wconf 77' lang='lat' dir='ltr'><strong>potestis</strong></span> <span class='ocrx_word' id='word_1_794' title='bbox 2896 3810 2982 3850; x_wconf 80' lang='lat' dir='ltr'><strong>vos</strong></span> <span class='ocrx_word' id='word_1_795' title='bbox 3010 3799 3213 3855; x_wconf 77' lang='lat' dir='ltr'><strong>credere</strong></span> <span class='ocrx_word' id='word_1_796' title='bbox 3230 3844 3243 3864; x_wconf 91' lang='lat'><strong>,</strong></span> <span class='ocrx_word' id='word_1_797' title='bbox 3271 3805 3358 3872; x_wconf 83' lang='lat' dir='ltr'><strong>qui</strong></span> <span class='ocrx_word' id='word_1_798' title='bbox 3380 3808 3609 3876; x_wconf 82' lang='lat' dir='ltr'><strong>gloriam</strong></span> <span class='ocrx_word' id='word_1_799' title='bbox 3643 3787 3854 3872; x_wconf 73' lang='lat' dir='ltr'><strong>invicem</strong></span> 
     </span>
    </p>
   </div>
   <div class='ocr_carea' id='block_1_99' title="bbox 2237 3879 3854 3973">
    <p class='ocr_par' dir='ltr' id='par_1_99' title="bbox 2237 3879 3854 3973">
     <span class='ocr_line' id='line_1_99' title="bbox 2237 3879 3854 3973; baseline 0.02 -42"><span class='ocrx_word' id='word_1_800' title='bbox 2237 3879 2467 3946; x_wconf 79' lang='lat' dir='ltr'><strong>accipitis</strong></span> <span class='ocrx_word' id='word_1_801' title='bbox 2485 3922 2500 3946; x_wconf 93' lang='lat'><strong>,</strong></span> <span class='ocrx_word' id='word_1_802' title='bbox 2532 3891 2577 3934; x_wconf 85' lang='lat' dir='ltr'><strong>et</strong></span> <span class='ocrx_word' id='word_1_803' title='bbox 2606 3883 2820 3952; x_wconf 84' lang='lat' dir='ltr'><strong>gloriam</strong></span> <span class='ocrx_word' id='word_1_804' title='bbox 2847 3903 2960 3953; x_wconf 68' lang='lat' dir='ltr'><strong>qua?</strong></span> <span class='ocrx_word' id='word_1_805' title='bbox 2985 3904 3016 3941; x_wconf 90' lang='lat' dir='ltr'><strong>a</strong></span> <span class='ocrx_word' id='word_1_806' title='bbox 3042 3893 3150 3944; x_wconf 84' lang='lat' dir='ltr'><strong>solo</strong></span> <span class='ocrx_word' id='word_1_807' title='bbox 3179 3893 3290 3949; x_wconf 82' lang='lat' dir='ltr'><strong>Deo</strong></span> <span class='ocrx_word' id='word_1_808' title='bbox 3317 3907 3393 3950; x_wconf 88' lang='lat' dir='ltr'><strong>est</strong></span> <span class='ocrx_word' id='word_1_809' title='bbox 3432 3915 3538 3955; x_wconf 79' lang='lat' dir='ltr'><strong>non</strong></span> <span class='ocrx_word' id='word_1_810' title='bbox 3579 3910 3854 3973; x_wconf 72' lang='lat' dir='ltr'><strong>qna-ritis?</strong></span> 
     </span>
    </p>
   </div>
   <div class='ocr_carea' id='block_1_100' title="bbox 2239 3969 3849 4060">
    <p class='ocr_par' dir='ltr' id='par_1_100' title="bbox 2239 3969 3849 4060">
     <span class='ocr_line' id='line_1_100' title="bbox 2239 3969 3849 4060; baseline 0.022 -38"><span class='ocrx_word' id='word_1_811' title='bbox 2239 3969 2362 4024; x_wconf 91' lang='lat' dir='ltr'><strong>hinc</strong></span> <span class='ocrx_word' id='word_1_812' title='bbox 2401 3971 2591 4028; x_wconf 90' lang='lat' dir='ltr'><strong>iterum</strong></span> <span class='ocrx_word' id='word_1_813' title='bbox 2633 3977 2922 4034; x_wconf 86' lang='lat' dir='ltr'><strong>ostendens</strong></span> <span class='ocrx_word' id='word_1_814' title='bbox 2961 3995 3056 4037; x_wconf 93' lang='lat' dir='ltr'><strong>eos</strong></span> <span class='ocrx_word' id='word_1_815' title='bbox 3098 3999 3204 4040; x_wconf 91' lang='lat' dir='ltr'><strong>non</strong></span> <span class='ocrx_word' id='word_1_816' title='bbox 3248 3988 3334 4042; x_wconf 92' lang='lat' dir='ltr'><strong>illa</strong></span> <span class='ocrx_word' id='word_1_817' title='bbox 3371 4006 3494 4060; x_wconf 74' lang='lat' dir='ltr'><strong>qua:</strong></span> <span class='ocrx_word' id='word_1_818' title='bbox 3537 3997 3717 4054; x_wconf 83' lang='lat' dir='ltr'><strong>solius</strong></span> <span class='ocrx_word' id='word_1_819' title='bbox 3761 4003 3849 4057; x_wconf 71' lang='lat' dir='ltr'><strong>[rei</strong></span> 
     </span>
    </p>
   </div>
   <div class='ocr_carea' id='block_1_101' title="bbox 2237 4067 3852 4149">
    <p class='ocr_par' dir='ltr' id='par_1_101' title="bbox 2237 4067 3852 4149">
     <span class='ocr_line' id='line_1_101' title="bbox 2237 4067 3852 4149; baseline 0.022 -35"><span class='ocrx_word' id='word_1_820' title='bbox 2237 4071 2391 4116; x_wconf 89' lang='lat' dir='ltr'><strong>erant</strong></span> <span class='ocrx_word' id='word_1_821' title='bbox 2417 4072 2661 4132; x_wconf 88' lang='lat' dir='ltr'><strong>spectare</strong></span> <span class='ocrx_word' id='word_1_822' title='bbox 2680 4108 2697 4132; x_wconf 94' lang='lat'><strong>,</strong></span> <span class='ocrx_word' id='word_1_823' title='bbox 2727 4067 2820 4123; x_wconf 89' lang='lat' dir='ltr'><strong>sed</strong></span> <span class='ocrx_word' id='word_1_824' title='bbox 2849 4069 2950 4125; x_wconf 92' lang='lat' dir='ltr'><strong>hoc</strong></span> <span class='ocrx_word' id='word_1_825' title='bbox 2978 4072 3198 4130; x_wconf 90' lang='lat' dir='ltr'><strong>obtentu</strong></span> <span class='ocrx_word' id='word_1_826' title='bbox 3223 4077 3472 4136; x_wconf 84' lang='lat' dir='ltr'><strong>ell&#39;ectnm</strong></span> <span class='ocrx_word' id='word_1_827' title='bbox 3513 4099 3679 4143; x_wconf 89' lang='lat' dir='ltr'><strong>suum</strong></span> <span class='ocrx_word' id='word_1_828' title='bbox 3715 4093 3852 4149; x_wconf 81' lang='lat' dir='ltr'><strong>velle</strong></span> 
     </span>
    </p>
   </div>
   <div class='ocr_carea' id='block_1_102' title="bbox 2238 4154 3848 4252">
    <p class='ocr_par' dir='ltr' id='par_1_102' title="bbox 2238 4154 3848 4252">
     <span class='ocr_line' id='line_1_102' title="bbox 2238 4154 3848 4252; baseline 0.02 -46"><span class='ocrx_word' id='word_1_829' title='bbox 2238 4154 2394 4208; x_wconf 89' lang='lat' dir='ltr'><strong>tueri.</strong></span> <span class='ocrx_word' id='word_1_830' title='bbox 2428 4155 2654 4212; x_wconf 91' lang='lat' dir='ltr'><strong>Tantum</strong></span> <span class='ocrx_word' id='word_1_831' title='bbox 2686 4161 2827 4216; x_wconf 91' lang='lat' dir='ltr'><strong>enim</strong></span> <span class='ocrx_word' id='word_1_832' title='bbox 2857 4163 3043 4219; x_wconf 79' lang='lat' dir='ltr'><strong>aberat</strong></span> <span class='ocrx_word' id='word_1_833' title='bbox 3071 4169 3198 4235; x_wconf 89' lang='lat' dir='ltr'><strong>quin</strong></span> <span class='ocrx_word' id='word_1_834' title='bbox 3229 4169 3345 4227; x_wconf 61' lang='lat' dir='ltr'><strong>have</strong></span> <span class='ocrx_word' id='word_1_835' title='bbox 3369 4174 3436 4228; x_wconf 94' lang='lat' dir='ltr'><strong>ad</strong></span> <span class='ocrx_word' id='word_1_836' title='bbox 3481 4177 3576 4233; x_wconf 85' lang='lat' dir='ltr'><strong>Dei</strong></span> <span class='ocrx_word' id='word_1_837' title='bbox 3617 4184 3848 4252; x_wconf 84' lang='lat' dir='ltr'><strong>gloriam</strong></span> 
     </span>
    </p>
   </div>
   <div class='ocr_carea' id='block_1_103' title="bbox 2237 4244 3847 4349">
    <p class='ocr_par' dir='ltr' id='par_1_103' title="bbox 2237 4244 3847 4349">
     <span class='ocr_line' id='line_1_103' title="bbox 2237 4244 3847 4349; baseline 0.022 -53"><span class='ocrx_word' id='word_1_838' title='bbox 2237 4244 2501 4314; x_wconf 76' lang='lat' dir='ltr'><strong>facerent,</strong></span> <span class='ocrx_word' id='word_1_839' title='bbox 2534 4260 2590 4303; x_wconf 91' lang='lat' dir='ltr'><strong>ut</strong></span> <span class='ocrx_word' id='word_1_840' title='bbox 2621 4250 2905 4308; x_wconf 88' lang='lat' dir='ltr'><strong>humanam</strong></span> <span class='ocrx_word' id='word_1_841' title='bbox 2945 4256 3044 4312; x_wconf 89' lang='lat' dir='ltr'><strong>sibi</strong></span> <span class='ocrx_word' id='word_1_842' title='bbox 3074 4261 3248 4328; x_wconf 89' lang='lat' dir='ltr'><strong>potius</strong></span> <span class='ocrx_word' id='word_1_843' title='bbox 3273 4279 3433 4333; x_wconf 88' lang='lat' dir='ltr'><strong>quam</strong></span> <span class='ocrx_word' id='word_1_844' title='bbox 3463 4268 3717 4330; x_wconf 85' lang='lat' dir='ltr'><strong>divinam</strong></span> <span class='ocrx_word' id='word_1_845' title='bbox 3747 4295 3847 4349; x_wconf 84' lang='lat' dir='ltr'><strong>op-</strong></span> 
     </span>
    </p>
   </div>
   <div class='ocr_carea' id='block_1_104' title="bbox 2240 4338 3848 4432">
    <p class='ocr_par' dir='ltr' id='par_1_104' title="bbox 2240 4338 3848 4432">
     <span class='ocr_line' id='line_1_104' title="bbox 2240 4338 3848 4432; baseline 0.024 -45"><span class='ocrx_word' id='word_1_846' title='bbox 2240 4342 2432 4390; x_wconf 89' lang='lat' dir='ltr'><strong>tarent.</strong></span> <span class='ocrx_word' id='word_1_847' title='bbox 2461 4338 2741 4405; x_wconf 80' lang='lat' dir='ltr'><strong>Quomodo</strong></span> <span class='ocrx_word' id='word_1_848' title='bbox 2765 4359 2894 4415; x_wconf 87' lang='lat' dir='ltr'><strong>ergo</strong></span> <span class='ocrx_word' id='word_1_849' title='bbox 2923 4356 3124 4403; x_wconf 89' lang='lat' dir='ltr'><strong>tantum</strong></span> <span class='ocrx_word' id='word_1_850' title='bbox 3155 4352 3260 4406; x_wconf 89' lang='lat' dir='ltr'><strong>odii</strong></span> <span class='ocrx_word' id='word_1_851' title='bbox 3294 4371 3390 4423; x_wconf 89' lang='lat' dir='ltr'><strong>pro</strong></span> <span class='ocrx_word' id='word_1_852' title='bbox 3421 4358 3514 4414; x_wconf 89' lang='lat' dir='ltr'><strong>Dei</strong></span> <span class='ocrx_word' id='word_1_853' title='bbox 3542 4363 3724 4432; x_wconf 86' lang='lat' dir='ltr'><strong>gloria</strong></span> <span class='ocrx_word' id='word_1_854' title='bbox 3758 4338 3848 4424; x_wconf 71' lang='lat' dir='ltr'><strong>sit-</strong></span> 
     </span>
    </p>
   </div>
   <div class='ocr_carea' id='block_1_105' title="bbox 2236 4426 3843 4521">
    <p class='ocr_par' dir='ltr' id='par_1_105' title="bbox 2236 4426 3843 4521">
     <span class='ocr_line' id='line_1_105' title="bbox 2236 4426 3843 4521; baseline 0.023 -41"><span class='ocrx_word' id='word_1_855' title='bbox 2236 4426 2534 4496; x_wconf 90' lang='lat' dir='ltr'><strong>sciperent,</strong></span> <span class='ocrx_word' id='word_1_856' title='bbox 2571 4447 2727 4501; x_wconf 90' lang='lat' dir='ltr'><strong>quam</strong></span> <span class='ocrx_word' id='word_1_857' title='bbox 2770 4451 2936 4502; x_wconf 89' lang='lat' dir='ltr'><strong>usque</strong></span> <span class='ocrx_word' id='word_1_858' title='bbox 2974 4438 3109 4494; x_wconf 91' lang='lat' dir='ltr'><strong>adeo</strong></span> <span class='ocrx_word' id='word_1_859' title='bbox 3147 4426 3601 4521; x_wconf 66' lang='lat' dir='ltr'><strong>contemnebant,</strong></span> <span class='ocrx_word' id='word_1_860' title='bbox 3647 4470 3709 4513; x_wconf 91' lang='lat' dir='ltr'><strong>nt</strong></span> <span class='ocrx_word' id='word_1_861' title='bbox 3741 4461 3843 4516; x_wconf 89' lang='lat' dir='ltr'><strong>hu-</strong></span> 
     </span>
    </p>
   </div>
   <div class='ocr_carea' id='block_1_106' title="bbox 2235 4521 3844 4606">
    <p class='ocr_par' dir='ltr' id='par_1_106' title="bbox 2235 4521 3844 4606">
     <span class='ocr_line' id='line_1_106' title="bbox 2235 4521 3844 4606; baseline 0.023 -37"><span class='ocrx_word' id='word_1_862' title='bbox 2235 4531 2445 4573; x_wconf 87' lang='lat' dir='ltr'><strong>manam</strong></span> <span class='ocrx_word' id='word_1_863' title='bbox 2491 4521 2588 4590; x_wconf 91' lang='lat' dir='ltr'><strong>ipsi</strong></span> <span class='ocrx_word' id='word_1_864' title='bbox 2632 4524 2998 4583; x_wconf 77' lang='lat' dir='ltr'><strong>anteferrent?</strong></span> <span class='ocrx_word' id='word_1_865' title='bbox 3049 4530 3337 4603; x_wconf 87' lang='lat' dir='ltr'><strong>Postquam</strong></span> <span class='ocrx_word' id='word_1_866' title='bbox 3389 4551 3572 4598; x_wconf 85' lang='lat' dir='ltr'><strong>autem</strong></span> <span class='ocrx_word' id='word_1_867' title='bbox 3625 4547 3844 4606; x_wconf 81' lang='lat' dir='ltr'><strong>dixerat</strong></span> 
     </span>
    </p>
   </div>
   <div class='ocr_carea' id='block_1_107' title="bbox 2236 4608 3840 4702">
    <p class='ocr_par' dir='ltr' id='par_1_107' title="bbox 2236 4608 3840 4702">
     <span class='ocr_line' id='line_1_107' title="bbox 2236 4608 3840 4702; baseline 0.023 -41"><span class='ocrx_word' id='word_1_868' title='bbox 2236 4608 2379 4676; x_wconf 87' lang='lat' dir='ltr'><strong>ipsos</strong></span> <span class='ocrx_word' id='word_1_869' title='bbox 2407 4609 2746 4668; x_wconf 84' lang='lat' dir='ltr'><strong>dilectionem</strong></span> <span class='ocrx_word' id='word_1_870' title='bbox 2777 4617 2870 4672; x_wconf 91' lang='lat' dir='ltr'><strong>Dei</strong></span> <span class='ocrx_word' id='word_1_871' title='bbox 2901 4635 3006 4675; x_wconf 88' lang='lat' dir='ltr'><strong>non</strong></span> <span class='ocrx_word' id='word_1_872' title='bbox 3035 4621 3232 4679; x_wconf 88' lang='lat' dir='ltr'><strong>habere</strong></span> <span class='ocrx_word' id='word_1_873' title='bbox 3251 4667 3266 4692; x_wconf 96' lang='lat'><strong>,</strong></span> <span class='ocrx_word' id='word_1_874' title='bbox 3299 4639 3352 4682; x_wconf 90' lang='lat' dir='ltr'><strong>et</strong></span> <span class='ocrx_word' id='word_1_875' title='bbox 3381 4631 3582 4702; x_wconf 88' lang='lat' dir='ltr'><strong>duplici</strong></span> <span class='ocrx_word' id='word_1_876' title='bbox 3626 4641 3840 4699; x_wconf 87' lang='lat' dir='ltr'><strong>ratione</strong></span> 
     </span>
    </p>
   </div>
   <div class='ocr_carea' id='block_1_108' title="bbox 2236 4699 3839 4802">
    <p class='ocr_par' dir='ltr' id='par_1_108' title="bbox 2236 4699 3839 4802">
     <span class='ocr_line' id='line_1_108' title="bbox 2236 4699 3839 4802; baseline 0.023 -50"><span class='ocrx_word' id='word_1_877' title='bbox 2236 4699 2286 4753; x_wconf 90' lang='lat' dir='ltr'><strong>id</strong></span> <span class='ocrx_word' id='word_1_878' title='bbox 2315 4701 2661 4770; x_wconf 88' lang='lat' dir='ltr'><strong>probaverat,</strong></span> <span class='ocrx_word' id='word_1_879' title='bbox 2697 4723 2804 4761; x_wconf 78' lang='lat' dir='ltr'><strong>tum</strong></span> <span class='ocrx_word' id='word_1_880' title='bbox 2835 4724 2927 4778; x_wconf 90' lang='lat' dir='ltr'><strong>per</strong></span> <span class='ocrx_word' id='word_1_881' title='bbox 2955 4726 3017 4767; x_wconf 89' lang='lat' dir='ltr'><strong>ea</strong></span> <span class='ocrx_word' id='word_1_882' title='bbox 3045 4729 3163 4784; x_wconf 76' lang='lat' dir='ltr'><strong>qua:</strong></span> <span class='ocrx_word' id='word_1_883' title='bbox 3194 4718 3248 4770; x_wconf 94' lang='lat' dir='ltr'><strong>in</strong></span> <span class='ocrx_word' id='word_1_884' title='bbox 3279 4735 3340 4774; x_wconf 89' lang='lat' dir='ltr'><strong>se</strong></span> <span class='ocrx_word' id='word_1_885' title='bbox 3371 4699 3508 4787; x_wconf 72' lang='lat' dir='ltr'><strong>facla</strong></span> <span class='ocrx_word' id='word_1_886' title='bbox 3531 4768 3546 4792; x_wconf 92' lang='lat'><strong>,</strong></span> <span class='ocrx_word' id='word_1_887' title='bbox 3593 4738 3711 4785; x_wconf 89' lang='lat' dir='ltr'><strong>tum</strong></span> <span class='ocrx_word' id='word_1_888' title='bbox 3745 4749 3839 4802; x_wconf 85' lang='lat' dir='ltr'><strong>per</strong></span> 
     </span>
    </p>
   </div>
   <div class='ocr_carea' id='block_1_109' title="bbox 2233 4793 3838 4888">
    <p class='ocr_par' dir='ltr' id='par_1_109' title="bbox 2233 4793 3838 4888">
     <span class='ocr_line' id='line_1_109' title="bbox 2233 4793 3838 4888; baseline 0.02 -44"><span class='ocrx_word' id='word_1_889' title='bbox 2233 4804 2294 4844; x_wconf 89' lang='lat' dir='ltr'><strong>ea</strong></span> <span class='ocrx_word' id='word_1_890' title='bbox 2324 4807 2440 4861; x_wconf 76' lang='lat' dir='ltr'><strong>qua:</strong></span> <span class='ocrx_word' id='word_1_891' title='bbox 2473 4793 2522 4879; x_wconf 76' lang='lat' dir='ltr'><strong>in</strong></span> <span class='ocrx_word' id='word_1_892' title='bbox 2553 4797 2878 4854; x_wconf 82' lang='lat' dir='ltr'><strong>Antichristo</strong></span> <span class='ocrx_word' id='word_1_893' title='bbox 2903 4799 3078 4857; x_wconf 83' lang='lat' dir='ltr'><strong>futura</strong></span> <span class='ocrx_word' id='word_1_894' title='bbox 3116 4817 3302 4875; x_wconf 89' lang='lat' dir='ltr'><strong>erant,</strong></span> <span class='ocrx_word' id='word_1_895' title='bbox 3346 4812 3682 4888; x_wconf 80' lang='lat' dir='ltr'><strong>insuperqne</strong></span> <span class='ocrx_word' id='word_1_896' title='bbox 3726 4793 3838 4878; x_wconf 73' lang='lat' dir='ltr'><strong>ela-</strong></span> 
     </span>
    </p>
   </div>
   <div class='ocr_carea' id='block_1_110' title="bbox 2234 4871 3832 4983">
    <p class='ocr_par' dir='ltr' id='par_1_110' title="bbox 2234 4871 3832 4983">
     <span class='ocr_line' id='line_1_110' title="bbox 2234 4871 3832 4983; baseline 0.024 -51"><span class='ocrx_word' id='word_1_897' title='bbox 2234 4879 2342 4934; x_wconf 90' lang='lat' dir='ltr'><strong>rius</strong></span> <span class='ocrx_word' id='word_1_898' title='bbox 2368 4871 2854 4956; x_wconf 76' lang='lat' dir='ltr'><strong>demonstraverat,</strong></span> <span class='ocrx_word' id='word_1_899' title='bbox 2887 4906 3008 4948; x_wconf 88' lang='lat' dir='ltr'><strong>esse</strong></span> <span class='ocrx_word' id='word_1_900' title='bbox 3034 4895 3154 4951; x_wconf 89' lang='lat' dir='ltr'><strong>illos</strong></span> <span class='ocrx_word' id='word_1_901' title='bbox 3175 4900 3322 4955; x_wconf 91' lang='lat' dir='ltr'><strong>omni</strong></span> <span class='ocrx_word' id='word_1_902' title='bbox 3348 4905 3502 4959; x_wconf 83' lang='lat' dir='ltr'><strong>venia</strong></span> <span class='ocrx_word' id='word_1_903' title='bbox 3536 4909 3793 4983; x_wconf 82' lang='lat' dir='ltr'><strong>indignos</strong></span> <span class='ocrx_word' id='word_1_904' title='bbox 3820 4935 3832 4969; x_wconf 91' lang='lat'><strong>:</strong></span> 
     </span>
    </p>
   </div>
   <div class='ocr_carea' id='block_1_111' title="bbox 2233 4972 3833 5060">
    <p class='ocr_par' dir='ltr' id='par_1_111' title="bbox 2233 4972 3833 5060">
     <span class='ocr_line' id='line_1_111' title="bbox 2233 4972 3833 5060; baseline 0.023 -36"><span class='ocrx_word' id='word_1_905' title='bbox 2233 4972 2308 5026; x_wconf 92' lang='lat' dir='ltr'><strong>sic</strong></span> <span class='ocrx_word' id='word_1_906' title='bbox 2340 4972 2456 5026; x_wconf 93' lang='lat' dir='ltr'><strong>illos</strong></span> <span class='ocrx_word' id='word_1_907' title='bbox 2495 4976 2794 5048; x_wconf 88' lang='lat' dir='ltr'><strong>redarguit,</strong></span> <span class='ocrx_word' id='word_1_908' title='bbox 2841 4981 3058 5054; x_wconf 82' lang='lat' dir='ltr'><strong>Moysen</strong></span> <span class='ocrx_word' id='word_1_909' title='bbox 3097 5001 3463 5050; x_wconf 73' lang='lat' dir='ltr'><strong>accuszttorem</strong></span> <span class='ocrx_word' id='word_1_910' title='bbox 3503 4972 3833 5060; x_wconf 64' lang='lat' dir='ltr'><strong>adducens:</strong></span> 
     </span>
    </p>
   </div>
   <div class='ocr_carea' id='block_1_112' title="bbox 2231 5063 3834 5166">
    <p class='ocr_par' dir='ltr' id='par_1_112' title="bbox 2231 5063 3834 5166">
     <span class='ocr_line' id='line_1_112' title="bbox 2231 5063 3834 5166; baseline 0.023 -50"><span class='ocrx_word' id='word_1_911' title='bbox 2231 5063 2318 5116; x_wconf 74' lang='grc'><strong>45.</strong></span> <span class='ocrx_word' id='word_1_912' title='bbox 2355 5063 2530 5120; x_wconf 81' lang='lat' dir='ltr'><strong>Nolite</strong></span> <span class='ocrx_word' id='word_1_913' title='bbox 2557 5079 2732 5136; x_wconf 85' lang='lat' dir='ltr'><strong>putare</strong></span> <span class='ocrx_word' id='word_1_914' title='bbox 2760 5073 2897 5140; x_wconf 86' lang='lat' dir='ltr'><strong>quod</strong></span> <span class='ocrx_word' id='word_1_915' title='bbox 2935 5091 3026 5146; x_wconf 78' lang='lat' dir='ltr'><strong>ego</strong></span> <span class='ocrx_word' id='word_1_916' title='bbox 3063 5091 3392 5140; x_wconf 81' lang='lat' dir='ltr'><strong>accusaturus</strong></span> <span class='ocrx_word' id='word_1_917' title='bbox 3426 5089 3526 5142; x_wconf 77' lang='lat' dir='ltr'><strong>sint</strong></span> <span class='ocrx_word' id='word_1_918' title='bbox 3570 5108 3661 5149; x_wconf 78' lang='lat' dir='ltr'><strong>vos</strong></span> <span class='ocrx_word' id='word_1_919' title='bbox 3691 5100 3834 5166; x_wconf 76' lang='lat' dir='ltr'><strong>apud</strong></span> 
     </span>
    </p>
   </div>
   <div class='ocr_carea' id='block_1_113' title="bbox 2231 5153 3828 5258">
    <p class='ocr_par' dir='ltr' id='par_1_113' title="bbox 2231 5153 3828 5258">
     <span class='ocr_line' id='line_1_113' title="bbox 2231 5153 3828 5258; baseline 0.024 -51"><span class='ocrx_word' id='word_1_920' title='bbox 2231 5153 2438 5211; x_wconf 85' lang='lat' dir='ltr'><strong>Patrem</strong></span> <span class='ocrx_word' id='word_1_921' title='bbox 2468 5174 2488 5212; x_wconf 86' lang='lat'><strong><em>:</em></strong></span> <span class='ocrx_word' id='word_1_922' title='bbox 2517 5170 2588 5214; x_wconf 87' lang='lat' dir='ltr'><strong>est</strong></span> <span class='ocrx_word' id='word_1_923' title='bbox 2613 5163 2697 5228; x_wconf 85' lang='lat' dir='ltr'><strong>qui</strong></span> <span class='ocrx_word' id='word_1_924' title='bbox 2722 5176 2927 5220; x_wconf 86' lang='lat' dir='ltr'><strong>accusat</strong></span> <span class='ocrx_word' id='word_1_925' title='bbox 2955 5183 3041 5222; x_wconf 77' lang='lat' dir='ltr'><strong>vos</strong></span> <span class='ocrx_word' id='word_1_926' title='bbox 3071 5169 3307 5243; x_wconf 72' lang='lat' dir='ltr'><strong>Moyses,</strong></span> <span class='ocrx_word' id='word_1_927' title='bbox 3350 5179 3404 5232; x_wconf 84' lang='lat' dir='ltr'><strong>in</strong></span> <span class='ocrx_word' id='word_1_928' title='bbox 3443 5197 3546 5249; x_wconf 81' lang='lat' dir='ltr'><strong>quo</strong></span> <span class='ocrx_word' id='word_1_929' title='bbox 3587 5203 3677 5242; x_wconf 74' lang='lat' dir='ltr'><strong>vos</strong></span> <span class='ocrx_word' id='word_1_930' title='bbox 3713 5153 3828 5258; x_wconf 57' lang='lat' dir='ltr'><strong>ipe-</strong></span> 
     </span>
    </p>
   </div>
   <div class='ocr_carea' id='block_1_114' title="bbox 2228 5250 3829 5349">
    <p class='ocr_par' dir='ltr' id='par_1_114' title="bbox 2228 5250 3829 5349">
     <span class='ocr_line' id='line_1_114' title="bbox 2228 5250 3829 5349; baseline 0.023 -49"><span class='ocrx_word' id='word_1_931' title='bbox 2228 5250 2396 5302; x_wconf 88' lang='lat' dir='ltr'><strong>rastis.</strong></span> <span class='ocrx_word' id='word_1_932' title='bbox 2429 5251 2515 5306; x_wconf 63' lang='lat'><strong>46.</strong></span> <span class='ocrx_word' id='word_1_933' title='bbox 2547 5252 2609 5308; x_wconf 84' lang='lat' dir='ltr'><strong>Si</strong></span> <span class='ocrx_word' id='word_1_934' title='bbox 2636 5255 2767 5310; x_wconf 86' lang='lat' dir='ltr'><strong>enim</strong></span> <span class='ocrx_word' id='word_1_935' title='bbox 2792 5259 3058 5316; x_wconf 80' lang='lat' dir='ltr'><strong>crederetis</strong></span> <span class='ocrx_word' id='word_1_936' title='bbox 3088 5262 3277 5336; x_wconf 74' lang='lat' dir='ltr'><strong>Moysi,</strong></span> <span class='ocrx_word' id='word_1_937' title='bbox 3306 5273 3580 5331; x_wconf 83' lang='lat' dir='ltr'><strong>crederetis</strong></span> <span class='ocrx_word' id='word_1_938' title='bbox 3610 5250 3829 5349; x_wconf 62' lang='lat' dir='ltr'><strong>forsitan</strong></span> 
     </span>
    </p>
   </div>
   <div class='ocr_carea' id='block_1_115' title="bbox 2227 5341 3830 5431">
    <p class='ocr_par' dir='ltr' id='par_1_115' title="bbox 2227 5341 3830 5431">
     <span class='ocr_line' id='line_1_115' title="bbox 2227 5341 3830 5431; baseline 0.024 -39"><span class='ocrx_word' id='word_1_939' title='bbox 2227 5349 2271 5392; x_wconf 86' lang='lat' dir='ltr'><strong>et</strong></span> <span class='ocrx_word' id='word_1_940' title='bbox 2299 5341 2422 5393; x_wconf 82' lang='lat' dir='ltr'><strong>mihi</strong></span> <span class='ocrx_word' id='word_1_941' title='bbox 2452 5358 2471 5395; x_wconf 90' lang='lat'><strong><em>:</em></strong></span> <span class='ocrx_word' id='word_1_942' title='bbox 2499 5344 2562 5398; x_wconf 87' lang='lat' dir='ltr'><strong>de</strong></span> <span class='ocrx_word' id='word_1_943' title='bbox 2586 5361 2664 5399; x_wconf 88' lang='lat' dir='ltr'><strong>nte</strong></span> <span class='ocrx_word' id='word_1_944' title='bbox 2691 5348 2822 5402; x_wconf 88' lang='lat' dir='ltr'><strong>enim</strong></span> <span class='ocrx_word' id='word_1_945' title='bbox 2853 5351 2940 5404; x_wconf 83' lang='lat' dir='ltr'><strong>ille</strong></span> <span class='ocrx_word' id='word_1_946' title='bbox 2966 5355 3186 5424; x_wconf 86' lang='lat' dir='ltr'><strong>scripsit.</strong></span> <span class='ocrx_word' id='word_1_947' title='bbox 3230 5360 3320 5413; x_wconf 75' lang='grc'><strong>47.</strong></span> <span class='ocrx_word' id='word_1_948' title='bbox 3370 5363 3433 5418; x_wconf 85' lang='lat' dir='ltr'><strong>Si</strong></span> <span class='ocrx_word' id='word_1_949' title='bbox 3476 5341 3649 5422; x_wconf 76' lang='lat' dir='ltr'><strong>autem</strong></span> <span class='ocrx_word' id='word_1_950' title='bbox 3691 5375 3830 5431; x_wconf 76' lang='lat' dir='ltr'><strong>illius</strong></span> 
     </span>
    </p>
   </div>
   <div class='ocr_carea' id='block_1_116' title="bbox 2227 5430 3827 5525">
    <p class='ocr_par' dir='ltr' id='par_1_116' title="bbox 2227 5430 3827 5525">
     <span class='ocr_line' id='line_1_116' title="bbox 2227 5430 3827 5525; baseline 0.028 -45"><span class='ocrx_word' id='word_1_951' title='bbox 2227 5430 2386 5485; x_wconf 85' lang='lat' dir='ltr'><strong>literis</strong></span> <span class='ocrx_word' id='word_1_952' title='bbox 2415 5448 2514 5487; x_wconf 87' lang='lat' dir='ltr'><strong>non</strong></span> <span class='ocrx_word' id='word_1_953' title='bbox 2541 5437 2772 5505; x_wconf 77' lang='lat' dir='ltr'><strong>creditis,</strong></span> <span class='ocrx_word' id='word_1_954' title='bbox 2801 5442 3054 5509; x_wconf 85' lang='lat' dir='ltr'><strong>quomodo</strong></span> <span class='ocrx_word' id='word_1_955' title='bbox 3082 5448 3205 5500; x_wconf 86' lang='lat' dir='ltr'><strong>meis</strong></span> <span class='ocrx_word' id='word_1_956' title='bbox 3232 5453 3449 5510; x_wconf 80' lang='lat' dir='ltr'><strong>credetis</strong></span> <span class='ocrx_word' id='word_1_957' title='bbox 3483 5461 3646 5518; x_wconf 77' lang='lat' dir='ltr'><strong>verbis</strong></span> <span class='ocrx_word' id='word_1_958' title='bbox 3665 5467 3692 5518; x_wconf 84' lang='lat'><strong><em>?</em></strong></span> <span class='ocrx_word' id='word_1_959' title='bbox 3719 5467 3827 5525; x_wconf 86' lang='lat' dir='ltr'><strong>lluc</strong></span> 
     </span>
    </p>
   </div>
   <div class='ocr_carea' id='block_1_117' title="bbox 2225 5525 3822 5624">
    <p class='ocr_par' dir='ltr' id='par_1_117' title="bbox 2225 5525 3822 5624">
     <span class='ocr_line' id='line_1_117' title="bbox 2225 5525 3822 5624; baseline 0.025 -51"><span class='ocrx_word' id='word_1_960' title='bbox 2225 5529 2335 5586; x_wconf 85' lang='lat' dir='ltr'><strong>est,</strong></span> <span class='ocrx_word' id='word_1_961' title='bbox 2367 5525 2504 5578; x_wconf 87' lang='lat' dir='ltr'><strong>Ante</strong></span> <span class='ocrx_word' id='word_1_962' title='bbox 2534 5540 2620 5581; x_wconf 93' lang='lat' dir='ltr'><strong>me</strong></span> <span class='ocrx_word' id='word_1_963' title='bbox 2645 5527 2731 5582; x_wconf 92' lang='lat' dir='ltr'><strong>ille</strong></span> <span class='ocrx_word' id='word_1_964' title='bbox 2760 5534 3080 5588; x_wconf 83' lang='lat' dir='ltr'><strong>contumelia</strong></span> <span class='ocrx_word' id='word_1_965' title='bbox 3110 5538 3342 5596; x_wconf 82' lang='lat' dir='ltr'><strong>aﬂieitnr</strong></span> <span class='ocrx_word' id='word_1_966' title='bbox 3373 5549 3424 5599; x_wconf 93' lang='lat' dir='ltr'><strong>in</strong></span> <span class='ocrx_word' id='word_1_967' title='bbox 3456 5550 3520 5604; x_wconf 67' lang='lat' dir='ltr'><strong>iis</strong></span> <span class='ocrx_word' id='word_1_968' title='bbox 3548 5571 3670 5624; x_wconf 58' lang='lat' dir='ltr'><strong>qnte</strong></span> <span class='ocrx_word' id='word_1_969' title='bbox 3692 5573 3791 5614; x_wconf 84' lang='lat' dir='ltr'><strong>con</strong></span> <span class='ocrx_word' id='word_1_970' title='bbox 3810 5589 3822 5597; x_wconf 84' lang='lat'><strong>-</strong></span> 
     </span>
    </p>
   </div>
   <div class='ocr_carea' id='block_1_118' title="bbox 2228 5614 3817 5722">
    <p class='ocr_par' dir='ltr' id='par_1_118' title="bbox 2228 5614 3817 5722">
     <span class='ocr_line' id='line_1_118' title="bbox 2228 5614 3817 5722; baseline 0.028 -57"><span class='ocrx_word' id='word_1_971' title='bbox 2228 5620 2302 5666; x_wconf 88' lang='lat' dir='ltr'><strong>tra</strong></span> <span class='ocrx_word' id='word_1_972' title='bbox 2326 5629 2409 5668; x_wconf 90' lang='lat' dir='ltr'><strong>me</strong></span> <span class='ocrx_word' id='word_1_973' title='bbox 2435 5614 2624 5672; x_wconf 87' lang='lat' dir='ltr'><strong>facitis.</strong></span> <span class='ocrx_word' id='word_1_974' title='bbox 2653 5618 2818 5691; x_wconf 80' lang='lat' dir='ltr'><strong>Moysi</strong></span> <span class='ocrx_word' id='word_1_975' title='bbox 2842 5623 2984 5678; x_wconf 88' lang='lat' dir='ltr'><strong>enim</strong></span> <span class='ocrx_word' id='word_1_976' title='bbox 3007 5629 3175 5698; x_wconf 74' lang='lat' dir='ltr'><strong>magis</strong></span> <span class='ocrx_word' id='word_1_977' title='bbox 3197 5631 3355 5690; x_wconf 84' lang='lat' dir='ltr'><strong>fidem</strong></span> <span class='ocrx_word' id='word_1_978' title='bbox 3382 5614 3640 5715; x_wconf 72' lang='lat' dir='ltr'><strong>negastis,</strong></span> <span class='ocrx_word' id='word_1_979' title='bbox 3664 5667 3817 5722; x_wconf 77' lang='lat' dir='ltr'><strong>quam</strong></span> 
     </span>
    </p>
   </div>
   <div class='ocr_carea' id='block_1_119' title="bbox 2295 5770 3503 5854">
    <p class='ocr_par' dir='ltr' id='par_1_119' title="bbox 2295 5770 3503 5854">
     <span class='ocr_line' id='line_1_119' title="bbox 2295 5770 3503 5854; baseline 0.027 -39"><span class='ocrx_word' id='word_1_980' title='bbox 2295 5770 2308 5798; x_wconf 80' lang='grc' dir='ltr'>ί</span> <span class='ocrx_word' id='word_1_981' title='bbox 2348 5770 2507 5820; x_wconf 79' lang='lat' dir='ltr'><strong>.ttorel.</strong></span> <span class='ocrx_word' id='word_1_982' title='bbox 2537 5771 2699 5835; x_wconf 86' lang='lat' dir='ltr'><strong>habet,</strong></span> <span class='ocrx_word' id='word_1_983' title='bbox 2723 5775 2976 5843; x_wconf 79' lang='lat' dir='ltr'><strong>invidiam,</strong></span> <span class='ocrx_word' id='word_1_984' title='bbox 3005 5796 3106 5845; x_wconf 76' lang='lat' dir='ltr'><strong>pm,</strong></span> <span class='ocrx_word' id='word_1_985' title='bbox 3133 5788 3503 5854; x_wconf 81' lang='lat' dir='ltr'><strong>impudenti/nn.</strong></span> 
     </span>
    </p>
   </div>
  </div>
