4024 6436
581 357 688 412 237

587 470 812 525 ποιεῖτε.
837 467 1035 536 Λέγετε
1064 466 1209 519 λύειν
1242 482 1308 534 με
1337 465 1397 516 τὸ
1427 461 1714 526 σάϐϐατον,
1743 460 1837 514 καὶ
1864 456 2160 529 παραλύειν

587 552 678 608 τὸν
707 552 895 621 νόμον·
928 548 1318 617 ἀπεδυσάμηνεΙ
1351 548 1444 598 xal
1459 545 1660 614 ταύτην
1679 544 1778 614 τὴν
1806 541 2159 612 κατηγορίαν.

587 631 984 705 Διισχυρίζεσθε
1011 632 1235 685 Μωῦσεῖ
1257 629 1533 681 πιστεύειν
1555 629 1622 681 δι’
1638 621 1712 680 ὧν
1742 627 1862 678 κατ’
1891 624 2023 694 ἐμοῦ
2048 621 2164 675 τολ-

590 719 756 788 μᾶτε·
785 716 1030 784 δείκνυμι
1063 712 1224 766 πάλιν
1261 713 1341 765 ὅτι
1368 711 1524 764 τοῦτο
1553 711 1649 781 μὲν
1671 706 1762 762 οῦν
1789 710 1903 761 ἐστι
1935 706 2167 777 μάλιστα

591 801 665 871 μὴ
691 799 965 853 πιστεύειν
988 796 1066 868 τῷ
1101 797 1343 850 Μωῡσεῖ.
1367 794 1613 864 Τοσούτῳ
1643 793 1751 862 γάρ
1780 792 1884 845 δέω
1928 791 1984 856 ἐξ
2018 791 2170 842 ἐναν-

587 883 708 947 τίας
745 884 901 953 ήκειν
930 881 1007 951 τῷ
1029 880 1198 950 νόμῳ,
1233 881 1312 932 ὅτι
1343 879 1464 930 οὐδὲ
1503 877 1648 929 ἔστιν
1676 875 1833 939 ἀλλος
1861 892 1943 938 τις
1978 875 2007 926 ὁ
2041 890 2170 926 κατ-

589 969 876 1037 ηγορήσων
897 964 1071 1034 ὑμῶν,
1096 962 1209 1014 ἀλλ’
1241 962 1273 1028 ἢ
1297 962 1458 1023 αὐτὸς
1489 963 1520 1012 ὁ
1547 961 1638 1013 τὸν
1668 960 1830 1030 νόμον
1853 961 1979 1029 ὑμῖν
2005 957 2168 1037 δεδω-

590 1033 720 1113 κώς..
752 1033 967 1116 ⁷Ὥσπερ
996 1041 1089 1098 οὖν
1124 1045 1251 1115 περὶ
1287 1043 1396 1096 τῶν
1417 1043 1648 1112 Γραφῶν
1683 1042 1892 1110 ἔλεγεν·
1942 1042 2045 1093 Ἐν
2075 1033 2172 1103 αἷς

589 1131 817 1186 δοκεῖτε
837 1129 990 1195 ζωὴν
1002 1126 1244 1182 αἰώνιον
1263 1128 1446 1194 ἔχειν·
1469 1125 1610 1178 οὓτω
1631 1128 1723 1178 καὶ
1747 1126 1872 1196 περὶ
1895 1122 2170 1184 Μωῦσέως

592 1215 774 1286 φησὶν,
793 1215 893 1277 Εἰς
910 1211 982 1264 ὃν
998 1211 1162 1279 ὑμεῖς
1174 1211 1488 1276 ἠλπίκατε,
1505 1207 1613 1261 ἀπὸ
1626 1208 1735 1260 τῶν
1751 1206 1964 1260 οἰκείων
1976 1205 2170 1266 αὐτοὺς

593 1295 939 1368 χειρούμενος
974 1292 1270 1368 πανταχοῦ.
1319 1293 1429 1344 Kal
1463 1292 1623 1346 πόθεν
1649 1291 1828 1361 δῆλον,
1877 1288 2059 1358 φησὶν,
2089 1287 2171 1339 ὅτι

592 1377 956 1448 κατηγορήσει
983 1377 1244 1446 Μωῦσῆς,
1277 1375 1370 1429 καὶ
1409 1373 1470 1426 οὑ
1499 1375 1837 1445 κομπάζεις;
1871 1370 1922 1422 τί
1954 1371 2061 1440 γὰρ
2091 1369 2172 1422 σοὶ

593 1462 686 1515 καὶ
709 1462 928 1514 Μωῦσεῖ
954 1457 1149 1523 κοινόν;
1171 1457 1246 1511 Τὸ
1275 1457 1539 1510 σάϐϐατον
1564 1456 1779 1520 ἔλυσας,
1808 1455 1943 1524 ὅπερ
1968 1453 2175 1514 ἐκεῖνος

594 1544 951 1613 ἐνομοθέτησε
985 1544 1233 1613 κρατεῖν·
1265 1539 1383 1603 πῶς
1408 1537 1500 1594 οῦν
1533 1540 1687 1610 ἡμῶν
1712 1540 1915 1599 ἐκεῖνος
1941 1552 2176 1604 κατηγο-

598 1631 813 1699 ρήσειες
849 1624 1017 1678 Πόθεν
1044 1625 1098 1677 δὲ
1125 1623 1280 1693 δῆλον
1311 1624 1393 1675 ὃτι
1427 1623 1520 1676 καὶ
1559 1624 1639 1685 εἰς
1661 1621 1818 1676 ἀλλον
1836 1620 1862 1659 b
1889 1617 2177 1672 πιστεύσοο

596 1729 698 1783 μεν
721 1710 808 1764 τὸν
839 1710 953 1780 ἰδίῳ
971 1708 1193 1778 ὀνόματι
1219 1707 1420 1775 ἥξοντα
1438 1723 1452 1771 ;
1471 1705 1655 1758 Ταῦτα
1671 1705 1779 1776 γάρ
1796 1703 1972 1757 πάντα
1996 1703 2179 1773 ἀμάρ-

593 1811 730 1865 τυρα
752 1792 948 1860 λέγεις.
973 1791 1085 1844 Kal
1115 1790 1222 1862 μὴν
1254 1789 1469 1843 ἅπαντα
1488 1790 1660 1842 ταῦτα
1692 1788 1899 1842 ἀνωθεν
1937 1786 2052 1857 εχει
2079 1785 2177 1857 τὴν

594 1877 958 1947 κατασκευήν.
999 1877 1167 1928 Ὅταν
1222 1874 1332 1946 γὰρ
1387 1872 1717 1943 ὁμολογηθῇ,
1767 1874 1847 1925 ὅτι
1902 1871 2051 1941 παρά
2084 1869 2176 1923 τοῦ

595 1958 729 2013 Θεοῦ
750 1955 909 2028 ἦλθον
939 1957 1046 2011 ἀπὸ
1073 1957 1180 2009 τῶν
1212 1957 1408 2026 ἔργων,
1439 1957 1547 2009 ἀπὸ
1577 1958 1676 2023 τῆς
1701 1954 1884 2024 φωνῆς
1907 1954 2177 2019 Ἰωάννου,

595 2043 705 2097 ἀπὸ
728 2041 825 2112 τῆς
853 2041 1158 2112 μαρτυρίας
1188 2040 1281 2093 τοῦ
1309 2039 1544 2108 Πατρὸς,
1585 2038 1803 2109 εὔδηλον
1829 2040 1910 2092 ὅτι
1941 2038 2179 2106 Μωῦσῆς

598 2125 778 2179 αὐτῶν
806 2126 1193 2195 κατηγορήσει.
1236 2123 1300 2176 Τί
1354 2123 1462 2192 γάρ
1491 2124 1697 2184 ἐκεῖνος
1729 2117 1912 2184 εῐπεν;
1949 2116 2036 2191 ἆρ’
2083 2122 2180 2190 οὑχ

596 2211 678 2263 ὅτι
705 2208 798 2264 ἐὰν
813 2207 942 2280 ἔλθῃ
956 2224 1038 2270 τις
1057 2208 1258 2277 σημεῖα
1278 2205 1466 2267 ποιῶν,
1481 2205 1572 2257 καὶ
1594 2205 1730 2275 πρὸς
1748 2204 1838 2257 τὸν
1858 2203 1988 2256 Θεὸν
2009 2203 2176 2269 ἄγων,

597 2293 694 2348 καὶ
716 2291 787 2346 τά
815 2291 1074 2363 μέλλοντα
1103 2290 1384 2358 προλέγων
1425 2288 1561 2359 μετὰ
1599 2287 1874 2357 ἀληθείας,
1909 2285 2044 2357 μετά
2074 2285 2173 2339 πάς

600 2391 700 2446 σης
731 2372 1032 2446 ὑπακούειν
1047 2370 1197 2442 αὐτῷ
1226 2371 1330 2442 χρὴ
1353 2372 1452 2440 τῆς
1471 2368 1720 2434 πειθοῦς;
1757 2370 1813 2423 Ὀ
1842 2368 2019 2422 τοίνυν
2046 2369 2182 2438 Χρι-

600 2443 726 2523 στὸς
757 2457 831 2530 μή
855 2457 916 2511 οὐ
957 2443 1133 2510 πάντα
1159 2455 1332 2508 ταῦτα
1359 2454 1654 2525 πεποίηκε;
1684 2453 1793 2507 Καὶ
1823 2453 1932 2522 γὰρ
1981 2454 2180 2522 σημεῖα

597 2544 891 2616 εἰργάσατο
929 2541 1068 2612 μετά
1118 2539 1378 2611 ἀληθείας
1425 2540 1664 2608 ἀπάσης,
1721 2539 1813 2590 καὶ
1857 2538 1993 2608 πρὸς
2048 2537 2182 2589 Θεὸν

601 2630 844 2690 ἃπαντας
860 2618 1026 2690 εἷλκε,
1049 2625 1142 2678 καὶ
1157 2633 1179 2662 ο
1208 2625 1327 2686 ταῖς
1351 2624 1688 2694 προρρήσεσι
1717 2621 1779 2673 τὸ
1802 2620 1954 2682 τέλος
1976 2621 2183 2690 ἐπήγα-

601 2729 716 2781 γεν.
763 2708 922 2764 Ἀλλά
951 2706 1114 2762 πόθεν
1140 2707 1299 2777 δῆλον
1331 2707 1410 2760 ὅτι
1437 2707 1611 2776 ἑτέρῳ
1648 2704 2056 2767 πιστεύσουσινς
2091 2703 2184 2755 Ἐκ

540 2805 542 2807 ’
601 2794 696 2850 τοῦ
727 2794 820 2847 τὸν
839 2791 1074 2863 Χριστὸν
1109 2791 1306 2860 μισεῖν.
1324 2788 1510 2858 Οίγάρ
1527 2790 1617 2841 τὸν
1649 2788 1784 2857 μετά
1813 2787 1907 2853 τῆς
1935 2786 2027 2839 τοῦ
2049 2785 2182 2838 Θεοῦ

602 2875 828 2947 γνώμης
864 2876 1068 2946 ἥκοντα
1099 2872 1586 2940 ἀποστρεφόμενοι,
1625 2869 1844 2939 εῦδηλον
1865 2870 1944 2922 ὅτι
1971 2868 2066 2922 καὶ
2093 2869 2184 2920 τὸν

601 2960 846 3014 ἀντίθεον
865 2957 1103 3024 δέξονται
1132 2953 1284 3028 [246]
1301 2956 1358 3008 Εἰ
1370 2955 1426 3009 δὲ
1443 2954 1679 3009 Μωῦσέα
1694 2954 1788 3007 νῦν
1802 2952 2182 3020 προϐάλλεται,

605 3043 778 3098 καίτοι
807 3040 997 3106 εἰπὼν,
1028 3041 1171 3110 Ἐγὼ
1196 3041 1353 3108 παρὰ
1383 3040 1696 3108 ἀνθρώπου
1717 3039 1832 3106 τὴν
1855 3039 2188 3106 μαρτυρίαν

606 3130 678 3181 οὐ
711 3126 1014 3195 λαμϐάνω,
1049 3124 1124 3195 μὴ
1175 3122 1461 3192 θαυμάσῃς
1481 3138 1493 3152 ·
1528 3123 1649 3174 οὐδὲ
1677 3122 1783 3191 γὰρ
1815 3123 1894 3184 εἰς
1923 3122 2184 3184 Μωῦσέα,

607 3210 722 3263 ἀλλ’
762 3211 842 3270 εἰς
869 3208 937 3261 τά
966 3206 1060 3260 τοῦ
1088 3204 1222 3258 Θεοῦ
1261 3205 1559 3276 γράμματα
1589 3205 1785 3268 αὐτοὺς
1804 3204 2183 3274 παραπέμπει.

608 3291 752 3363 Πλὴν
781 3291 894 3344 ἀλλ’
927 3288 1114 3358 ἐπειδὴ
1144 3289 1201 3342 αἱ
1226 3288 1439 3358 Γραφαῖ
1467 3288 1684 3341 ἔλαττον
1715 3289 1910 3350 αὐτοὺς
1938 3287 2182 3356 ἐφόϐουν,

608 3378 688 3440 εἱς
721 3377 780 3428 τὸ
805 3376 1093 3445 πρόσωπον
1122 3371 1254 3425 αὐτὸ
1283 3372 1536 3442 περιάγει
1570 3371 1661 3422 τὸν
1693 3371 1870 3438 λόγον,
1899 3370 1990 3422 τ’ὸν
2024 3387 2185 3439 νομο-

609 3461 768 3528 θέτην
800 3457 961 3512 αὑτὸν
983 3457 1168 3518 αὐτοῖς
1197 3455 1420 3521 ἐφιστάς
1444 3455 1767 3525 κατήγορον,
1792 3457 1884 3507 καὶ
1911 3454 2042 3507 πολὺ
2068 3472 2189 3525 φρι-

611 3541 942 3612 κωδέστερον
956 3537 1134 3593 οὓτωά
1153 3539 1212 3591 τὸ
1227 3539 1342 3602 δέος
1366 3537 1550 3599 ποιῶν,
1571 3538 1664 3590 καὶ
1681 3537 1907 3590 ἕκαστον
1927 3537 2035 3590 τῶν
2060 3539 2186 3608 παρ’

609 3624 787 3680 αὐτῶν
814 3623 1120 3694 λεγομένων
1143 3621 1372 3691 ἐλέγχει.
1398 3620 1593 3673 Σκόπει
1619 3620 1698 3672 δέ·
1733 3619 1956 3686 Ἔλεγον
1983 3619 2067 3672 διὰ
2091 3620 2190 3690 τὴν

610 3710 693 3771 είς
721 3709 813 3761 τὸν
837 3707 968 3760 Θεὸν
996 3705 1215 3774 ἀγάπην
1248 3705 1461 3756 διώκειν
1491 3703 1680 3756 αὐτόν·
1704 3703 1972 3756 δείκνυσιν
1995 3703 2074 3755 ὅτι
2104 3703 2190 3755 διά

611 3791 673 3844 τὸ
708 3791 884 3860 μισεῖν
943 3787 1034 3842 τὸν
1081 3787 1213 3840 Θεὸν
1258 3786 1418 3840 τοῦτο
1468 3781 1729 3838 ποιοῦσιν.
1811 3785 2034 3852 Ἔλεγον
2067 3788 2191 3839 ἀντ-

611 3874 830 3945 έχεσθαι
863 3871 1162 3934 Μωῦσέως·
1184 3870 1454 3923 δείκνυσιν
1482 3870 1562 3922 ὅτι
1594 3869 1680 3922 διὰ
1713 3869 1773 3922 τὸ
1810 3868 1883 3938 μὴ
1917 3870 2192 3924 πιστεύειν

613 3959 836 4012 Μωῦσεῖ
866 3954 1040 4010 ταῦτα
1079 3954 1366 4025 ἔπραττον.
1401 3954 1462 4006 Εἰ
1493 3954 1601 4024 γὰρ
1623 3953 1716 4005 τὸν
1738 3953 1899 4023 νόμον
1942 3952 2208 4023 ἐζήλουν,

614 4042 721 4095 ἔδει
773 4040 1021 4106 δέξασθαι
1081 4038 1171 4089 τὸν
1215 4039 1417 4090 ἐκεῖνον
1465 4036 1804 4106 πληροῦντα·
1846 4037 1894 4090 εἰ
1921 4039 2014 4090 τὸν
2060 4037 2192 4091 Θεὸν

612 4125 863 4193 ἠγάπων,
898 4121 1002 4174 ἔδει
1027 4119 1313 4189 πεισθῆναι
1352 4119 1428 4190 τῷ
1467 4120 1599 4190 πρὸς
1640 4121 1842 4174 ἐκεῖνον
1876 4121 2116 4174 έλκοντι·
2145 4123 2192 4174 εί

618 4207 837 4262 Μωῦσεῖ
855 4205 1156 4267 ἐπίστευον,
1196 4203 1303 4256 ἔδει
1345 4203 1720 4274 προσκυνῆσαι
1740 4205 1834 4257 τὸν
1866 4206 1956 4258 ὑπ’
1986 4205 2193 4259 ἐκείνου

618 4288 1113 4362 προφητευόμενον.
1142 4288 1205 4340 Εἰ
1233 4287 1289 4340 δὲ
1328 4287 1530 4349 ἐκεῖνος
1556 4288 1867 4340 ἀπιστεῖται
1900 4288 2006 4357 πρὸ
2038 4288 2194 4358 ἐμοῦ,

619 4373 772 4426 ούδέν
808 4371 1033 4434 ἀπεικὸς
1079 4370 1174 4422 καὶ
1205 4370 1303 4438 ἐ,μέ
1338 4369 1429 4421 τὸν
1475 4370 1566 4421 ὑπ’
1596 4367 1760 4420 αὑτοῦ
1799 4369 2196 4440 κηρυττόμενον

624 4452 940 4507 ἐλαύνεσθαι
975 4451 1105 4521 παρ’
1145 4449 1317 4521 ὑμῶν.
1342 4451 1554 4521 Ὠσπερ
1577 4446 1668 4504 οῦν
1695 4453 1789 4504 καὶ
1823 4451 2197 4521 θαυμάζοντας

636 4537 886 4605 Ἰωάννην
917 4533 1082 4598 ἔδειξε
1111 4533 1578 4605 καταφρονοῦντας
1606 4533 1848 4587 Ἰωάννου
1880 4535 1966 4588 διά
1998 4536 2105 4588 τῶν
2118 4539 2198 4600 εἰς
2223 4552 2226 4555 ·

622 4619 784 4673 αὑτὸν
841 4617 1255 4688 γεγενημένων·
1325 4616 1466 4670 οὕτω
1539 4615 1855 4687 νομίζοντας
1921 4618 2197 4672 πιστεύειν

622 4702 844 4755 Μωῦσεῖ
873 4701 1142 4754 δείκνυσιν
1166 4700 1544 4764 ἀπιστοῦντας,
1580 4699 1674 4754 καὶ
1695 4700 1782 4752 ἀεὶ
1805 4701 1882 4762 εἰς
1909 4700 2006 4772 τὴν
2026 4718 2199 4769 κεφα-

623 4784 720 4855 λὴν
754 4783 928 4837 αὐτῶν
974 4784 1315 4854 περιτρέπειί
1350 4784 1547 4846 πάντα,
1588 4783 1731 4854 άπερ
1779 4784 2024 4853 ἐνόμιζον
2059 4785 2198 4856 ὺπέρ

623 4866 832 4920 ἑαυτῶν
860 4865 1274 4936 προϐάλλεσθαι.
1327 4864 1589 4918 Τοσοῦτον
1623 4866 1731 4937 γάρ
1769 4865 1975 4937 ἀπέχω,
2011 4867 2196 4937 φησὶν,

623 4951 933 5018 ἀπαγαγεῖν
969 4951 1113 5019 ὑμᾶς
1138 4949 1232 5002 τοῦ
1266 4950 1450 5020 νόμου,
1472 4949 1552 5001 ὅτι
1583 4951 1676 5002 καὶ
1698 4948 1858 5002 αὑτὸν
1882 4950 2032 5002 καλῶ
2073 4966 2202 5004 κατ-

627 5037 822 5105 ήγορον
852 5034 1004 5104 ὑμῶν
1033 5033 1123 5087 τὸν
1151 5033 1463 5104 νομοθέτην.
1498 5033 1617 5086 Ὀτι
1659 5033 1756 5103 μὲν
1783 5029 1873 5086 οὖν
1907 5036 1962 5086 αί
1989 5035 2201 5104 Γραφαὶ

631 5117 1016 5188 μαρτυροῦσιν,
1051 5111 1191 5169 είπε·
1211 5115 1308 5168 ποῦ
1339 5115 1394 5168 δέ
1423 5117 1808 5186 μαρτυροῦσιν,
1834 5117 2015 5169 οὐκέτι
2037 5132 2202 5188 προσ·

629 5199 814 5270 έθηκε,
841 5200 930 5253 τὸν
955 5198 1116 5268 φόϐον
1141 5198 1362 5270 μείζονα
1388 5199 1564 5261 αὐτοῖς
1596 5198 1821 5250 ἐνθεῖναι
1860 5198 2200 5269 βουλόμενος,

631 5283 726 5335 καὶ
756 5284 833 5338 εἰς
863 5281 1083 5351 ἔρευναν
1114 5281 1498 5352 παραπέμψαι,
1533 5280 1626 5333 καὶ
1645 5283 1724 5344 εἰς
1762 5282 2006 5353 ἀνάγκην
2037 5299 2201 5335 κατα-

633 5365 827 5434 στῆσαι
853 5365 1185 5436 ἐρωτήσεως.
1206 5367 1268 5418 Εἰ
1286 5368 1382 5436 μὲν
1408 5366 1516 5437 γὰρ
1536 5361 1688 5419 εἷπεν
1701 5368 1764 5419 ἐκ
1780 5366 1871 5418 τοῦ
1891 5369 2201 5439 προχείρου,

631 5450 724 5524 καὶ
752 5449 886 5519 μηδέ
916 5447 1187 5519 ἐρωτῶσιν
1221 5450 1420 5512 αὐτοῖς,
1455 5448 1722 5502 ἀπέϐαλον
1763 5450 1827 5503 ἂν
1871 5449 1968 5521 τὴν
2003 5468 2206 5521 μαρτυ-

635 5534 759 5608 ρίαν
779 5549 793 5562 ·
825 5533 941 5584 νυνὶ
971 5531 1026 5584 δέ
1069 5533 1117 5584 εἰ
1149 5536 1432 5602 προσεῖχον
1453 5534 1563 5595 τοῖς
1600 5533 1928 5603 λεγομένοις,
1959 5534 2066 5588 ἔδει
2103 5534 2207 5605 πρὸ

634 5616 740 5670 τῶν
770 5616 942 5671 ἀλλων
979 5615 1135 5669 τοῦτο
1165 5617 1433 5686 ἐρωτῆσαι
1466 5628 1490 5655 ε
1523 5618 1616 5670 καὶ
1642 5617 1833 5690 μαθεῖν
1860 5619 1988 5688 παρ’
2019 5620 2204 5674 αὐτοῦ.

704 5730 728 5756 ⁸
771 5729 944 5794 Μονιειἶ
983 5730 1176 5794 ποιεῖτε.
1225 5731 1540 5794 Κατηγορεῖτε
1575 5730 1699 5794 λύειν
1745 5732 1824 5779 τὸν
1858 5733 2000 5794 νόμον
2015 5748 2026 5790 ς
2071 5735 2208 5782 ama.

644 5789 753 5862 M0}
799 5803 884 5851 pro
907 5791 1293 5862 Δδιευς-λευρίζειειςθε,
1337 5789 1431 5862 αίίἴ
1468 5792 1788 5862 ὑπισχνεῖσθεὲ
1859 5789 2103 5862 ξ’ΜοτσΙ.
2149 5797 2212 5851 εἰς

645 5851 837 5917 ἐκεῖνον.
906 5854 927 5881 ε
975 5851 1145 5917 Μοτει.
1181 5853 1331 5917 εἰλκεν
1367 5856 1495 5917 ὥστε
1524 5851 1632 5917 καί.
1692 5854 1718 5892 ά
1759 5855 1908 5904 Ξατὶὶ.
1949 5859 2212 5917 κατήγορον

639 5914 720 5959 χαὶ
744 5912 1141 5980 ἐμφαντικώτερον
1175 5915 1318 5963 οὕτω.
1393 5928 1413 5954 c
1441 5915 1534 5965 Alii
1557 5916 1646 5976 πρὸ
1667 5919 1762 5964 τῶν
1791 5918 1944 5965 ἄλλων
1968 5921 2045 5966 καὶ
2076 5912 2212 5980 σιγή-

639 5988 808 6028 σαντος
831 5977 1044 6031 ζητῆσαι.

1327 353 1386 409 S.
1421 348 1703 406 JOANNIS
1740 341 2186 403 CHRYSOSTO)

2291 343 2590 401 ιιιωιιεν.
2631 337 3176 398 CONSTANTINOP.
3784 337 3869 390 Ἐξ

2270 457 2368 510 Διά
2402 459 2510 528 γάρ
2557 456 2711 510 τοῦτο
2766 456 2858 508 καὶ
2889 457 2945 508 ἐν
2984 459 3103 518 ταῖς
3151 457 3484 522 ἀποφάσεσι,
3525 455 3628 508 καὶ
3669 457 3732 506 ἐν
3771 460 3870 518 ni;

2269 539 2521 603 ἀπειλαῖς
2567 529 2847 602 πλεονάζει
2899 538 3118 609 μᾶλλον,
3163 539 3262 592 οὐκ
3302 540 3359 590 ἐν
3397 541 3528 600 ταῖς
3563 538 3868 601 ἀποδείξεσι

2275 626 2454 696 μόνον,
2487 625 2572 676 ἴνα
2620 624 2723 677 κᾶν
2776 622 2947 687 οὕτως
2983 623 3180 686 αὐτοῦς
3220 624 3585 691 ἐπαγάγηται
3621 621 3710 690 τῷ

2271 708 2379 762 τῶν
2411 707 2736 778 λεγομένων.
2768 709 2828 759 Ol
2863 706 2918 758 δὲ
2947 706 3039 759 καὶ
3063 705 3206 759 οὕτω
3231 705 3447 773 σιγῶσι.
3474 704 3754 757 Τοιοῦτον
3781 712 3871 774 γάρ

2269 792 2304 860 ἡ
2333 791 2593 862 πονηρία·
2623 791 2724 842 ὅσα
2749 789 2814 844 ἀν
2850 805 2934 851 τις
2975 788 3110 859 λέγῃ
3140 789 3234 841 καὶ
3267 790 3428 858 ποιῇ,
3479 788 3547 840 ού
3599 787 3870 842 διανίστα-

2269 893 2382 938 ται,
2412 874 2547 929 ἀλλά
2570 874 2718 945 μένει
2756 873 2846 927 τὸν
2877 873 3075 927 οἰκεῖον
3109 873 3187 926 ἰὸν
3206 871 3570 944 διατηροῦσα.

2343 966 2408 1028 γ’.
2428 958 2518 1011 Διὸ
2535 959 2640 1028 χρὴ
2657 958 2838 1010 πᾶσαν
2856 958 3054 1012 κακίαν
3071 956 3178 1010 ἀπὸ
3199 957 3296 1026 τῆς
3313 956 3498 1025 ψυχῆς
3517 956 3870 1018 ἐκϐαλόντας,

2277 1042 2477 1112 μηδένα
2506 1041 2727 1094 πλέκειν
2753 1039 3021 1110 μηδέποτε
3045 1039 3214 1092 δόλον.
3240 1039 3395 1107 Πρὸς
3422 1039 3537 1108 γὰρ
3565 1037 3720 1103 τοὺς
3745 1055 3875 1091 σκο-

2271 1126 2442 1192 ,ιιοὺς
2466 1127 2717 1192 σκολιὰς
2741 1124 2922 1191 ὀδοὺς
2946 1122 2967 1164 ί
2996 1127 3028 1178 ὀ
3061 1124 3226 1190 Θεὸς,
3255 1124 3442 1194 φησὶν,
3475 1122 3872 1176 ἀποστέλλει.

2274 1210 2618 1277 Καί,”Ατιον
2651 1207 2888 1277 πνεῦμα
2925 1209 3147 1276 σοφίας
3184 1208 3474 1277 φεύξεται
3522 1206 3748 1269 δόλον,
3789 1208 3871 1258 καί

2273 1292 2766 1360 ἀπαναστήσεται
2781 1290 2900 1346 ἀπὸ
2915 1291 3219 1360 λογισμῶν
3229 1287 3763 1344 ἀσυνέτων.οὐδὲν
3782 1294 3874 1358 γὰρ

2273 1373 2416 1426 οῦτω
2457 1378 2602 1427 ποιεῖ
2623 1376 2857 1446 μωροὺς,
2889 1375 2964 1438 ῶς
2991 1374 3246 1445 πονηρία.
3266 1374 3436 1426 Ὅταν
3455 1373 3573 1441 γὰρ
3598 1369 3873 1438 ὓπουλοςῆ

2274 1475 2378 1520 τις,
2411 1457 2538 1510 ὅταν
2559 1457 2852 1529 ἀγνώμων,
2876 1459 3004 1512 ὅταν
3034 1457 3327 1528 ἀχάριστος
3355 1456 3558 1527 (ταῦτα
3575 1457 3637 1510 δὲ
3654 1456 3758 1527 τῆς
3789 1474 3874 1507 πε-

2276 1541 2468 1611 νηρίας
2495 1541 2565 1595 τά
2605 1543 2765 1612 εἴδη),
2797 1543 2924 1596 ὅταν
2957 1541 3121 1612 μηδὲν
3160 1541 3494 1612 ἠδικημένος
3535 1540 3716 1609 λυπῇ,
3764 1541 3877 1592 ὅταν

2278 1624 2455 1699 πλέκῃ
2475 1625 2675 1690 δόλους.
2702 1625 2816 1689 πῶς
2832 1626 2929 1678 οὐκ
2949 1627 3180 1695 ἐσχάτης
3200 1625 3388 1687 ἀνοίας
3409 1622 3620 1687 ἐξοίσει
3649 1623 3844 1692 δεῖγμα
3863 1642 3873 1685 ;

2279 1707 2445 1761 Οὐδὲν
2472 1707 2614 1760 οὕτω
2637 1711 2782 1761 ποιεῖ
2816 1708 3130 1779 φρονίμους,
3150 1709 3226 1770 ὠς
3241 1709 3432 1778 ἀρετή.
3453 1706 3575 1760 Καὶ
3599 1708 3717 1779 γὰρ
3730 1707 3878 1775 εὐχα-

2281 1791 2496 1860 ρίστους
2529 1793 2622 1844 καὶ
2673 1791 3020 1862 εὐγνώμονας
3073 1792 3387 1862 ἐργάζεται,
3433 1789 3876 1860 φιλανθρώπους.

2279 1867 2541 1945 ἡμέρους,
2577 1877 2804 1944 πράους,
2836 1875 3099 1937 ἐπιεικεῖς
3120 1891 3132 1903 ·
3156 1874 3226 1927 τά
3264 1875 3402 1929 ἀλλα
3434 1874 3675 1927 ἀπαντα
3711 1872 3878 1940 ἀγαθὰ

2280 1957 2415 2026 αῦτη
2442 1957 2644 2010 τίκτειν
2669 1957 2843 2011 είωθε.
2877 1957 3019 2010 Τίδέ
3048 1955 3140 2009 τοῦ
3171 1955 3316 2009 οὕτω
3345 1957 3720 2027 διακειμένου
3770 1973 3879 2007 συνο

2282 2042 2580 2112 ετώτερον;
2614 2041 2772 2113 Πηγὴ
2818 2043 2928 2113 γὰρ
2980 2043 3147 2105 ὅντως
3185 2043 3277 2096 καί
3335 2042 3462 2112 ῥίζα
3489 2044 3517 2082 8
3569 2041 3880 2112 φρονήσεώς

2281 2127 2481 2194 ἐστινὴ
2519 2126 2711 2194 ἀρετὴ,
2731 2125 2919 2195 ὥσπερ
2946 2120 3038 2177 οὖν
3071 2123 3166 2177 καὶ
3195 2126 3344 2177 πᾶσα
3374 2125 3627 2196 πονηρία
3649 2125 3712 2190 ἐξ
3742 2123 3881 2195 [ειη

2279 2210 2462 2272 ἀνοίας
2496 2209 2607 2280 ἔχει
2638 2208 2735 2279 τήν
2758 2210 2952 2279 ἀρχήν.
2973 2209 3080 2261 Kal
3112 2209 3220 2277 γὰρ
3250 2211 3278 2262 ό
3301 2208 3521 2272 ἀλαζὼν
3558 2210 3662 2264 καὶ
3695 2210 3724 2262 ὁ
3746 2209 3886 2279 ὀργί-

2280 2291 2369 2354 λος
2404 2294 2461 2358 ὲξ
2484 2292 2690 2354 ἐνδείας
2720 2293 3033 2362 φρονήσεως
3057 2291 3162 2344 ὑπὸ
3203 2291 3312 2344 τῶν
3350 2291 3551 2345 παθῶν
3581 2292 3882 2345 ἁλίσκεται.

2282 2375 2379 2427 Διὰ
2405 2374 2559 2427 τοῦτο
2586 2375 2679 2427 καὶ
2711 2374 2740 2426 ό
2764 2376 3048 2445 προφήτης
3074 2374 3246 2442 ἔλεγε·
3274 2376 3396 2429 Οὐκ
3429 2375 3617 2429 ἐστιν
3646 2376 3886 2442 ῑασιςὲτ

2283 2457 2356 2524 τῇ
2377 2458 2556 2524 σαρκί
2570 2475 2706 2526 μου.
2724 2456 3118 2524 Προσώζεσαν
3134 2457 3231 2510 καί
3254 2457 3595 2525 ἐσάπησαν
3611 2463 3676 2512 οῖ
3689 2457 3862 2528 pauca
3874 2488 3886 2498 ο

2285 2540 2392 2605 πές
2405 2558 2522 2609 μου
2535 2539 2654 2595 ἀπὸ
2671 2539 2995 2608 προσώπου
3010 2541 3488 2608 τῆς-ἀφροσύνης
3505 2559 3662 2610 μου·
3681 2542 3886 2603 δεικνὺς

2285 2625 2366 2676 ὃτι
2391 2625 2540 2676 πᾶσα
2565 2621 2810 2693 ἁμαρτία
2840 2623 2938 2693 τὴν
2972 2622 3145 2693 ἀρχὴν
3165 2623 3222 2688 ἐξ
3248 2623 3574 2694 ἀφροσύνης
3608 2626 3763 2696 ἔχει·
3795 2625 3887 2678 «In-

2287 2724 2394 2776 περ
2422 2708 2450 2759 ό
2491 2707 2743 2776 ἐνάρετος
2762 2707 2789 2748 ιι
2820 2707 2913 2759 καὶ
2945 2705 3107 2773 φόϐον
3130 2706 3268 2778 ἔχων
3295 2707 3451 2771 Θεοῦ,
3490 2709 3733 2762 πάντων
3786 2711 3887 2762 ἐστὶ

2286 2789 2668 2861 συνετώτερος.
2697 2789 2788 2842 Διὸ
2805 2789 2895 2841 καὶ
2923 2788 3085 2857 σοφός
3117 2806 3200 2850 τις
3232 2788 3404 2856 λέγει,
3423 2790 3612 2858 Ἀρχὴ
3647 2794 3886 2861 σοφίας.

2286 2877 2471 2945 φόϐος
2501 2875 2740 2943 Κυρίου.
2772 2873 2834 2926 Εἰ
2867 2874 3046 2926 τοίνυν
3071 2873 3132 2925 τὸ
3155 2873 3438 2941 φοϐεῖσθαι
3472 2875 3573 2927 τὸν
3610 2875 3782 2940 Θεὸν,
3816 2894 3889 2928 σο-

2288 2958 2416 3029 φίαν
2448 2960 2596 3013 ἐστὶν
2613 2958 2776 3028 ἔχειν,
2803 2959 2831 3009 ό
2860 2957 2916 3010 δέ
2939 2956 3175 3027 πονηρὸς
3194 2957 3354 3011 τοῦτο
3391 2958 3495 3012 οὐκ
3525 2959 3674 3029 ἔχει,
3701 2963 3807 3032 τῆς
3825 2962 3892 3014 δν-

2289 3061 2394 3106 τως
2416 3043 2606 3111 σοφίας
2631 3041 2949 3112 ἐστέρηται,·
2972 3043 3069 3111 τῆς
3098 3041 3155 3094 δὲ
3177 3040 3368 3110 σοφίας
3393 3043 3785 3112 ἐστερημένος
3807 3046 3891 3112 τῆς

2289 3125 2478 3188 δντώς,
2513 3125 2730 3177 πάντων
2767 3126 2915 3176 ἐστὶν
2949 3123 3320 3194 ἀνοητότερος.
3361 3124 3560 3177 Καίτοι
3609 3143 3675 3193 γε
3713 3127 3893 3180 πολλοί

2291 3209 2415 3271 τοὺς
2448 3209 2717 3278 πονηροὺς
2737 3206 3129 3276 θαυμάζουσιν,
3153 3207 3227 3268 ῶς
3249 3203 3466 3269 ἱκανοὺς
3496 3209 3668 3272 δντας
3691 3211 3893 3263 ἀδικεῖν

2292 3292 2384 3344 καὶ
2421 3290 2698 3360 βλάπτειν,
2721 3290 2820 3342 οὐκ
2843 3289 3038 3353 εἰδότες
3071 3291 3152 3343 ὅτι
3184 3289 3418 3360 μάλιστα
3439 3291 3673 3345 πάντων
3697 3294 3892 3353 αὐτοὺς

2289 3374 2595 3440 ταλανίζειν
2626 3373 2752 3446 χρὴ,
2771 3375 2852 3428 ὃτι
2869 3375 3179 3445 νομίζοντες
3210 3375 3428 3445 ἐτέρους
3450 3374 3752 3444 βλάπτειν,
3779 3377 3891 3430 καθ’

2291 3457 2499 3510 ἑαυτῶν
2525 3458 2582 3516 τὸ
2610 3456 2760 3525 ξίφος
2786 3457 3017 3510 ὠθοῦσιν
3035 3474 3047 3488 ·
3079 3458 3215 3528 ὅπερ
3235 3457 3420 3520 ἀνοίας
3445 3459 3602 3512 ἐστὶν
3627 3462 3891 3529 ἐσχάτης,

2292 3541 2484 3593 ἐαυτὸν
2518 3539 2841 3610 πλήττοντα,
2871 3541 3003 3611 μηδὲ
3025 3540 3157 3593 αὐτὸ
3189 3540 3345 3592 τοῦτο
3373 3540 3598 3603 εἰδέναι,
3632 3543 3755 3594 ἀλλ’
3779 3543 3891 3595 ἔτε-

2295 3641 2387 3692 ρον
2415 3623 2592 3676 δοκεῖν
2621 3623 2844 3686 ἀδικεῖν,
2895 3625 2954 3676 ἐν
2987 3623 3065 3694 τῷ
3101 3622 3502 3691 κατασφάττειν
3539 3625 3768 3678 ἐαυτόν.
3801 3626 3892 3678 Διά

2291 3707 2448 3760 τοῦτο
2473 3709 2566 3761 καὶ
2586 3707 2802 3771 ,Παῦλος
2842 3706 3013 3771 εἰδὼς,
3041 3709 3120 3762 ὅτι
3150 3710 3208 3760 ἐν
3241 3707 3319 3778 τῷ
3363 3708 3625 3778 πλήττειν
3672 3711 3892 3779 ἐτέρους

2293 3793 2520 3855 ἑαυτοὺς
2537 3791 2762 3864 ἀναιροῦ
2771 3809 2892 3863 μεν,
2921 3792 3096 3860 ἔλεγε·
3117 3791 3374 3860 Διατιμὴ
3398 3790 3653 3860 μᾶλλον
3673 3792 3894 3846 ἀδικεῖς

2292 3883 2440 3940 σθε;
2472 3876 2627 3929 διατι
2667 3875 2753 3944 μὴ
2773 3876 3017 3946 μᾶλλον
3046 3875 3479 3944 ἀποστερεῖσθε
3490 3891 3512 3938 ;
3553 3875 3631 3928 Τὸ
3685 3877 3796 3946 γὰρ
3827 3876 3895 3946 μὴ

2293 3959 2593 4012 ἀδικεῖσθαι
2616 3959 2674 4012 ἐν
2705 3959 2782 4028 τῷ
2815 3959 2890 4029 μὴ
2921 3958 3126 4012 ἀδικεῖν
3153 3961 3360 4012 κεῖται·
3395 3957 3589 4028 ῶσπερ
3611 3954 3711 4012 οῦν
3732 3960 3798 4012 τὸ
3827 3963 3894 4029 μὴ

2295 4044 2526 4113 πάσχειν
2553 4044 2739 4107 κακῶς
2762 4046 2819 4098 ἐν
2848 4043 2926 4115 τῷ
2961 4043 3035 4115 μὴ
3070 4045 3244 4097 ποιεῖν
3277 4041 3482 4106 κακῶς·
3515 4041 3620 4095 κάν
3665 4045 3895 4113 αἴνιγμα

2295 4123 2436 4182 εἶναι
2465 4126 2596 4198 δοκῇ
2629 4127 2690 4180 τὸ
2721 4127 3012 4195 λεγόμενον
3041 4129 3153 4189 τοῖς
3193 4126 3407 4188 πολλοῖς
3441 4126 3539 4178 καὶ
3579 4126 3897 4196 φιλοσοφεῖν

2295 4212 2394 4264 οὐκ
2437 4211 2703 4264 ἐθέλουσι.
2758 4209 2923 4262 Ταῦτ’
2950 4205 3043 4262 οὖν
3076 4208 3298 4274 εἰδότες,
3338 4209 3411 4278 μὴ
3441 4209 3570 4272 τοὺς
3601 4210 3898 4282 ἀδικουμέ-

2298 4310 2421 4355 νους
2485 4293 2617 4363 μηδέ
2651 4295 2775 4356 τοὺς
2831 4290 3336 4364 ἐπηρεαζομένους,
3373 4291 3511 4345 ἀλλά
3562 4293 3698 4358 τοὺς
3730 4293 3899 4350 ταῦτα

2300 4375 2585 4438 ποιοῦντας
2622 4373 2996 4445 ταλανίξωμεν
3024 4375 3132 4428 καὶ
3178 4374 3525 4445 δακρύωμεν.
3571 4369 3743 4431 Οὗτοι
3795 4378 3898 4450 γάρ

2299 4461 2434 4513 εἰσιν
2461 4460 2507 4511 οί
2538 4459 2772 4528 μάλιστα
2789 4458 3127 4530 ἠδικημένοι,
3144 4459 3193 4511 οἰ
3216 4459 3307 4512 τὸν
3335 4459 3468 4512 Θεὸν
3484 4461 3711 4525 ἑαυτοῖς
3739 4465 3901 4518 ἔκπο-

2297 4544 2354 4596 λε
2363 4541 2609 4614 μοῦντες,
2625 4544 2718 4597 καὶ
2733 4543 2939 4613 μυρίων
2955 4543 3277 4613 κατηγόρων
3297 4543 3609 4610 ἀνοίγο’·τες
3627 4548 3899 4617 στόματα,

2299 4628 2395 4680 καὶ
2408 4627 2654 4696 πονηρὰν
2671 4625 2941 4695 κτώμενοι
2958 4626 3100 4679 κατά
3127 4626 3216 4678 τὸν
3234 4628 3476 4697 παρόντα
3500 4626 3618 4696 βίον
3637 4629 3898 4699 ὑποψίαν,

2301 4711 2395 4764 καὶ
2441 4711 2680 4780 μεγάλην
2723 4709 2812 4762 τὸν
2841 4707 2981 4761 κατά
3014 4708 3103 4763 τὸν
3142 4709 3408 4779 μέλλοντα
3452 4711 3630 4778 αἰῶνα
3651 4714 3902 4768 ἐπισπώ-

2307 4809 2455 4862 μενοι
2487 4791 2707 4844 κόλασιν
2727 4809 2740 4823 ·
2767 4790 2850 4854 ὡς
2871 4792 2924 4843 οἵ
2953 4808 3015 4859 γε
3046 4791 3392 4862 ἀδικούμενοι
3438 4793 3535 4846 καὶ
3589 4795 3780 4849 πάντα
3809 4797 3904 4865 φέ-

2305 4893 2487 4946 ροντες
2500 4874 2882 4943 γενναίως,τόν
2897 4891 2956 4926 τε
2989 4873 3120 4926 Θεὸν
3139 4873 3354 4944 ἔχουσιν
3378 4875 3554 4940 ἵλεων,
3579 4879 3676 4932 καὶ
3695 4881 3903 4943 πάντας

2306 4957 2704 5025 συναλγοῦντας
2731 4959 2933 5020 αὐτοῖς,
2960 4957 3052 5010 καί
3092 4957 3473 5021 ἐπαινοῦντας,
3495 4961 3597 5012 καὶ
3635 4962 3902 5033 ἀποδεχο-

2309 5042 2599 5111 μένους.οί
2620 5039 2850 5093 τοιοῦτοι
2879 5041 2972 5093 καὶ
2991 5040 3133 5092 κατὰ
3157 5041 3250 5094 τὸν
3267 5041 3514 5112 παρόντα
3547 5041 3666 5112 βίον
3705 5046 3903 5114 πολλῆς

2305 5125 2700 5178 ἀπολαύσονται
2753 5125 2848 5194 τῆς
2901 5123 3210 5193 εὐφημίας,
3266 5126 3589 5194 φιλοσοφίας
3645 5131 3903 5198 μέγιστον

2306 5213 2668 5283 παρεχόμενοι
2706 5212 2926 5279 δεῖγμα,
2973 5214 3070 5266 καὶ
3116 5212 3256 5266 κατά
3287 5215 3385 5284 τὴν
3421 5213 3734 5284 μέλλουσαν
3758 5218 3902 5286 ⁴ζωὴν

2305 5297 2411 5349 τῶν
2441 5295 2676 5348 αἰωνίων
2711 5294 3025 5365 μεθέξουσιν
3057 5295 3277 5363 ἀγαθῶν
3297 5313 3311 5326 ·
3344 5289 3419 5349 ὧν
3441 5298 3662 5365 γένοιτο
3699 5302 3903 5362 πάντας

2309 5381 2452 5450 ἡμᾶς
2482 5382 2778 5450 ἐπιτυχεῖν,
2809 5379 2991 5449 χάριτι
3021 5379 3113 5432 καὶ
3147 5379 3529 5452 φιλανθρωπία
3557 5382 3656 5434 τοῦ
3700 5384 3902 5452 Κυρίου

2308 5466 2464 5535 ήμῶν
2499 5465 2672 5534 Ἰησοῦ
2713 5463 2972 5534 Χριστοῦ,
3000 5464 3120 5535 μεθ’
3140 5457 3201 5518 οὗ
3222 5463 3301 5536 τῷ
3332 5467 3508 5536 Πατρὶ
3536 5470 3570 5538 ή
3595 5467 3750 5535 δόξα,
3796 5469 3903 5537 ἅμα

2309 5550 2384 5620 τῷ
2416 5549 2554 5621 ἀγίῳ
2585 5547 2882 5617 Πνεύματι,
2911 5548 3008 5602 νῦν
3041 5549 3136 5602 καὶ
3160 5548 3268 5615 ἀεὶ,
3301 5549 3394 5602 καὶ
3423 5551 3503 5612 εἰς
3538 5553 3670 5616 τοὺς
3706 5554 3903 5613 αἰῶνας

2311 5635 2417 5687 τῶν
2451 5633 2678 5687 αἰώνων.
2708 5633 2896 5702 Ἀμήν.

2385 5861 2403 5900 ί
2445 5862 2612 5910 Morel.
2657 5865 2682 5908 6
2729 5862 2864 5917 Θεὸς,
2913 5863 3070 5923 φησίν,
3114 5861 3413 5923 ἀποστέλλει,
3459 5862 3541 5923 καὶ
3591 5863 3619 5909 δ
3668 5861 3900 5916 Σολομῦν,

2318 5923 2512 5985 Πνεῦμα
2533 5926 2667 5978 ἅγιον
2689 5921 2929 5978 παιδείας.
2991 5925 3015 5963 ⁸
3041 5921 3187 5972 Savil.
3212 5921 3302 5983 γὰρ
3319 5923 3399 5969 καί
3423 5922 3547 5983 ῥίζα.
3622 5923 3649 5961 h
3675 5924 3774 5975 Λίιι
3797 5923 3899 5985 ἔχει.

2327 5984 2385 6033 Ὀ
2414 5986 2500 6048 γὰρ
2529 5985 2754 6046 ἐνάρετος.
