4024 6468
166 521 327 579 mihi.
357 515 490 573 Vide
538 511 809 587 quomodo
855 512 978 567 illos
1024 507 1259 578 undique
1305 505 1453 562 omni
1505 502 1763 558 interclu-

162 613 267 668 dat
320 606 648 666 defensione.
706 605 843 660 Dum
898 615 986 657 me
1048 595 1502 671 persequeremini
1531 635 1548 662 ,
1598 593 1767 649 Deum

163 717 271 757 vos
306 698 530 770 diligere
566 695 826 754 dicebatis
869 711 885 748 :
915 690 1127 747 ostendi
1167 704 1262 744 vos
1311 689 1415 743 hoc
1462 687 1606 742 illius
1643 683 1767 741 odio

162 793 370 850 facere.
401 790 483 846 Me
510 789 774 846 accusatis
801 784 942 856 quod
972 783 1251 839 sabbatum
1279 779 1484 836 solvam
1513 785 1568 834 et
1591 778 1764 847 legem

164 885 533 954 transgrediar
559 900 575 937 :
605 882 672 938 de
697 880 797 934 hac
823 879 1163 933 accusatione
1202 888 1289 929 me
1330 871 1567 941 purgari.
1604 867 1763 923 Affir-

162 976 333 1034 matis
360 989 455 1030 vos
499 972 660 1029 fidem
702 984 828 1039 erga
872 967 1090 1038 Moysen
1135 962 1374 1035 proﬁteri
1413 976 1514 1032 per
1553 973 1617 1016 ea
1643 972 1766 1029 qua:

161 1076 358 1122 contra
398 1080 487 1120 me
531 1060 741 1118 audetis
781 1078 794 1114 :
834 1057 1062 1114 ostendo
1089 1069 1189 1126 ego
1229 1052 1357 1110 illud
1389 1051 1620 1107 maxime
1645 1063 1766 1105 esse

160 1172 280 1213 non
309 1156 530 1212 credere
558 1152 746 1225 Moysi.
779 1151 1007 1206 Tantum
1036 1148 1182 1204 enim
1211 1145 1362 1201 abest
1390 1152 1449 1199 ut
1473 1143 1576 1215 legi
1604 1157 1765 1211 repu-

160 1264 327 1319 gnem
348 1289 366 1316 ,
397 1257 454 1302 ut
481 1247 528 1300 is
555 1245 644 1315 qui
674 1258 771 1300 vos
795 1250 1142 1299 accusaturus
1171 1248 1254 1294 est
1277 1238 1457 1293 nullus
1493 1237 1628 1291 alius
1657 1236 1759 1300 sit,

161 1354 330 1410 quam
356 1339 402 1394 is
427 1337 519 1408 qui
551 1340 720 1408 legem
753 1333 904 1389 vobis
929 1332 1096 1388 dedit.
1124 1331 1196 1387 Ut
1236 1330 1396 1401 igitur
1423 1328 1492 1384 de
1518 1326 1763 1397 Scriptu-

160 1432 247 1486 ris
272 1429 519 1496 dicebat,
549 1427 616 1482 In
649 1427 831 1498 quibus
859 1424 1051 1496 putatis
1085 1414 1240 1479 vitam
1275 1429 1514 1476 cateruam
1540 1418 1763 1483 habere;

163 1520 244 1574 ita
270 1519 341 1574 de
367 1505 550 1590 Moyse
576 1518 651 1573 ait
696 1535 710 1574 :
753 1516 820 1571 In
860 1533 958 1588 quo
994 1531 1080 1569 vos
1116 1513 1392 1585 sperastis,
1427 1525 1496 1566 ex
1531 1511 1643 1566 suis
1669 1524 1764 1566 eos

159 1610 508 1666 sermonibus
545 1610 764 1679 capiens
802 1608 1016 1677 ubique.
1053 1606 1117 1660 Et
1155 1605 1298 1660 unde
1327 1603 1596 1659 discemus
1620 1641 1636 1668 ,
1676 1600 1763 1656 in-

159 1703 355 1773 quient
383 1702 574 1769 Judaei,
606 1702 823 1772 Moysen
850 1709 1219 1756 accusaturum
1244 1713 1386 1764 esse,
1410 1712 1474 1753 ac
1499 1705 1551 1753 te
1577 1711 1682 1752 non
1709 1695 1763 1749 id

157 1807 306 1848 vane
328 1792 610 1864 jactitare?
635 1791 760 1862 quid
784 1792 927 1847 enim
961 1791 1055 1846 tibi
1083 1806 1204 1846 cum
1234 1789 1418 1861 Moyse
1442 1785 1764 1844 commune?

157 1883 456 1942 Sabbatum
487 1884 724 1951 solvisti,
767 1885 908 1955 quod
929 1884 1090 1954 jussit
1116 1883 1208 1939 ille
1236 1880 1560 1938 servandum
1588 1897 1601 1934 :
1629 1893 1764 1950 quo-

157 1978 330 2034 modo
357 1992 485 2048 ergo
512 1977 604 2033 ille
633 1992 733 2032 nos
766 1975 1138 2032 accusaverit?
1164 1975 1234 2030 Et
1267 1973 1538 2045 quomodo
1567 1972 1760 2043 proba-

155 2069 331 2135 bitur,
358 2068 589 2137 inquies,
618 2082 717 2123 nos
741 2067 796 2121 in
823 2067 986 2121 alium
1018 2067 1109 2136 qui
1138 2066 1191 2120 in
1217 2079 1317 2120 suo
1341 2063 1560 2118 nomine
1583 2064 1764 2119 veniat

156 2174 288 2216 csse
316 2159 652 2214 credituros?
684 2158 808 2214 Haec
833 2158 1030 2228 quippe
1061 2157 1239 2212 omnia
1265 2155 1415 2212 nullo
1440 2164 1576 2211 teste
1604 2155 1759 2210 dicis.

157 2251 328 2321 Atqui
360 2250 474 2306 haec
504 2249 684 2305 omnia
713 2264 781 2304 ex
809 2247 1176 2318 superioribus
1194 2247 1505 2318 probantur.
1535 2246 1761 2315 Quando

155 2341 311 2396 enim
337 2355 402 2396 ex
440 2339 725 2410 operibus,
757 2353 822 2393 ex
861 2338 1083 2394 Joannis
1111 2353 1265 2406 voce,
1295 2351 1362 2394 ex
1390 2336 1565 2393 Patris
1608 2336 1762 2393 testi-

155 2433 349 2488 monio
378 2432 430 2485 in
459 2429 708 2486 confesso
736 2427 896 2484 fuerit
933 2443 1020 2484 me
1065 2443 1098 2483 a
1138 2428 1250 2484 Deo
1285 2427 1502 2484 venisse
1523 2470 1540 2496 ,
1586 2427 1762 2497 palam

155 2531 314 2577 certe
351 2528 434 2575 est
459 2519 678 2591 Moysen
707 2520 852 2589 ipsos
876 2529 1254 2575 accusaturum
1282 2531 1422 2575 esse.
1448 2517 1589 2585 Quid
1615 2519 1760 2575 enim

147 2611 253 2667 ille
279 2611 448 2666 dixit?
476 2625 653 2666 annon
675 2652 691 2679 ,
750 2610 894 2681 quod
925 2610 970 2666 si
998 2611 1120 2682 quis
1148 2612 1299 2683 signa
1324 2610 1528 2668 faciens
1555 2611 1761 2668 venerit

156 2701 541 2774 (Deut.l3.l),
561 2702 653 2773 qui
681 2702 748 2757 ad
777 2703 945 2758 Deum
959 2703 1138 2768 ducat,
1167 2704 1451 2774 futuraque
1485 2718 1611 2759 vere
1638 2718 1762 2774 pro-

157 2792 409 2860 nuntiet,
456 2793 558 2862 ipsi
585 2792 810 2849 credere
837 2793 1114 2861 oporteat?
1154 2794 1347 2849 Annon
1369 2793 1616 2850 Christus
1645 2796 1761 2851 haec

155 2884 343 2938 omnia
371 2882 531 2939 fecit?
559 2883 720 2954 Signa
747 2898 866 2938 cum
895 2883 1042 2938 omni
1083 2883 1307 2940 veritate
1331 2884 1534 2950 edidit,
1569 2899 1761 2942 omnes

158 2975 403 3030 traxitad
424 2973 609 3041 Deum,
627 2974 1001 3045 prmdictiones
1015 2988 1080 3030 ex
1097 2990 1276 3032 rerum
1294 2985 1490 3032 eventu
1506 2977 1756 3034 asseruit.

155 3069 234 3124 At
264 3067 406 3124 unde
435 3067 692 3138 probatur
721 3067 866 3136 ipsos
893 3066 1047 3123 alteri
1073 3069 1374 3125 credituros
1403 3070 1557 3126 esse?
1591 3072 1667 3126 Ex
1693 3085 1760 3127 eo

155 3158 305 3230 quod
326 3157 598 3213 Christum
622 3158 854 3214 oderint.
885 3158 1018 3214 Nam
1048 3161 1136 3231 qui
1167 3176 1312 3229 eum,
1339 3163 1430 3233 qui
1455 3178 1522 3218 ex
1549 3163 1642 3219 Dei
1667 3178 1762 3219 vo-

155 3250 367 3305 luntate
396 3248 575 3314 venit,
607 3257 944 3316 aversantur,
975 3250 1085 3306 Deo
1114 3251 1478 3307 adversarium
1513 3253 1630 3310 sine
1655 3254 1759 3309 du-

157 3340 254 3394 bio
281 3340 561 3410 recipient.
600 3338 754 3405 Quod
793 3341 839 3396 si
881 3341 1098 3412 Moysen
1143 3357 1284 3397 nunc
1321 3343 1590 3413 proferat,
1636 3346 1761 3402 licet

155 3429 396 3496 dixerit,
439 3428 552 3501 Ego
578 3431 642 3484 ab
667 3426 870 3486 nomine
894 3433 1234 3487 testimonium
1270 3450 1372 3488 non
1400 3436 1594 3506 accipio
1635 3452 1655 3490 :
1691 3452 1761 3493 ne

159 3521 376 3575 mireris
407 3537 421 3574 :
453 3534 560 3576 non
588 3521 729 3575 enim
757 3522 824 3576 ad
850 3522 1104 3593 Moysen,
1134 3523 1228 3583 sed
1253 3523 1320 3580 ad
1347 3523 1582 3581 divinam
1614 3526 1761 3582 Scri-

157 3620 373 3682 pturam
402 3612 518 3667 illos
545 3614 786 3668 remittit.
813 3613 1009 3670 Verum
1034 3615 1158 3685 quia
1184 3616 1472 3687 Scriptura:
1495 3619 1757 3675 minorem

160 3702 272 3756 illis
297 3715 553 3758 terrorem
579 3701 901 3768 aﬂ‘erebaut,
946 3705 1306 3775 legislatorem
1336 3708 1506 3777 ipsum
1536 3723 1757 3765 accusa-

161 3802 337 3848 torem
364 3793 619 3850 inducens
635 3836 650 3860 ,
680 3798 939 3865 majorem
961 3797 1066 3852 illis
1085 3806 1284 3853 metum
1310 3799 1552 3867 incussit,
1576 3810 1626 3856 et
1650 3802 1760 3856 sin-

159 3883 284 3954 gula
308 3898 492 3938 eorum
513 3884 652 3939 dicta
673 3884 931 3940 confutat.
956 3886 1052 3941 Hic
1072 3899 1250 3943 autem
1276 3893 1511 3950 animum
1538 3891 1755 3947 adhibe.

164 3976 424 4030 Dicebant
461 3990 521 4031 se
563 3992 626 4031 ex
673 3978 764 4033 Dei
799 3993 983 4035 amore
1025 3979 1174 4036 illum
1216 3984 1493 4052 persequi;
1526 3985 1762 4039 ostendit

163 4066 258 4120 ille
281 4067 427 4134 ipsos
456 4081 522 4121 ex
557 4067 650 4122 Dei
679 4067 802 4145 odio
848 4069 902 4123 id
941 4069 1141 4126 facere.
1186 4073 1443 4128 Dicebant
1489 4090 1548 4130 se
1590 4076 1761 4148 Moysi

165 4156 369 4212 hasrere
396 4197 410 4220 ,
447 4156 534 4211 ille
560 4158 748 4227 probat
777 4159 921 4229 ipsos
949 4160 1001 4216 id
1026 4177 1217 4232 agere,
1259 4164 1401 4233 quod
1443 4165 1610 4236 Moysi
1651 4183 1757 4222 non

162 4247 466 4303 crederent.
511 4249 643 4304 Nam
683 4251 729 4306 si
772 4251 905 4323 legis
941 4254 1115 4309 studio
1160 4256 1494 4324 tenebantur,
1525 4260 1762 4328 Oportuit

165 4337 312 4393 illum
343 4341 584 4409 recipere
611 4343 702 4411 qui
734 4343 902 4414 legem
944 4344 1200 4415 implebat
1244 4366 1257 4401 :
1300 4349 1344 4402 si
1372 4349 1540 4404 Deum
1568 4349 1758 4423 dilige-

165 4430 325 4496 bant,
357 4431 433 4484 illi
457 4431 677 4487 credere
703 4449 799 4502 par
816 4446 960 4499 erat,
989 4438 1079 4506 qui
1109 4437 1176 4493 ad
1203 4439 1368 4493 Deum
1399 4440 1644 4514 trahebat
1672 4462 1687 4499 :
1712 4445 1760 4500 si

164 4521 329 4593 Moysi
357 4524 684 4592 credebant,
716 4527 950 4596 oportuit
981 4529 1134 4584 illum
1170 4531 1399 4588 adorare
1443 4517 1602 4604 quem
1647 4537 1760 4607 ipse

163 4614 555 4682 praenuntiavit.
585 4616 738 4682 Quod
760 4618 804 4672 si
831 4618 906 4673 illi
943 4619 1250 4691 priusquam
1281 4622 1410 4677 mihi
1438 4624 1573 4681 ﬁdes
1599 4642 1760 4698 nega-

163 4713 269 4771 tur,
301 4706 430 4760 nihil
462 4708 658 4762 mirum
688 4709 732 4763 si
759 4725 860 4779 ego
884 4711 952 4766 ab
981 4711 1076 4766 illo
1105 4715 1493 4782 prmnuntiatus
1532 4732 1562 4772 a
1605 4719 1759 4775 vobis

161 4797 427 4867 expellor.
461 4799 611 4855 Sicut
639 4816 768 4871 ergo
794 4803 933 4871 illos,
976 4805 1065 4874 qui
1100 4806 1363 4863 Joannem
1404 4809 1755 4878 mirabantur,

162 4888 392 4944 ostendit
413 4891 583 4959 ipsum
605 4893 864 4950 Joannem
887 4895 1164 4966 despicere
1179 4899 1248 4954 ab
1265 4899 1328 4954 iis
1347 4916 1467 4971 qua:
1489 4913 1672 4959 contra
1698 4920 1760 4962 se

162 4990 535 5049 perpetrarunt
567 5001 581 5038 :
609 4983 686 5039 sic
710 4985 928 5041 eosdem
949 5027 964 5051 ,
989 5002 1112 5042 cum
1136 5004 1195 5044 se
1221 4989 1388 5062 Moysi
1415 4994 1639 5050 credere
1661 5011 1760 5066 pu-

163 5072 521 5142 tent,ipsi'non
538 5075 760 5131 credere
778 5079 1021 5147 probat,a
1030 5089 1152 5151 tque
1167 5083 1345 5138 omnia
1361 5099 1480 5154 quae
1493 5102 1593 5156 pro
1607 5103 1666 5143 se
1681 5089 1755 5145 illi

159 5164 469 5235 all'erebant,
497 5169 549 5224 in
569 5181 728 5241 caput
751 5172 987 5242 ipsorum
1013 5184 1308 5247 retorquet.
1333 5178 1560 5234 Tantum
1582 5181 1753 5250 abest,

161 5257 359 5326 inquit,
393 5267 450 5313 ut
475 5274 571 5315 vos
597 5275 627 5315 a
659 5263 775 5333 lege
795 5265 1085 5331 retraham,
1108 5277 1167 5323 ut
1194 5269 1366 5339 ipsum
1396 5271 1753 5341 legislaturem

159 5357 343 5403 contra
367 5364 464 5404 vos
493 5359 682 5408 testem
725 5353 1004 5413 advocem.
1042 5359 1195 5427 Quod
1226 5376 1354 5431 ergo
1383 5362 1672 5433 Scriptum
1703 5366 1754 5422 id

161 5438 515 5496 testiﬁcantur
537 5443 699 5510 dicit;
743 5446 831 5501 ubi
867 5462 1044 5505 autem
1076 5452 1427 5508 testiﬁcentur
1453 5469 1562 5510 non
1603 5457 1753 5528 adje-

157 5531 262 5587 cit:
293 5533 550 5602 majorem
587 5538 690 5594 illis
731 5540 974 5598 timorem
1016 5543 1256 5601 incutere
1297 5547 1481 5602 volens
1508 5558 1566 5602 ut
1608 5550 1754 5620 ipsos

167 5627 232 5680 ad
252 5624 636 5694 explorandum
664 5638 720 5685 et
757 5632 1195 5704 interrogandum
1231 5640 1513 5696 excitaret.
1544 5641 1679 5698 Nam
1705 5644 1752 5699 si

160 5726 262 5769 non
294 5725 509 5786 rogatus
538 5719 796 5789 dixisset,
847 5727 1208 5784 testimonium
1253 5731 1327 5786 illi
1371 5734 1688 5803 reiecissent
1733 5753 1746 5790 :

157 5805 257 5878 lam
285 5823 417 5865 vero
439 5811 482 5864 si
501 5810 666 5867 dictis
693 5817 1045 5872 attendissenl
1064 5863 1077 5876 .
1105 5832 1228 5878 ante
1257 5826 1433 5880 omnia
1464 5827 1746 5896 oportebat

461 5910 733 5971 PuttOL.
780 5910 900 5970 Gtt.
950 5914 1107 5974 LIX.

1174 395 1242 453 IN
1273 390 1589 452 JOANNEM
1625 386 1860 446 HOMIL.
1899 385 2034 443 XLI.
2075 391 2146 443 al.
2186 385 2299 444 XL.

3376 388 3481 444 258

1876 499 2058 556 abillo
2091 515 2336 570 qumrcre
2363 511 2418 558 et
2446 500 2708 557 ediscere.
2753 501 2882 558 Ideo
2919 517 3062 559 enim
3108 519 3214 558 non
3255 503 3482 563 demon-

1875 592 2167 647 strationes
2195 600 2402 647 tantum
2419 633 2436 658 ,
2469 590 2564 647 sed
2586 593 2749 649 etiam
2773 594 3070 650 sententias
3094 602 3150 650 et
3177 595 3351 652 minas
3374 596 3484 654 fre-

1874 690 2115 752 quentat.
2138 692 2198 738 ut
2217 683 2297 739 sic
2319 698 2417 740 eos
2435 684 2521 741 vel
2544 686 2691 740 metu
2716 684 2956 741 reducat.
2987 683 3064 740 llii
3091 693 3270 742 tamen
3292 687 3473 744 silent.

1873 774 2018 830 Talis
2047 775 2191 832 enim
2223 790 2312 832 res
2339 784 2424 831 est
2450 776 2681 844 malitia;
2712 777 2971 849 quidquid
2996 778 3207 835 dicatur
3229 780 3317 837 vel
3346 781 3438 838 liat
3457 822 3479 854 ,

1873 880 1979 922 non
2005 868 2276 937 exsurgit,
2303 867 2397 924 sed
2429 868 2704 938 proprium
2735 871 2880 925 virus
2904 879 3101 925 servat.

1943 958 1999 1014 5.
2029 957 2195 1013 Dolus
2223 968 2269 1012 et
2297 960 2522 1030 nequitia
2549 959 2814 1031 fugienda.
2856 958 3103 1016 Virtutem
3130 979 3250 1017 vera
3276 965 3482 1034 sapien-

1874 1056 1946 1103 tia
1968 1089 1983 1115 ,
2014 1050 2289 1121 nequitiam
2318 1050 2542 1106 amentia
2579 1051 2872 1107 comitatur.
2911 1051 3190 1124 Inferentis
3231 1055 3480 1126 injuriam

1874 1143 2019 1212 pejor
2051 1143 2272 1199 conditio
2317 1159 2470 1215 quam
2515 1146 3214 1219 patietuis.-—Quapropter
3257 1164 3355 1220 par
3396 1159 3482 1205 est

1872 1238 2019 1303 omni
2047 1236 2269 1306 expulsa
2297 1236 2466 1292 animi
2495 1237 2732 1308 nequitia
2753 1280 2768 1303 ,
2793 1237 2996 1294 nullum
3021 1247 3242 1299 nectere
3269 1240 3478 1298 dolum.

1871 1329 1956 1384 Ad
1981 1345 2166 1401 pravos
2188 1331 2332 1385 enim
2348 1371 2364 1398 ,
2389 1330 2594 1401 inquit,
2619 1346 2803 1402 prava
2822 1331 2930 1385 uias
2951 1331 3104 1384 mittit
3127 1330 3265 1387 Deus
3292 1330 3475 1403 (Prov.

1871 1422 1962 1479 21.
1993 1422 2100 1490 8);
2130 1431 2218 1492 et,
2249 1423 2481 1494 Spiritus
2503 1433 2712 1479 sanctus
2746 1421 3032 1494 disciplina
3069 1422 3276 1494 c/I'ugict
3303 1426 3480 1481 dolum

1871 1524 1920 1570 et
1945 1517 2141 1586 auferet
2167 1531 2222 1571 se
2248 1532 2281 1569 a
2307 1515 2728 1588 cogitationibus,
2771 1531 2886 1584 quas
2917 1525 3037 1571 sunt
3076 1516 3187 1571 sine
3222 1517 3480 1587 intellectu

1861 1608 2032 1681 (Sap.
2063 1610 2116 1664 ι’.
2145 1608 2226 1682 5).
2255 1608 2399 1664 Nihil
2426 1610 2572 1666 enim
2597 1610 2669 1664 ita
2695 1609 2890 1665 stultos
2913 1608 3110 1676 reddit,
3139 1620 3196 1665 ut
3216 1611 3475 1681 nequitia.

1871 1700 2143 1758 Subdolns
2169 1701 2315 1757 enim
2335 1744 2350 1768 ,
2383 1701 2683 1773 improbus,
2710 1701 2951 1773 ingratus
2984 1701 3105 1775 (hae
3125 1703 3326 1774 quippe
3353 1714 3481 1758 sunt

1871 1793 2126 1865 nequitia
2149 1794 2409 1865 genera),
2452 1795 2498 1850 sl
2546 1793 2678 1850 nihil
2711 1794 2872 1849 lassus
2898 1793 3222 1860 oll’endatur,
3250 1796 3297 1851 si
3325 1795 3480 1852 dolos

1871 1893 2073 1954 nectat,
2097 1900 2276 1941 annon
2298 1899 2526 1942 summie
2545 1883 2834 1941 dementias
2852 1884 3052 1941 indicia
3073 1884 3350 1956 proferat?
3378 1887 3477 1943 Ni-

1871 1978 1945 2034 hil
1959 1979 2028 2033 ita
2048 1977 2338 2049 prudentes
2352 1977 2552 2046 reddit,
2569 1977 2825 2033 utvirtus.
2841 1977 3057 2033 Etenim
3079 1988 3260 2050 gratos
3276 1980 3475 2043 reddit.

1870 2073 2092 2145 probos,
2130 2072 2413 2143 benignos,
2445 2071 2626 2138 mites,
2654 2078 2988 2140 mansuetos,
3019 2070 3297 2127 modestos
3324 2089 3338 2126 :
3367 2087 3477 2126 cn!-

1869 2177 1986 2225 tera
2014 2166 2194 2223 omnia
2225 2167 2366 2222 bona
2397 2165 2513 2221 haec
2553 2178 2746 2235 parere
2781 2164 2939 2220 solet.
2987 2163 3126 2232 Quid
3173 2165 3276 2222 hoc
3316 2164 3479 2220 modo

1867 2258 2075 2315 aﬂ'ectis
2102 2256 2457 2328 prudentius?
2482 2254 2628 2311 Fons
2656 2257 2800 2311 enim
2830 2269 2960 2312 vere
2983 2265 3037 2312 et
3061 2255 3215 2311 radix
3243 2255 3480 2327 pruden-

1871 2352 1958 2409 tiae
1985 2353 2154 2408 virtus
2180 2359 2295 2419 est,
2339 2350 2540 2406 malitia
2568 2365 2698 2405 vero
2725 2365 2790 2406 ex
2819 2350 3053 2407 amentia
3083 2359 3260 2407 ortum
3293 2353 3472 2407 habet.

1868 2447 2146 2516 Arrogaus
2168 2443 2315 2499 enim
2338 2451 2394 2498 et
2423 2439 2715 2498 iracundus
2744 2440 3033 2499 deficiente
3068 2442 3351 2513 prudentia
3393 2443 3478 2498 his

1867 2537 2071 2594 morbis
2091 2536 2321 2608 capitur.
2348 2534 2475 2590 ldeo
2499 2535 2764 2606 propheta
2787 2533 3005 2592 dicebat
3035 2553 3050 2589 :
3085 2534 3208 2591 Non
3235 2547 3309 2591 est
3331 2538 3475 2592 sani~

1867 2637 1945 2685 tas
1969 2630 2025 2684 in
2051 2644 2206 2684 carne
2229 2643 2359 2682 mea.
2391 2624 2708 2683 Putruerunt
2727 2637 2774 2682 et
2795 2638 3051 2692 corrupta
3074 2637 3192 2684 sunt
3216 2629 3477 2685 cicatrices

1867 2737 1993 2776 mete
2019 2736 2052 2774 a
2081 2721 2213 2793 facie
2238 2719 2544 2790 insipientia:
2570 2734 2696 2775 mea:
2728 2717 2911 2790 (Psal.
2937 2719 3028 2775 37.
3057 2719 3114 2775 ι.
3149 2719 3259 2792 6);
3288 2730 3474 2777 osten-

1867 2815 2003 2872 dens
2028 2822 2306 2886 peccatum
2336 2811 2564 2884 quodvis
2596 2828 2664 2869 ex
2689 2812 2995 2884 insipientia
3021 2821 3198 2869 ortqu
3223 2813 3424 2872 habere
3458 2834 3472 2870 :

1866 2916 2056 2963 contra
2094 2919 2225 2963 vero
2267 2905 2466 2961 virtute
2507 2904 2794 2976 praeditum
2833 2919 2898 2961 ac
2939 2906 3220 2962 timentem
3265 2907 3431 2962 Deum
3454 2946 3472 2974 ,

1866 3000 2106 3056 omnium
2134 3013 2257 3055 esse
2284 2999 2760 3069 sapientissimum.
2785 2997 2991 3056 Idcirco
3015 3001 3233 3071 sapiens
3256 3001 3476 3072 quidam

1866 3093 2030 3159 dicit,
2058 3090 2278 3146 Initium
2303 3092 2566 3157 sapientia:
2582 3132 2599 3160 ,
2627 3093 2782 3146 timor
2804 3091 3016 3148 Domini
3044 3092 3244 3166 (Prov.
3288 3096 3339 3150 1.
3371 3095 3471 3167 7).

1865 3181 1922 3239 Si
1947 3197 2077 3254 ergo
2115 3182 2309 3238 timere
2338 3181 2511 3237 Deum
2549 3191 2634 3238 est
2671 3183 2990 3254 sapientiam
3019 3183 3261 3258 habere;
3304 3188 3478 3244 malus

1865 3291 1974 3331 non
2004 3275 2077 3330 ita
2106 3274 2330 3330 aﬂectus
2348 3318 2363 3342 ,
2391 3291 2520 3331 vere
2543 3277 2807 3346 sapientia
2836 3277 3078 3348 privatur
3101 3299 3115 3334 :
3138 3295 3264 3336 vera
3295 3292 3475 3337 autem

1867 3367 2108 3436 privatus
2132 3365 2416 3436 sapientia,
2441 3365 2681 3420 omnium
2704 3377 2786 3422 est
2805 3351 3296 3448 insipientissimu's.
3320 3361 3475 3442 Atqui

1867 3460 2078 3530 plurimi
2110 3458 2386 3529 improbos
2412 3457 2770 3525 admirantur,
2802 3469 2862 3515 ut
2901 3461 2992 3532 qui
3033 3462 3242 3531 possint
3277 3463 3479 3520 lmdere

1865 3565 1932 3607 ac
1959 3565 2190 3617 nocere;
2235 3564 2342 3605 non
2372 3549 2736 3620 intelligentes
2776 3553 2922 3621 ipsos
2953 3555 3194 3609 omnium
3239 3554 3478 3612 miserri-

1867 3658 1986 3699 mos
2022 3641 2326 3699 censendos
2368 3657 2491 3698 csse
2515 3684 2532 3708 ,
2576 3642 2721 3714 quod
2751 3642 2879 3698 dum
2918 3654 3147 3700 exteros
3181 3659 3242 3702 se
3280 3646 3478 3703 laedere

1868 3742 2091 3806 putant,
2125 3736 2177 3790 in
2209 3735 2418 3806 seipsos
2446 3735 2682 3806 gladium
2722 3744 2935 3791 vertant
2976 3754 2990 3790 :
3038 3736 3182 3807 quod
3221 3746 3479 3795 extremm

1867 3830 2152 3886 dementire
2178 3838 2280 3885 est.
2309 3829 2442 3885 Nam
2470 3829 2626 3885 inscii
2652 3828 2863 3900 seipsos
2889 3828 3223 3896 confodiunt,
3257 3841 3313 3888 et
3349 3832 3478 3888 dum

1866 3923 2020 3977 alteri
2044 3937 2105 3978 se
2135 3937 2332 3978 nocere
2361 3929 2581 3992 putant,
2610 3922 2820 3992 seipsos
2839 3922 3104 3993 iugulant.
3132 3922 3259 3979 ldeo
3281 3923 3478 3980 Paulus

1865 4030 2064 4086 gnarus
2092 4029 2210 4078 nos,
2243 4029 2365 4069 cum
2392 4023 2620 4070 chCI'OS
2645 4024 2925 4085 perculere
2943 4017 3214 4083 volumus,
3236 4026 3477 4072 nosmet-

1868 4109 2015 4178 ipsos
2054 4105 2381 4174 interlicere,
2410 4106 2626 4163 dicebat
2654 4125 2667 4159 :
2709 4108 2884 4175 Quare
2911 4125 3012 4163 non
3040 4111 3209 4179 potius
3233 4110 3477 4181 iujuriam

1867 4198 2140 4268 accipitis?
2164 4213 2323 4268 quare
2347 4215 2450 4254 non
2475 4200 2638 4270 magis
2677 4198 2913 4268 fraudem
2943 4201 3178 4271 patimini
3219 4201 3238 4271 (
3260 4203 3312 4259 l.
3354 4200 3474 4259 Cor.

1868 4291 1921 4347 6.
1954 4292 2064 4362 7)?
2092 4291 2346 4361 lnjuriam
2373 4291 2518 4348 enim
2547 4305 2655 4346 non
2684 4293 2880 4364 accipit
2906 4294 2995 4364 qui
3028 4309 3134 4349 non
3167 4296 3346 4361 infert,
3376 4312 3476 4351 nec

1867 4384 2010 4438 malo
2034 4382 2286 4449 afﬁcitur,
2319 4382 2412 4454 qui
2443 4382 2645 4438 malum
2672 4399 2783 4439 non
2815 4397 3073 4455 operatur
3102 4404 3116 4438 :
3149 4387 3393 4456 quamvis
3422 4385 3479 4442 id

1867 4477 2051 4533 multis
2078 4477 2304 4547 aenigma
2333 4489 2454 4532 esse
2477 4476 2725 4532 videatur
2749 4478 2840 4548 qui
2873 4478 3238 4548 philosophari
3267 4478 3472 4532 nolunt.

1868 4569 1994 4624 Hmc
2014 4582 2136 4624 cum
2157 4569 2410 4634 sciamus,
2436 4581 2660 4624 noneos
2697 4568 2787 4639 qui
2809 4557 3096 4635 lmduntur,
3123 4562 3474 4641 vel'injuriatn

1865 4659 2157 4730 accipiunt,
2187 4657 2281 4714 sed
2307 4658 2432 4714 illos
2447 4659 2535 4730 qui
2559 4659 2810 4730 injuriam
2827 4659 3087 4727 inferunt,
3106 4662 3331 4718 miseros
3348 4676 3484 4732 pra-

1865 4750 2107 4806 dieemus
2145 4761 2201 4806 et
2239 4750 2610 4821 deploremus.
2647 4750 2710 4805 Hi
2741 4752 2887 4808 enim
2920 4754 3154 4809 maxime
3182 4753 3474 4817 ltrduntur,

1866 4843 1955 4913 qui
1972 4843 2082 4898 Deo
2103 4843 2305 4898 bellum
2322 4843 2581 4910 inferunt,
2601 4853 2656 4900 et
2679 4844 2830 4900 mille
2845 4855 3219 4902 accusatorum
3241 4861 3335 4902 ora
3356 4861 3477 4917 ape-

1866 4935 2032 5001 riunt,
2052 4937 2298 5008 malaque
2315 4936 2456 4993 fama
2478 4939 2529 4992 in
2552 4937 2654 4994 hac
2676 4939 2785 4992 vita
2806 4939 3081 4995 laborant:
3104 4949 3266 5010 atque
3286 4941 3477 5011 ingens

1867 5024 1920 5081 in
1947 5026 2128 5082 futuro
2153 5027 2254 5082 sibi
2283 5037 2473 5098 parant
2500 5027 2820 5100 supplicium
2847 5047 2862 5084 :
2885 5039 2944 5085 ut
2971 5040 3158 5086 contra
3182 5031 3218 5086 ii
3245 5031 3336 5102 qui
3361 5031 3474 5087 ltcsi

1867 5118 2091 5188 injurias
2118 5118 2334 5174 lortiter
2361 5119 2538 5176 l‘erunt
2561 5161 2577 5188 ,
2609 5121 2779 5177 Deum
2805 5121 3004 5178 habent
3028 5124 3343 5195 propitium,
3367 5138 3475 5179 om-

1866 5225 2069 5281 nesque
2095 5227 2156 5268 se
2181 5214 2645 5281 eommiserantes,
2670 5216 3050 5286 approbantes,
3075 5217 3377 5274 laudantes.
3411 5217 3475 5271 lli

1865 5300 1919 5356 in
1951 5302 2052 5358 hac
2097 5303 2204 5357 vita
2241 5304 2530 5360 admodum
2573 5305 2817 5362 celebres
2859 5315 3050 5374 erunt,
3089 5308 3181 5379 qui
3223 5323 3473 5380 maguum

1865 5393 2223 5466 philosophia:
2251 5397 2558 5469 exemplum
2590 5399 2904 5469 prwbeant,
2952 5410 3008 5456 et
3047 5401 3099 5454 in
3145 5400 3322 5457 futura
3366 5403 3472 5458 vita

1862 5488 2083 5541 :clernis
2109 5486 2360 5544 fruuntur
2387 5491 2542 5544 bonis
2575 5509 2588 5544 :
2622 5507 2746 5562 quze
2761 5509 2871 5548 .nos
2897 5508 3089 5549 omnes
3108 5495 3321 5566 δεδαιυί
3344 5509 3470 5549 con-

1863 5579 2049 5649 tingat,
2074 5581 2243 5651 gratia
2269 5592 2324 5637 et
2348 5581 2677 5654 benignitate
2716 5585 2929 5642 Domini
2968 5589 3138 5643 nostri
3165 5587 3293 5643 Jesu
3314 5587 3468 5644 Chri-

1861 5671 1954 5738 sti,
1972 5673 2185 5742 quicum
2211 5673 2358 5729 Patri
2381 5683 2439 5729 et
2462 5676 2622 5731 simul
2649 5676 2870 5747 Spiritui
2897 5689 3085 5735 sancto
3109 5679 3300 5750 gloria,
3329 5695 3472 5737 nunc

1865 5772 1920 5819 et
1948 5779 2185 5836 semper,
2215 5776 2270 5823 et
2300 5768 2354 5824 in
2385 5768 2585 5826 saecula
2611 5771 2954 5828 smcttlorum.
2987 5774 3181 5827 Amen.

3035 5920 3108 5979 15
