4024 6434
633 374 737 429 259

1337 369 1391 424 S.
1431 362 1704 423 JOANNIS
1740 353 2206 419 CHRYSOSTOMI
2246 353 2558 413 ABCHIEP.
2600 356 3126 416 CONSTANTINOP.

3816 342 3991 469 ..οι

644 508 3892 545 βψω-Μ

1990 599 2334 664 HOMILIA
2378 605 2571 668 XLII.

629 771 755 825 Cn.
797 767 853 824 6.
881 783 934 821 v.
970 769 1018 822 l.
1064 764 1189 821 Post
1235 765 1341 819 [nec
1386 762 1505 817 abiit
1533 757 1682 813 Jesus
1712 765 1851 810 trans
1876 769 2012 806 mare
2048 749 2165 805 Gali
2179 776 2196 788 -

697 862 804 915 laaae
832 860 883 913 in
916 869 1081 927 partes
1106 855 1383 911 Tiberiadis
1401 869 1419 917 ;
1439 853 1492 907 2.
1517 861 1563 906 et
1588 849 1881 920 sequebatur
1916 860 2027 897 eum
2062 843 2195 894 mul-

696 951 856 1005 titudo
878 966 1059 1021 magna
1078 990 1091 1014 ,
1115 949 1232 1018 quia
1254 946 1484 999 uidebant
1511 943 1657 1014 signa
1676 955 1789 1009 qua:
1818 938 2030 1007 faciebat
2050 948 2198 1001 super

694 1044 756 1096 iis
781 1042 866 1111 qui
888 1038 1293 1109 inﬁrmabantur.
1321 1036 1375 1090 5.
1406 1034 1541 1088 Abiit
1564 1048 1681 1103 ergo
1705 1032 1759 1084 in
1784 1038 1998 1081 montem
2024 1023 2193 1084 Iesus,

694 1144 741 1189 et
765 1135 833 1189 ibi
854 1133 1050 1187 sedebat
1076 1148 1191 1186 cum
1218 1128 1481 1197 discipulis
1500 1127 1625 1181 suis.
1654 1126 1709 1180 4.
1735 1123 1860 1179 Erat
1881 1130 2043 1173 autem
2074 1132 2193 1187 pro.

691 1230 881 1283 :cimum
914 1224 1114 1280 Pascha
1138 1222 1457 1278 Judteorum.

692 1320 744 1373 l.
786 1316 919 1373 Cum
948 1315 1203 1387 improbis
1234 1313 1510 1381 noxiisque
1535 1310 1665 1365 viris
1690 1323 1755 1363 ne
1783 1320 2078 1370 versemur,
2108 1302 2193 1357 di-

623 1409 777 1472 tecti;
819 1407 909 1462 sed
954 1406 1165 1475 quando
1196 1407 1441 1459 virtutem
1471 1411 1709 1457 nostram
1738 1414 1843 1453 non
1877 1396 2104 1460 laedent,
2138 1393 2189 1448 id

618 1517 883 1564 curemus,
911 1515 976 1553 ne
993 1514 1176 1553 eorum
1198 1495 1403 1551 insidiis
1422 1509 1488 1549 ac
1512 1492 1760 1563 nequitia:
1783 1491 1955 1545 locum
1982 1486 2187 1543 demus.

622 1592 691 1645 Ita
718 1592 857 1644 enim
885 1589 1300 1656 omnisimpetus
1328 1585 1607 1654 frangitur.
1637 1584 1714 1637 Ac
1742 1578 2186 1651 quemadmodum

612 1676 785 1743 jacnla
818 1673 1024 1742 quando
1053 1672 1115 1726 «in
1142 1672 1333 1726 durum
1371 1669 1684 1738 ﬁrmumque
1711 1666 1883 1718 locum
1928 1661 2183 1726 incidunt,

617 1781 807 1833 magno
834 1765 1027 1833 impetu
1050 1764 1101 1818 in
1123 1777 1214 1817 eos
1238 1762 1325 1831 qui
1351 1758 1650 1830 iaculantur
1673 1757 1946 1819 resiliunt;
1974 1751 2187 1824 quando

613 1864 791 1910 autem
818 1853 1077 1909 violenter
1106 1853 1339 1907 immissa
1370 1849 1499 1905 nihil
1528 1848 1715 1903 durum
1742 1854 1797 1902 et
1824 1860 2067 1916 asperum
2098 1858 2187 1898 re-

615 1946 826 2014 periunt
850 1987 863 2011 ,
895 1947 1003 1999 cito
1031 1943 1281 1999 sedantur
1304 1951 1359 1997 et
1384 1940 1634 1996 desinunt
1664 1958 1677 1994 :
1711 1938 1779 1993 ita
1808 1936 1905 1993 feri
1936 1935 2187 2021 audaces-

612 2055 716 2108 que
739 2038 999 2104 homines,
1029 2051 1150 2093 cum
1170 2047 1547 2105 repugnamus,
1575 2031 1743 2101 magis
1768 2035 2181 2097 eanperantur;

612 2146 731 2184 cum
769 2144 897 2185 vero
938 2129 1202 2193 cedimus,
1237 2127 1444 2180 illorum
1488 2125 1717 2177 furorem
1760 2121 1866 2175 cito
1910 2118 2181 2173 sedamus.

610 2222 811 2276 ldcirco
836 2219 1097 2285 Christus,
1129 2232 1247 2273 cum
1277 2216 1552 2271 audissent
1581 2212 1831 2269 Pharisaei
1864 2212 2034 2281 ipsum
2063 2209 2181 2278 plu-

607 2326 695 2367 res
742 2327 898 2384 quam
940 2310 1197 2366 Joannem
1238 2306 1527 2377 discipulos
1569 2304 1851 2374 colligere,
1900 2301 2183 2369 pluresque

608 2404 895 2474 baptizare,
938 2402 1083 2457 venit
1131 2400 1184 2455 in
1231 2398 1527 2465 Galilaeam,
1574 2405 1630 2450 ut
1674 2393 1924 2449 invidiam
1972 2391 2180 2444 illorum

604 2503 992 2567 exstingueret,
1024 2502 1078 2550 et
1114 2492 1347 2548 furorem
1368 2532 1385 2559 ,
1417 2504 1573 2560 quem
1603 2489 1746 2559 ipsos
1774 2500 1842 2542 ex
1872 2499 1934 2540 ea
1965 2498 2025 2538 re
2050 2496 2180 2537 con-

601 2587 807 2656 cepisse
839 2585 1124 2642 verisimile
1151 2592 1288 2649 erat,
1317 2596 1416 2653 per
1443 2594 1713 2636 secessum
1737 2575 1962 2632 sedavit.
2011 2571 2184 2626 Cmte—

602 2695 719 2735 rum
764 2679 816 2735 in
867 2679 1136 2734 Galilaeam
1177 2690 1443 2742 reversus,
1481 2688 1586 2728 non
1638 2670 1822 2725 eadem
1861 2665 1971 2721 adit
2016 2663 2173 2719 loca:

604 2784 709 2825 non
737 2771 878 2825 enim
906 2770 957 2824 in
986 2768 1130 2824 Cana
1162 2767 1338 2831 venit,
1373 2765 1465 2821 sed
1496 2774 1641 2819 trans
1667 2777 1831 2817 mare.
1863 2760 2069 2813 Idcirco
2095 2772 2185 2813 se—

593 2860 902 2929 quebantur
942 2858 1088 2912 illum
1130 2856 1296 2912 turba:
1341 2855 1541 2919 multae,
1580 2868 1701 2907 cum
1746 2849 1986 2905 viderent
2028 2848 2177 2919 signa

600 2966 720 3020 qua:
764 2949 1006 3005 faciebat.
1057 2948 1186 3018 Quae
1235 2947 1425 3018 signa?
1469 2961 1565 3002 cur
1610 2945 1696 3000 illa
1739 2959 1843 2999 non
1896 2943 2177 2998 recenset?

601 3043 733 3112 Quia
766 3041 851 3097 hic
872 3043 1193 3114 evangelista
1218 3054 1461 3111 magnam
1487 3038 1605 3094 libri
1628 3037 1707 3091 sui
1736 3046 1938 3107 partem
1964 3037 2179 3090 concio-

592 3138 759 3192 vnibus
782 3137 1027 3206 replevit.
1057 3135 1188 3191 Vide
1208 3149 1435 3203 namque
1460 3130 1728 3203 quomodo
1750 3146 1845 3200 per
1874 3144 2070 3183 annum
2098 3128 2177 3182 in-

595 3237 841 3298 tegrum,
880 3228 988 3282 imo
1022 3227 1074 3281 in
1114 3225 1250 3281 festo
1286 3224 1502 3280 Paschaa
1544 3239 1648 3279 non
1677 3222 1817 3278 aliud
1864 3221 2173 3276 miraculum

600 3328 889 3388 memoret,
914 3334 1070 3392 quam
1102 3320 1447 3391 paralyticum
1475 3328 1528 3373 et
1558 3318 1721 3371 ﬁlium
1745 3315 1912 3386 reguli
1938 3322 2169 3370 curatos.

601 3413 782 3484 Neque
803 3413 945 3467 enim
973 3413 1149 3467 omnia
1180 3424 1395 3465 narrare
1428 3409 1611 3475 voluit,
1643 3408 1692 3462 id
1721 3408 1859 3477 quod
1889 3416 2032 3462 certe
2059 3406 2171 3460 fieri

601 3520 709 3558 non
742 3511 981 3572 poterat;
1014 3501 1105 3557 sed
1146 3516 1210 3556 ex
1252 3501 1437 3555 multis
1466 3500 1774 3570 magnisque
1810 3513 1972 3568 pauca
2017 3498 2170 3552 dixit.

602 3593 668 3647 Et
692 3593 1007 3662 sequebatur,
1041 3593 1211 3663 inquut
1230 3634 1243 3657 ,
1272 3608 1384 3645 eum
1414 3592 1561 3645 turba
1588 3591 1745 3645 multa
1762 3632 1775 3655 ,
1798 3591 1917 3661 quia
1943 3589 2174 3644 uidebant

600 3687 743 3756 signa
770 3701 882 3751 qua
904 3685 1135 3754 faciebat.
1168 3683 1284 3738 Non
1306 3683 1455 3737 ﬁrma
1482 3691 1671 3737 mente.
1686 3681 2043 3752 sequebantur
2070 3695 2083 3733 :
2107 3680 2174 3735 ad

603 3787 802 3832 tantam
841 3778 983 3832 enim
1027 3776 1322 3831 doctrinam
1351 3790 1411 3830 ex
1443 3775 1608 3845 signis
1640 3774 1814 3843 potius
1852 3772 2177 3828 induceban-

602 3878 714 3933 tur;
744 3868 885 3937 quod
915 3868 1194 3923 crassioris
1222 3874 1338 3921 erat
1361 3864 1545 3919 animi.
1578 3863 1742 3933 Signa
1768 3864 1899 3916 enim
1919 3903 1934 3927 ,
1967 3862 2172 3930 inquit,

601 3976 703 4013 non
730 3960 983 4028 fidelibus,
1013 3960 1102 4013 sed
1131 3958 1408 4011 incredulis
1447 3955 1524 4025 (l.
1558 3953 1677 4011 Cor.
1709 3956 1796 4009 Η.
1822 3952 1939 4024 22).
1977 3953 2046 4007 At
2068 3969 2172 4007 non

602 4050 902 4120 huiusmodi
949 4050 1172 4119 p0pulus
1208 4048 1344 4117 apud
1383 4048 1686 4101 Mattlneum
1722 4065 1735 4101 :
1771 4046 1865 4100 sed
1893 4044 2015 4099 audi
2043 4059 2175 4113 quo-

599 4144 759 4199 modo
790 4142 1111 4211 :.Stupebant
1134 4157 1304 4195 omnes
1331 4140 1393 4193 de
1420 4142 1647 4194 doctrina
1675 4140 1784 4208 ejus
1803 4180 1817 4206 ,
1866 4139 1983 4208 quia
2027 4137 2175 4191 doce-

600 4236 682 4288 bat
711 4250 794 4289 eos
821 4243 1074 4303 tamquam
1095 4240 1382 4303 potestatem
1404 4230 1591 4285 habens
1614 4229 1828 4299 (Matth.
1854 4230 1906 4283 7.
1931 4228 2022 4283 28.
2046 4226 2166 4295 29).

599 4327 704 4381 Cur
754 4335 930 4381 autem
978 4333 1222 4380 montem
1266 4339 1409 4378 nunc
1433 4324 1582 4388 adiit,
1613 4332 1667 4377 et
1699 4322 1768 4377 ibi
1798 4322 2018 4377 sedebat
2053 4336 2174 4376 cum

600 4418 909 4487 discipulis?
943 4416 1024 4472 Ob
1064 4416 1295 4470 futurum
1346 4416 1575 4484 signum.
1623 4412 1772 4478 Quod
1804 4420 1979 4467 autem
2011 4411 2174 4467 disci-

602 4508 710 4576 puli
754 4517 957 4562 tantum
993 4506 1353 4571 ascenderint,
1396 4506 1485 4560 illa
1530 4504 1711 4576 populi
1755 4519 1859 4558 non
1904 4504 2175 4575 sequentis

600 4604 755 4672 culpa
778 4610 877 4656 est.
907 4601 1088 4671 Neque
1114 4600 1214 4655 hac
1240 4600 1412 4655 solum
1439 4598 1506 4653 de
1529 4613 1688 4654 causa
1718 4608 1954 4653 montem
1982 4597 2131 4667 petiit
2155 4639 2169 4663 ,

598 4693 689 4747 sed
721 4695 879 4748 etiam
912 4700 969 4747 ut
995 4706 1094 4747 nos
1120 4690 1365 4758 doceret,
1406 4691 1687 4745 tumultum
1714 4700 1769 4746 et
1812 4690 2015 4745 turbam
2055 4704 2175 4745 esse

599 4782 865 4836 vitandam
888 4824 904 4849 ,
933 4793 1091 4852 atque
1127 4782 1371 4837 idoneam
1411 4782 1762 4851 philosophia:
1788 4798 1907 4838 esse
1933 4783 2178 4837 solitudi-

601 4889 743 4928 nem.
777 4873 931 4942 Smpe
971 4882 1145 4927 autem
1187 4874 1300 4942 ipse
1342 4874 1489 4928 solus
1532 4882 1765 4928 montem
1810 4874 2078 4938 ascendit,
2124 4882 2177 4929 et

590 4973 871 5034 pernoctal
904 4978 1083 5028 orans,
1108 4974 1163 5018 ut
1194 4980 1289 5019 nos
1314 4965 1521 5029 doceat,
1550 4979 1671 5019 eum
1697 4965 1783 5035 qui
1805 4966 1870 5019 ad
1895 4966 2058 5019 Deum
2086 4980 2175 5020 ac-

600 5055 760 5121 cedit,
789 5056 933 5109 omni
964 5056 1187 5109 tumultu
1217 5070 1439 5109 vacuum
1471 5070 1608 5121 esse,
1643 5063 1699 5110 et
1726 5056 2065 5126 tranquillum
2096 5056 2175 5111 lo-

603 5163 722 5200 rum
752 5163 993 5217 quaerere
1021 5147 1237 5203 debere.
1272 5148 1396 5203 Erat
1423 5158 1586 5201 autem
1618 5150 1901 5217 proximum
1931 5147 2133 5202 Pascha
2157 5190 2170 5213 ,

604 5239 709 5290 dies
736 5241 891 5307 festus
922 5237 1241 5292 Iudaeorum.
1268 5238 1392 5304 Cur,
1427 5239 1651 5307 inquies,
1685 5256 1787 5294 non
1829 5240 2067 5296 asvendil
2110 5241 2175 5293 ad

604 5329 744 5381 diem
791 5328 1016 5393 festum,
1048 5329 1141 5384 sed
1181 5346 1299 5385 cum
1340 5345 1527 5385 omnes
1566 5331 1949 5403 Jerosolymam
1994 5348 2181 5403 perge-

606 5431 745 5488 rent,
784 5423 897 5492 ipse
936 5424 987 5477 in
1029 5423 1295 5479 Galilaeam
1334 5426 1515 5480 venit:
1552 5440 1721 5495 neque
1752 5427 1862 5493 ipse
1891 5426 2054 5489 solus,
2086 5426 2178 5479 sed

608 5512 1031 5583 cum’discipulis
1048 5553 1064 5580 ,
1095 5523 1149 5568 et
1179 5514 1299 5570 inde
1328 5516 1379 5568 in
1402 5512 1783 5584 Capernaum?
1812 5514 2068 5567 Paulatim
2105 5514 2175 5569 lc-

607 5617 729 5673 gem
760 5604 935 5670 solvit,
981 5622 1047 5661 ex
1094 5604 1397 5661 Judazorum
1442 5608 1673 5677 nequitia
1720 5607 2053 5661 occasionem
2097 5623 2193 5661 ca--

614 5703 789 5762 ptans.
843 5696 895 5751 5.
950 5694 1015 5750 Et
1061 5712 1175 5751 cum
1221 5696 1519 5751 sublevasset
1574 5699 1763 5764 oculos,
1817 5698 1937 5751 vidit
1990 5698 2185 5751 turbam

612 5785 845 5841 multum.
900 5786 993 5843 llic
1032 5788 1265 5844 ostendit
1312 5788 1481 5858 ipsum
1530 5807 1812 5861 numquam
1865 5793 1977 5847 sine
2027 5808 2184 5846 causa

2302 749 2507 805 sedisse
2543 768 2661 808 cum
2706 756 3014 827 discipulis;
3060 762 3153 817 sed
3200 762 3440 821 fortassis
3481 775 3542 821 ut
3590 770 3894 825 accuratius

2302 839 2445 906 ipsos
2468 842 2829 912 alloqueretnr
2852 855 2909 903 ct
2932 848 3164 916 doceret,
3191 868 3391 925 eosque
3414 856 3517 911 sibi
3546 856 3858 915 devinciret
3881 879 3891 913 :

2301 932 2442 988 unde
2474 934 2727 993 discimus
2770 950 3019 1007 quantam
3061 943 3273 1000 illorum
3307 948 3718 1015 providentiam
3751 967 3895 1021 gere-

2301 1031 2410 1087 rct,
2461 1040 2619 1092 quam
2665 1038 2725 1080 se
2762 1028 3088 1100 demitteret,
3135 1044 3193 1090 ut
3239 1050 3297 1091 se
3326 1038 3431 1093 illis
3471 1049 3888 1112 attemperaret.

2301 1114 2569 1171 Sedebant
2598 1133 2724 1173 vero
2748 1119 2926 1185 simul,
2959 1139 3078 1179 sese
3108 1125 3333 1183 fortasse
3361 1138 3551 1185 mutuo
3584 1133 3889 1202 respicien-

2299 1214 2397 1260 tes.
2437 1206 2627 1262 Deinde
2659 1212 2928 1279 respiciens
2967 1215 3098 1269 uidet
3133 1219 3509 1274 multitudinem
3540 1224 3885 1278 accedentem.

2368 1294 2705 1368 It‘uangelisttc
2733 1303 3083 1358 conciliantur.
3117 1336 3187 1347 —
3210 1307 3400 1364 Caneri
3424 1313 3786 1382 evangelista!
3810 1314 3885 1368 di-

2295 1395 2422 1439 cunt
2463 1387 2749 1458 discipulos
2787 1393 3099 1450 accedentes
3138 1411 3352 1468 rogasse
3382 1408 3438 1454 et
3466 1401 3800 1459 obsecrasse
3824 1406 3887 1460 it.

2294 1475 2404 1530 lum
2452 1493 2519 1533 ne
2557 1479 2845 1536 dimitteret
2885 1497 2979 1538 eos
3017 1484 3266 1554 jejunos;
3300 1487 3386 1543 hic
3411 1505 3547 1546 vero
3576 1491 3882 1564 Philippum

2295 1568 2496 1624 inducit
2537 1585 2565 1624 a
2610 1572 2820 1628 Christo
2852 1575 3255 1647 interrogatum.
3295 1579 3602 1653 Utrumque
3630 1586 3770 1641 mihi
3799 1604 3883 1644 ve-

2300 1674 2417 1713 rum
2450 1662 2673 1727 videtur,
2705 1664 2798 1718 sed
2839 1681 2942 1720 non
2985 1667 3172 1723 eodem
3206 1670 3320 1739 ipso
3359 1679 3610 1742 tempore
3641 1686 3878 1746 gestum;

2292 1753 2387 1807 sed
2436 1754 2576 1811 aliud
2624 1757 2847 1812 alterum
2894 1762 3253 1829 praecessisse.
3294 1763 3367 1817 ita
3412 1774 3469 1818 ut
3523 1781 3616 1821 res
3658 1768 3879 1826 diversa

2295 1855 2596 1903 narrentur.
2626 1849 2733 1903 Cur
2780 1864 2910 1920 ergo
2955 1850 3253 1921 Philippum
3296 1852 3642 1926 interrogat?
3674 1857 3881 1915 Sciebat

2290 1935 2377 2002 qui
2406 1935 2650 2005 discipuli
2686 1938 2803 2007 plus
2829 1939 3069 1994 doctrina
3100 1951 3336 2012 egerent.
3367 1943 3464 1999 Hic
3492 1946 3648 2000 enim
3682 1958 3770 2003 est
3797 1952 3879 2019 qni

2292 2037 2470 2095 postea
2502 2028 2670 2083 dicit:
2704 2030 2925 2086 Ostende
2967 2034 3106 2087 nobis
3151 2032 3378 2099 Patrem,
3416 2044 3462 2089 et
3500 2037 3697 2107 suﬁicit
3748 2041 3881 2095 nobis

2294 2118 2469 2185 (Joan.
2529 2120 2616 2173 Η.
2669 2120 2744 2189 8).
2793 2121 2917 2177 ldeo
2961 2124 3106 2191 prius
3148 2122 3293 2178 illum
3342 2125 3598 2180 instituit.
3644 2125 3788 2184 Nam
3842 2132 3879 2183 si

2274 2211 2490 2280 absque
2539 2211 2646 2265 ullo
2684 2224 2939 2281 apparatu
2981 2214 3189 2283 signum
3231 2215 3432 2270 editum
3479 2217 3722 2287 fuisset,
3780 2237 3879 2276 non

2290 2310 2491 2355 tantum
2532 2305 2866 2371 apparuisset
2901 2305 3213 2360 miraculum
3246 2324 3259 2359 :
3289 2306 3398 2375 jam
3438 2324 3578 2364 vero
3610 2312 3771 2379 prius
3791 2327 3880 2369 cu-

2280 2401 2369 2447 rat
2390 2403 2446 2446 ut
2476 2394 2749 2463 penuriam
2776 2394 3112 2464 conﬁteatur,
3144 2404 3202 2450 ut
3230 2396 3353 2451 hinc
3382 2398 3560 2469 majus
3592 2400 3700 2470 ipsi
3732 2402 3881 2457 vide-

2283 2497 2435 2538 retur
2464 2486 2800 2541 miraculum.
2849 2485 2981 2542 Vide
3026 2487 3151 2557 quid
3184 2487 3326 2543 dicat
3357 2489 3448 2545 ille
3483 2507 3497 2545 :
3545 2489 3709 2545 Unde
3740 2495 3879 2546 nobis

2283 2582 2357 2629 tot
2378 2591 2553 2643 panes,
2598 2587 2655 2631 ut
2689 2575 2992 2629 manducent
3033 2577 3128 2631 hi?
3156 2578 3246 2632 Sic
3277 2579 3328 2632 in
3360 2579 3529 2634 veteri
3561 2581 3688 2652 lege
3716 2581 3877 2653 Moysi

2283 2666 2526 2733 dicebat,
2562 2666 2722 2738 idque
2757 2675 3038 2738 antequam
3065 2669 3377 2724 miraculum
3416 2680 3670 2740 patraret
3701 2692 3717 2727 :
3750 2673 3879 2740 Quid

2282 2768 2357 2813 est
2381 2760 2433 2813 in
2460 2775 2613 2813 manu
2639 2759 2769 2829 tua(
2801 2759 2970 2814 Exod.
2995 2761 3047 2815 4.
3077 2761 3112 2814 2
3137 2762 3199 2831 )i
3242 2762 3375 2829 Quia
3418 2764 3569 2818 enim
3615 2765 3875 2821 miracula

2280 2865 2399 2920 qua:
2430 2859 2650 2919 repente
2675 2850 2942 2917 accidunt,
2973 2850 3211 2919 priorum
3240 2852 3394 2908 nobis
3423 2852 3767 2911 oblivionem
3805 2857 3882 2911 in-

2280 2941 2478 2995 ducere
2504 2942 2696 3008 solent,
2731 2942 2904 3011 primo
2926 2942 3071 2998 illum
3097 2942 3438 2998 confessione
3468 2959 3567 2999 sua
3592 2946 3842 3017 alligavit
3860 2987 3873 3009 .

2280 3042 2337 3087 ut
2368 3049 2471 3087 non
2502 3033 2694 3089 deinde
2718 3045 2934 3104 stupore
2960 3036 3236 3104 perculsus
3262 3036 3524 3091 confessas
3550 3037 3635 3092 rei
3664 3054 3877 3093 memo—

2280 3125 2411 3179 riam
2454 3125 2729 3194 abjiccret,
2768 3133 2823 3180 et
2865 3125 2988 3181 hinc
3023 3126 3423 3195 comparatione
3452 3125 3598 3181 facta
3629 3128 3874 3183 miraculi

2280 3216 2697 3286 magnitudinem
2752 3215 3051 3282 edisceret;
3104 3216 3245 3287 quod
3300 3215 3385 3270 hic
3432 3218 3600 3271 etiam
3656 3219 3870 3273 accidit.

2280 3309 2666 3379 Interrogatus,
2698 3309 2785 3362 ille
2805 3309 3092 3381 respondet
3122 3325 3136 3361 :
3170 3308 3222 3363 7.
3256 3308 3606 3364 Ducentorunt
3629 3311 3872 3366 denario-

2277 3419 2391 3456 rum
2419 3419 2572 3472 panes
2599 3418 2697 3456 non
2724 3402 2973 3472 sufﬁciunt
2999 3401 3124 3467 illis,
3157 3412 3213 3454 ut
3242 3402 3587 3471 unusquisque
3614 3404 3873 3457 modicum

2276 3496 2397 3563 quid
2437 3496 2672 3565 accipiat.
2718 3495 2771 3550 6.
2822 3494 2935 3549 Hoc
2967 3505 3133 3548 autem
3172 3494 3365 3549 dicebat
3414 3503 3621 3549 tentans
3664 3495 3818 3550 illum
3854 3510 3871 3548 .'

2277 3588 2385 3657 ipse
2422 3588 2552 3640 enim
2588 3586 2772 3640 sciebat
2817 3585 2941 3655 quid
2977 3594 3099 3641 esset
3146 3588 3397 3657 facturus.
3436 3585 3573 3655 Quid
3600 3588 3706 3641 sibi
3738 3589 3869 3652 vult,

2282 3676 2499 3731 Tentans
2536 3677 2717 3731 illum?
2753 3690 2881 3731 num
2922 3675 3199 3746 ignorabat
3237 3674 3363 3746 quid
3400 3674 3651 3732 dicturus
3687 3679 3867 3734 esset?

2281 3767 2392 3823 Hoc
2418 3768 2522 3821 dici
2553 3768 2753 3837 nequit.

2348 3859 2400 3913 2.
2444 3860 2696 3926 Quaenam
2746 3873 2875 3931 ergo
2924 3868 3009 3915 est
3054 3859 3183 3915 dicti
3235 3860 3543 3915 sententia?
3572 3859 3659 3916 Ex
3700 3863 3870 3918 veteri

2279 3952 2395 4022 lege
2423 3966 2705 4021 possumus
2742 3951 2887 4007 illam
2914 3952 3176 4008 ediscere.
3206 3952 3337 4007 Nam
3371 3952 3443 4007 ibi
3484 3968 3707 4024 quoque
3738 3954 3872 4009 dici-

2280 4052 2364 4097 tur
2394 4062 2406 4097 :
2448 4042 2567 4096 Post
2614 4044 2719 4097 haec
2758 4043 2961 4097 tentavit
2990 4042 3129 4097 Deus
3162 4042 3442 4109 Abraham,
3471 4044 3648 4098 dicens
3679 4060 3698 4098 :
3730 4043 3872 4098 Tolle

2279 4135 2443 4203 ﬁlium
2474 4144 2612 4187 tuum
2638 4134 2971 4205 unigenitum,
3000 4151 3147 4202 quem
3175 4135 3368 4205 diligis,
3402 4133 3557 4189 Isaac
3588 4134 3744 4205 (Gen.
3780 4135 3868 4190 ΞΩ.

2280 4228 2329 4281 l.
2352 4227 2427 4297 2).
2449 4226 2628 4295 Neque
2659 4228 2800 4280 enim
2819 4225 2871 4279 id
2886 4226 3035 4291 dixit,
3060 4236 3117 4279 ut
3146 4226 3482 4295 experiretur
3503 4241 3573 4279 an
3596 4225 3871 4298 obsequu-

2282 4327 2431 4373 turus
2479 4329 2639 4384 esset,
2685 4334 2883 4385 necne;
2918 4327 3101 4387 utpote
3139 4319 3229 4389 qui
3270 4319 3447 4373 omnia
3487 4318 3679 4375 videat
3721 4329 3872 4376 ante-

2281 4426 2437 4480 quam
2459 4411 2583 4464 ﬁant
2600 4410 2762 4481 (Dan.
2784 4413 2869 4467 l5.
2894 4409 2986 4480 42)
3014 4429 3027 4465 :
3052 4410 3145 4466 sed
3167 4411 3399 4465 humano
3416 4426 3569 4467 more
3584 4421 3872 4484 utrumque

2280 4501 2476 4555 dictum
2508 4511 2607 4555 est.
2636 4500 2702 4556 Ut
2738 4516 2858 4555 cum
2900 4500 3050 4566 dicit,
3096 4500 3367 4555 Scrutatur
3405 4503 3565 4555 corda
3608 4504 3872 4557 hominum

2281 4590 2453 4662 (Rom.
2489 4590 2540 4646 8.
2574 4592 2697 4662 2'7),
2734 4606 2839 4646 non
2879 4591 3231 4662 ignorantiam
3264 4632 3279 4658 ,
3312 4592 3404 4647 sed
3435 4604 3751 4648 accuratam
3784 4611 3873 4650 co-

2279 4686 2569 4757 gnitionem
2597 4685 2831 4752 indicat;
2858 4686 2935 4740 sic
2959 4700 3079 4739 cum
3103 4683 3252 4751 dicit,
3280 4685 3534 4752 Tentavit,
3565 4686 3701 4742 nihil
3730 4687 3869 4742 aliud

2280 4777 2378 4832 sibi
2425 4777 2558 4843 vult,
2611 4791 2770 4845 quam
2817 4778 2989 4847 ipsum
3035 4784 3285 4831 accurate
3330 4776 3543 4831 novisse
3595 4775 3700 4833 Vel
3732 4778 3871 4833 aliud

2279 4871 2381 4925 dici
2429 4871 2616 4941 possit,
2667 4870 2838 4939 ipsum
2885 4883 3079 4938 nempe
3113 4868 3472 4937 probatiorem
3516 4883 3643 4923 eum
3693 4870 3873 4926 reddi-

2280 4962 2444 5027 disse,
2473 4961 2597 5015 dum
2629 4969 2679 5014 et
2714 4971 2837 5015 tunc
2864 4958 3253 5025 Abrahamum,
3291 4966 3343 5012 et
3383 4972 3525 5013 nunc
3564 4958 3871 5030 Philippum

2280 5071 2375 5126 per
2405 5052 2873 5123 interrogationem
2908 5053 2959 5106 in
3002 5050 3263 5120 majorem
3309 5050 3447 5121 signi
3492 5050 3750 5107 notitiam
3781 5052 3873 5108 de-

2286 5152 2455 5207 duxit.
2485 5148 2818 5217 Quapropter
2856 5146 3208 5215 evangelism,
3244 5158 3311 5197 ne
3338 5157 3404 5197 ex
3430 5142 3580 5197 verbi
3613 5142 3872 5215 simplici-

2286 5253 2394 5298 tate
2414 5242 2540 5313 quid
2570 5240 2857 5294 absurdum
2884 5238 3235 5307 suspicareris
3259 5277 3274 5301 ,
3300 5233 3505 5289 addidit
3538 5246 3553 5287 :
3591 5233 3616 5287 Ι
3624 5252 3718 5305 pse
3746 5237 3871 5289 enim

2286 5337 2469 5390 sciebat
2495 5337 2616 5403 quid
2636 5344 2761 5387 esset
2792 5335 3038 5404 facturus.
3069 5328 3333 5385 Cmterum
3363 5326 3490 5382 illud
3518 5328 3759 5382 maxime
3788 5330 3873 5382 ob-

2292 5426 2644 5491 servandum,
2689 5423 2957 5495 quomodo
3001 5436 3124 5475 cum
3177 5434 3341 5489 prava
3396 5419 3635 5489 suspicio
3691 5419 3869 5479 adest.

2289 5519 2466 5572 statim
2496 5532 2613 5570 eam
2643 5513 2965 5583 evangelista
2995 5510 3277 5581 diligenter
3300 5518 3567 5564 amoveat.
3624 5508 3693 5565 Ut
3725 5512 3874 5581 igitur

2292 5608 2391 5661 hoc
2417 5608 2539 5661 luco
2568 5622 2633 5661 ne
2658 5605 2783 5674 quid
2809 5603 2985 5658 simile
3012 5601 3415 5669 suspicarentur
3436 5600 3737 5662 auditores,
3763 5617 3872 5655 cor-

2293 5700 2582 5753 ruetionem
2624 5696 2759 5751 hanc
2800 5695 3003 5749 addidit
3037 5710 3052 5747 :
3085 5691 3207 5763 Ipse
3232 5692 3365 5745 enim
3390 5693 3575 5747 sciebat
3606 5692 3731 5764 quid
3760 5702 3870 5746 esst:

2296 5795 2564 5862 facturus;
2591 5792 2666 5845 sic
2692 5799 2745 5845 et
2776 5789 2875 5857 ibi,
2905 5804 3025 5843 cum
3056 5787 3128 5842 ait
3161 5804 3173 5840 :
3204 5785 3373 5842 Judmi
3408 5787 3557 5841 illum
3592 5802 3866 5859 perseque-
