4024 6456
573 399 670 453 ΞΗ

1223 400 1281 455 S.
1318 399 1605 457 JOANNIS
1641 398 2128 457 CHRYSOSTOMI
2169 397 2494 458 ARCIHEP.
2533 398 3087 459 CONSTANTINOP.

3731 403 3849 458 ἠε

567 517 649 580 είς
676 515 774 587 τὴν
799 515 1002 588 ἀκρισῆ
1031 514 1126 568 τοῦ
1156 517 1381 589 σημείου
1415 518 1636 585 γνῶσιν.
1664 518 1763 573 Διὰ
1785 519 1850 590 δὴ
1870 518 2027 572 τοῦτο
2048 517 2141 570 καὶ
2247 516 2452 581 εὐθέως
2481 518 2794 574 ἀναπεσεῖν.
2819 517 2977 572 Οῦτω
3007 519 3103 574 καὶ
3125 517 3212 572 διὰ
3237 518 3431 572 τούτου
3458 517 3558 587 τὴν
3584 517 3832 572 διάνοιαν

480 643 483 668 ;
567 598 598 651 ὖ
626 597 1032 668 εὐαγγελιστὴς.
1064 597 1150 652 ἵνα
1194 598 1269 672 μὴ
1295 602 1361 672 τῇ
1406 601 1662 674 ἀσθενείᾳ.
1691 602 1791 672 τῆς
1824 601 2019 666 λέξεως
2053 602 2138 652 ἐν-

568 681 885 750 απομείνας,
915 679 1258 755 ὑποπτεύσῃς
1283 700 1336 737 τι
1363 683 1515 757 [250]
1538 686 1738 741 ἄτοπον
1762 685 1892 756 περὶ
1924 683 2031 737 τῶν
2058 683 2136 736 εξ-

570 763 838 834 ρημένων,
887 764 1182 834 ἐπήγαγεν·
1232 766 1420 833 Αὐτὸς
1465 771 1576 838 τὰρ
1628 768 1758 837 ᾔδει
1805 768 1863 821 τί
1920 767 2138 837 ἔμελλε

565 844 774 900 ποιεῖν.
822 844 970 918 Πλὴν
1003 848 1181 901 ἐκεῖνο
1234 853 1571 921 παρατηρεῖν
1619 851 1939 920 ἀναγκαῖον,
1996 849 2134 915 πῶς,

563 931 691 984 ὅταν
788 929 1012 986 ὑπόνοια
1040 932 1272 1003 πονηρὰ,
1297 933 1460 996 εὐθὺς
1485 933 1656 1004 αὐτὴν
1687 937 1716 988 ό
1747 933 2138 1004 εὑαγγελιστὴς

567 1012 706 1082 μετὰ
752 1013 951 1085 πολλῆς
996 1013 1390 1086 ἐπιδιορθοῦται
1431 1026 1464 1056 ι
1509 1016 1606 1086 τῆς
1646 1017 1904 1086 σπουδῆς.
1924 1016 2134 1086 Ὠσπερ

540 1092 654 1170 ¹οὖν
704 1096 955 1162 ἐνταῦθα,
997 1099 1083 1152 ἵνα
1127 1099 1202 1170 μή
1245 1116 1300 1152 τι
1341 1100 1582 1153 τοιοῦτον
1627 1100 2040 1154 ὑποπτεύσωσιν
2085 1100 2134 1151 οί

562 1179 867 1245 ἀκούοντες,
897 1181 1209 1252 προσέθηκε
1238 1181 1337 1254 τὴν
1367 1182 1768 1255 ἐπιδιόρθωσιν,
1801 1181 1988 1236 εἰπών·
2020 1183 2136 1236 Αὐ-

561 1263 664 1330 τὸς
695 1265 806 1333 τὰρ
838 1263 968 1333 ᾔδει
996 1264 1053 1317 τί
1084 1264 1302 1333 ἔμελλε
1336 1265 1550 1320 ποιεῖν·
1589 1265 1732 1319 οὕτω
1772 1265 1874 1320 καὶ
1903 1266 2018 1319 ἐκεῖ
2050 1264 2136 1319 λέ-

560 1365 690 1416 γων,
714 1349 796 1402 ὅτι
828 1348 1048 1402 ἐδίωκον
1085 1350 1248 1426 αὑτὸν
1292 1350 1342 1403 οί
1385 1349 1648 1416 Ἰουδαῖοι,
1702 1352 1786 1405 Οὐ
1816 1351 2008 1420 μόνον
2045 1348 2136 1402 ὅτι

557 1431 700 1485 ἔλυε
735 1432 802 1485 τό
854 1431 1177 1498 σάϐϐατον,
1225 1433 1366 1488 ἀλλ’
1411 1433 1501 1487 ὅτι
1549 1435 1648 1488 καί
1703 1435 1934 1503 Πατέρα
1978 1432 2135 1487 ιδιον

555 1515 727 1585 ἔλεγε
770 1515 878 1569 τὸν
913 1515 1083 1580 Θεὸν,
1110 1515 1252 1570 ἰσον
1284 1515 1498 1571 ἑαυτὸν
1539 1514 1729 1572 ποιῶν
1757 1518 1837 1583 τῷ
1877 1514 2033 1581 Θεῷ·
2083 1517 2133 1570 εἰ

561 1599 634 1668 μὴ
677 1598 950 1665 ἀπόφασις
989 1594 1058 1669 ἦν
1087 1597 1252 1652 αὑτοῦ
1284 1599 1380 1653 τοῦ
1431 1600 1666 1672 Χριστοῦ
1684 1599 1787 1654 διὰ
1814 1599 1924 1653 τῶν
1956 1599 2133 1670 ἐργων

559 1680 935 1752 βεδαιουμένη,
969 1681 1308 1752 προσέθηκεν
1337 1682 1403 1736 ἂν
1432 1684 1594 1736 κάκεῖ
1625 1681 1722 1753 τὴν
1755 1681 2132 1753 ἐπιδιόρθωσιν

554 1764 777 1834 ταύτην.
806 1765 868 1817 Εἰ
906 1763 1015 1836 γὰρ
1042 1765 1098 1818 ἐν
1123 1759 1204 1827 οἷς
1232 1765 1392 1828 αὐτὸς
1421 1765 1590 1834 λέγει,
1627 1764 1893 1836 ὑφορᾶται
1918 1768 1945 1820 ό
1970 1766 2133 1834 εὐαγ-

553 1847 823 1918 γελιστὴς,
878 1848 950 1918 μή
986 1864 1071 1910 τις
1114 1837 1462 1919 ὑποπτεύσῃ·
1500 1846 1681 1920 πολλῷ
1725 1847 1924 1919 μᾶλλον
1958 1851 2017 1902 ἐν
2049 1842 2132 1912 οἷς

552 1932 726 2003 ἕτεροι
755 1930 884 2003 περὶ
919 1928 1085 1983 αὐτοῦ
1127 1930 1285 1984 τοῦτο
1317 1931 1523 1999 ἔλεγον,
1558 1931 1806 1985 ὑπείδετο
1829 1929 1919 1995 ἂν,
1965 1932 2015 1984 εἰ
2054 1930 2128 2002 μὴ

553 2007 933 2086 προσήκουσαν
967 2012 1112 2085 ἐώρα
1144 2013 1272 2085 περὶ
1311 2015 1477 2068 αὐτοῦ
1510 2014 1818 2087 κρατοῦσαν
1838 2014 2126 2072 ὑπόνοιαν.

561 2096 700 2150 Ἀλλ’
733 2097 834 2150 οὐκ
867 2096 1139 2167 ἐποίησεν·
1172 2097 1288 2167 ᾔδει
1320 2096 1428 2168 γὰρ
1460 2097 1626 2152 αὑτοῦ
1661 2095 1758 2167 τὴν
1785 2094 2013 2167 γνώμην
2038 2093 2129 2149 οὗ-

550 2195 650 2233 σαν
671 2178 828 2233 τοῦτο
852 2179 944 2232 καί
961 2177 1140 2248 ψῆφον
1161 2178 1437 2250 ἀκίνητον.
1461 2178 1561 2232 Διὰ
1579 2179 1736 2232 τοῦτο
1753 2178 2129 2242 εἰπὼν,”Ισον

547 2260 770 2316 ἑαυτὸν
796 2261 984 2317 ποιῶν
1008 2259 1089 2327 τῷ
1118 2260 1259 2327 Θεῷ,
1304 2262 1404 2315 οὐκ
1436 2262 1708 2334 ἐχρήσατο
1747 2261 2140 2334 ἐπιδιορθώσει

547 2347 655 2400 τινὶ
685 2345 925 2418 τοιαύτῃ·
949 2345 1010 2399 ού
1034 2345 1142 2417 γάρ
1167 2345 1389 2400 ἐκείνων
1415 2341 1483 2416 ἦν
1511 2345 1733 2399 ὑπόνοια
1755 2345 2124 2416 διεφθαρμένη

545 2429 608 2482 τὸ
643 2427 955 2500 λεγόμενον,
1003 2427 1117 2481 ἀλλ’
1152 2429 1426 2497 ἀπόφασις
1452 2427 1616 2482 αὐτοῦ
1649 2428 2011 2501 κεκυρωμένῃ
2039 2429 2126 2483 διὰ

545 2511 653 2565 τῶν
686 2511 881 2582 ἔργων.
920 2510 1318 2582 Ἐρωτηθέντος
1362 2513 1542 2564 τοίνυν
1571 2511 1664 2564 τοῦ
1693 2511 1979 2574 Φιλίππου,
2007 2515 2126 2580 Φη-

545 2593 653 2648 σίν
685 2593 955 2664 Ἀνδρέας
977 2597 1010 2648 ό
1041 2593 1303 2664 ἀδελφὸς
1334 2594 1600 2664 Σίμωνος
1627 2593 1852 2662 Πέτρου
1871 2610 1886 2625 ·
1920 2595 2127 2648 Ἕστιν

543 2669 660 2730 ὧδε
688 2675 1004 2745 παιδάριον
1033 2677 1180 2746 ἕχον
1223 2677 1401 2730 πέντε
1429 2676 1650 2744 ἄρτους
1681 2677 2002 2746 κριθίνους,
2027 2675 2128 2730 καὶ

545 2760 656 2815 δύο
682 2761 920 2830 ὀψάρια·
956 2761 1119 2815 ἀλλὰ
1156 2761 1342 2814 ταῦτα
1369 2763 1426 2815 τί
1455 2762 1626 2815 ἐστιν
1652 2762 1738 2827 είς
1761 2761 2123 2825 τοσούτους;

556 2845 918 2916 ’Υψηλότερος
959 2845 1056 2916 μέν
1101 2845 1195 2898 τοῦ
1227 2845 1494 2898 Φιλίππου
1525 2846 1553 2897 ὁ
1589 2843 1862 2914 Ἀνδρέας,
1900 2843 1960 2896 ού
2014 2841 2121 2913 μὴν

544 2932 623 2993 εἰς
651 2929 712 2982 τὸ
747 2931 855 2983 πᾶν
906 2928 1129 2998 ἔφθασε.
1178 2924 1345 2998 Οἶμαι
1384 2928 1440 2981 δέ
1483 2927 1616 2998 μηδὲ
1652 2927 1837 2991 άπλῶς
1864 2926 2022 2979 τοῦτο
2047 2927 2122 2978 εἰ-

545 3014 686 3072 πεῖν.
716 3011 832 3066 ἀλλ’
872 3014 1148 3084 ἀκηκοότα
1185 3011 1347 3065 αὑτὸν
1375 3010 1484 3063 τῶν
1511 3010 1806 3082 προφητῶν
1830 3011 1858 3050 δ
1891 3010 1961 3065 τὰ
2000 3009 2126 3063 θαύ-

546 3111 714 3165 ματα,
749 3096 844 3148 καὶ
873 3095 989 3158 πῶς
1029 3095 1332 3156 Ἐλισσαῖος
1358 3093 1579 3164 ἐποίησε
1608 3092 1669 3146 τὸ
1698 3092 1790 3146 ἐπὶ¹
1819 3091 1925 3145 τῶν
1945 3093 2124 3160 ἄρτων

545 3179 790 3248 σημεῖον.
832 3179 929 3231 Διὰ
971 3179 1035 3249 δὴ
1066 3177 1223 3232 τοῦτο
1252 3177 1419 3249 ἀνέϐη
1452 3177 1549 3248 μὲν
1573 3176 1666 3230 ἐπί
1696 3193 1749 3228 τι
1776 3175 1911 3246 ὕψος
1942 3187 1993 3242 ο,
2025 3177 2124 3230 οὐκ

535 3260 732 3332 ἴσχυσε
769 3261 827 3314 δέ
866 3261 1002 3332 πρὸς
1039 3260 1205 3334 αὐτὴν
1233 3259 1434 3330 φθάσαι
1466 3258 1564 3330 τὴν
1589 3260 1856 3331 κορυφήν.

613 3344 890 3414 Μάθωμεν
922 3343 1168 3397 ἐντεῦθεν
1193 3344 1243 3395 οἰ
1286 3345 1352 3413 τῇ
1373 3338 1562 3413 ’τρυφῇ
1591 3342 1972 3412 προσέχοντες,
2000 3340 2119 3394 τίνα

541 3426 818 3480 ἐσιτοῦντο
858 3428 906 3479 οἰ
951 3425 1253 3498 θαυμαστοί
1283 3426 1473 3496 ἄνδρες
1513 3426 1708 3478 ἐκεῖνοι
1738 3425 1834 3478 καὶ
1869 3424 2118 3494 μεγάλοι,

543 3511 638 3563 καὶ
664 3512 729 3581 τῇ
764 3509 1022 3578 ποσότητι
1046 3507 1073 3547 ά
1096 3509 1201 3584 τῶν
1221 3507 1632 3580 ἐπιφερομένων
1658 3508 1754 3561 καὶ
1782 3511 1848 3579 τῇ
1875 3508 2119 3577 ποιότητι

539 3594 640 3664 τὴν
678 3593 952 3646 εὐτέλειαν
995 3593 1175 3650 αὐτῶν
1221 3594 1322 3664 τῆς
1375 3593 1656 3664 τραπέζης
1706 3592 1902 3662 ῖδωμέν
1933 3609 1994 3644 τε
2025 3591 2120 3646 καὶ

542 3676 933 3748 μιμησώμεθα.
971 3677 1052 3730 Τὰ
1099 3676 1229 3745 γοῦν
1278 3677 1406 3746 ἐξῆς
1447 3677 1652 3730 τούτων
1694 3677 1919 3747 πολλῆς
1962 3675 2123 3729 ἀσθε-

542 3761 708 3822 νείας.
734 3759 889 3813 Μετὰ
914 3759 1021 3831 γὰρ
1047 3759 1107 3813 τὸ
1131 3761 1325 3823 εἰπεῖν,
1357 3761 1518 3830 Ἔχει
1546 3757 1726 3813 πέντε
1749 3759 1968 3827 ἄρτους
1997 3777 2121 3827 κρι-

543 3845 768 3909 θίνους,
803 3845 1100 3914 ἐπήγαγεν·
1140 3845 1311 3906 Ἀλλὰ
1369 3843 1555 3898 ταῦτα
1593 3844 1650 3897 τί
1699 3843 1870 3897 ἐστιν
1901 3846 1986 3908 εἰς
2024 3859 2119 3896 το-

535 3925 835 3992 -σού’τους;
867 3925 1111 3996 Ἐνόμιζε
1129 3925 1236 3997 γὰρ
1262 3927 1340 3980 ὅτι
1374 3926 1483 3980 ἀπὸ
1518 3928 1615 3997 μὲν
1640 3926 1938 3980 ἐλαττόνων
1963 3925 2118 3979 ἐλάτο

541 4027 690 4074 τονα,
714 4010 824 4063 άπὸ
852 4009 908 4062 δὲ
951 4010 1207 4063 πλειόνων
1244 4009 1463 4063 πλείονα
1492 4010 1686 4080 ἔμελλε
1730 4012 1904 4063 ποιεῖν
1928 4013 1956 4064 ὁ
1988 4010 2118 4063 θαυ-

545 4091 890 4162 ματουργῶν·
926 4093 1061 4163 ὅπερ
1091 4093 1190 4144 οὑκ
1226 4088 1315 4163 ἦν.
1355 4093 1587 4163 Ὁμοίως
1610 4093 1717 4163 γὰρ
1753 4087 1820 4164 ἦν
1845 4089 1995 4163 αὐτῷ
2023 4090 2115 4144 εῦ-

543 4173 698 4228 κολον
735 4176 842 4228 ἀπό
889 4192 949 4228 τε
981 4175 1258 4238 πλειόνων,
1301 4176 1408 4229 άπό
1449 4193 1508 4229 τε
1553 4176 1850 4230 ἐλαττόνων
1895 4177 2118 4248 ποιῆσαι

542 4259 788 4330 πηγάσαι
817 4259 925 4311 τῶν
959 4257 1139 4330 ἄρτων
1179 4262 1278 4328 τὴν
1317 4258 1498 4328 φύσιν.
1547 4260 1622 4313 Οὐ
1647 4261 1758 4330 γὰρ
1786 4259 1920 4330 ὕλης
1952 4260 2119 4313 ἐδεῖτο

540 4343 640 4412 τῆς
673 4341 1060 4412 ὑποκειμένης·
1093 4341 1206 4394 ἀλλ’
1237 4342 1377 4394 ὥστε
1416 4342 1490 4412 μὴ
1522 4342 1670 4405 δόξαι
1697 4343 1796 4415 τὴν
1819 4344 1998 4396 κτίσιν
2028 4343 2122 4396 άλ-

543 4423 760 4496 λοτρίαν
790 4420 928 4477 εἶναι
967 4423 1068 4493 τῆς
1115 4423 1279 4476 αὐτοῦ
1325 4424 1535 4492 σοφίας,
1563 4423 1640 4486 ὡς
1685 4426 1733 4476 οἰ
1779 4425 1919 4494 μετὰ
1950 4425 2120 4479 ταῦτα

542 4507 921 4570 διαϐάλλοντες
961 4508 1009 4560 οἰ
1052 4506 1120 4559 τά
1157 4508 1480 4578 Μαρκίωνος
1531 4507 1860 4578 νοσήσαντες
1911 4508 2116 4576 ἔλεγον,

543 4591 681 4662 αὐτῇ
713 4593 777 4661 τῇ
810 4589 984 4643 κτίσει
1010 4589 1273 4661 κέχρηται
1299 4589 1430 4660 πρὸς
1453 4589 1551 4660 τὴν
1579 4589 1832 4644 ὑπόθεσιν
1863 4589 1972 4644 τῶν
1995 4592 2120 4646 θαυ-

548 4677 752 4746 μάτων.
791 4675 942 4726 Ἐπεὶ
971 4671 1063 4726 οῦν
1089 4673 1411 4740 ἀπέγνωσαν
1446 4671 1745 4744 ἀμφότεροι
1774 4676 1822 4726 οἰ
1853 4674 2116 4746 μαθηταὶ,

543 4758 664 4809 τότε
700 4757 1106 4826 θαυματουργεί
1137 4755 1318 4807 λοιπόν
1339 4774 1352 4784 ·
1391 4754 1531 4808 οὕτω
1563 4754 1672 4825 γάρ
1725 4755 1922 4825 μᾶλλον
1961 4757 2119 4829 ἐκέρ-

541 4839 731 4902 δαναν,
771 4838 1030 4908 πρότερον
1063 4837 1494 4907 ὁμολογήσαντες
1528 4837 1621 4890 τοῦ
1668 4838 1990 4910 πράγματος
2021 4841 2120 4909 τὴν

544 4922 850 4986 δυσκολίαν,
894 4922 979 4973 ἵνα
1014 4922 1142 4974 ὅταν
1177 4920 1419 4992 γένηται,
1460 4919 1671 4991 μάθωσι
1714 4921 1806 4974 τοῦ
1850 4921 1984 4974 Θεοῦ
2021 4924 2121 4992 τὴν

545 5005 792 5075 δύναμιν.
843 5003 1060 5076 Ἐπειδὴ
1107 5002 1214 5073 γάρ
1257 5002 1497 5070 γίνεσθαι
1549 5006 1773 5074 σημεῖον
1820 5004 2012 5074 ἔμελλε
2059 5007 2122 5059 τὸ

546 5089 642 5142 καὶ
671 5089 975 5160 προφήταις
996 5085 1359 5157 ωτορθωθέν,
1381 5087 1429 5138 εἰ
1453 5087 1547 5139 καὶ
1579 5087 1653 5156 μὴ
1679 5087 1898 5157 ὁμοίως·
1929 5088 2121 5158 ἔμελλε

547 5171 725 5225 δέκαί
767 5171 1169 5241 εὐχαριστήσας
1219 5168 1353 5223 αὐτὸ
1391 5168 1657 5240 πρότερον
1695 5173 1890 5224 ποιεῖν·
1922 5171 2008 5224 ἵνα
2046 5171 2120 5243 μὴ

548 5257 628 5316 είς
678 5252 879 5323 ἀσθενῆ
933 5270 1055 5307 τινα
1107 5253 1489 5306 καταπέσωσιν
1536 5251 1813 5315 ὑπόνοιαν,
1863 5254 1966 5324 ὅρα
2005 5255 2120 5317 πῶς

548 5335 679 5390 αὑτό
704 5337 802 5395 καὶ
835 5335 915 5405 τῷ
941 5336 1125 5406 τρόπῳ
1162 5336 1250 5390 διὰ
1269 5335 1423 5408 [251]
1451 5334 1667 5390 πάντων
1694 5337 1866 5407 ἐπῆρε
1901 5337 1994 5390 καὶ
2024 5337 2119 5408 τὴν

545 5421 810 5490 διαφορὰν
852 5419 1071 5484 ἔδειξεν.
1113 5417 1279 5471 Οὔπω
1310 5419 1418 5488 γὰρ
1462 5419 1570 5472 τῶν
1600 5419 1778 5488 ἄρτων
1818 5419 2116 5488 φανέντων,

549 5504 609 5555 τὸ
642 5503 825 5573 θαῦμα
869 5505 1030 5565 ποιεῖ,
1066 5502 1152 5555 ἵνα
1188 5500 1364 5572 μάθῃς
1391 5503 1474 5554 ὅτι
1509 5501 1579 5555 τά
1616 5503 1690 5572 μὴ
1719 5501 1847 5556 ὄντα
1887 5501 1962 5564 ὡς
1991 5503 2117 5557 ὄντα

551 5587 701 5657 αύτῷ
748 5588 1040 5657 ὑφέστηκε,
1085 5584 1334 5654 καθάπερ
1367 5586 1395 5636 ὁ
1428 5583 1636 5647 Παῦλός
1677 5601 1859 5654 φησιν·
1900 5586 1966 5638 Ὃ
2017 5603 2121 5640 καί

550 5671 676 5724 λῶν
722 5670 792 5724 τὰ
833 5669 920 5738 μὴ
970 5669 1114 5722 ὄντα
1148 5669 1228 5736 ὡς
1284 5669 1448 5721 ὄντα.
1487 5667 1574 5731 Ὠς
1629 5669 1844 5739 ἑτοίμου
1887 5671 1995 5739 γὰρ
2029 5673 2119 5725 καὶ

554 5751 1071 5820 παρεσκευασμένης
1113 5750 1210 5820 τῆς
1258 5749 1557 5822 τραπέζης,
1609 5751 1890 5806 ἐκέλευσεν
1923 5755 2120 5819 αὐτοὺς

636 5865 834 5928 ’νᾼὶὶυε
885 5864 1214 5928 ἀποκρούεται.
1373 5861 1478 5928 Αγιὶἱγ
1517 5863 1647 5925 οἶμαι
1685 5865 1774 5928 γὰρ
1813 5865 1954 5914 αὐτὸν
1996 5870 2121 5916 εἰσε-

551 5926 804 5989 ληλνθέναι
819 5928 910 5972 τῶν
931 5926 1067 5987 προφ.
1138 5929 1157 5954 θ
1188 5927 1385 5982 Quidam
1399 5927 1540 5989 ἀνέϐη
1563 5927 1644 5989 μὲν
1666 5926 1942 5989 περαιτέρω.
1972 5929 2120 5977 Paulo

554 5993 663 6050 post
698 5986 846 6034 Savil.
885 5985 1102 6048 μάθωμεν
1137 5989 1286 6034 τοίνυν
1328 5990 1385 6034 οἱ.
1453 5985 1478 6025 ἀ
1503 5985 1648 6035 δάι’ίι.
1674 5985 1754 6035 καὶ
1800 5985 1869 6047 τ.,,’
1888 5992 2118 6049 ποσότητι

559 6053 638 6096 καί

2244 597 2352 652 τῶν
2400 599 2660 672 μαθητῶν
2704 600 3021 672 ἀνέστησεν.
3056 602 3177 655 Ὀτι
3217 601 3274 654 δέ
3325 612 3350 640 θ
3389 600 3482 653 καὶ
3529 600 3832 671 ἐκέρδαναν

2240 683 2350 737 άπὸ
2397 685 2498 754 τῆς
2536 686 2877 755 ἐρωτήσεως,
2923 685 3126 748 εὐθέως
3172 685 3510 756 ὑπήκουσαν,
3569 684 3666 738 καὶ
3729 685 3833 737 οὐκ

2227 766 2669 838 ¹ἐθορυϐήθησαν.
2706 766 2828 820 ούδέ
2877 765 3050 822 εἷπον·
3083 769 3137 822 τί
3167 786 3298 822 ποτε
3334 768 3498 822 τοῦτό
3521 768 3667 832 ἐστι;
3704 765 3831 827 πῶς

2237 850 2478 915 κελεύεις
2515 851 2830 914 ἀναπεσεῖν,
2857 852 3070 916 οὐδενὸς
3095 854 3153 906 ἐν
3179 851 3259 923 τῷ
3283 852 3436 922 μέσῳ
3460 849 3828 919 φαινομένους

2237 932 2396 988 οὕτω
2421 935 2516 988 καὶ
2545 929 2650 1004 πρὸ
2673 934 2775 1003 τῆς
2796 935 2975 1003 ὄψεως
3011 934 3106 988 τοῦ
3140 935 3371 1005 σημείου
3403 931 3683 986 πιστεύειν
3728 931 3830 1000 ἦρ·-

2239 1013 2398 1080 ξαντο
2431 1016 2449 1054 ί
2481 1017 2529 1069 οί
2567 1016 2716 1086 παρὰ
2764 1016 2861 1087 τὴν
2904 1017 3080 1088 ἀρχὴν
3122 1015 3377 1070 τοσοῦτον
3417 1017 3830 1085 ἀπιστήσαντες

2236 1098 2312 1162 ὡς
2337 1100 2528 1163 εἰπεῖν,
2554 1101 2745 1154 Πόθεν
2765 1099 3145 1169 ἁγορὰσομεν
3167 1098 3424 1166 (ipa-01m:
3458 1101 3541 1151 ὅτι
3567 1098 3660 1150 καὶ
3685 1095 3830 1165 μετὰ

2235 1179 2545 1251 προθυμίας
2586 1181 2871 1235 ἀνέκλιναν
2909 1181 3036 1246 τοὺς
3085 1181 3296 1252 ὄχλους.
3332 1180 3493 1235 Ἀλλὰ
3522 1180 3575 1233 τί
3621 1179 3827 1250 δήποτε

2231 1262 2324 1316 τὸν
2352 1262 2719 1334 παραλυτικὸν
2743 1263 2951 1335 μέλλων
2983 1263 3244 1335 ἀνορθοῦν
3282 1264 3382 1317 οὐκ
3425 1263 3665 1334 εὔχεται,
3701 1259 3828 1314 οὐδὲ

2232 1346 2325 1401 τὸν
2350 1347 2541 1418 νεκρὸν
2570 1347 2820 1420 ἐγείρων,
2853 1347 2973 1401 ούδέ
2996 1348 3096 1418 τὴν
3130 1347 3402 1402 θάλατταν
3439 1345 3690 1418 χαλινῶν·
3738 1347 3828 1399 ἐν-

2231 1427 2407 1484 ταῦθα
2438 1429 2496 1483 δέ
2534 1431 2628 1482 ἐπὶ
2665 1430 2773 1483 τῶν
2816 1430 2995 1501 ἄρτων
3043 1430 3204 1484 τοῦτο
3246 1431 3420 1498 ποιεῖς
3477 1428 3704 1491 Δεικνὺς
3737 1429 3825 1482 ὅτι

2231 1513 2359 1578 τοὺς
2386 1514 2596 1586 τροφῆς
2619 1514 2954 1586 ἀρχομένους
2978 1515 3319 1585 εὐχαριστεῖν
3339 1513 3422 1568 δεῖ
3440 1512 3519 1584 τῷ
3537 1512 3676 1583 Θεῷ.
3708 1511 3826 1566 Καὶ

2232 1597 2404 1660 ἄλλως
2427 1597 2504 1661 δέ,
2537 1597 2632 1650 ἐπὶ
2662 1595 2771 1650 τῶν
2799 1596 3095 1650 ἐλαττόνων
3127 1595 3260 1651 αὐτὸ
3311 1595 3546 1667 μάλιστα
3589 1594 3827 1665 ἐργάζε-

2227 1697 2339 1745 ται,
2376 1680 2463 1733 ῐνα
2493 1678 2674 1752 μάθῃς
2718 1680 2800 1733 ὅτι
2833 1679 2894 1732 οὐ
2930 1679 3183 1749 δεόμενος
3221 1679 3355 1733 αὐτὸ
3403 1680 3568 1732 ποιεῖ.
3615 1673 3677 1730 Εἰ
3708 1677 3825 1748 γάρ

2230 1764 2503 1833 δεόμενος,
2545 1761 2728 1833 πολλῷ
2773 1761 2973 1832 μᾶλλον
3007 1761 3100 1815 ἐπὶ
3129 1761 3238 1814 τῶν
3271 1760 3534 1832 μειζόνων
3576 1760 3643 1814 ἂν
3685 1759 3826 1813 αὐτὸ

2231 1845 2506 1917 ἐποίησεν.
2546 1843 2606 1898 '0
2654 1844 2711 1896 δέ
2763 1845 2948 1897 ἐκεῖνα
2999 1843 3256 1916 αὑθεντίᾳ
3302 1845 3558 1914 ποιήσας,
3594 1841 3824 1915 εὔδηλον

2229 1929 2309 1982 ὅτι
2344 1929 2437 1981 καὶ
2457 1927 2631 1988 ταῦτα
2670 1927 3155 1996 συγκαταϐατικῶς
3183 1927 3470 1999 ἔπραττεν.

2300 2012 2497 2082 γ’.¹Ἐτι
2521 2027 2581 2064 τε
2604 2012 2698 2064 καὶ
2713 2011 2795 2064 ὅτι
2820 2011 2974 2081 ὄχλος
2995 2011 3160 2074 πολὺς
3173 2007 3241 2083 ἦν
3259 2011 3446 2082 παρὼν
3466 2011 3515 2073 ⁸,
3539 2010 3632 2064 καί
3648 2011 3824 2083 ἐχρῆν

2223 2093 2424 2156 αὐτοὺς
2473 2093 2782 2162 πεισθῆναι,
2823 2093 2906 2146 ὅτι
2957 2093 3100 2148 κατὰ
3145 2092 3370 2164 γνώμην
3401 2093 3537 2148 Θεοῦ
3578 2093 3822 2164 παρεγέ-

2227 2191 2368 2230 νετο.
2394 2177 2493 2231 Διὰ
2523 2175 2679 2230 τοῦτο
2710 2176 2840 2229 ὅταν
2872 2176 2971 2246 μὲν
3003 2176 3162 2247 μόνος
3188 2180 3313 2247 ποιῇ
3351 2194 3402 2230 τι
3444 2179 3690 2247 σημεῖον,
3722 2175 3823 2227 οὑ-

2226 2257 2313 2311 δέν
2339 2257 2575 2311 τοιοῦτον
2620 2257 3010 2311 ἐπιδείκνυται·
3045 2259 3173 2311 ὅταν
3217 2258 3274 2311 δὲ
3305 2259 3398 2311 ἐπὶ
3436 2258 3646 2312 πολλῶν
3679 2257 3822 2312 αὐτὸ

2224 2343 2376 2413 ποιῇ,
2429 2339 2570 2394 ὥστε
2601 2340 2888 2394 πιστεῦσαι
2936 2342 3133 2406 αὐτοὺς
3185 2342 3266 2395 ὃτι
3310 2343 3410 2395 οὑκ
3455 2340 3702 2404 άντίθεός
3728 2340 3820 2401 τίς

2224 2426 2393 2490 ἐστιν,
2427 2424 2546 2478 οὐδέ
2572 2423 2811 2488 ἐναντίος
2833 2424 2911 2495 τῷ
2931 2425 3304 2496 γεγεννηκότι,
3336 2425 3423 2479 διὰ
3463 2429 3563 2497 τῆς
3594 2426 3821 2496 εὐχαρι-

2223 2497 2622 2579 στίαςάναιρεῖ
2653 2510 2752 2578 τὴν
2781 2508 3036 2576 ὑποψίαν.
3069 2508 3176 2562 Καὶ
3206 2508 3391 2563 ἔδωκε
3421 2509 3548 2576 τοῖς
3574 2510 3819 2563 ἀνακει-

2210 2591 2452 2662 μένοις,
2502 2590 2601 2645 καί
2646 2590 3142 2659 ἐνεπλήσθησαν.
3202 2590 3355 2655 Είδες
3405 2591 3569 2646 πόσον
3623 2591 3818 2646 δούλου

2225 2674 2321 2727 καί
2347 2673 2607 2727 δεσπότου
2637 2673 2698 2726 τὸ
2749 2673 2943 2745 μέσον;
2993 2675 3220 2728 Ἐκεῖνοι
3251 2675 3349 2746 μέν
3375 2674 3482 2746 γὰρ
3517 2676 3580 2728 ἐκ
3611 2675 3818 2748 μέτρου

2225 2756 2438 2827 ἔχοντες
2461 2756 2559 2828 τὴν
2581 2757 2761 2828 χάριν,
2798 2755 2971 2821 οὕτως
3005 2756 3508 2829 ἐθαυματούργουν·
3541 2761 3568 2812 ό
3591 2758 3649 2812 δέ
3678 2758 3820 2826 Θεὸς

2223 2840 2597 2911 ἀπολελυμένη
2643 2841 2870 2911 δυνάμει
2914 2841 3106 2906 ποιῶν,
3164 2843 3304 2912 μετὰ
3351 2842 3551 2914 πολλῆς
3595 2843 3819 2899 ἃπαντα

2225 2922 2508 2993 εἰργάζετο
2530 2923 2630 2992 τῆς
2659 2923 2996 2994 περιουσίας.
3037 2924 3145 2978 Καὶ
3171 2920 3301 2980 εἷπε
3331 2925 3457 2992 τοῖς
3493 2927 3812 2995 μαθηταῖς·

2225 3007 2600 3077 Συναγάγετε
2639 3009 2712 3060 τά
2760 3009 3254 3074 περισσεύσαντα
3286 3010 3606 3080 κλάσματα
3644 3011 3698 3064 ιι.
3747 3013 3819 3065 υἱ

2226 3091 2295 3144 δὲ
2345 3090 2715 3160 συνήγαγον,
2760 3091 2858 3144 καί
2896 3090 3186 3161 ἐγέμισαν
3226 3092 3456 3148 δώδεκα
3494 3094 3813 3164 κοφίνους.

2225 3174 2340 3227 Ούκ
2369 3174 2628 3238 ἐπίδειξις
2675 3169 2743 3244 ἦν
2784 3171 2943 3227 τοῦτο
2976 3175 3224 3246 περιττὴ,
3257 3177 3372 3230 ἀλλ’
3394 3177 3536 3232 ὥστε
3569 3178 3645 3250 μὴ
3674 3195 3820 3248 φαν-

2221 3257 2414 3311 τασίαν
2446 3256 2767 3327 νομισθῆναι
2801 3257 2862 3310 τὸ
2892 3259 3148 3329 πρᾶγμα·
3179 3257 3266 3313 διά
3315 3259 3392 3331 δὴ.
3421 3260 3580 3316 τοῦτο
3623 3262 3718 3316 καὶ
3750 3261 3818 3330 ἐξ

2222 3338 2586 3411 ὑποκειμένης
2645 3338 2778 3409 ὕλης
2823 3339 3170 3412 δημιουργεῖ.
3205 3342 3362 3407 Τίνος
3406 3343 3464 3396 δέ
3504 3343 3691 3397 ἕνεκεν
3745 3345 3815 3399 οὐ

2220 3425 2334 3485 τοῖς
2362 3421 2539 3492 ὄχλοις
2585 3421 2782 3476 ἔδωκεν
2834 3423 3122 3494 βαστάσαι,
3164 3424 3300 3479 ἀλλὰ
3346 3414 3814 3498 τοῖέμαθηταῖςς

2222 3500 2346 3560 Ὅτι
2380 3508 2612 3578 μάλιστα
2643 3507 2868 3572 τούτους
2903 3508 3192 3562 παιδεῦσαι
3225 3509 3487 3579 ἠϐούλετο
3511 3511 3636 3573 τοὺς
3680 3511 3818 3581 μέλ-

2222 3591 2412 3654 λοντας
2440 3586 2579 3645 εἶναι
2604 3591 2954 3655 διδασκάλους
2979 3591 3081 3662 τῆς
3110 3592 3455 3663 οἰκουμένης.
3481 3591 3554 3646 Τὸ
3579 3592 3679 3665 μὲν
3698 3593 3816 3666 γάρ

2223 3675 2427 3746 πλῆθος
2454 3675 2606 3729 οὐδὲν
2636 3675 2779 3746 μέγα
2806 3675 2997 3746 ἔμελλε
3023 3675 3423 3744 καρπώσασθαι
3449 3679 3516 3731 ἐκ
3543 3678 3652 3732 τῶν
3677 3679 3817 3734 θαυ-

2224 3758 2407 3828 μάτων
2434 3757 2590 3820 τέως·
2625 3757 2831 3822 εὐθέως
2873 3758 3003 3827 γοῦν
3053 3759 3476 3814 ἐπελανθάνοντο
3504 3762 3679 3826 αὐτοὶ,
3714 3764 3815 3817 καὶ

2213 3841 2382 3913 ᾔτουν
2411 3841 2597 3911 ἕτερον
2631 3839 2837 3911 θαῦμα·
2885 3836 3030 3896 οὗτοι
3055 3843 3113 3896 δέ
3140 3844 3201 3897 οὐ
3230 3844 3298 3897 τὰ
3325 3845 3557 3914 τυχόντα
3588 3845 3812 3916 κερδαί-

2219 3941 2331 3978 νειν
2369 3923 2612 3994 ἔμελλον.
2637 3919 2748 3977 Ἧν
2781 3923 2837 3977 δὲ
2866 3925 2962 3978 καὶ
2986 3925 3064 3995 τῷ
3096 3925 3266 3998 Ἰούδᾳ
3291 3926 3611 3999 κατάκριμα
3631 3927 3692 3982 τὺ
3719 3945 3814 3998 γι-

2219 4009 2443 4078 νόμενον
2470 4008 2529 4060 οὑ
2554 4007 2616 4060 τὸ
2645 4007 2827 4078 τυχὸν,
2859 4007 3180 4078 βαστάζοντι
3213 4010 3303 4064 τὸν
3334 4011 3573 4080 κόφινον.
3595 4013 3717 4067 Ὅτι
3750 4015 3814 4071 δὲ

2217 4091 2321 4162 τῆς
2350 4089 2529 4144 αὐτῶν
2559 4089 2897 4154 παιδεύσεως
2933 4092 3121 4146 ἕνεκεν
3151 4092 3328 4148 ταῦτα
3358 4095 3596 4163 ἐγένετο,
3620 4096 3684 4150 ἐκ
3711 4099 3812 4152 τοῦ

2220 4175 2511 4247 εἰρημένου
2557 4174 2782 4245 ὕστερον
2822 4175 3001 4247 δῆλον,
3041 4170 3209 4250 οὗπερ
3253 4171 3560 4251 ἀνέμνησεν
3609 4181 3813 4247 αὐτοὺς

2219 4258 2412 4326 λέγων·
2454 4258 2628 4311 Οὔπω
2669 4255 2862 4313 νοεῖτε
2906 4260 3143 4324 πόσους
3187 4260 3480 4329 κοφίνους
3525 4263 3814 4330 adﬁcta;

2222 4342 2332 4395 Καὶ
2363 4342 2423 4393 τὸ
2474 4341 2790 4412 ἰσαρίθμους
2838 4338 2975 4395 εἶναι
3023 4344 3137 4405 τοῖς
3183 4332 3456 4414 μαθηταῖς
3486 4346 3614 4410 τοὺς
3655 4349 3813 4418 κοφί-

2224 4441 2345 4487 νους
2375 4424 2481 4476 τῶν
2502 4424 2790 4494 λειψάνων,
2819 4425 2916 4495 τῆς
2939 4425 3109 4494 αὐτῆς
3138 4423 3323 4479 ἕνεκεν
3349 4429 3531 4491 αἰτίας
3559 4431 3806 4498 γέγονεν.

2223 4507 2488 4577 ’Υστερον
2515 4507 2573 4560 δὲ
2598 4507 2784 4579 ἐπειδὴ
2814 4506 3234 4578 ἐπαιδεύθησαν,
3254 4510 3355 4562 οὐκ
3387 4510 3469 4564 ἐτι
3497 4513 3809 4580 τοσούτους,

2219 4588 2355 4643 ἀλλὰ
2390 4589 2655 4660 σπυρίδας
2684 4589 2843 4642 ἐπτά.
2884 4588 3026 4656 Ἐγὼ
3055 4589 3112 4642 δέ
3142 4591 3203 4643 οὐ
3230 4591 3291 4644 τὺ
3319 4592 3523 4662 πλῆθος
3546 4593 3814 4666 θαυμάζω

2219 4672 2329 4752 τῶν
2374 4671 2674 4740 γεγονότων
2717 4671 2898 4741 ἄρτων
2929 4671 3081 4744 [252]
3119 4674 3301 4744 μόνον,
3344 4676 3480 4730 ἀλλὰ
3525 4679 3632 4749 μὴν
3671 4681 3816 4750 μετὰ

2221 4755 2314 4810 τοῦ
2345 4755 2579 4827 πλήθους
2609 4755 2703 4809 καὶ
2723 4757 2822 4827 τὴν
2846 4755 3132 4827 ἀκρίϐειαν
3161 4758 3256 4812 τοῦ
3288 4761 3729 4833 περισσεύματος
3760 4763 3810 4831 ι,

2221 4839 2303 4892 ὅτι
2333 4836 2456 4891 οὔτε
2486 4839 2667 4892 πλεῖον
2693 4838 2817 4892 οὔτε
2854 4838 3074 4895 ἔλαττον
3095 4842 3322 4914 ἐποίησε
3353 4847 3811 4916 περισσευθῆναι,

2221 4922 2354 4975 ἀλλὰ
2379 4921 2631 4976 τοσοῦτον
2661 4924 2782 4977 ὅσον
2807 4924 3079 4992 ἐϐούλετο,
3116 4927 3383 4997 προειδὼς
3421 4927 3562 4982 πόσα
3592 4929 3813 4983 ἀναλώ-

2225 5023 2426 5088 σουσιν·
2459 5007 2594 5077 ὅπερ
2640 5007 2851 5075 άφάτου
2883 5009 3164 5079 δυνάμεως
3196 5007 3281 5081 ἦν.
3333 5012 3653 5088 Ἐπιστοῦτο
3706 5017 3813 5084 μὲν

2223 5086 2315 5143 οῦν
2341 5091 2409 5142 τά
2449 5090 2734 5160 κλάσματα
2762 5091 2825 5144 τὸ
2857 5093 3103 5161 γεγονὸς,
3134 5086 3811 5167 άμφότεραέμφαίνοντα.

2223 5174 2315 5226 καὶ
2348 5175 2430 5226 ὅτι
2460 5176 2520 5226 οὐ
2557 5175 2830 5242 φαντασία
2857 5193 2938 5239 τις
2987 5171 3055 5246 ἦν
3102 5177 3172 5230 τὰ
3201 5180 3562 5250 γεγενημένα,
3608 5182 3700 5234 καὶ
3724 5183 3813 5236 ὃτι

2223 5255 2281 5320 ἐξ
2323 5257 2546 5309 ἐκείνων
2574 5253 2642 5326 ἦν
2687 5252 2763 5312 ὧν
2811 5259 3149 5330 ἐτράφησαν.
3207 5260 3280 5313 Τὸ
3324 5261 3380 5314 δὲ
3429 5263 3541 5315 τῶν
3587 5263 3812 5334 ἰχθύων,

2219 5340 2340 5420 τότε
2379 5339 2477 5410 μὲν
2502 5340 2877 5410 ὑποκειμένων
2908 5343 3145 5411 ἐγένετο·
3179 5342 3407 5414 ὕστερον
3439 5345 3494 5399 δὲ
3538 5348 3675 5417 μετὰ
3711 5349 3815 5420 τῂν

2220 5419 2536 5482 ἀνάστασιν,
2567 5421 2668 5472 ούκ
2705 5420 2784 5473 ἔτι
2816 5421 2876 5486 ἐξ
2920 5420 3054 5492 ὕλης
3080 5423 3467 5496 ὑποκειμένης.
3499 5425 3654 5489 Τίνος
3691 5419 3815 5481 ἐνε-

2224 5515 2356 5577 κεν;
2393 5498 2510 5550 Ἵνα
2539 5499 2718 5570 μάθῃς
2758 5501 2838 5552 ὅτι
2868 5502 2962 5555 καὶ
2985 5501 3081 5556 νῦν
3103 5504 3170 5573 τῇ
3201 5503 3305 5577 ὕλῃ
3330 5505 3614 5575 ἐκέχρητο,
3643 5509 3703 5560 οὐ
3742 5509 3814 5560 δι’

2221 5575 2448 5628 ἔνδειαν.
2480 5577 2598 5629 ούδέ
2620 5577 2876 5647 δεόμενος
2911 5578 3252 5649 ὑποϐάθρας,
3276 5575 3403 5639 ήάλλ’
3434 5582 3574 5636 ὥστε
3605 5584 3674 5636 τὰ
3701 5586 3815 5639 τῶν

2222 5654 2510 5732 αίρετιΑκῶν
2536 5656 2810 5725 ἐμφράξαι
2842 5658 3108 5727 στόματα.
3144 5661 3207 5711 οι
3234 5659 3302 5712 δέ
3331 5661 3501 5730 ὄχλοι
3524 5665 3736 5732 ἕλετο-ν
3762 5675 3810 5730 1,

2223 5733 2309 5785 ὅτι
2338 5729 2525 5799 Οὗτός
2557 5736 2730 5786 ἐστιν
2765 5735 3006 5804 ἀληθῶς
3045 5741 3078 5792 d
3120 5729 3453 5808 προφήτης.
3493 5743 3556 5794 Ὢ
3587 5729 3812 5813 γαστριέ

2263 5829 2311 5889 ὀ
2347 5817 2552 5889 ΑΙὶἱ-ὅτι
2584 5819 2690 5882 γάρ.
2728 5813 3112 5889 ξῖιὶτθιτιὸτε-δὲ.
3233 5823 3332 5889 Alii
3369 5823 3456 5889 τοῦ
3493 5829 3694 5889 σημείου
3729 5833 3817 5884 τῆς

2221 5881 2426 5948 πίστεως
2446 5881 2664 5948 ἤρξαντο.
2734 5883 2758 5920 ⁸
2785 5883 2936 5948 δενὶἰ.
2972 5884 3128 5939 ἄλλως
3159 5887 3209 5934 δέ
3226 5887 3306 5934 καί
3333 5889 3360 5934 ὁ
3387 5888 3525 5948 ὄχλος
3544 5881 3593 5934 π.
3627 5888 3683 5944 ἠν
3709 5890 3735 5933 ὁ

2225 5937 2250 5974 h
2275 5937 2991 6016 Quidarnnbybenkmpmuaiag.
3030 5937 3126 5993 Καί
3151 5937 3478 6016 έπερίσσευὲἐ,
3507 5937 3816 6016 indiuiduo-

2223 6018 2361 6060 ματα.
2426 6003 2457 6066 iii
2485 6003 2585 6066 Alii
2617 6003 2702 6050 τοῦ
2747 6003 3163 6066 περισσεύσαντος.
3237 6003 3249 6058 i
3303 6003 3475 6059 Murle
3517 6003 3568 6058 ὀἱ
3611 6009 3689 6056 οὖν
3730 6012 3818 6056 ἀν.

2225 6065 2400 6125 θρωποι
2424 6063 2599 6120 ἰδόντες
2623 6066 2678 6113 τὸ
2702 6063 2917 6129 σημεῖον,
2947 6070 3124 6134 ἔλεγον.
