4024 6480
278 224 293 261 ς

90 370 113 375 Ἣ
1303 400 1369 455 iN
1407 388 1723 457 marium:
1765 395 2003 453 nomn.
2046 399 2210 460 ηπ.
2248 400 2319 454 al.
2359 401 2500 456 xu.

214 512 449 592 Ἰηιιιιτ,
477 517 601 578 Non
619 518 791 577 solum
815 517 938 592 quia
964 508 1186 572 soloebai
1209 514 1475 571 sabbatum
1494 555 1512 582 ,
1530 562 1531 567 η
1550 511 1641 570 sed
1678 512 1830 567 etiam

222 618 353 689 de
387 610 607 671 Patrem
635 629 786 689 suum
826 611 1023 667 dicebat
1065 609 1225 665 Deum
1243 650 1260 678 ,
1286 609 1532 679 aqualem
1555 625 1611 666 se
1636 608 1831 682 faciens

224 685 342 767 beo
376 723 400 764 :
434 706 539 763 nisi
563 719 631 763 es
656 685 804 763 esset
831 705 998 775 ipsius
1030 701 1230 759 Christi
1264 703 1532 760 sententia
1572 703 1831 772 operibus

154 786 167 797 '
226 786 582 864 conﬁrmata,
635 797 933 853 addidisset
987 802 1042 851 et
1093 795 1166 851 ibi
1210 795 1603 851 correctionem
1660 794 1825 849 illam.

222 889 360 947 niam
397 888 447 945 si
489 890 545 944 in
580 889 759 944 verbis
789 874 917 943 .ieSu
948 886 1100 943 timet
1138 887 1463 957 evangelista
1495 900 1566 942 ne
1591 886 1712 956 quis
1735 900 1828 941 su-

222 982 525 1053 spicionem
558 981 751 1036 habeat
775 1019 793 1046 ,
820 979 988 1034 multo
1019 978 1189 1050 magis
1210 979 1266 1034 in
1289 978 1353 1034 iis
1374 993 1497 1050 qua:
1519 977 1588 1035 de
1613 978 1710 1033 illo
1733 976 1831 1033 alii

221 1075 473 1133 dicerent
498 1076 803 1146 suspicatus
828 1073 1047 1137 fuisset,
1077 1074 1123 1128 si
1152 1070 1258 1129 neu
1289 1072 1513 1129 vidisset
1538 1087 1719 1128 veram
1754 1070 1827 1128 de

224 1166 320 1221 illo
343 1166 657 1236 opinionem
687 1163 892 1220 haberi.
922 1155 1030 1239 sed
1065 1164 1196 1219 nihil
1224 1162 1395 1230 dixit,
1435 1164 1640 1220 sciebat
1680 1162 1827 1219 enim

220 1256 426 1313 Christi
474 1256 799 1313 sententiam
834 1265 892 1311 et
936 1256 1211 1312 immobile
1250 1255 1547 1312 decretum.
1594 1254 1829 1326 ideoque

220 1364 344 1405 cum
372 1348 625 1413 dixisset,
658 1346 943 1418 Equalem
969 1364 1025 1403 se
1052 1349 1251 1419 faciens
1282 1347 1412 1416 Deo,
1448 1364 1554 1404 non
1586 1362 1715 1406 usus
1742 1356 1829 1405 est

221 1441 311 1495 illa
354 1444 737 1507 correctione;
794 1455 902 1495 non
953 1440 1103 1495 enim.
1139 1452 1393 1512 corrupta
1440 1441 1654 1497 illorum
1708 1450 1829 1498 erat

220 1531 428 1602 opinio,
450 1530 550 1587 sed
578 1546 704 1587 vera
725 1530 794 1587 de
816 1532 909 1587 illo
931 1533 1197 1588 sententia
1221 1533 1471 1603 operibus
1487 1533 1826 1590 confirmata.

220 1621 355 1678 Cum
397 1638 531 1693 ergo
558 1621 867 1692 Philippum
899 1624 1304 1696 interrogasset,
1348 1625 1401 1681 8.
1432 1624 1572 1681 Dicit
1594 1625 1827 1681 Andreas

221 1715 383 1785 [mter
403 1714 636 1771 Simonis
671 1714 817 1772 Petri
845 1732 867 1771 :
895 1717 950 1773 9.
983 1716 1079 1772 Est
1110 1736 1237 1790 puer
1258 1736 1391 1774 unus
1415 1721 1521 1785 Itic,
1554 1721 1643 1792 qui
1675 1722 1827 1776 liabet

220 1811 442 1880 quinque
462 1826 621 1881 panes
646 1811 972 1878 hordeaceos,
995 1822 1040 1867 et
1064 1800 1196 1868 duos
1222 1816 1385 1886 pisces
1410 1831 1428 1880 ,'
1451 1816 1541 1870 sed
1568 1818 1675 1871 Ita’c
1702 1815 1834 1887 quid

219 1910 336 1955 sunt
371 1902 512 1956 inter
540 1902 750 1957 tantos?
791 1901 1087 1960 Sublimius
1130 1905 1331 1975 cogitat
1372 1905 1619 1961 Andreas
1664 1922 1829 1978 quam

223 1992 527 2063 Philippus,
555 2008 731 2065 neque
772 2003 949 2050 tamen
977 1997 1187 2066 penitus
1218 2014 1333 2054 rem
1365 1998 1654 2055 intellexit.
1688 1999 1825 2055 Puto

219 2092 401 2139 autem
438 2084 593 2139 illum
623 2101 732 2140 non
758 2086 877 2143 sine
905 2102 1065 2142 causa
1098 2089 1168 2142 ita
1198 2088 1342 2159 loqui
1370 2106 1386 2155 ;
1426 2090 1522 2146 sed
1563 2105 1684 2146 cum
1730 2105 1826 2145 au-

220 2172 388 2229 disset
417 2175 806 2246 prophetarum
836 2179 1113 2248 miracula,
1147 2181 1420 2237 utElisati
1448 2183 1589 2239 circa
1622 2197 1822 2252 panes;

220 2269 345 2324 hinc
368 2269 613 2324 ascendit
631 2270 851 2340 quidem
868 2271 937 2326 ad
962 2272 1253 2344 quamdam
1284 2273 1696 2341 sublimitatem,
1725 2275 1822 2332 sed

219 2374 325 2415 non
347 2359 417 2415 ad
443 2362 660 2417 culmen
690 2365 957 2432 pervenit.

299 2453 478 2510 Victus
515 2455 791 2527 frugalitas
825 2458 1227 2514 commendatur.
1258 2440 1707 2515 Marcionistarum
1729 2476 1821 2515 cr-

218 2564 321 2604 ror.
344 2548 575 2604 —ﬂinc
607 2548 881 2605 discamus
909 2550 1000 2622 qui
1038 2551 1248 2608 deliciis
1273 2566 1459 2608 sumus
1479 2552 1666 2620 dediti,
1703 2555 1823 2625 quis

216 2641 367 2698 cibus
409 2651 561 2699 esset
600 2651 714 2699 tam
759 2644 1086 2700 mirabilium
1134 2647 1394 2715 virorum,
1427 2664 1586 2719 quam
1623 2651 1816 2717 tenuis,

214 2739 367 2803 cujus
394 2736 640 2805 generis,
672 2736 922 2807 ipsosque
954 2738 1238 2794 inmensa:
1264 2740 1567 2811 frugalitate
1591 2752 1646 2797 et
1685 2757 1820 2798 con-

212 2826 419 2882 ditione
445 2828 743 2883 imitemur.
770 2828 1057 2899 Sequentia
1090 2831 1309 2885 multam
1338 2831 1618 2888 declarant
1645 2834 1818 2890 intlle-

211 2919 514 2975 cillitatem.
538 2919 678 2974 Nam
707 2930 988 2991 postquam
1013 2923 1247 2989 dixerat,
1280 2923 1447 2978 [labet
1474 2926 1696 2996 quinque
1721 2944 1819 2998 pa.

213 3026 299 3064 nes
328 3010 657 3074 hordeaceos,
689 3010 895 3067 addidit
926 3030 944 3066 :
975 3011 1084 3068 Sed
1109 3014 1217 3068 hac
1240 3015 1365 3085 quid
1393 3008 1513 3071 sunt
1537 3019 1671 3071 inter
1696 3028 1815 3074 tan-

208 3102 323 3155 tos?
361 3101 592 3156 Putabat
621 3103 764 3157 enim
795 3104 1180 3159 miraculorum
1205 3105 1469 3162 editorem
1501 3122 1565 3163 ex
1597 3110 1818 3179 paucio-

212 3195 361 3249 ribus
388 3195 667 3261 pauciora,
699 3210 766 3251 ex
796 3196 1036 3265 pluribus
1059 3197 1209 3267 plura
1242 3197 1509 3256 facturum
1532 3215 1688 3269 esse;
1717 3201 1814 3257 8rd

211 3302 319 3341 non
352 3288 425 3341 ita
451 3303 542 3344 res
571 3302 631 3343 se
655 3288 905 3345 habebat.
926 3288 1061 3347 Nam
1092 3291 1314 3360 perinde
1347 3293 1421 3347 illi
1448 3304 1564 3348 erat
1599 3309 1662 3349 ex
1694 3295 1813 3366 plu-

207 3380 358 3436 ribus
386 3388 443 3435 et
467 3396 535 3436 ex
579 3381 924 3452 paucioribus
952 3383 1224 3454 ingentem
1254 3401 1449 3455 panum
1476 3387 1687 3458 copiam
1717 3405 1813 3459 pa-

207 3490 350 3530 rcre.
376 3474 565 3545 Neque
610 3475 753 3529 enim
784 3475 1043 3546 subjecta
1084 3479 1308 3534 materia
1361 3494 1499 3550 opus
1542 3480 1807 3550 habebat;

203 3566 305 3621 sed
352 3581 422 3621 ne
457 3574 706 3621 creatura
748 3565 1022 3623 videretur
1065 3568 1239 3624 aliena
1270 3585 1392 3626 esse
1427 3571 1496 3625 ab
1524 3572 1692 3641 ipsius
1725 3589 1814 3629 sa-

205 3658 429 3728 pientia,
457 3658 510 3714 id
537 3658 678 3729 quod
710 3675 991 3730 perperam
1015 3660 1370 3719 liarcionistzc
1391 3666 1663 3732 dicebant,
1696 3668 1809 3738 ipsa

202 3758 457 3805 creatura
500 3749 568 3805 ad
607 3751 865 3807 miracula
909 3754 1170 3822 patranda
1213 3770 1341 3810 usus
1379 3767 1483 3813 est.
1514 3758 1649 3813 Cum
1678 3776 1809 3831 ergo

199 3839 365 3895 autbo
394 3839 783 3909 discipuli-non
811 3854 1115 3915 sperarent,
1150 3852 1278 3902 tunc
1306 3848 1622 3905 miraculum
1650 3852 1761 3906 edit
1789 3869 1805 3908 :

199 3934 281 3990 sic
309 3934 457 3989 enim
488 3934 658 4003 magis
684 3932 760 3989 illi
788 3933 977 3991 Iucrati
1004 3946 1166 4002 sunt,
1202 3952 1323 3994 cum
1358 3943 1505 4011 prius
1542 3944 1621 4000 rei
1667 3944 1807 4000 difﬁ-

196 4026 458 4089 cultatem
486 4024 719 4081 confessi
749 4036 953 4105 essent,
986 4038 1046 4084 ut
1074 4045 1132 4085 re
1156 4042 1370 4100 peracta
1412 4034 1506 4089 Dei
1551 4037 1802 4094 virtutem

198 4128 445 4175 nossent.
492 4118 627 4187 Quia
666 4120 810 4176 enim
852 4120 1091 4177 futurum
1124 4123 1334 4193 signum
1380 4140 1530 4192 erat,
1572 4130 1716 4200 quod
1771 4146 1800 4187 a

198 4209 483 4280 prophetis
518 4208 724 4265 editum
756 4210 926 4267 fuerat
951 4254 967 4273 ,
999 4213 1211 4269 etiamsi
1240 4231 1345 4269 non
1378 4218 1493 4286 pari
1523 4219 1705 4287 modo,
1748 4230 1805 4277 et

197 4303 479 4383 praemissa
524 4303 818 4374 gratiarum
847 4306 1060 4361 actione
1088 4306 1262 4375 ipsum
1289 4308 1533 4365 editurus
1557 4322 1702 4381 erat,
1734 4330 1803 4370 ne

195 4392 454 4449 imbecilli
498 4393 551 4448 in
590 4395 950 4464 suspicionem
998 4397 1328 4465 inciderent;
1378 4401 1499 4457 Vide
1528 4404 1801 4472 quomodo

195 4483 497 4554 peremnia
542 4494 750 4541 mentes
793 4486 963 4557 erigat
1015 4498 1069 4542 et
1120 4488 1474 4547 dill’ercntiam
1525 4496 1795 4552 Ostendat.

193 4575 326 4631 Cum
343 4577 489 4632 enim
507 4576 742 4631 nondum
766 4592 930 4647 panes
952 4589 1288 4648 apparerent,
1316 4583 1631 4639 miraculum
1653 4586 1794 4655 edit;

191 4679 251 4724 ut
277 4670 547 4741 intelligas
572 4686 635 4727 ea
664 4687 785 4742 qum
817 4673 1219 4736 nonexsistunt
1242 4715 1255 4735 .
1287 4683 1345 4730 ut
1385 4690 1447 4730 ca
1487 4693 1607 4747 quae
1632 4688 1793 4748 sunt,

192 4764 293 4833 ipsi
322 4763 536 4820 subdita
558 4778 703 4833 esse,
735 4775 793 4819 ut
821 4765 1015 4821 Paulus
1045 4766 1120 4821 ait
1151 4784 1167 4821 :
1197 4765 1298 4832 Qui
1317 4779 1458 4823 vocat
1478 4786 1537 4823 ea
1558 4787 1671 4842 qua:
1691 4789 1793 4828 non

191 4866 308 4910 sunt
336 4897 352 4922 ,
395 4871 459 4915 ac
487 4856 532 4910 si
576 4865 739 4910 essent
767 4854 940 4926 (Rom.
968 4869 1020 4912 4.
1048 4859 1159 4928 l7).
1188 4860 1268 4914 Ac
1296 4860 1340 4915 si
1372 4861 1515 4915 enim
1538 4875 1789 4933 apparata

192 4962 375 5003 mensa
402 4956 569 5013 esset,
620 4947 783 5018 jussit
824 4963 921 5005 eos
961 4951 1140 5005 statim
1185 4950 1552 5022 discumbere,
1608 4958 1796 5029 sicque

187 5040 573 5111 discipulorum
603 5049 839 5097 mentem
862 5044 1052 5099 erexit.
1088 5042 1221 5099 Cum
1254 5056 1433 5102 autem
1464 5064 1527 5103 cx
1558 5051 1787 5105 interro-

188 5132 399 5203 gatione
425 5133 617 5189 lucrati
644 5144 848 5203 essent,
878 5137 1057 5191 statim
1086 5148 1412 5207 paruerunt,
1463 5157 1563 5199 nec
1593 5145 1788 5201 turbati

188 5234 327 5291 sunt,
359 5239 539 5294 neque
563 5223 815 5280 dixerunt
843 5243 855 5279 :
885 5226 1023 5295 Quid
1052 5228 1153 5283 hoc
1183 5230 1303 5283 est?
1325 5246 1422 5286 cur
1445 5230 1788 5293 discumbere

184 5314 365 5385 iubes,
411 5331 536 5371 cum
579 5315 711 5371 nihil
750 5318 803 5372 in
832 5318 1009 5374 medio
1042 5323 1337 5389 appareat?
1380 5323 1468 5379 Sic
1497 5336 1784 5397 antequam

184 5407 389 5477 signum
412 5407 683 5475 viderent,
707 5410 928 5467 credere
952 5423 1253 5481 cmperunt,
1277 5416 1365 5485 qui
1396 5416 1549 5473 initio
1578 5420 1647 5473 ita
1674 5436 1782 5476 non

184 5499 497 5569 credebant,
552 5502 924 5569 ut‘dicerent,
976 5504 1127 5561 Unde
1162 5523 1385 5563 curemus
1429 5514 1632 5579 panes?
1672 5513 1784 5570 lmo

185 5589 433 5647 alacriter
478 5591 664 5648 turbas
704 5592 1043 5653 discumbere
1084 5597 1384 5668 jusserunt.
1418 5601 1526 5659 Sed
1556 5620 1655 5660 cur
1684 5621 1781 5677 pa-

185 5683 464 5754 ralyticum
507 5694 814 5755 sanaturus,
874 5696 1144 5745 mortuum
1187 5693 1573 5760 suscitaturus,
1630 5713 1781 5754 mare

185 5773 499 5844 sedatums,
529 5789 636 5831 non
666 5787 955 5849 precatur;
992 5780 1081 5837 hic
1110 5798 1238 5840 vero
1257 5827 1271 5851 ,
1304 5800 1427 5841 cum
1457 5787 1525 5844 de
1549 5789 1778 5859 panibus

185 5864 371 5937 agitur,
416 5866 471 5923 id
512 5866 673 5926 facit?
705 5869 775 5928 Ut
816 5871 1029 5949 doceat,
1056 5889 1180 5938 ante
1210 5882 1389 5939 cibum
1424 5884 1625 5956 gratias
1650 5896 1777 5939 esse

3436 405 3559 461 219.

1939 512 2053 570 Deo
2092 515 2348 586 agendas.
2391 515 2641 587 Alioquin
2681 525 2862 573 autem
2901 516 2957 573 in
3001 518 3239 573 minimis
3270 518 3319 572 id
3348 520 3551 577 facere

1936 608 2110 677 solet,
2142 619 2200 664 ut
2228 608 2408 666 discas
2435 610 2582 667 illum
2612 625 2718 665 nou
2764 611 2906 681 quod
2940 612 3206 683 indigeat,
3237 610 3310 666 ita
3341 608 3543 667 i‘accrc.

1897 755 1906 764 .
1935 701 1995 759 Si
2035 704 2177 759 enim
2222 702 2573 774 iudiguissct,
2603 704 2777 774 potius
2808 704 2859 760 id
2890 705 2940 758 iu
2973 703 3269 776 majoribus
3301 704 3540 760 fecisset.

1933 790 2035 860 Qui
2071 809 2201 851 vero
2247 794 2339 850 illa
2373 809 2496 850 eum
2527 778 2846 853 auctbritate
2876 796 3031 864 fecit,
3076 795 3207 854 haec-
3230 811 3354 854 sese
3397 795 3565 852 haud?

1932 886 2095 944 dubie
2121 887 2456 946 demittenda
2480 891 2711 961 peregit.

2004 981 2058 1039 5.
2100 980 2183 1037 Ad
2215 982 2332 1038 haec
2361 996 2491 1038 vero
2518 982 2674 1038 turba
2710 998 2902 1055 magna
2930 983 3154 1050 aderat,
3190 982 3277 1039 cui
3311 997 3535 1054 persua-

1930 1071 2167 1130 dendum
2198 1082 2315 1131 erat
2340 1114 2355 1139 ,
2387 1088 2447 1129 sc
2484 1064 2903 1131 secundum'iiei
2945 1073 3275 1130 voluntatem
3299 1074 3534 1131 venisse.

1930 1167 2272 1239 Quapropter
2320 1168 2537 1239 quando
2587 1169 2737 1225 solus
2782 1169 2995 1240 signum
3042 1166 3334 1238 quodpiam
3387 1166 3538 1235 edit,

1931 1258 2065 1314 nihil
2092 1258 2399 1330 hujusmodi
2434 1258 2689 1316 exhibet:
2723 1260 2940 1332 quando
2968 1267 3148 1315 autem
3182 1256 3367 1313 multis
3399 1272 3542 1328 pric-

1932 1350 2175 1407 sentibus
2199 1349 2252 1407 id
2291 1352 2439 1421 agit,
2473 1359 2531 1406 ut
2566 1351 2672 1407 illis
2697 1351 2921 1407 suadeat
2942 1365 3002 1407 se
3029 1366 3136 1405 non
3164 1363 3289 1406 esse
3306 1348 3419 1405 Deo
3438 1347 3540 1403 ad-

1936 1444 2233 1499 versarium
2258 1485 2273 1509 ,
2302 1458 2480 1514 neque
2529 1443 2674 1499 Patri
2706 1440 3035 1499 contrarium
3056 1484 3070 1504 ,
3120 1456 3216 1514 per
3240 1439 3540 1512 gratiarum

1931 1536 2201 1589 actionem
2252 1534 2399 1588 illam
2440 1534 2802 1605 SttSpiciouem
2849 1533 3005 1588 tollit.
3038 1534 3128 1589 ii.
3159 1530 3230 1586 Et
3267 1530 3407 1586 dedit
3433 1529 3542 1584 dis-

1928 1627 2293 1691 cumbentibus,
2318 1636 2367 1682 et
2394 1627 2593 1697 impleti
2616 1637 2753 1682 sunt.
2784 1609 2972 1682 Videu'
3002 1622 3371 1679 differentiam
3398 1622 3540 1677 inter

1929 1735 2145 1778 servum
2167 1729 2224 1777 et
2251 1720 2528 1777 dominum
2557 1720 2692 1776 lilii
2727 1734 2982 1790 namque,
3008 1717 3187 1789 utqui
3219 1715 3285 1771 ad
3315 1730 3537 1772 mensu-

1929 1828 2045 1869 ram
2068 1812 2295 1885 gratiam
2329 1813 2607 1881 haberent,
2638 1813 2718 1869 sic
2746 1811 3003 1867 miracula
3030 1805 3316 1881 patritbant
3343 1824 3359 1874 ;
3396 1807 3537 1863 Deus~

1928 1916 2108 1965 autem
2162 1908 2407 1965 absoluta
2457 1922 2623 1979 agens
2679 1913 2988 1976 potestate,
3036 1918 3160 1960 cum
3212 1900 3538 1958 auctoritate

1927 2000 2108 2057 omnia
2168 1998 2504 2071 operabatur.
2543 1999 2631 2054 12.
2678 1996 2747 2051 Et
2775 1996 2905 2052 dixit
2954 1994 3222 2065 discipulis
3250 2009 3269 2048 :
3297 1991 3538 2066 Colligite

1928 2092 2237 2164 fragmenta.
2267 2093 2357 2147 15.
2404 2090 2495 2147 Illi
2550 2106 2667 2145 vero
2720 2086 3072 2161 collegerunt,
3113 2096 3162 2142 et
3200 2086 3538 2157 impleverunt

1928 2177 2194 2241 duodecim
2219 2178 2488 2248 cophinos.
2524 2175 2651 2231 ilice
2680 2190 2787 2231 non
2828 2180 2947 2229 erat
2988 2169 3265 2243 superﬂua
3294 2178 3534 2226 ostenta-

1928 2272 2042 2337 tio;
2070 2271 2163 2326 sed
2196 2270 2318 2326 idco
2348 2270 2544 2324 factum
2570 2311 2583 2333 ,
2620 2284 2689 2324 ne
2717 2266 3001 2338 prmstigiic
3026 2265 3341 2321 viderentur
3363 2277 3484 2319 csse
3517 2282 3533 2328 ;

1927 2364 2157 2436 ideoque
2198 2379 2265 2421 ex
2308 2365 2547 2431 subjecta
2579 2361 2803 2417 materia
2846 2372 3015 2417 creat.
3046 2359 3158 2415 Cur
3207 2374 3315 2415 non
3364 2357 3535 2413 turbis

1924 2459 2184 2530 gesmuda
2215 2458 2360 2513 dedit
2392 2458 2502 2518 illa.
2535 2455 2628 2511 sed
2659 2453 2937 2526 discipulis
2963 2454 2988 2508 ?
3011 2452 3146 2520 Quia
3179 2451 3278 2506 hos
3302 2450 3535 2526 maxime

1928 2553 2207 2607 instituere
2236 2550 2491 2617 Volebat,
2519 2549 2611 2620 qui
2653 2548 2813 2603 futuri
2863 2553 3022 2603 erant
3069 2543 3324 2601 doctores
3363 2540 3529 2598 orbis.

1925 2642 2210 2697 Multitudo
2258 2656 2493 2713 namque
2538 2656 2645 2695 non
2694 2653 2946 2709 magnum
2993 2637 3169 2693 adhuc
3213 2632 3419 2691 lucrum
3465 2648 3531 2688 es

1924 2734 2197 2790 miraculis
2221 2741 2557 2804 reportatura
2582 2740 2702 2788 erat
2725 2747 2741 2797 ;
2764 2730 2947 2787 statim
2973 2728 3176 2800 quippe
3198 2734 3326 2783 sunt
3354 2724 3531 2787 obliti,

1922 2825 2175 2894 aliudque
2203 2823 2519 2879 miraculum
2550 2821 2916 2893 requisierunt
2943 2839 2958 2876 :
2989 2818 3238 2889 discipuli
3264 2831 3397 2872 vero
3422 2832 3530 2871 non

1924 2930 2142 2986 parvam
2193 2916 2319 2970 hinc
2367 2915 2648 2970 utilitatem
2697 2912 2971 2983 accepturi
3005 2919 3183 2969 erant.
3220 2908 3332 2966 Nec
3365 2924 3529 2980 parra

1924 3008 2050 3064 hinc
2081 3008 2357 3064 damnatio
2385 3007 2538 3064 ludat
2565 3008 2697 3075 fuit,
2740 3007 2882 3077 quod
2927 3004 3222 3075 cophiuum
3269 3011 3528 3075 gestaret.

1919 3102 2073 3169 Quod
2104 3109 2284 3157 autem
2315 3099 2447 3156 illud
2473 3102 2539 3157 ad
2566 3115 2753 3157 eorum
2782 3099 3177 3155 institutionem
3210 3095 3411 3153 factum
3434 3095 3526 3163 sit,

1918 3195 2088 3266 liquet
2106 3210 2175 3251 ex
2206 3210 2273 3251 eo
2297 3194 2439 3266 quod
2471 3202 2744 3264 postremo
2764 3192 2991 3259 dicitur,
3020 3190 3166 3263 quod
3193 3188 3301 3247 illis
3329 3187 3384 3244 in
3413 3204 3529 3247 me-

1920 3288 2146 3343 moriam
2196 3287 2533 3343 revocaverit
2573 3285 2762 3341 dicens
2792 3302 2807 3340 :
2840 3282 3093 3338 Nondum
3128 3282 3365 3356 cogitatis
3407 3290 3530 3352 quot

1917 3381 2167 3450 cap/tinos
2211 3380 2476 3451 accepistis
2518 3368 2751 3453 (Matth.
2796 3378 2883 3435 16.
2932 3377 2967 3434 9
2992 3378 3063 3451 )l
3103 3377 3416 3450 Eademque
3457 3376 3528 3432 de

1916 3488 2077 3528 causa
2100 3474 2297 3529 factum
2340 3482 2423 3527 est
2473 3480 2531 3527 ut
2557 3470 2777 3542 cepbini
2808 3470 3089 3540 discipulis
3112 3483 3527 3539 numeropares

1916 3576 2118 3622 essent.
2148 3566 2354 3622 Deinde
2391 3578 2521 3621 vero
2550 3565 2804 3637 quoniam
2840 3564 3067 3620 inStituti
3103 3564 3321 3619 fuerant
3352 3602 3369 3630 ,
3414 3577 3522 3618 nou

1917 3670 1995 3715 tot
2034 3658 2418 3730 superfuerunt
2447 3700 2462 3725 ,
2500 3658 2597 3715 sed
2641 3665 2842 3729 sporta:
2881 3665 3090 3727 septem
3131 3655 3244 3726 (Id.
3276 3656 3364 3712 l5.
3405 3654 3522 3727 57).

1914 3753 2026 3824 Ego
2057 3768 2186 3808 vero
2215 3768 2320 3809 non
2355 3751 2515 3807 ntodo
2546 3750 2714 3806 miror
2755 3765 2953 3821 panum
2995 3749 3242 3821 copiam,
3275 3747 3368 3803 sed
3399 3763 3520 3803 cum

1911 3845 2065 3916 copia
2108 3843 2529 3915 fragmentorum
2568 3841 2779 3898 numeri
2824 3855 3038 3913 quoque
3080 3828 3520 3903 accuratinnent,

1910 3936 2054 4006 quod
2083 3950 2261 4007 neque
2301 3935 2420 4005 plus
2444 3949 2620 4006 neque
2647 3934 2827 3988 minus
2854 3931 3163 3990 redundare
3200 3931 3473 3988 curaverit
3498 3972 3516 3998 ,

1909 4032 2004 4086 sed
2028 4039 2286 4101 quantum
2310 4029 2481 4084 voluit
2504 4071 2519 4095 ,
2552 4027 2697 4100 quod
2742 4028 3021 4099 praesciret
3058 4036 3317 4098 quantum
3366 4025 3517 4080 insu-

1910 4122 2164 4177 mendum
2192 4120 2369 4186 foret;
2401 4119 2544 4190 quod
2575 4118 2865 4175 ineffabilia
2888 4127 3007 4175 erat
3039 4119 3341 4189 potestatis.
3368 4116 3515 4172 ϐοη-

1908 4215 2191 4269 ﬁrmarunt
2216 4213 2397 4283 itaque
2423 4211 2724 4283 fragmenta
2756 4220 3045 4282 utrumque
3076 4211 3432 4278 miraculum,
3463 4222 3517 4267 ct

1904 4306 2200 4378 probarunt
2231 4319 2345 4359 rem
2379 4318 2484 4359 non
2515 4318 2639 4359 esse
2681 4302 3089 4375 imaginariam,
3118 4310 3175 4357 et
3205 4318 3272 4358 ex
3301 4303 3365 4358 iis
3394 4318 3514 4374 qua:

1903 4399 2252 4454 comedcraut
2318 4396 2668 4467 superfuisse.
2723 4395 2958 4450 Piscium
3004 4409 3136 4450 vero
3190 4395 3510 4450 miraculum

1905 4501 2033 4546 tunc
2053 4506 2119 4546 ex
2157 4489 2413 4561 subjectis
2437 4488 2674 4559 piscibus
2713 4487 2912 4543 factum
2937 4497 3016 4544 est
3049 4505 3062 4540 :
3092 4496 3218 4559 post
3260 4502 3510 4543 resurre-

1900 4585 2137 4640 c1ioucut
2168 4596 2317 4648 vero,
2349 4598 2455 4636 non
2507 4596 2573 4636 ex
2622 4580 2863 4651 subjecta
2913 4581 3159 4636 materia.
3194 4579 3410 4649 Quare?
3440 4580 3511 4638 Ut

1899 4675 2079 4731 discas
2118 4676 2293 4746 ipsum
2320 4676 2481 4730 etiam
2525 4688 2669 4730 nunc
2712 4673 2932 4728 materia
2972 4688 3130 4728 usum
3165 4671 3366 4738 fuisse;
3400 4690 3506 4728 uou

1898 4769 2039 4839 quod
2068 4768 2156 4823 illa
2193 4776 2249 4822 ut
2283 4766 2629 4823 fundamento
2655 4776 2835 4837 egeret
2862 4807 2877 4832 ,
2920 4767 3015 4823 sed
3041 4775 3098 4822 ut
3126 4765 3505 4823 haereticorum

1897 4876 1990 4916 ora
2017 4861 2342 4916 Obstrueret.

1970 4955 2140 5008 Judaei
2181 4970 2281 5007 non
2322 4964 2425 5007 tam
2458 4970 2521 5007 ea:
2566 4953 2818 5008 evidentia
2862 4954 3096 5009 miraculi
3122 4971 3276 5026 quant
3300 4972 3328 5010 e
3354 4965 3503 5011 salu-

1895 5048 2109 5102 rationis
2132 5048 2323 5119 gaudio
2347 5046 2414 5100 ad
2439 5046 2697 5101 Clu-istum
2740 5046 2987 5101 conuersi.
3031 5046 3320 5118 Dignitates
3360 5064 3505 5119 sper-

1894 5124 2084 5196 nendus
2110 5142 2252 5194 ducet
2274 5139 2523 5195 Christus.
2548 5168 2620 5181 —-—
2644 5140 2730 5196 14.
2772 5137 2962 5194 Turba!
2990 5150 3160 5193 autem
3190 5140 3424 5195 dicebant
3459 5144 3500 5209 ⁸,

1895 5236 2027 5302 Quia
2046 5236 2127 5287 hic
2138 5245 2209 5289 est
2229 5250 2341 5288 vere
2368 5222 2635 5304 propheta.
2654 5231 2701 5288 Ο
2722 5232 2861 5303 gula:
2883 5231 3190 5287 aviditatem
3212 5232 3226 5287 Ξ
3248 5231 3501 5291 Innume-

1890 5343 1950 5382 ra
1984 5326 2227 5382 ediderat
2257 5326 2339 5380 bis
2369 5324 2695 5379 mirabiliora
2721 5366 2736 5391 ,
2765 5332 2820 5378 et
2848 5338 3110 5395 nusquam
3130 5322 3234 5379 hoc
3259 5324 3495 5381 confessi

1889 5429 2048 5485 sunt,
2084 5420 2186 5474 nisi
2229 5435 2352 5475 eum
2392 5427 2578 5475 essent
2617 5419 2935 5474 exsaturati.
2968 5417 3101 5475 inde
3149 5434 3281 5491 ergo
3328 5420 3498 5491 liquet

1890 5516 2036 5583 ipsus
2080 5513 2395 5585 prephetam
2430 5511 2717 5584 quemdam
2769 5513 3022 5568 eximium
3068 5513 3495 5584 cxspcctavissc.

1888 5608 2021 5663 Nam
2053 5609 2128 5662 illi
2158 5606 2413 5663 dicebant
2436 5648 2451 5675 ,
2486 5605 2563 5660 Tu
2586 5623 2636 5661 es
2662 5607 2987 5677 propheta“?
3012 5604 3065 5661 bi
3090 5622 3218 5661 vero
3248 5647 3265 5673 ,
3294 5604 3389 5661 llic
3419 5618 3493 5663 est

1952 5766 1970 5799 ι
2006 5763 2173 5815 Morel.
2198 5764 2369 5825 habet,
2390 5763 2547 5815 turst
2556 5770 2728 5827 autem
2751 5762 2967 5817 videiucs
2989 5764 3181 5827 signant
3198 5764 3457 5827 dicebant.

1882 5827 2143 5951 m2“???
2168 5827 2291 5892 legit
2315 5839 2328 5876 :
2358 5834 2523 5891 Itaque
2545 5825 2621 5880 illi
2641 5825 2865 5880 dicebant
2901 5838 2921 5879 :
2952 5844 2975 5875 ς
2998 5825 3162 5879 Nonne
3184 5826 3264 5880 hic
3284 5836 3356 5880 cst
3379 5841 3486 5894 pro
