4024 6446
518 405 625 461 245

519 510 787 580 propheta.
819 508 904 561 15.
938 505 1086 559 Jcsns
1115 511 1276 555 (mrem
1303 541 1317 565 ,
1351 517 1463 553 cum
1491 501 1797 569 cognovisset
1827 500 1946 568 quia
1978 514 2096 550 ven-

518 602 619 655 turi
649 610 790 654 erant
816 608 870 650 ut
894 604 1121 664 raperent
1149 609 1260 646 eum
1284 633 1297 652 ,
1336 602 1379 645 et
1406 591 1628 659 facerent
1646 606 1755 643 eum
1783 605 1947 659 regem
1971 630 1985 653 ,
2015 604 2094 641 se-

522 692 670 745 cessit
695 692 873 743 iterum
900 689 950 739 in
972 695 1205 738 montem.
1238 684 1414 750 Papas,
1438 691 1631 751 quanta
1662 681 1797 750 gula:
1821 680 2056 751 tyrannis
2079 679 2091 731 !

522 792 715 847 quanta
758 778 1053 832 volubilitas
1113 775 1324 829 animi!
1366 758 1479 828 Non
1520 772 1657 826 ultra
1704 772 1873 841 legem
1922 770 2094 825 vindi-

518 880 644 925 cant
673 912 687 933 ,
718 886 821 923 non
866 869 1006 922 ultra
1056 867 1350 920 violatum‘
1383 865 1658 919 sabbatum
1706 871 1936 927 curant,
1988 875 2093 915 non

522 964 655 1017 ultra
691 961 781 1015 Dei
806 961 920 1014 zelo
964 966 1243 1012 moventur
1272 998 1287 1021 ,
1336 955 1429 1009 sed
1461 955 1663 1023 repleto
1690 964 1874 1010 ventre
1919 953 2095 1007 omnia

518 1055 845 1123 ahjeceruut.
876 1052 1008 1105 Tum
1050 1048 1306 1120 prephcta
1333 1046 1473 1117 apud
1497 1046 1615 1100 illos
1650 1054 1799 1112 erat,
1836 1053 1890 1100 et
1916 1059 2093 1113 regem

518 1155 672 1200 erant
713 1142 1015 1199 coronaturi
1044 1155 1057 1193 :
1085 1140 1326 1195 Christus
1369 1147 1545 1194 autem
1582 1137 1734 1207 fugit.
1774 1137 1991 1205 Quare?
2031 1134 2096 1190 Ut

522 1252 618 1291 nos
645 1237 833 1291 doceat
874 1234 1199 1305 spernendas
1254 1248 1374 1287 esse
1413 1232 1699 1302 dignitates
1723 1272 1738 1297 ,
1768 1240 1823 1285 et
1851 1229 2098 1284 ostendat

520 1347 578 1384 se
609 1329 748 1383 nulla
790 1344 853 1383 ex
897 1328 1123 1382 terrenis
1176 1325 1334 1380 rebus
1384 1340 1518 1394 opus
1566 1324 1784 1379 habere.
1826 1322 1955 1377 Nam
2005 1323 2094 1392 qui

520 1421 695 1475 oumia
736 1421 857 1474 vilia
884 1419 1081 1489 elegit,
1116 1426 1171 1473 et
1210 1427 1431 1471 matrem
1450 1458 1464 1481 ,
1493 1425 1547 1470 et
1576 1416 1791 1470 domum
1819 1455 1833 1479 ,
1864 1415 2051 1469 urbem
2076 1455 2091 1480 ,

520 1511 909 1573 educationem,
940 1510 1275 1573 vestimenta,
1306 1523 1410 1562 non
1430 1523 1495 1562 ex
1522 1507 1749 1561 terrenis
1778 1505 2095 1573 conspicuus

519 1603 727 1657 futurus
766 1612 899 1659 erat.
932 1601 1063 1656 Nam
1109 1601 1340 1656 ctelestia
1381 1600 1525 1654 clara
1559 1613 1850 1669 magnaque
1893 1607 2045 1652 erant
2077 1639 2092 1664 ,

518 1694 727 1763 angeli,
755 1693 907 1748 stella
927 1733 942 1757 ,
973 1692 1129 1745 Pater
1174 1691 1412 1745 clamans
1436 1730 1451 1755 ,
1482 1690 1713 1759 Spiritus
1758 1689 2050 1745 teStilicans
2076 1730 2093 1754 ,

524 1788 795 1857 propheta:
818 1788 926 1856 jam
953 1785 1079 1841 olim
1102 1784 1449 1854 praedicantes
1473 1801 1487 1836 :
1522 1784 1572 1837 in
1604 1791 1744 1838 terra
1772 1790 1949 1837 autem
1973 1780 2095 1835 vilia

526 1883 706 1935 ntitnia
737 1889 909 1946 erant,
957 1888 1016 1933 ut
1063 1879 1141 1933 sic
1170 1878 1284 1946 ejus
1322 1886 1557 1946 potestas
1586 1875 1752 1945 magis
1793 1882 2096 1943 appareret.

519 1972 677 2029 Venit
719 1980 864 2028 certe
902 1985 1000 2025 nos
1042 1969 1412 2033 instituturus,
1442 1976 1499 2021 ut
1537 1974 1941 2021 contemnamus
1964 1980 2100 2034 pr:n~

519 2064 713 2129 sentin,
741 2076 916 2132 neque
952 2059 1277 2115 admiremur
1304 2073 1364 2113 ea
1405 2072 1522 2125 qum
1554 2056 1604 2109 in
1636 2056 1733 2110 hac
1776 2054 1882 2109 vita
1916 2055 2097 2124 splen-

520 2155 641 2210 dida
670 2153 952 2216 videntur;
993 2150 1088 2205 sed
1129 2165 1190 2205 ea
1229 2149 1407 2203 omnia
1447 2147 1785 2212 irrideamus,
1816 2146 2098 2215 futuraque

518 2261 779 2302 amemus.
802 2244 933 2300 Nam
960 2244 1049 2313 qui
1079 2241 1362 2312 prmsentia
1387 2241 1609 2295 miratur
1633 2281 1647 2304 ,
1672 2255 1778 2293 non
1820 2238 2099 2293 mirabitur

521 2351 581 2391 ea
607 2350 724 2406 qum
754 2335 805 2389 in
832 2333 975 2389 cmlis
1016 2342 1160 2388 sunt.
1200 2331 1322 2387 Ideo
1375 2330 1588 2386 dicebat
1630 2330 1835 2384 Pilato:
1869 2329 2098 2400 Regnum

520 2447 685 2482 meum
710 2440 901 2483 nonest
941 2426 1005 2480 de
1030 2426 1125 2481 Itoc
1154 2425 1344 2479 mundo
1374 2422 1552 2495 (Joan.
1583 2422 1669 2477 18.
1696 2420 1809 2493 '56);
1841 2436 1907 2475 ne
1949 2420 2099 2475 vide-

522 2531 669 2574 retur
709 2520 938 2573 humano
988 2527 1131 2573 metu
1174 2526 1229 2572 et
1278 2516 1513 2585 potentia
1565 2513 1632 2568 ad
1672 2511 2098 2583 persuadendum

522 2614 617 2665 uti.
647 2612 753 2666 Cur
780 2626 908 2682 ergo
935 2610 1062 2664 dicit
1092 2609 1349 2679 prepheta
1381 2626 1392 2662 :
1432 2606 1561 2660 Ecce
1587 2621 1677 2659 rea:
1704 2615 1818 2659 tuus
1854 2606 1983 2657 venit
2014 2604 2102 2657 tibi

522 2714 813 2756 "consuetus
833 2743 847 2768 ,
867 2702 1044 2756 sedens
1070 2718 1219 2769 super
1238 2697 1555 2769 subjugalem
1584 2696 1769 2768 (Zach.
1797 2696 1849 2751 9.
1875 2697 1975 2765 9)?
2007 2696 2103 2751 Hic

523 2802 592 2848 de
623 2808 785 2862 regno
814 2793 1046 2862 loquitur
1075 2792 1273 2845 ca-lesti
1296 2831 1309 2854 ,
1341 2807 1443 2843 non
1474 2790 1539 2845 de
1564 2800 1795 2843 terreno.
1831 2787 1953 2841 ideo
1984 2802 2103 2841 rur-

521 2900 638 2939 sum
670 2883 878 2937 dicebat
902 2900 914 2932 :
947 2881 1172 2936 Gloriam
1199 2882 1261 2935 ab
1288 2881 1489 2934 nomine
1510 2895 1608 2933 non
1630 2878 1845 2947 accipio.

594 2977 648 3028 4.
695 2973 869 3027 Gloria
894 2990 996 3027 non
1023 2974 1188 3043 ﬂuxa,
1212 2972 1300 3026 sed
1318 2971 1615 3025 immortalis
1639 2968 1879 3022 amanda.
1914 2966 2105 3023 Contra

522 3063 833 3132 spectacula.
855 3092 927 3104 -—
952 3064 1226 3118 Discamus
1251 3077 1407 3129 ergo,
1441 3061 1620 3115 dilecti
1644 3102 1658 3125 ,
1692 3059 1953 3114 humanos
2006 3060 2106 3115 ho-

524 3172 685 3210 notes
742 3168 1020 3224 spernere,
1072 3168 1176 3208 non
1235 3152 1560 3207 desiderare.
1617 3151 1831 3205 ilonore
1876 3166 2106 3221 namque

526 3261 718 3315 magno
763 3245 1045 3306 efficimur,
1098 3244 1183 3298 cui
1232 3253 1569 3312 comparatus
1614 3244 1876 3298 humanus
1934 3246 2108 3298 honor

523 3338 843 3394 contumelia
884 3345 965 3390 est
988 3378 1001 3400 ,
1035 3337 1172 3390 risus
1200 3344 1253 3390 et
1278 3336 1537 3391 commdia
1566 3352 1580 3399 ;
1615 3346 1671 3390 ut
1697 3345 1752 3390 et
1776 3336 1973 3391 divitia:
2000 3346 2108 3391 ter-

526 3444 671 3484 rena:
722 3428 825 3482 illis
870 3438 1189 3497 comparata:
1234 3436 1520 3497 paupertas
1552 3436 1722 3491 sunt,
1755 3436 1808 3483 et
1850 3430 1953 3482 vita
1992 3427 2107 3481 haec

527 3524 643 3577 sine
682 3521 767 3575 illa
820 3536 965 3577 mors
1007 3531 1088 3576 est
1130 3521 1336 3593 (Sine',
1370 3521 1559 3591 inquit,
1614 3531 1839 3575 mortuos
1886 3520 2107 3590 sepelire

528 3626 752 3670 moratos
790 3632 906 3669 suos
934 3614 1145 3689 [Matt/t.
1184 3616 1238 3670 8.
1264 3614 1357 3688 29.]
1380 3614 1397 3685 )
1424 3634 1436 3667 :
1468 3616 1548 3670 sic
1572 3616 1738 3685 gloria
1772 3616 1885 3668 iure
1911 3657 1924 3679 ,
1967 3616 2011 3669 si
2042 3613 2109 3668 ad

530 3706 673 3760 illam
701 3706 1008 3760 conferatur
1032 3746 1046 3772 ,
1077 3706 1247 3775 pudor
1289 3716 1371 3760 est
1398 3716 1451 3761 et
1491 3707 1650 3760 risus.
1680 3705 1756 3760 Ne
1787 3706 1943 3775 igitur
1972 3705 2111 3759 hanc

531 3813 879 3866 aucupemur.
906 3796 1034 3851 Nam
1062 3797 1105 3852 si
1132 3797 1165 3849 ii
1196 3798 1292 3871 qui
1323 3797 1451 3850 dant
1480 3797 1619 3850 illam
1655 3797 1836 3851 umbra
1869 3808 1921 3851 et
1963 3811 2110 3851 smn-

540 3890 643 3943 niis
685 3900 810 3943 sunt
858 3888 1068 3943 viliores
1094 3930 1106 3951 ,
1150 3888 1317 3942 multo
1364 3890 1531 3958 magis
1560 3890 1669 3958 ipsa
1701 3890 1864 3958 gloria
1897 3908 1909 3943 :
1939 3888 2113 3943 Gloria

534 3982 663 4034 enim
684 3982 899 4034 hominis
921 3992 1175 4047 tamquam
1195 3981 1291 4049 ﬂos
1312 3981 1430 4049 [teni
1448 3979 1600 4049 (Isai.
1621 3980 1709 4035 40.
1727 3980 1803 4049 6).
1828 3979 1962 4047 Quid
1982 3980 2112 4035 ﬂore

534 4073 660 4129 [ωιιὶ
691 4076 845 4128 vilius
874 4074 1030 4128 fuerit
1051 4072 1275 4141 (LPelr.
1309 4074 1356 4126 l.
1379 4071 1495 4145 24)?
1520 4073 1623 4127 Sed
1640 4074 1845 4128 etiamsi
1867 4074 2112 4142 diuturna

539 4174 717 4226 esset.
774 4163 897 4233 quid
948 4163 1070 4217 hinc
1119 4163 1308 4217 anima:
1350 4164 1521 4218 lucri?
1551 4164 1736 4227 Nihil;
1789 4164 1893 4217 imo
1930 4164 2114 4218 admu-

532 4257 656 4310 dtuu
686 4265 839 4310 nocet
860 4296 873 4320 ,
902 4264 954 4309 et
979 4269 1164 4310 servos
1184 4255 1344 4309 elﬁcit
1362 4298 1377 4322 ,
1409 4255 1664 4325 emptitiis
1686 4257 1854 4310 servis
1877 4256 2113 4311 deterio-

535 4362 642 4413 res,
676 4346 763 4416 qui
791 4361 894 4400 non
928 4347 1016 4400 uni
1043 4345 1260 4400 domino
1285 4388 1299 4406 .
1328 4346 1423 4399 sed
1463 4346 1669 4401 duobus
1695 4385 1712 4411 ,
1751 4346 1917 4399 tribus
1944 4388 1959 4411 ,
1992 4348 2113 4400 mil-

536 4441 676 4493 libus
700 4482 713 4501 ,
762 4439 974 4493 diversa
1010 4438 1383 4492 mandantibus
1410 4438 1664 4492 serviant.
1692 4436 1900 4504 Quanto
1922 4439 2113 4494 melius

535 4542 619 4587 est
652 4531 876 4585 liberum
906 4545 1047 4597 esse,
1082 4546 1236 4600 quam
1266 4545 1477 4584 servum
1503 4546 1517 4584 :
1550 4530 1773 4585 liberum
1801 4530 2015 4600 quidem
2046 4532 2114 4585 ab

536 4623 809 4678 hominum
859 4623 1117 4678 servitute
1141 4663 1156 4689 ,
1186 4638 1395 4678 servum
1428 4623 1710 4693 imperanti
1754 4622 1907 4678 Deo?
1948 4624 2001 4679 Si
2034 4625 2111 4679 vis

537 4716 748 4771 tandem
777 4731 957 4770 amare
983 4716 1206 4785 gloriam
1229 4756 1243 4780 ,
1269 4730 1386 4769 ama
1404 4755 1418 4779 ,
1451 4715 1541 4770 sed
1572 4716 1948 4771 immortalem.
1978 4714 2110 4770 Nam

536 4810 654 4879 ejus
678 4820 729 4865 et
755 4810 1113 4879 spectaculum
1140 4808 1469 4877 splendidius
1505 4818 1587 4862 est
1614 4850 1629 4872 ,
1663 4816 1719 4864 et
1763 4809 1967 4863 lucrum
1996 4823 2110 4862 ma-

537 4900 643 4970 jus.
675 4900 735 4953 Hi
779 4910 828 4954 te
864 4899 1053 4967 jubent
1089 4897 1367 4968 dispendio
1397 4907 1485 4953 tuo
1512 4899 1641 4969 ipsis
1671 4900 1917 4968 placere:
1961 4899 2111 4953 Chri-

540 5005 655 5048 stus
682 5009 807 5048 vero
834 5002 1015 5047 contra
1043 4991 1344 5059 centuplum
1366 4972 1623 5047 donorum
1652 4992 1746 5046 tibi
1767 4990 2033 5057 retribuit,
2062 5002 2117 5045 et

540 5084 622 5140 his
654 5084 812 5139 vitam
840 5093 1094 5138 aeternam
1123 5080 1289 5135 addit.
1318 5080 1452 5149 Quid
1479 5094 1608 5151 ergo
1634 5081 1858 5146 melius,
1891 5082 1941 5135 in
1975 5090 2113 5136 terra

541 5191 608 5229 an
660 5175 732 5263 in.
760 5175 905 5229 czelis
929 5215 943 5238 ,
977 5172 1280 5227 hominibus
1324 5186 1389 5224 an
1432 5170 1541 5225 Deo
1587 5170 1923 5226 admirationi
1948 5171 2115 5226 esse?

541 5261 737 5322 damno
759 5280 824 5318 an
850 5265 995 5320 lucro
1022 5264 1155 5319 tuo?
1183 5262 1431 5319 coronari
1455 5262 1521 5317 ad
1547 5278 1702 5317 unam
1741 5264 1880 5319 diem
1904 5304 1919 5331 ,
1950 5278 2017 5317 an
2048 5261 2115 5316 ad

610 5380 621 5408 '
662 5375 748 5425 Alii
776 5376 966 5438 legunt,
990 5374 1209 5438 solutum,
1234 5388 1340 5438 pro,
1366 5372 1608 5425 violtmun.

607 5440 627 5473 ³
648 5438 787 5489 savii.
808 5436 947 5498 legit,
972 5436 1129 5488 sinite.

1292 390 1345 443 S.
1388 388 1661 443 JOANNIS
1696 381 2174 442 CHRYSOSTOMI
2216 382 2527 438 AnClilEP.
2570 383 3100 438 CONSTANTthll’.

3684 384 3788 446 ΞΗ

2208 498 2408 552 infinita
2437 499 2674 553 smeula?
2707 500 2777 554 Da
2799 504 3006 571 egenti,
3039 518 3142 555 non
3176 502 3480 570 tripudiauti
3504 548 3518 569 ,
3568 523 3637 562 ne
3665 523 3791 563 cum

2206 591 2445 657 pecuniis
2490 592 2595 645 tuis
2644 592 2874 646 animam
2921 594 3061 647 illius
3108 594 3321 662 perdas.
3353 594 3431 650 Tu
3456 599 3599 651 enim
3645 600 3793 667 quod

2210 680 2321 735 bmc
2360 682 2601 737 studiose
2629 692 2683 737 et
2729 685 3099 753 intempestive
3145 686 3288 740 colas
3315 728 3329 752 ,
3364 688 3617 756 perniciei
3652 690 3795 745 illius

2203 785 2388 828 auctor
2413 788 2489 827 es.
2541 773 2595 828 Si
2640 774 2838 829 scirent
2877 775 3019 827 enim
3052 775 3149 839 illi,
3183 776 3273 845 qui
3320 770 3611 832 orchestrae
3663 779 3795 832 dant

2202 879 2440 934 operam,
2474 881 2544 920 ex
2588 876 2704 919 arte
2747 865 2879 920 nihil
2908 866 3009 921 sibi
3060 866 3174 920 fore
3221 868 3399 933 lucri,
3442 868 3549 936 jam
3583 870 3791 938 pridem

2202 955 2526 1012 destitissent
2550 974 2563 1010 :
2592 973 2711 1012 cum
2735 966 2913 1013 autem
2941 966 2992 1013 te
3013 958 3194 1011 vident
3217 958 3575 1028 plaudentem,
3603 977 3793 1016 accur.

2201 1059 2431 1115 rentem,
2461 1060 2705 1120 sumptus
2734 1050 3141 1119 profundentem
3173 1090 3187 1113 ,
3223 1060 3307 1103 tua
3339 1052 3746 1107 exhaurientem
3772 1096 3787 1117 ,

2201 1141 2414 1195 etiamsi
2442 1141 2647 1195 nollent
2676 1155 2897 1209 pergere
2922 1182 2937 1206 ,
2970 1140 3099 1196 lucri
3132 1140 3382 1209 cupidine
3426 1149 3695 1196 tenentur.
3732 1142 3790 1198 Si

2200 1234 2401 1288 scirent
2430 1274 2446 1300 ,
2490 1233 2755 1289 neminem
2802 1248 2894 1287 sua
2926 1233 3263 1287 laudaturum
3310 1248 3431 1288 esse
3454 1275 3467 1297 ,
3501 1236 3609 1288 cito
3642 1235 3793 1290 (1θεὶ-

2202 1334 2408 1381 sterent
2457 1340 2487 1379 a
2519 1326 2789 1381 laboribus
2815 1367 2829 1391 ,
2862 1324 3011 1380 lucro
3046 1334 3292 1380 cessante
3322 1344 3337 1380 :
3364 1340 3484 1380 cum
3514 1342 3641 1381 vero
3671 1342 3790 1382 rem

2201 1416 2541 1471 admirationi
2569 1419 2750 1472 multis
2772 1432 2892 1472 esse
2920 1416 3106 1471 vident
3131 1458 3145 1479 ,
3179 1418 3487 1471 inescantur
3514 1418 3787 1473 laudibus.

2199 1507 2482 1564 Cessemus
2507 1510 2761 1564 inutiliter
2782 1509 3123 1579 impendere:
3147 1508 3413 1565 discamus
3440 1525 3541 1579 qua
3565 1512 3617 1564 in
3646 1526 3705 1565 re
3736 1521 3793 1565 et

2201 1600 2413 1669 quando
2460 1600 2770 1671 impendere
2812 1608 3059 1669 oporteat
3086 1617 3101 1653 :
3127 1614 3195 1655 ne
3239 1600 3491 1669 utrinque
3523 1601 3690 1655 Deum
3720 1601 3791 1655 ad

2200 1692 2332 1746 iram
2358 1707 2726 1761 provocemus,
2755 1700 2808 1746 et
2834 1692 3205 1762 congreganda
3233 1692 3375 1747 unde
3403 1708 3507 1746 non
3535 1693 3659 1747 licet
3687 1734 3704 1758 ,
3734 1703 3793 1747 et

2200 1784 2556 1854 dispergendo
2587 1785 2640 1838 in
2668 1800 2786 1854 qua:
2822 1800 2929 1839 non
2953 1794 3244 1853 oporteret.
3271 1784 3385 1851 Qua
3417 1785 3645 1840 vindicta
3678 1802 3791 1840 non

2201 1878 2391 1948 dignus
2420 1893 2480 1933 es
2513 1920 2527 1944 ,
2557 1892 2677 1931 cum
2725 1891 3011 1946 pauperem
3056 1887 3476 1946 prmtercurrens
3515 1879 3792 1933 meretrici

2204 1968 2414 2038 largiris
2437 1970 2460 2021 ?
2487 1968 2708 2023 Etiamsi
2736 1968 2877 2022 enim
2908 1982 2974 2023 ex
3000 1967 3165 2037 justis
3196 1967 3463 2029 laboribus
3490 1983 3744 2038 erogares
3774 2011 3796 2036 ,

2204 2076 2381 2117 annon
2402 2063 2553 2130 culpa
2580 2070 2725 2117 esset
2746 2104 2759 2127 ,
2790 2062 3041 2132 nequitiae
3081 2060 3383 2116 mercedem
3411 2060 3539 2116 dare
3564 2103 3577 2126 ,
3608 2071 3663 2116 et
3694 2077 3797 2130 pro

2202 2152 2392 2206 merita
2447 2167 2604 2221 paena
2656 2151 2915 2206 honorem
2959 2151 3271 2221 impendere
3298 2153 3321 2205 ?
3349 2149 3480 2205 Cum
3508 2166 3637 2207 vero
3664 2168 3796 2222 spo-

2202 2242 2342 2298 liatis
2369 2244 2599 2313 pupillis,
2629 2244 2952 2314 senibusque
2977 2243 3214 2309 nudatis,
3246 2243 3473 2299 lascivos
3497 2243 3615 2309 alis,
3645 2246 3798 2314 cogi-

2202 2345 2253 2391 ta
2282 2338 2402 2407 quis
2461 2338 2596 2407 ignis
2651 2346 2801 2391 tanto
2854 2336 3045 2391 sceleri
3072 2336 3142 2391 sit
3180 2345 3419 2406 paratus.
3476 2335 3613 2389 Audi
3662 2335 3802 2405 quid

2203 2429 2344 2485 dicat
2389 2430 2621 2484 Paulus:
2660 2428 2782 2483 Non
2818 2438 3014 2483 tantum
3055 2430 3141 2498 qui
3185 2429 3293 2482 htee
3322 2430 3516 2500 faciunt
3546 2470 3560 2495 ,
3592 2430 3680 2482 sed
3707 2446 3797 2497 qui

2205 2522 2416 2576 laudant
2464 2523 2705 2592 facientes
2741 2520 2917 2593 (Rom.
2950 2523 3001 2574 l.
3030 2520 3155 2589 52).
3188 2519 3437 2575 Fortasse
3484 2520 3662 2574 aerius
3693 2534 3801 2574 vos

2207 2614 2562 2679 incessimus;
2596 2614 2690 2669 sed
2729 2616 2771 2668 si
2819 2629 2916 2669 nos
2948 2629 3053 2668 non
3102 2614 3472 2678 incessamus,
3529 2614 3796 2683 supplicia

2205 2716 2424 2788 manent
2453 2721 2546 2760 eos
2574 2707 2661 2775 qui
2696 2721 2982 2775 numquam
3011 2705 3387 2761 emendantur.
3417 2704 3555 2771 Quid
3579 2707 3800 2774 juvaret

2204 2812 2300 2851 vos
2334 2798 2565 2867 gratiose
2598 2797 2795 2864 alloqui
2822 2837 2837 2862 ,
2891 2798 3063 2866 reipsa
3085 2797 3347 2866 supplicio
3377 2805 3601 2866 prepter
3628 2811 3797 2863 opera

2204 2888 2556 2943 afﬁciendos?
2596 2887 2806 2942 Laudas
2856 2888 3137 2941 saltantem
3169 2929 3183 2951 ,
3211 2887 3453 2942 celebras
3483 2928 3497 2950 ,
3532 2888 3753 2943 miraris
3775 2889 3801 2942 ?

2206 2980 2344 3051 Ergo
2372 2980 2464 3034 illo
2496 2979 2664 3034 factus
2692 2995 2751 3034 es
2772 2979 3027 3035 deterior.
3052 2979 3205 3033 illum
3232 2987 3515 3049 paupertas
3537 2995 3807 3035 excusare

2208 3071 2437 3133 videtur.
2491 3072 2701 3125 etiamsi
2751 3087 2856 3124 non
2902 3071 3055 3139 culpa
3109 3072 3177 3125 sit
3220 3070 3511 3134 immunis;
3565 3080 3619 3123 tu
3668 3086 3805 3125 vero

2208 3162 2367 3217 etiam
2409 3162 2509 3216 hac
2549 3161 2861 3216 defensione
2909 3176 3081 3216 cares.
3128 3160 3279 3214 Illum
3331 3160 3375 3213 si
3426 3160 3752 3231 interrogem
3782 3201 3799 3226 ,

2209 3254 2313 3309 Cur
2364 3254 2479 3308 aliis
2524 3253 2725 3307 relictis
2763 3253 2967 3307 artibus
2992 3293 3006 3318 ,
3069 3251 3206 3305 hanc
3237 3252 3498 3321 impuram
3540 3261 3593 3307 et
3636 3266 3803 3306 exse-

2208 3344 2460 3401 orandam
2505 3344 2771 3399 sectaris?
2819 3342 3188 3412 respondebit,
3222 3341 3355 3409 Quia
3386 3356 3603 3411 possum
3632 3356 3803 3411 parvo

2210 3436 2393 3492 labore
2424 3436 2647 3490 multum
2682 3435 2902 3489 lucrari.
2931 3434 3007 3488 Te
3036 3448 3162 3487 vero
3190 3432 3236 3487 si
3278 3434 3602 3501 interrogem
3626 3472 3642 3496 ,
3690 3432 3804 3486 Cur

2209 3530 2467 3584 lascivum
2498 3528 2710 3582 miraris
2739 3569 2754 3593 ,
2783 3527 2871 3596 qui
2900 3526 2966 3579 ad
2993 3526 3279 3580 multorum
3303 3525 3593 3595 perniciem
3625 3526 3795 3578 vitam

2212 3620 2403 3676 ducit?
2438 3635 2542 3673 non
2573 3618 2771 3690 poteris
2805 3617 2871 3672 ad
2913 3617 3156 3673 eamdem
3188 3616 3555 3671 defensionem
3604 3614 3805 3670 confu-

2214 3728 2341 3783 gere
2368 3752 2385 3779 ,
2419 3711 2513 3766 sed
2542 3711 2753 3781 cogeris
2778 3709 3015 3764 demisso
3034 3708 3179 3761 vultu
3206 3708 3543 3763 erubescere.
3572 3706 3725 3773 Quod
3755 3708 3807 3760 si

2214 3803 2368 3858 nobis
2395 3803 2654 3857 rationem
2683 3799 3039 3870 exigentibus,
3074 3814 3143 3853 ne
3167 3799 3360 3853 mutire
3378 3798 3591 3868 quidem
3622 3807 3803 3865 potes:

2214 3895 2425 3967 quando
2456 3892 2783 3949 horrendum
2813 3891 2943 3945 illud
2970 3902 3023 3945 et
3050 3890 3358 3945 inevitabile
3381 3890 3608 3943 tribunal
3641 3904 3809 3959 appa-

2216 3988 2388 4053 rebit,
2426 3988 2513 4042 ubi
2565 3996 2618 4041 et
2663 3985 3045 4055 cogitationum
3072 3992 3129 4037 et
3166 3993 3379 4038 actuum
3408 3982 3663 4036 reddituri
3713 3996 3810 4036 su-

2217 4099 2333 4136 mus
2364 4082 2623 4137 rationem
2656 4122 2672 4146 ,
2717 4078 2985 4148 quomodo
3040 4086 3184 4131 stare
3234 4076 3570 4145 poterimus?
3610 4076 3807 4145 quibus

2217 4174 2385 4227 oculis
2426 4171 2660 4240 judicem
2714 4167 3107 4237 respiciemus?
3160 4166 3287 4235 quid
3332 4165 3612 4219 dicemus?
3644 4181 3808 4234 quant

2218 4265 2582 4319 defensionem
2625 4258 3000 4331 proferemus?
3048 4272 3205 4326 quam
3257 4256 3659 4310 excusationem
3708 4271 3810 4325 ap-

2220 4364 2327 4409 tam
2355 4397 2368 4419 ,
2402 4355 2632 4423 ineptam
2662 4350 3020 4406 habebimus?
3062 4365 3131 4403 an
3164 4364 3261 4402 nos
3290 4348 3339 4401 id
3372 4350 3549 4403 facere
3576 4362 3675 4418 pro
3702 4349 3809 4402 im-

2222 4462 2402 4518 pensa,
2433 4462 2529 4517 pro
2562 4446 2856 4515 voluptate,
2886 4426 2983 4512 pro
3010 4442 3233 4495 aliarum
3264 4440 3502 4509 pernicie
3524 4481 3539 4505 ,
3570 4455 3705 4509 quos
3755 4440 3810 4495 in

2220 4539 2307 4594 illa
2334 4547 2449 4593 arte
2477 4537 2653 4607 perire
2700 4539 2939 4605 cogimus
2966 4535 2988 4587 ?
3019 4534 3158 4588 Nihil
3190 4544 3338 4588 certe
3376 4533 3674 4602 poterimus
3722 4534 3811 4587 di-

2218 4647 2341 4686 cere
2366 4648 2380 4696 ;
2416 4630 2507 4686 sed
2537 4630 2841 4684 necessario
2873 4628 3153 4696 punientur
3174 4668 3189 4690 ,
3220 4624 3485 4694 supplicio
3515 4640 3808 4695 numquam

2221 4702 2499 4786 finiendo,
2534 4734 2821 4788 numquam
2853 4716 3207 4772 terminamlo.
3242 4715 3394 4783 Quod
3448 4731 3515 4769 ne
3561 4717 3809 4781 accidat,

2224 4815 2310 4868 hic
2334 4814 2443 4883 jam
2473 4826 2684 4866 summo
2726 4810 2900 4865 studio
2924 4822 3210 4864 caveamus
3233 4850 3247 4873 ,
3302 4816 3360 4861 ut
3386 4823 3507 4861 cum
3536 4807 3672 4861 bona
3714 4823 3813 4878 spe

2224 4907 2347 4962 hinc
2399 4906 2732 4976 migrantes,
2780 4912 2977 4956 (eterna
3024 4902 3159 4955 bona
3211 4914 3606 4967 consequamur
3646 4915 3813 4969 :quzc

2223 5002 2419 5055 utinam
2451 5013 2639 5053 omnes
2660 4998 3040 5065 adipiscamur,
3066 4994 3232 5064 gratia
3258 5004 3311 5046 et
3340 4992 3671 5062 benignitate
3704 4993 3813 5045 Do-

2221 5092 2347 5147 mini
2371 5092 2535 5147 nostri
2562 5090 2688 5145 .lesu
2717 5089 2915 5144 Christi
2942 5128 2958 5153 ,
2992 5104 3085 5157 per
3111 5102 3267 5157 quem
3298 5094 3352 5140 et
3381 5100 3503 5139 eum
3530 5101 3637 5154 quo
3669 5086 3811 5141 Patri

2222 5186 2387 5255 gloria
2411 5225 2428 5251 ,
2460 5184 2725 5253 simulque
2752 5182 2973 5251 Spiritui
3002 5190 3191 5234 sancto
3216 5220 3229 5246 ,
3259 5193 3403 5232 nunc
3429 5186 3483 5232 et
3514 5192 3732 5247 seraper
3758 5189 3815 5234 et

2223 5277 2274 5330 iu
2304 5276 2494 5332 saecula
2540 5275 2881 5330 smculorum.
2918 5274 3109 5327 Amen.
