4024 6436
146 405 259 467 ἳὲε

1197 383 1265 444 IN
1299 379 1612 443 JOANNEM
1650 375 1884 437 IIOMIL.
1925 375 2111 435 XLIII.
2151 379 2225 435 al.
2268 367 2432 436 XLII.

3364 379 3473 439 256

155 515 3466 572 Ν

1498 604 1850 673 HOMILIA
1889 603 2122 673 XLIII.

155 773 292 836 (in.
317 775 377 833 ο.
420 791 479 831 ν.
504 770 594 831 16.
627 768 697 830 ω
722 778 892 825 autem
911 779 1023 821 sero
1047 765 1238 837 factum
1252 768 1326 816 est
1341 799 1358 827 ,
1394 755 1765 813 descenderunt

229 868 479 940 discipuli
506 867 621 937 ejus
648 863 716 917 ad
741 874 900 915 mare.
929 857 1016 912 I7.
1054 853 1120 908 Et
1141 865 1257 907 eum
1288 847 1633 940 ascendissent
1669 859 1767 898 na-

411 929 653 1012 merunt
680 962 997 1016 transmare
1031 946 1085 1000 in
1123 941 1464 1011 Capernaum.
1511 929 1580 990 Et
1610 945 1763 1028 tene-

232 1053 340 1107 ἂνω
378 1052 494 1121 jam
537 1051 688 1118 facta
727 1049 892 1108 erant,
921 1049 1092 1094 etnon
1119 1042 1322 1090 uenerat
1347 1031 1416 1086 ad
1449 1027 1762 1121 illos

234 1145 325 1200 18.
365 1118 516 1197 Alere
541 1145 712 1192 autem
730 1175 747 1204 ,
777 1142 924 1189 uento
949 1144 1134 1201 magno
1158 1128 1318 1199 flante
1344 1165 1360 1191 ,
1388 1118 1710 1194 exsurgebat.

237 1237 291 1291 1.
322 1233 557 1290 Christus
579 1230 730 1282 etiam
751 1225 928 1279 absens
949 1227 1154 1276 suorum
1183 1216 1393 1278 utilitati
1414 1214 1601 1270 studet.
1637 1210 1768 1278 Qua:

156 1327 310 1398 signa
329 1321 572 1392 discipuli
595 1318 692 1375 soli
706 1311 1132 1371 uiderint—Non
1158 1320 1399 1382 praesens
1420 1313 1623 1362 tantum
1645 1308 1768 1398 cor-

157 1393 422 1488 poraliter
441 1410 720 1481 discipulis
738 1406 920 1473 Jesus,
953 1403 1052 1461 sed
1080 1403 1241 1459 etiam
1268 1399 1464 1455 absens
1488 1405 1546 1453 et
1570 1393 1757 1466 procul

157 1523 395 1565 versans
418 1547 436 1573 ,
463 1518 657 1561 eorum
690 1499 874 1556 studet
898 1495 1134 1553 utilitati.
1155 1490 1289 1548 Cum
1316 1491 1461 1547 enim
1486 1495 1542 1544 et
1569 1489 1764 1558 potens

160 1602 237 1658 sit
277 1608 335 1655 et
383 1611 580 1669 sagax,
628 1608 726 1664 per
776 1588 1046 1647 contraria
1091 1583 1232 1641 idem
1273 1583 1448 1653 ipsum
1488 1585 1764 1650 operatur.

164 1689 822 1754 Animadvertenamque
842 1678 970 1752 quid
998 1677 1085 1732 hic
1113 1683 1254 1746 agat.
1278 1672 1504 1729 Relictis
1531 1669 1768 1738 discipu-

161 1785 231 1842 lis
255 1826 270 1850 ,
301 1780 553 1838 ascendit
574 1778 629 1834 in
659 1784 918 1832 montem.
948 1771 1030 1826 llli
1057 1783 1216 1836 vero,
1245 1767 1466 1822 absente
1485 1762 1762 1832 magistro,

163 1885 224 1931 ut
248 1889 378 1932 sero
404 1872 605 1928 factum
634 1876 751 1935 est,
784 1857 1181 1922 descenderunt
1208 1857 1276 1914 ad
1299 1871 1448 1912 mare
1476 1869 1492 1919 ;
1521 1862 1576 1908 et
1597 1865 1766 1921 usque

163 1968 232 2023 ad
274 1978 564 2036 vesperam
605 1964 921 2016 manserunt
958 1953 1132 2009 donec
1171 1948 1392 2005 rediret.
1427 1943 1765 2036 Adveniente

161 2033 395 2128 vespera
417 2097 434 2123 ,
461 2068 571 2110 non
603 2051 745 2107 ultra
767 2063 826 2104 se
849 2045 1128 2103 continere
1152 2042 1441 2111 potuerunt
1465 2077 1481 2103 ,
1509 2033 1763 2128 (μήθ-ξι)-

161 2123 286 2205 sum
328 2133 638 2219 querarent
671 2159 686 2196 :
716 2147 866 2195 tanto
908 2135 1025 2206 ejus
1069 2146 1253 2188 amore
1295 2128 1610 2200 ﬂagrabant.
1646 2123 1764 2219 Non

164 2215 393 2305 dicunt,
422 2237 664 2305 Vespera
688 2234 798 2303 jam
828 2237 945 2293 est,
972 2241 1082 2282 nox
1109 2223 1301 2288 adest,
1332 2235 1441 2291 quo
1481 2231 1622 2273 nunc
1666 2215 1767 2270 ibi-

163 2331 319 2388 mus?
344 2329 521 2393 locus,
545 2325 681 2380 hora
705 2320 943 2393 periculo
969 2330 1078 2372 non
1106 2320 1300 2371 vacant
1333 2327 1348 2366 :
1381 2309 1478 2366 sed
1497 2305 1766 2364 desiderio

166 2423 411 2489 incensi,
443 2433 637 2475 navem
664 2411 1054 2472 conscendunt.
1081 2408 1267 2478 Neque
1292 2404 1436 2461 enim
1461 2401 1579 2458 sine
1604 2412 1767 2456 causa

166 2513 502 2585 evangelista
533 2519 748 2579 tempus
772 2504 968 2560 indicat
991 2542 1007 2567 ,
1039 2500 1134 2557 sed
1158 2507 1218 2554 ut
1243 2498 1347 2552 boc
1375 2503 1530 2566 pacto
1551 2493 1768 2585 ferven-

168 2617 273 2663 tem
297 2581 521 2661 illorum
548 2613 794 2656 amorem
818 2595 1076 2652 declaret.
1105 2592 1214 2648 Cur
1240 2603 1368 2660 ergo
1393 2583 1632 2642 dimissis
1662 2581 1768 2637 illis

166 2697 319 2756 abit?
340 2698 453 2752 imo
477 2710 575 2750 cur
605 2692 756 2748 solus
779 2702 991 2744 rursum
1017 2690 1238 2756 apparet
1265 2693 1426 2749 supra
1458 2691 1608 2732 mare
1645 2689 1770 2730 amo‘

167 2790 404 2846 bulansl
433 2788 636 2852 Primo,
669 2791 728 2838 ut
753 2781 972 2838 doceret
993 2779 1148 2842 illos,
1198 2787 1360 2845 quam
1411 2783 1574 2842 grave
1621 2773 1770 2823 esset

165 2883 313 2940 solos
331 2878 588 2948 relinqui,
617 2885 780 2945 atque
801 2874 923 2928 hinc
944 2868 1267 2926 desiderium
1316 2870 1603 2934 augeretur
1637 2878 1650 2915 :
1677 2874 1768 2915 se-

165 2973 347 3030 cundo
371 3011 390 3037 ,
423 2979 479 3025 ut
504 2967 799 3038 potentiam
850 2961 1158 3018 ostenderet
1199 2971 1376 3012 suam.
1406 2950 1770 3021 Quemadmo-

166 3064 294 3118 dum
323 3061 471 3117 enim
499 3072 608 3113 non
638 3069 858 3111 omnem
887 3051 1185 3108 doctrinam
1223 3062 1344 3104 cum
1383 3044 1538 3100 turba
1579 3040 1767 3096 audie-

170 3155 300 3209 bant
317 3194 333 3220 ,
368 3153 450 3206 sic
474 3165 582 3205 non
613 3147 796 3204 omnia
822 3146 971 3215 signa
987 3157 1109 3198 cum
1126 3140 1283 3212 plebe
1303 3135 1574 3192 videbant.
1598 3133 1769 3202 Opor-

174 3246 320 3302 tebat
369 3243 516 3297 enim
563 3253 696 3302 eos,
751 3235 945 3306 quibus
990 3229 1406 3288 committendus
1443 3226 1588 3282 orbis
1616 3232 1767 3286 erat,

168 3312 371 3408 aliquid
402 3331 636 3402 amplius
667 3327 870 3382 habere
894 3340 1056 3397 quam
1076 3330 1325 3408 exteros.
1355 3320 1536 3387 Ecqua
1578 3316 1730 3384 signa
1750 3354 1767 3382 ,

171 3429 386 3499 mquies
411 3467 428 3493 ,
469 3423 575 3478 soli
603 3418 890 3476 viderunt?
919 3412 1461 3485 '[ransligurationem
1485 3410 1538 3462 in
1564 3413 1769 3474 monte,

173 3521 275 3576 boc
301 3516 625 3574 miraculum
649 3515 704 3568 in
735 3511 907 3578 mari,
938 3509 1103 3563 multa
1133 3513 1188 3561 et
1226 3501 1469 3560 miranda
1509 3509 1631 3570 post
1681 3511 1773 3553 re-

169 3610 606 3670 surrectionem;
637 3612 803 3673 atque
825 3644 840 3668 ,
875 3609 933 3656 ut
956 3599 1221 3665 arbitror,
1251 3594 1418 3650 multa
1444 3592 1569 3646 alia.
1603 3589 1776 3645 Vene-

170 3711 298 3758 runt
316 3708 500 3754 autem
521 3697 887 3766 Capernaum,
917 3707 1027 3748 non
1054 3687 1208 3762 gnari
1233 3685 1450 3757 quidem
1471 3726 1486 3752 ,
1515 3682 1610 3740 sed
1641 3697 1768 3753 spe-

171 3799 356 3848 rantes
384 3804 446 3844 se
470 3789 647 3858 ipsum
677 3785 752 3840 ibi
782 3791 1088 3854 reperturos
1137 3793 1258 3836 esse
1301 3776 1390 3833 vel
1441 3777 1584 3831 inter
1625 3773 1778 3828 navi-

172 3881 431 3954 gandum.
462 3879 579 3935 Hoc
607 3872 1267 3938 subindicavitloannes-,
1315 3883 1437 3925 cum
1482 3867 1619 3923 dixit
1663 3865 1775 3936 jam

174 3986 459 4043 vesperam
489 3969 688 4033 fuisse,
721 3964 948 4021 necdum
993 3964 1206 4020 venisse
1253 3962 1438 4017 Jesum
1462 3999 1479 4027 ,
1527 3967 1584 4014 et
1625 3971 1777 4024 mare

175 4080 373 4135 magno
413 4061 639 4118 reﬂante
673 4067 833 4114 vento
879 4056 1217 4112 intumuisse.
1246 4055 1354 4111 Cur
1381 4068 1512 4124 ergo
1543 4050 1776 4107 turban-

178 4155 303 4211 tur?
332 4154 502 4210 multa
530 4160 680 4208 certe
713 4155 866 4206 erant
905 4165 1026 4220 qua
1073 4148 1195 4203 illos
1247 4145 1732 4217 perterrefacerent
1760 4161 1775 4198 :

175 4257 425 4318 tempus,
453 4243 695 4300 tenebrae
725 4256 955 4310 namque
997 4247 1192 4304 erant;
1245 4246 1536 4308 tempestas
1563 4278 1580 4305 ,
1629 4250 1780 4292 mare

177 4355 412 4411 namque
441 4338 806 4400 intumuerat;
835 4336 986 4391 locus
1006 4375 1022 4402 ,
1053 4349 1159 4389 non
1186 4333 1328 4389 enim
1361 4347 1530 4404 prope
1577 4340 1778 4388 terram

176 4442 333 4488 erant
356 4473 372 4500 ,
401 4431 500 4488 sed
521 4469 537 4497 ,
561 4429 653 4486 19.
681 4427 811 4484 Cum
836 4430 1166 4500 remigassent
1211 4428 1356 4496 quasi
1394 4429 1563 4482 stadia
1605 4427 1782 4499 viginti

176 4526 432 4595 quinque;
463 4521 682 4579 tandem
699 4519 852 4577 adest
871 4535 961 4576 res
987 4521 1354 4590 inexspectata
1383 4538 1397 4574 :
1434 4519 1618 4575 Vident
1634 4521 1781 4576 enim

177 4635 292 4674 eum
320 4616 671 4671 ambulantem
698 4629 851 4683 super
888 4629 1060 4682 mare,
1109 4613 1284 4683 iisque
1328 4612 1619 4668 admodum
1667 4629 1785 4684 per-

179 4709 409 4766 turbatis
430 4707 568 4762 dixit
595 4705 724 4762 :20.
759 4704 866 4777 Ego
892 4721 1007 4760 sum
1031 4746 1047 4773 ,
1071 4704 1228 4759 nolite
1260 4704 1456 4758 timere.
1499 4705 1607 4760 Cur
1653 4719 1784 4776 ergo

180 4791 464 4873 apparuit?
493 4797 568 4856 Ut
595 4797 909 4854 ostenderet
948 4811 1008 4852 se
1040 4796 1376 4866 tempestatis
1412 4796 1664 4853 sedandae
1690 4811 1786 4853 au—

181 4894 407 4948 ctorem.
429 4889 543 4945 Hoc
565 4888 832 4960 signiﬁcat
860 4888 1188 4961 evangelista
1212 4902 1333 4944 cum
1355 4887 1487 4944 dicit
1514 4906 1528 4944 :
1556 4889 1649 4944 21.
1684 4887 1786 4945 Vo-

183 4983 387 5037 luerunt
413 4982 647 5050 accipere
669 4996 784 5034 eum
812 4980 867 5034 in
895 4982 1064 5035 navim
1082 4994 1104 5046 ;
1132 4989 1180 5035 et
1225 4981 1396 5036 statim
1446 4982 1590 5036 navis
1629 4988 1788 5053 prope

185 5084 368 5128 tenam
396 5075 512 5146 fuit.
539 5072 657 5129 Non
685 5072 847 5129 modo
870 5074 1016 5128 enim
1050 5081 1221 5129 tutam
1241 5112 1257 5138 ,
1286 5073 1382 5129 sed
1407 5075 1571 5130 etiam
1594 5091 1789 5132 secun-

185 5165 304 5221 dam
331 5167 468 5237 ipsis
487 5165 887 5236 navigationem
919 5164 1168 5236 praebuit.
1213 5165 1408 5222 Turba
1448 5158 1648 5226 autem
1676 5185 1786 5227 non

183 5273 240 5315 se
277 5257 648 5314 ambulantem
697 5271 861 5327 super
899 5271 1052 5312 mare
1101 5257 1542 5327 conSpiciendum
1587 5261 1784 5317 dedit:

187 5364 307 5405 nam
335 5349 517 5418 majus
555 5349 769 5418 signum
815 5355 964 5414 erat,
1013 5362 1174 5419 quam
1215 5364 1403 5405 eorum
1443 5352 1789 5412 imbecillitas

185 5438 368 5497 ferret.
399 5437 510 5496 Sed
531 5453 709 5509 neque
730 5439 1009 5512 discipulis
1036 5456 1096 5496 se
1122 5441 1195 5496 ita
1222 5441 1311 5497 diu
1333 5443 1622 5522 videndum
1651 5463 1789 5516 pra:-

190 5533 299 5589 buit
327 5551 343 5588 :
373 5533 472 5589 sed
520 5532 684 5588 simul
723 5540 779 5588 et
823 5532 974 5589 visus
1017 5543 1134 5600 est,
1182 5543 1237 5589 et
1281 5536 1526 5591 recessit.
1560 5536 1787 5594 Videtur

188 5640 347 5694 porro
368 5624 503 5681 mihi
531 5624 678 5681 aliud
705 5624 774 5680 ab
793 5636 860 5680 eo
883 5625 1097 5696 signum
1128 5640 1249 5682 esse
1273 5668 1288 5692 ,
1320 5629 1461 5698 quod
1485 5631 1626 5700 apud
1656 5631 1790 5689 Mat-

190 5718 385 5774 tlueum
415 5726 673 5774 narratur
699 5731 716 5784 ;
739 5717 850 5773 imo
871 5717 1040 5773 multa
1067 5718 1299 5789 probant
1338 5721 1613 5779 diversum
1643 5740 1786 5783 esse.

187 5807 454 5866 Ceterum
479 5823 628 5881 saepe
648 5807 840 5867 eadem
865 5809 1017 5880 signa
1047 5809 1174 5866 facit
1199 5852 1213 5880 ,
1244 5820 1302 5868 ut
1331 5829 1398 5870 ne
1447 5816 1664 5874 insolita
1706 5821 1790 5876 vi-

1871 750 2132 808 derentur
2160 743 2550 823 spectantibus,
2579 751 2677 810 sed
2707 753 2797 808 illa
2824 767 2948 809 cum
2975 750 3078 808 ﬂde
3124 765 3317 822 magna
3355 765 3480 806 sus-

1869 843 2133 914 ciperem.
2160 842 2275 915 Ego
2295 861 2429 912 sum,
2457 845 2616 917 nolite
2640 846 2838 900 timere.
2884 844 3064 901 Verbo
3110 844 3359 900 timorem
3388 859 3473 899 rex

1868 948 2059 990 eorum
2088 936 2271 991 animo
2306 936 2460 1006 pellit
2489 953 2505 990 :
2532 951 2641 992 non
2679 937 2752 992 ita
2781 937 2940 1000 alibi,
2982 949 3106 991 cum
3145 934 3338 990 Petrus
3390 933 3475 988 di-

1870 1024 2066 1082 cebat:
2097 1024 2338 1093 Domine,
2366 1028 2411 1082 si
2439 1036 2494 1082 tu
2520 1045 2592 1094 es,
2613 1027 2743 1099 jube
2782 1043 2860 1082 me
2885 1029 3052 1080 uenire
3077 1027 3146 1079 ad
3172 1035 3221 1080 te
3243 1023 3470 1096 (Matth.

1869 1116 1961 1174 ﬂ.
1982 1116 2056 1174 28
2076 1119 2118 1187 ).
2149 1115 2257 1172 Cur
2284 1133 2414 1190 ergo
2441 1129 2567 1175 tunc
2597 1135 2705 1176 non
2732 1120 2913 1175 statim
2958 1118 3064 1173 hoc
3103 1125 3433 1186 acceperunt
3457 1155 3474 1179 ,

1870 1224 2018 1267 nunc
2043 1221 2223 1266 autem
2251 1211 2635 1269 crediderunt?
2683 1212 2949 1280 Quoniam
3003 1220 3132 1266 tunc
3181 1219 3476 1278 tempestas

1872 1306 2255 1386 perseverabat
2291 1306 2634 1377 agitabatque
2671 1320 2908 1371 navem;
2961 1318 3106 1359 nunc
3143 1311 3326 1358 autem
3371 1316 3474 1355 vox

1873 1399 2309 1470 tranquillitatem
2335 1400 2565 1470 peperit.
2587 1399 2643 1456 Si
2673 1414 2761 1456 res
2809 1413 2915 1454 non
2957 1399 3027 1453 ita
3068 1399 3176 1463 sit,
3226 1395 3278 1451 id
3327 1405 3477 1451 certe

1873 1492 1978 1547 erit
1996 1492 2140 1562 quod
2169 1507 2332 1563 supra
2360 1492 2508 1559 dixi,
2545 1493 2694 1547 illum
2722 1507 2866 1563 stupe
2891 1491 3077 1547 eadem
3110 1490 3272 1546 edere
3302 1489 3475 1560 signa,

1874 1590 1935 1637 ut
1964 1597 2029 1638 ex
2057 1583 2327 1653 prioribus
2355 1582 2588 1638 secunda
2617 1582 2960 1639 credibiliora
2987 1582 3115 1636 sint.
3153 1580 3262 1635 Cur
3294 1591 3475 1634 autem

1869 1690 1978 1732 non
1996 1675 2238 1732 ascendit
2258 1676 2311 1730 in
2342 1690 2532 1732 navem
2549 1677 2575 1729 7
2604 1675 2673 1731 Ut
2691 1675 2904 1746 signum
2931 1672 3105 1743 majus
3131 1679 3474 1743 operaretur,

1869 1768 2139 1838 simulque
2160 1766 2493 1824 divinitatem
2523 1783 2674 1823 suam
2701 1767 2903 1823 clarius
2933 1765 3280 1830 ostenderet,
3313 1774 3474 1834 atque

1872 1857 2304 1927 demonstraret,
2335 1873 2396 1918 se
2421 1875 2542 1916 cum
2570 1860 2768 1931 gratias
2799 1860 2938 1929 egit,
2969 1875 3075 1914 non
3103 1858 3245 1929 quod
3276 1857 3477 1914 auxilio

1871 1961 2057 2022 egeret
2077 1950 2130 2006 id
2157 1951 2374 2021 fecisse,
2401 1952 2498 2008 sed
2522 1961 2583 2027 ut
2610 1967 2670 2008 se
2698 1952 2804 2008 illis
2830 1960 3242 2024 attemperaret.
3270 1952 3479 2007 Permi-

1870 2045 2049 2114 sitque
2080 2053 2452 2114 tempestatem
2478 2044 2740 2111 excitari,
2786 2053 2845 2100 ut
2891 2059 2951 2100 se
3000 2059 3219 2116 semper
3266 2059 3478 2114 quaere-

1869 2144 2030 2203 rent;
2061 2137 2352 2207 statimque
2376 2137 2623 2204 sedavit,
2659 2145 2720 2193 ut
2755 2137 2996 2210 potentia
3036 2152 3133 2193 sua
3184 2151 3478 2208 cognosce-

1870 2235 2060 2293 retur;
2093 2241 2201 2282 non
2230 2227 2475 2283 ascendit
2501 2237 2681 2283 autem
2707 2227 2760 2283 in
2789 2228 2968 2282 navim
2996 2271 3012 2295 ,
3046 2236 3105 2283 ut
3149 2228 3324 2298 majus
3373 2227 3476 2281 mi-

1870 2319 2110 2375 raculum
2123 2318 2347 2376 faceret.
2379 2320 2470 2376 22.
2496 2320 2674 2376 Altera
2697 2330 2870 2376 autem
2895 2321 2979 2376 die
2997 2321 3147 2376 turba
3169 2336 3284 2392 qua
3307 2322 3474 2376 stabat

1869 2410 1971 2478 ibi,
2000 2411 2172 2466 videns
2191 2413 2312 2483 quia
2333 2413 2570 2466 navicula
2590 2413 2695 2467 alia
2719 2429 2822 2468 non
2843 2421 2952 2468 erat
2980 2413 3083 2479 ibi,
3117 2412 3214 2467 nisi
3243 2429 3350 2468 una
3368 2454 3383 2479 ,
3421 2413 3476 2467 in

1870 2517 2024 2572 quam
2047 2504 2378 2557 ascenderant
2399 2504 2637 2574 discipuli
2659 2507 2771 2576 ejus
2789 2545 2804 2571 ,
2834 2513 2882 2559 et
2905 2505 3028 2575 quia
3057 2503 3210 2560 Iesus
3255 2521 3356 2559 non
3396 2506 3481 2559 in-

1873 2595 2074 2649 troisset
2101 2611 2219 2654 cum
2241 2595 2508 2666 discipulis
2536 2597 2643 2660 suis
2677 2597 2731 2650 in
2761 2597 2932 2650 navim
2964 2613 2983 2651 :
3019 2596 3380 2654 ascenderunt
3427 2604 3478 2651 el

1872 2686 1973 2756 ipsi
1994 2687 2047 2742 in
2076 2688 2212 2742 alias
2239 2688 2515 2744 naviculas
2561 2703 2685 2759 qua:
2732 2699 2994 2745 venerant
3043 2705 3111 2746 ex
3162 2689 3475 2746 Tiberiade.

1871 2778 1982 2834 Cur
2021 2778 2140 2834 lucc
2166 2781 2470 2836 minutatim
2499 2781 2735 2837 Joannes
2758 2793 3041 2849 recenset;
3084 2783 3194 2838 imo
3233 2799 3330 2838 cur
3370 2798 3478 2837 non

1872 2869 2045 2939 dixit,
2078 2872 2246 2927 altera
2276 2872 2364 2928 die
2398 2873 2583 2928 turbas
2610 2876 3023 2932 transfretantes
3046 2876 3289 2931 abiisse?
3319 2876 3479 2931 Aliud

1873 2962 2146 3033 quidpiam
2180 2979 2280 3019 nos
2309 2965 2426 3019 vult
2454 2966 2672 3022 docere.
2697 2966 2836 3034 Quid
2865 2968 2994 3023 illud
3018 2969 3042 3021 ἲ
3071 2968 3343 3024 Christum
3380 2968 3483 3023 etsi

1871 3061 1982 3109 non
2007 3054 2206 3124 palam,
2239 3057 2548 3112 clanculum
2573 3066 2752 3113 tamen
2786 3061 2958 3116 turbis
3001 3061 3053 3115 id
3099 3061 3480 3132 suspicandum

1874 3147 2161 3217 reliquisse
2193 3166 2207 3202 :
2239 3163 2360 3204 nam
2391 3151 2466 3204 ait
2494 3167 2509 3204 :
2550 3150 2685 3205 Vidit
2717 3153 2865 3206 turba
2887 3195 2900 3218 ,
2929 3155 3051 3222 quia
3096 3156 3337 3208 navicula
3378 3154 3485 3208 alia

1874 3255 1978 3293 non
2007 3249 2115 3294 erat
2139 3239 2207 3293 ibi
2232 3280 2248 3307 ,
2275 3241 2371 3294 nisi
2403 3257 2508 3296 una
2525 3257 2546 3306 ;
2573 3251 2627 3297 et
2656 3244 2798 3312 quod
2827 3244 2985 3300 Iesus
3013 3261 3120 3300 non
3150 3246 3485 3302 ascendisset

1875 3344 1997 3386 cum
2043 3331 2149 3386 illis
2175 3371 2190 3396 ,
2232 3340 2287 3386 et
2311 3333 2624 3388 conscensis
2650 3335 2912 3390 naviculis
2940 3351 3005 3390 ex
3046 3337 3350 3405 Tiberiade,
3383 3338 3478 3392 24.

1884 3420 2142 3476 Venerunt
2195 3421 2520 3492 Capernaum
2568 3437 2849 3495 querentes
2891 3427 3094 3487 Jcsum.
3153 3429 3291 3498 Quid
3339 3433 3483 3488 enim

1877 3512 2025 3568 aliud
2053 3515 2433 3584 suspicandum
2465 3517 2874 3588 relinquebatur
2897 3563 2910 3586 ,
2940 3537 3101 3592 quam
3147 3525 3291 3594 quod
3326 3527 3488 3583 'mare

1878 3603 2105 3674 pedibus
2135 3605 2452 3675 trajiciendo
2482 3609 2764 3664 venisset?
2807 3610 2927 3666 Non
2955 3613 3098 3667 enim
3131 3614 3236 3670 dici
3278 3625 3490 3686 poterat

1879 3696 2054 3766 ipsum
2109 3697 2162 3751 in
2211 3697 2317 3752 alia
2360 3699 2482 3753 navi
2532 3700 2810 3770 trajecisse
2844 3721 2857 3756 :
2888 3719 3012 3758 nam
3063 3704 3220 3771 Una,
3273 3707 3487 3778 inquit,

1880 3799 1998 3844 erat
2046 3789 2101 3845 in
2144 3807 2302 3860 quam
2358 3792 2588 3863 ingressi
2633 3805 2760 3849 sunt
2790 3795 3038 3867 discipuli
3061 3797 3199 3869 ejus.
3235 3801 3490 3858 Attamen

1880 3891 2004 3952 post
2025 3891 2229 3938 tantum
2261 3886 2578 3940 miraculum
2612 3901 2720 3942 non
2749 3888 3153 3962 interrogarunt
3185 3907 3308 3948 eum
3349 3910 3490 3964 quo-

1882 3975 2045 4031 modo
2073 3977 2418 4046 trajecisset,
2449 3994 2552 4035 nec
2604 3980 2674 4036 de
2724 3989 2874 4037 tanto
2923 3985 3187 4042 miraculo
3237 3988 3494 4057 inquisie-

1881 4076 2010 4121 runt
2039 4080 2054 4121 :
2087 4067 2180 4122 sed
2213 4068 2340 4135 quid
2371 4069 2602 4126 dicunt?
2626 4070 2718 4129 25.
2765 4074 2930 4129 Rabbi
2951 4118 2966 4142 ,
2999 4077 3205 4144 quando
3250 4079 3349 4132 huc
3394 4095 3496 4135 ve-

1884 4159 2194 4216 nisti!Nisi
2219 4163 2340 4233 quis
2367 4164 2598 4222 fortasse
2624 4165 2769 4223 dicat
2811 4169 2900 4225 hic
2951 4170 3170 4238 Quando
3219 4173 3344 4243 poni
3395 4189 3493 4244 pro

1883 4254 2176 4324 quomodo.

1955 4349 2010 4404 2.
2041 4348 2232 4421 Operae
2261 4353 2492 4424 pretium
2516 4362 2697 4411 autem
2726 4365 2810 4412 est
2833 4356 2921 4413 liic
2955 4359 3294 4428 perpendere
3337 4361 3493 4418 volu-

1886 4441 2048 4496 bilem
2081 4441 2297 4498 illorum
2331 4444 2680 4502 voluntatem.
2733 4446 2869 4503 Nam
2911 4451 3000 4520 qui
3049 4449 3301 4506 dixerant
3328 4495 3342 4520 ,
3393 4452 3497 4508 llic

1886 4541 1959 4586 est
1982 4533 2392 4606 praphcta;qui
2421 4535 2743 4593 studuerant
2769 4539 2919 4594 illum
2968 4557 3162 4610 rapere
3212 4553 3266 4599 et
3312 4560 3493 4615 regem

1887 4639 2042 4680 suum
2070 4627 2404 4683 constituere
2430 4669 2445 4696 ,
2473 4638 2760 4700 postquam
2794 4632 2942 4687 illum
2972 4634 3331 4704 invenerunt,
3363 4636 3498 4692 nihil

1891 4715 2201 4787 hujusmodi
2228 4720 2506 4790 cogitant,
2535 4722 2633 4777 sed
2659 4723 2866 4794 abjecta
2913 4726 3158 4781 miraculi
3199 4728 3459 4783 memoria
3487 4775 3498 4787 .

1889 4819 1949 4864 ut
1993 4818 2163 4880 puto,
2226 4822 2335 4868 non
2383 4812 2535 4868 illum
2589 4815 2659 4868 ita
2703 4815 2934 4872 ulterius
2963 4818 3249 4874 mirantur.
3282 4821 3350 4876 Et
3377 4821 3500 4878 ideo

1891 4899 2137 4957 fortassis
2185 4903 2336 4959 illum
2365 4905 2810 4976 ,perquirebant,
2863 4918 2922 4963 ut
2968 4908 3093 4965 cibo
3148 4911 3498 4981 fruerentur,

1891 4991 2032 5047 sicut
2069 5002 2248 5049 antea.
2280 4994 2426 5051 Mare
2450 4995 2695 5052 Rubrum
2724 4998 3051 5068 trajecerunt
3077 5043 3091 5067 ,
3117 5001 3303 5074 Moyse
3329 5004 3465 5060 duce
3484 5047 3499 5073 ,

1891 5081 2104 5151 Judaai;
2137 5085 2234 5142 sed
2260 5101 2453 5158 magna
2483 5087 2572 5146 hic
2614 5099 2732 5145 ent
2758 5082 3092 5148 differentia.
3135 5093 3228 5150 Ille
3270 5082 3505 5169 namque

1895 5191 2122 5246 procans
2171 5187 2230 5233 ut
2277 5195 2466 5237 servus
2523 5183 2706 5238 omnia
2756 5182 3023 5253 faciebat;
3074 5186 3161 5244 hic
3207 5204 3338 5246 vero
3381 5206 3504 5248 cum

1895 5269 2042 5329 omni
2073 5279 2367 5340 potestate.
2401 5271 2518 5329 Illic
2544 5272 2709 5330 ﬂante
2736 5285 2865 5332 noto
2887 5278 3053 5334 cessit
3098 5295 3241 5350 aqua
3261 5323 3275 5348 ,
3330 5283 3402 5337 ita
3452 5292 3508 5340 ut

1895 5374 1992 5432 per
2022 5361 2225 5417 siccum
2257 5364 2488 5420 transire
2513 5368 2819 5436 potuerint;
2851 5368 2939 5425 hic
2970 5381 3148 5427 autem
3190 5374 3366 5445 majus
3410 5375 3511 5431 fuit

1897 5453 2242 5510 miraculum.
2275 5458 2427 5527 Aqua
2455 5459 2601 5514 enim
2625 5460 2677 5514 in
2721 5475 2818 5515 sua
2867 5477 3096 5519 manens
3144 5474 3334 5522 natura
3361 5508 3377 5533 ,
3432 5469 3510 5524 sic

1898 5544 2185 5602 Dominum
2217 5548 2381 5604 dorso
2405 5564 2505 5606 suo
2552 5552 2821 5621 gestavit,
2872 5554 3076 5610 dictum
3129 5556 3259 5612 illud
3306 5559 3510 5613 confir-

1897 5654 2052 5695 mans
2075 5655 2090 5693 :
2111 5639 2392 5696 Ambulans
2417 5659 2579 5714 supra
2603 5661 2745 5700 mare
2769 5655 3027 5715 tamquam
3053 5665 3210 5719 supra
3239 5650 3507 5720 pavimen-

1897 5740 2006 5786 tum
2036 5731 2174 5806 (Job
2201 5733 2255 5790 9.
2301 5734 2397 5806 8.)
2424 5733 2555 5791 lure
2589 5745 2770 5793 autem
2817 5739 2874 5794 in
2917 5740 3256 5812 Capernaum
3303 5742 3512 5813 ingres-

1898 5837 2058 5882 surus
2085 5865 2099 5887 .
2129 5824 2320 5883 duram
2342 5837 2398 5885 et
2418 5827 2824 5902 immorigeram
2850 5831 3157 5906 civitatem,
3185 5833 3505 5894 miraculum
