4024 6500
516 421 620 480 21⁸1

518 552 715 606 panum
739 529 905 591 edidit
930 548 944 598 ;
976 538 1031 584 ut
1060 541 1163 583 non
1192 523 1351 580 modo
1378 539 1445 578 ex
1472 518 1741 576 miraculis
1766 530 1887 586 qua:
1918 513 1968 567 in
2012 510 2091 565 ci-

517 604 682 681 vitate
703 666 721 693 ,
751 623 843 681 sed
871 622 1031 678 etiam
1061 617 1220 674 exiis
1248 630 1369 685 quae
1389 623 1544 669 extra
1565 610 1830 666 civitatem
1858 604 2087 667 fecerat,

520 724 635 787 ejus
660 717 852 772 civium
896 710 1297 780 lmmorigerum
1344 706 1580 760 animum
1629 698 1913 755 emolliret.
1960 693 2091 749 Nam

526 808 659 877 quod
690 814 849 862 tantae
884 804 1050 859 turba:
1073 804 1127 856 in
1156 800 1423 855 civitatem
1441 794 1583 849 illam
1603 790 2090 845 adventarentcum

523 908 665 954 tanto
690 898 936 961 fervore,
965 909 1126 966 quem
1170 890 1395 962 lapidem
1439 901 1548 942 non
1594 880 1983 939 emollivisset?
2027 879 2093 933 At

520 991 593 1045 illi
621 989 753 1044 nihil
780 984 1079 1057 huiusmodi
1119 981 1258 1052 passi
1305 987 1469 1043 sunt;
1520 974 1612 1030 sed
1664 974 1840 1029 cibum
1888 971 2093 1026 solum-

519 1079 681 1134 modo
706 1090 1021 1146 corporeum
1044 1072 1357 1142 cupiebant;
1388 1068 1614 1135 ideoque
1649 1080 1679 1118 a
1726 1064 1851 1118 Jesu
1898 1074 2088 1129 repre-

520 1169 840 1225 henduntur.
859 1166 983 1220 Haec
1002 1178 1122 1218 cum
1144 1162 1395 1224 sciamus,
1423 1156 1623 1221 dilecti,
1654 1154 1851 1225 gratias
1875 1163 2094 1221 agamus

522 1260 667 1322 Deo,
719 1272 823 1311 non
874 1253 1032 1309 modo
1068 1266 1166 1322 pro
1203 1248 1577 1310 sensibilibus,
1610 1244 1704 1301 sed
1736 1242 1900 1296 multo
1927 1238 2095 1309 magis

522 1362 617 1419 pro
667 1344 1028 1415 spiritualibus
1075 1341 1249 1396 donis.
1298 1338 1384 1394 Sic
1434 1336 1577 1391 enim
1627 1342 1685 1389 et
1738 1332 1826 1387 ille
1867 1329 2012 1392 vult,
2041 1334 2096 1381 et

522 1445 737 1508 propter
766 1434 879 1489 hmc
908 1433 995 1487 illa
1030 1445 1239 1502 quoque
1268 1430 1391 1491 dat,
1418 1426 1857 1490 sensibilibusque
1900 1422 2091 1487 imper—

523 1527 769 1581 iectiores
789 1525 952 1578 allicit
977 1536 1031 1578 ct
1060 1530 1377 1592 prwmonet,
1413 1526 1593 1587 utpote
1613 1516 1702 1585 qui
1734 1512 1889 1581 hujus
1911 1509 2092 1564 mundi

520 1619 679 1672 rebus
702 1615 872 1670 adhuc
900 1615 1123 1669 inhient.
1148 1611 1342 1665 Verum
1366 1611 1416 1684 si
1434 1608 1516 1663 his
1539 1605 1791 1675 acceptis,
1824 1604 1874 1657 in
1904 1601 2093 1656 iisdem

523 1725 555 1778 p
591 1716 896 1781 rsevcrent,
949 1700 1407 1774 reprehenduntur
1449 1708 1505 1754 et
1542 1698 1907 1765 increpantur.
1958 1692 2094 1746 Nam

522 1799 806 1869 paralytico
837 1798 962 1852 illud
993 1798 1215 1864 primum
1248 1795 1376 1847 dare
1418 1792 1617 1854 voluit;
1669 1788 1763 1844 sed
1811 1788 1898 1856 qui
1952 1800 2091 1854 pra:—

516 1901 696 1945 scutes
720 1897 891 1954 erant,
925 1888 974 1942 id
998 1904 1101 1941 non
1136 1886 1484 1956 patiebantur.
1511 1880 1646 1936 Cum
1676 1879 1819 1934 enim
1848 1876 2091 1942 dixisset,

520 1980 843 2035 "emittuntur
903 1978 990 2032 tibi
1035 1988 1271 2047 peccata,
1323 1974 1613 2029 dicebant:
1647 1970 1746 2025 llic
1781 1969 2094 2039 blaspltemat

516 2075 533 2143 (
559 2072 742 2127 Matth.
770 2074 827 2129 9.
854 2072 907 2126 2.
942 2073 974 2126 5
997 2072 1039 2131 ).

590 2166 833 2233 Quanam
861 2180 893 2217 α
925 2162 1027 2216 Deo
1058 2163 1269 2232 petenda
1297 2162 1411 2216 sint.
1431 2189 1504 2200 —
1531 2157 1638 2222 Ne,
1672 2172 1852 2228 qnxso
1873 2198 1887 2217 ,
1921 2155 2093 2211 simile

516 2256 787 2327 quidpiam
839 2256 1138 2325 patiamur;
1189 2252 1541 2321 spiritualium
1592 2250 1745 2304 nobis
1800 2249 1975 2318 potior
2024 2249 2093 2301 sit

516 2351 675 2405 ratio.
700 2348 914 2416 Quare?
943 2346 1072 2414 Quia
1102 2346 1143 2399 si
1176 2344 1467 2413 spiritualia
1496 2342 1707 2408 adsint,
1738 2340 1867 2394 nihil
1911 2339 2088 2394 damni

517 2460 584 2501 cx
610 2442 960 2513 corporalium
989 2439 1278 2509 privatione
1305 2445 1594 2506 sequetur;
1624 2434 1667 2489 si
1720 2433 1923 2497 absint,
1973 2446 2091 2500 quae

522 2533 677 2589 nobis
703 2532 805 2587 erit
833 2545 957 2600 spes
978 2530 1001 2582 ?
1026 2544 1143 2598 qtun
1170 2525 1504 2581 consolatio?
1534 2525 1868 2592 Quapropter
1896 2536 1990 2591 pro
2014 2522 2094 2575 his

520 2639 733 2691 semper
758 2622 919 2677 Deum
947 2634 1132 2689 rogare
1158 2624 1403 2688 Oportet,
1427 2625 1481 2670 et
1504 2615 1616 2669 haec
1639 2613 1928 2685 postulare.
1973 2613 2096 2666 lla-c

521 2714 747 2786 petenda
777 2729 896 2768 esse
921 2713 1161 2767 Christus
1182 2709 1383 2765 docuit.
1422 2708 1488 2763 Et
1528 2708 1573 2761 si
1611 2707 1757 2761 illam
1796 2706 2093 2759 orationem

518 2807 878 2866 excutiamus,
933 2802 1064 2856 nihil
1107 2804 1158 2856 in
1200 2802 1285 2855 illa
1327 2800 1543 2855 carnale
1588 2799 1951 2867 reperiemus,
1998 2794 2093 2848 sed

516 2898 695 2952 omnia
725 2894 1037 2966 spiritualia.
1069 2893 1200 2947 Illud
1235 2907 1391 2961 porro
1419 2890 1682 2943 modicum
1709 2887 1905 2941 sensile
1951 2884 2093 2955 quod

518 2988 591 3043 ibi
620 2987 847 3060 petitur,
882 3001 948 3040 ex
977 2985 1136 3039 modo
1166 2982 1442 3052 spirituale
1488 2979 1733 3042 efﬁcitur,
1781 2977 1913 3031 Nam
1962 2977 2095 3031 nihil

521 3080 746 3149 amplius
815 3087 999 3147 petere
1064 3091 1222 3145 quam
1293 3088 1481 3143 panem
1533 3068 2095 3139 supersubstantialem

522 3176 543 3245 (
574 3171 755 3228 Matth.
794 3171 846 3224 6.
882 3167 980 3239 ll)
1009 3210 1024 3233 ,
1058 3167 1157 3221 hoc
1205 3176 1287 3220 est
1309 3206 1323 3229 ,
1363 3161 1759 3234 quotidianum,
1810 3158 2098 3229 spiritualis

1188 414 1245 470 S.
1283 406 1558 468 JUANNIS
1596 396 2067 462 CHRYSOSTO‘H
2109 395 2424 453 ARCIIIEP.
2462 389 2996 453 CONSTANTINOP.

3689 390 3840 449 ειε

2200 517 2254 563 et
2294 506 2641 577 philosophici
2684 508 2848 561 animi
2904 505 3085 562 fuerit.
3135 504 3437 572 Qute'vero
3476 506 3837 575 praecedunt

2199 600 2477 655 considera
2510 617 2524 653 :
2558 597 2915 667 Sanctiﬁcetur
2956 613 3138 653 nomen
3194 607 3376 660 tuum;
3428 598 3665 652 adveniat
3716 615 3838 652 re-

2197 708 2354 763 gnum
2382 700 2559 757 tuum;
2588 692 2678 761 ﬁat
2707 691 2937 746 voluntas
2978 703 3067 745 tua
3090 735 3105 759 ,
3158 694 3287 747 sicut
3326 695 3382 747 in
3427 695 3551 748 ratio
3575 736 3598 762 τ
3638 705 3689 749 ct
3760 695 3835 748 in

2200 792 2331 835 terra
2369 780 2516 854 (Luc.
2544 782 2633 836 ll.
2657 783 2711 837 5.
2741 780 2929 836 Matth.
2960 782 3014 838 ϐ.
3043 782 3096 839 9.
3129 782 3245 854 10).
3278 783 3478 839 Deinde
3502 793 3830 854 postquam

2199 871 2329 925 illud
2358 871 2611 926 sensibile
2635 874 2808 942 posuit
2832 914 2847 939 ,
2878 874 2981 930 hoc
3006 875 3275 944 praeterito
3302 877 3482 930 statim
3512 877 3578 930 ad
3626 877 3834 946 spiri-

2202 964 2395 1018 tualem
2423 964 2718 1019 doctrinam
2748 965 2886 1020 redit
2916 983 2930 1019 :
2972 965 3184 1023 Dimitte
3211 967 3352 1022 nobis
3382 968 3550 1023 debita
3575 979 3778 1023 nostra
3804 1010 3825 1027 .

2198 1055 2326 1109 sicut
2354 1064 2399 1109 et
2428 1072 2519 1109 nos
2547 1054 2845 1112 dimittimus
2870 1057 3175 1115 debitoribus
3212 1061 3398 1114 nostris
3450 1061 3469 1133 (
3493 1060 3693 1115 Matth.
3744 1061 3823 1116 6.

2201 1146 2271 1201 12
2290 1147 2333 1213 ).
2362 1144 2476 1201 Non
2504 1147 2856 1217 principatum
2882 1192 2897 1216 ,
2926 1166 3032 1205 non
3062 1151 3277 1207 divitias
3299 1193 3319 1219 ,
3361 1168 3467 1207 non
3515 1152 3762 1224 gloriam
3793 1192 3815 1218 ,

2200 1249 2306 1290 non
2336 1238 2626 1306 potentiam
2652 1280 2667 1304 ,
2698 1239 2793 1294 sed
2826 1242 3004 1296 omnia
3036 1257 3155 1312 qua:
3183 1243 3248 1297 ad
3277 1244 3562 1299 utilitatem
3592 1245 3827 1298 animae

2199 1328 2546 1382 conferebant
2567 1371 2581 1393 ,
2615 1330 2665 1383 in
2692 1331 2936 1384 oratione
2964 1333 3142 1400 posuit
3170 1350 3184 1385 :
3215 1333 3345 1388 nihil
3369 1342 3671 1401 terrenum,
3692 1334 3819 1390 sed

2199 1419 2377 1474 omnia
2407 1420 2660 1474 etclestia.
2688 1420 2742 1477 Si
2768 1437 2898 1491 ergo
2917 1423 3169 1493 jubemnr
3193 1425 3464 1482 abstinere
3491 1442 3518 1481 a
3552 1443 3821 1497 pra-sen-

2201 1510 2339 1565 tibus
2369 1511 2523 1581 hujus
2552 1514 2674 1567 vita:
2696 1515 2889 1582 rebus,
2918 1532 3077 1586 quam
3107 1518 3287 1573 miseri
3317 1519 3518 1574 erimus
3541 1562 3555 1585 ,
3603 1535 3647 1574 sn
3696 1521 3814 1575 illa

2199 1611 2443 1673 petamus
2462 1619 2491 1657 a
2516 1604 2646 1671 Deo,
2678 1621 2796 1675 qua:
2816 1608 2861 1661 si
2888 1607 3201 1676 habeamus,
3237 1610 3328 1665 ille
3349 1611 3809 1681 jussitabjicerc,

2200 1706 2255 1749 ut
2287 1712 2383 1751 nos
2409 1712 2438 1751 a
2467 1701 2611 1755 euris
2639 1702 2866 1768 eximat;
2910 1711 2964 1757 et
3002 1704 3044 1758 si
3079 1720 3197 1774 qua:
3238 1705 3326 1759 ille
3370 1714 3553 1774 petere
3587 1705 3755 1775 jussit
3783 1748 3805 1770 ,

2200 1789 2347 1844 nullo
2371 1790 2529 1845 modo
2558 1807 2828 1859 curemus,
2858 1797 2963 1850 imo
2985 1811 3053 1850 ne
3072 1796 3349 1866 cupiamus
3374 1797 3589 1866 quidem
3610 1797 3635 1850 τ
3654 1796 3805 1852 lllml

2199 1890 2345 1937 certe
2368 1892 2450 1937 est
2466 1885 2733 1953 superﬂue
2750 1886 2914 1957 loqui.
2936 1888 3271 1959 Quapropter
3285 1888 3488 1944 orando
3512 1890 3639 1944 nihil
3665 1905 3808 1959 per-

2200 1974 2427 2028 tieimus.
2450 1975 2730 2043 Quomodo
2758 1994 2906 2049 ergo,
2939 1980 3146 2051 inquies
3171 2023 3185 2047 ,
3220 1981 3445 2051 improbi
3474 1980 3744 2036 ditescnnt
3772 1981 3807 2034 ?

2199 2065 2469 2131 quomodo
2491 2067 2693 2136 iniqui,
2724 2070 2977 2137 scelesti,
3015 2082 3294 2139 raptores,
3337 2081 3463 2128 sunt
3501 2074 3741 2141 opulenti
3770 2072 3803 2125 ?

2196 2152 2311 2207 Non
2360 2154 2467 2209 Deo
2494 2157 2766 2225 pra-benti:
2790 2202 2805 2225 ,
2835 2161 2991 2216 absit.
3021 2162 3087 2215 Et
3107 2177 3202 2216 cur
3229 2163 3278 2217 id
3314 2165 3455 2219 Deus
3482 2165 3745 2233 permittit
3772 2166 3802 2217 ?

2198 2242 2445 2299 Permisit
2470 2258 2525 2301 et
2550 2247 2727 2314 diviti,
2763 2251 2904 2306 utad
2935 2252 3103 2321 majus
3125 2253 3271 2308 illum
3304 2267 3607 2309 reservaret
3652 2271 3798 2326 ευρ-ν

2200 2334 2435 2401 plicium.
2462 2338 2599 2392 Audi
2627 2340 2751 2409 quid
2781 2340 2990 2396 dicatur
3038 2343 3110 2397 illi
3145 2361 3158 2397 :
3190 2342 3331 2411 Fili,
3373 2347 3611 2415 accepisti
3655 2347 3799 2399 bona

2199 2434 2316 2487 tua,
2344 2435 2388 2480 et
2419 2427 2647 2482 Lazarus
2684 2432 2818 2485 mala
2846 2448 2864 2483 :
2892 2449 3026 2486 nunc
3053 2445 3221 2488 autem
3251 2436 3333 2488 hic
3356 2437 3650 2490 consolatur
3673 2478 3688 2499 ,
3733 2446 3797 2489 lis

2199 2532 2314 2570 vero
2345 2520 2587 2572 cruciaris
2619 2520 2782 2590 (Luc.
2809 2523 2895 2576 i6.
2922 2523 2991 2578 25
3015 2522 3055 2593 ).
3089 2523 3165 2579 Ne
3192 2533 3369 2579 autem
3413 2535 3467 2581 et
3508 2540 3606 2580 nos
3649 2526 3797 2581 hanc

2202 2604 2387 2662 v’ocem
2413 2608 2724 2675 audiamus,
2758 2613 2928 2680 quiin
2974 2614 3179 2669 deliciis
3223 2616 3417 2671 frustra
3459 2617 3689 2672 vivimus
3736 2626 3798 2672 ct

2202 2707 2414 2766 peccata
2447 2700 2680 2768 peccatis
2706 2702 2953 2758 addimus
2974 2747 2988 2770 ,
3020 2721 3174 2761 veras
3199 2707 3412 2762 divitias
3434 2749 3451 2775 ,
3480 2719 3792 2763 accuratam

2201 2788 2591 2857 philoSOphiam
2621 2800 2931 2858 sectemur,
2981 2806 3035 2848 ut
3087 2799 3345 2865 promissa
3394 2813 3797 2870 consequamur

2203 2879 2375 2946 bona;
2408 2897 2633 2951 quorum
2665 2883 2863 2937 utinam
2893 2899 3169 2941 consortes
3196 2888 3386 2954 simus,
3417 2890 3586 2960 gratia
3613 2900 3669 2946 et
3699 2891 3799 2946 bc-

2204 2975 2460 3044 niguitate
2497 2977 2702 3030 Domini
2736 2982 2902 3034 nostri
2933 2980 3059 3035 Jesu
3090 2982 3286 3036 Christi
3315 3023 3330 3049 ,
3383 2998 3478 3053 per
3523 2999 3683 3055 quem
3739 2996 3798 3041 et

2204 3080 2324 3119 cum
2349 3082 2453 3134 quo
2481 3066 2621 3121 Patri
2650 3069 2817 3138 gloria
2848 3112 2863 3137 ,
2895 3087 3105 3141 unaque
3132 3083 3319 3129 sancto
3345 3074 3601 3144 Spiritui,
3650 3094 3798 3133 nunc

2204 3165 2259 3210 et
2287 3172 2501 3227 semper
2525 3199 2540 3225 ,
2570 3170 2622 3213 et
2648 3160 2699 3213 in
2730 3162 2922 3216 sarcula
2953 3165 3294 3219 saeculorum.
3320 3171 3513 3221 Amen.

534 3294 3799 3324 Μ...-

1878 3366 2223 3428 HOMILIA
2268 3363 2489 3427 XLIV.

525 3520 653 3579 Car.
695 3522 749 3578 6.
791 3538 841 3577 v.
871 3521 960 3575 26.
994 3517 1274 3590 Respondit
1317 3516 1388 3569 eis
1410 3514 1581 3579 Jesus,
1621 3522 1667 3567 et
1705 3513 1832 3566 dixit
1858 3528 1876 3564 :
1903 3508 2056 3563 Amen
2082 3549 2098 3573 ,

596 3628 739 3666 amen
762 3611 872 3664 dico
892 3610 1049 3674 vobis,
1070 3607 1291 3679 quaeritis
1312 3621 1410 3671 me,
1434 3620 1532 3657 non
1561 3606 1680 3673 quia
1708 3602 1903 3656 vidistis
1934 3601 2103 3668 signa,

598 3705 685 3759 sed
714 3704 831 3773 quia
859 3701 1197 3755 manducastis
1243 3714 1305 3751 ex
1342 3697 1552 3766 panibus
1573 3738 1587 3761 ,
1634 3703 1681 3747 et
1727 3692 1941 3746 saturati
1966 3691 2103 3744 estis.

598 3801 688 3854 2'7.
724 3797 1013 3867 Operemini
1054 3811 1155 3848 non
1184 3792 1349 3846 cibum
1374 3792 1456 3861 qui
1481 3791 1643 3861 perit,
1672 3790 1764 3843 sed
1787 3787 1874 3857 qui
1902 3802 2102 3857 pernm-

598 3902 681 3946 net
709 3892 762 3944 in
789 3890 941 3943 vitam
970 3895 1224 3941 (sternant.

605 3985 654 4038 l.
682 3979 972 4036 Clementia
1000 3984 1056 4031 et
1093 3976 1285 4030 lenitas
1328 3990 1431 4029 non
1470 3973 1662 4043 ubique
1693 3971 1838 4027 utilis
1866 3978 1980 4035 est,
2008 3969 2104 4024 sed

532 4073 799 4132 interdum
829 4069 1081 4139 magister
1110 4067 1317 4123 acriore
1344 4082 1477 4136 opus
1500 4067 1656 4122 habet
1678 4080 1949 4121 sermone.
1974 4064 2103 4118 Nam

532 4182 652 4223 cum
702 4165 920 4235 ignarus
971 4160 1303 4229 crassiorque
1346 4168 1427 4213 est
1465 4158 1791 4227 discipulus,
1852 4157 2105 4213 utemlnm

532 4256 768 4318 stnnnlo,
798 4254 885 4323 qui
916 4261 1111 4305 tantam
1140 4251 1397 4321 ignaviam
1442 4258 1659 4319 pungat.
1691 4248 1743 4303 Id
1775 4248 1858 4304 hic
1885 4258 1938 4303 et
1984 4250 2109 4303 alibi

534 4363 676 4416 saepe
710 4346 829 4400 fecit
874 4343 1037 4397 Filius
1088 4342 1200 4395 Dei.
1248 4341 1637 4395 Accedentibus
1663 4341 1804 4394 enim
1834 4340 1901 4393 ad
1926 4338 2108 4393 Jesutn

536 4434 705 4494 turbis
726 4478 739 4500 ,
788 4434 1121 4506 adulantibus
1146 4475 1160 4498 ,
1198 4432 1601 4501 dicentibusque
1636 4449 1648 4485 :
1686 4431 1848 4486 Rabbi
1867 4471 1880 4498 ,
1910 4433 2111 4501 quando

537 4533 634 4584 huc
662 4527 878 4583 venisti?
908 4532 963 4579 ut
989 4524 1234 4580 ostendat
1272 4538 1332 4578 se
1364 4522 1596 4578 honores
1633 4532 1976 4577 contemnere
2006 4523 2106 4576 ho-

536 4624 739 4678 minum
764 4655 778 4683 ,
807 4627 861 4673 et
904 4632 1087 4671 eorum
1135 4625 1336 4670 tantum
1370 4615 1595 4669 salutem
1639 4626 1881 4684 spectare
1903 4657 1918 4680 ,
1949 4629 2110 4685 aSpe-

535 4714 647 4767 rius
678 4708 995 4776 respondet,
1027 4720 1132 4760 non
1158 4715 1215 4761 ut
1240 4706 1471 4774 corrigat
1493 4704 1683 4769 modo;
1721 4705 1815 4759 sed
1844 4713 1901 4758 ut
1926 4720 2111 4759 eorum

538 4808 773 4855 mentem
796 4797 992 4851 revelet
1024 4805 1076 4850 et
1102 4797 1155 4850 in
1184 4796 1414 4851 medium
1438 4794 1649 4851 referat.
1677 4794 1814 4860 Quid
1842 4810 1985 4850 enim
2008 4795 2115 4850 ait?

540 4892 696 4943 Amen
718 4930 731 4952 ,
762 4904 906 4942 amen
929 4887 1040 4944 dico
1067 4886 1224 4951 vobis,
1258 4886 1556 4941 deﬁnientis
1582 4894 1636 4941 et
1661 4886 1972 4941 aﬂirmantis
1998 4902 2117 4941 mo-

540 4996 617 5040 re.
647 4979 868 5050 queritis
889 4995 966 5032 me
984 5019 997 5040 ,
1027 4995 1126 5032 non
1148 4978 1267 5048 quia
1294 4977 1487 5032 vidistis
1526 4978 1692 5049 signa,
1722 4978 1809 5032 sed
1834 4978 1955 5049 quia
1982 4994 2119 5033 cont-

540 5072 711 5125 edistis
754 5071 815 5123 de
854 5069 1102 5139 panibus,
1143 5078 1190 5123 et
1240 5070 1451 5123 saturati
1493 5070 1630 5123 estis.
1679 5068 1795 5124 Non
1856 5068 1927 5124 ita
1960 5070 2122 5126 vehe-

545 5169 782 5225 menter,
815 5159 907 5215 sed
947 5176 1068 5215 cum
1116 5158 1443 5229 indulgentia
1472 5161 1599 5230 agit.
1631 5160 1743 5215 Non
1774 5160 1917 5215 enim
1943 5160 2078 5215 dixit
2104 5178 2120 5215 :

543 5250 588 5305 Ο
618 5250 863 5304 lurcones
887 5290 902 5312 ,
934 5266 966 5304 o
994 5249 1253 5305 voraces!
1295 5258 1373 5303 tot
1416 5249 1665 5305 miracula
1695 5251 1874 5315 edidi,
1906 5267 2005 5307 nec
2033 5266 2122 5307 se-

544 5343 692 5415 quuti
725 5358 811 5397 me
836 5384 851 5408 ,
883 5357 982 5397 nec
1019 5343 1255 5413 prodigia
1282 5344 1527 5398 admirati
1571 5344 1730 5408 estis;
1759 5344 1852 5399 sed
1878 5344 2123 5400 modera-

547 5434 652 5487 tius
680 5443 735 5489 ct
776 5434 1123 5497 clementius,
1181 5434 1415 5500 Quaritis
1464 5452 1579 5502 me,
1626 5453 1727 5489 non
1763 5437 1884 5505 quia
1931 5438 2123 5493 vidistis

550 5526 717 5594 signa,
744 5525 831 5577 sed
856 5523 975 5592 quia
1001 5524 1288 5578 comedistis
1311 5526 1373 5578 de
1400 5526 1632 5594 panibus,
1661 5536 1707 5580 et
1735 5528 1949 5580 saturati
1970 5529 2086 5583 estis
2104 5569 2119 5593 ,

553 5631 656 5666 non
685 5614 751 5668 de
781 5615 1061 5683 prznteritis
1086 5614 1281 5681 solum,
1307 5616 1399 5670 sed
1424 5616 1582 5671 etiam
1608 5616 1675 5671 de
1698 5619 1947 5687 praesenti
1974 5618 2125 5689 signo

556 5705 810 5773 loquens;
840 5720 903 5761 ac
930 5707 975 5761 si
1001 5706 1202 5763 diceret
1234 5724 1246 5759 :
1279 5706 1394 5762 Non
1417 5722 1511 5763 vos
1536 5706 1849 5763 miraculum
1878 5708 2125 5779 perculit,

560 5795 655 5849 sed
682 5796 804 5867 quia
828 5799 1047 5853 saturati
1094 5799 1224 5856 estis
1248 5840 1262 5867 ,
1290 5801 1561 5857 acceditis.
1594 5801 1747 5869 Quod
1793 5811 1969 5859 autem
1999 5802 2127 5859 illud

2211 3524 2315 3563 non
2345 3524 2439 3579 per
2464 3511 2825 3582 conjecturam
2857 3518 3081 3588 diceret,
3104 3526 3280 3580 statim
3314 3527 3388 3582 illi
3418 3531 3801 3589 ostenderunt.

2209 3600 2341 3657 Nam
2384 3604 2505 3659 ideo
2533 3624 2741 3665 rursum
2769 3624 3147 3683 accesserunt,
3192 3626 3249 3671 ut
3275 3620 3462 3675 eodem
3495 3623 3807 3683 fruerentur

2212 3691 2371 3746 bon".
2407 3695 2528 3749 Ideo
2554 3712 2781 3769 namque
2816 3702 3066 3759 dicebant
3105 3722 3117 3758 :
3153 3704 3335 3762 Patres
3374 3714 3534 3766 nostri
3570 3718 3807 3771 comede-

2211 3795 2327 3837 runt
2352 3802 2536 3840 manna
2553 3789 2606 3842 in
2634 3790 2828 3846 deserto
2860 3794 3035 3863 (Joan.
3068 3797 3122 3851 6.
3146 3798 3257 3869 3i).
3294 3800 3500 3857 Rursus
3529 3807 3803 3861 carnalem

2211 3877 2385 3931 cibum
2416 3892 2690 3949 expetunt,
2725 3900 2836 3939 rem
2871 3901 3000 3943 sane
3049 3891 3213 3945 multa
3258 3895 3682 3964 reprehensiOne
3712 3901 3806 3955 di-

2211 3983 2390 4060 gnam.
2413 3970 2607 4027 Verum
2632 3976 2720 4029 ille
2743 3992 2847 4032 non
2875 3980 2927 4033 in
2952 3981 3372 4051 reprehensione
3394 3988 3531 4043 sistit
3550 3992 3802 4060 gradum,

2213 4059 2306 4113 sed
2337 4060 2633 4118 doctrinam
2663 4065 2845 4135 adjicit
2889 4069 2974 4124 his
3017 4072 3195 4129 verbis
3226 4089 3240 4123 :
3278 4059 3572 4147 Operemini
3598 4100 3703 4137 non
3730 4059 3809 4139 ci;

2215 4153 2329 4205 bum
2380 4154 2465 4220 qui
2516 4156 2664 4223 perit,
2691 4159 2780 4211 sed
2813 4160 2901 4227 qui
2936 4175 3200 4240 permanet
3230 4166 3282 4218 in
3326 4169 3479 4221 vitam
3522 4182 3765 4228 wtcrnam
3788 4219 3805 4240 ,

2214 4260 2364 4336 quem
2387 4243 2567 4336 Filius
2582 4248 2798 4301 hominis
2820 4252 2907 4303 dat
2926 4253 3081 4307 vobis.
3115 4235 3266 4309 [Iuno
3292 4260 3424 4311 enim
3454 4259 3609 4316 Pater
3632 4235 3809 4336 signa;

2216 4334 2284 4386 uit
2313 4332 2471 4388 Deus.
2517 4334 2571 4389 id
2602 4346 2721 4399 est,
2767 4337 2845 4393 Ne
2876 4341 3034 4395 talem
3078 4346 3256 4399 cibum
3282 4390 3297 4413 ,
3344 4349 3437 4403 sed
3468 4332 3805 4421 spiritnaletn

2219 4426 2434 4479 curetis.
2483 4425 2676 4481 Verum
2706 4430 2825 4499 quia
2874 4434 3147 4498 nonnulli,
3179 4448 3238 4490 ut
3267 4440 3437 4495 otiose
3461 4444 3673 4510 vivant,
3704 4447 3809 4503 hoc

2217 4530 2466 4571 sermone
2481 4519 2789 4587 abutuntur,
2812 4538 2874 4577 ac
2900 4525 2948 4578 si
2974 4525 3217 4584 Christus
3239 4546 3373 4600 opus
3398 4548 3653 4593 manuum
3681 4555 3808 4595 sns-

2220 4608 2440 4703 t_u_lerit-:
2463 4621 2763 4703 opportune
2800 4615 2926 4682 ipsis
2963 4620 3385 4689 respondeatur;
3415 4633 3583 4681 totum
3610 4632 3808 4703 quippe

2220 4699 2683 4755 Christianismum
2722 4704 3147 4772 calumniantur,
3184 4718 3237 4765 et
3267 4712 3320 4766 id
3350 4699 3636 4785 efﬁciunt,
3662 4699 3721 4774 ut
3740 4699 3808 4777 ex

2222 4788 2423 4845 desidia
2470 4793 2791 4848 traducatur.
2837 4796 2943 4850 Sed
2990 4799 3165 4868 primo
3228 4801 3424 4859 Paulus
3485 4809 3807 4867 audiendus.

2223 4880 2359 4947 Quid
2391 4883 2481 4937 ille
2528 4884 2640 4938 ait?
2687 4886 3047 4943 Recordamini
3080 4889 3287 4947 Domini
3314 4896 3545 4967 dicentis,
3600 4900 3812 4959 Beatius

2224 4983 2293 5029 est
2347 4975 2471 5030 dare
2506 4994 2657 5046 quam
2698 4981 2927 5050 accipere
2956 4982 3111 5056 (Act.
3153 4986 3243 5043 20.
3274 4989 3407 5060 55).
3467 4994 3626 5065 Atqui
3669 4998 3813 5053 unde

2225 5069 2316 5124 det
2342 5070 2433 5139 qui
2465 5071 2595 5124 nihil
2630 5072 2825 5129 habet?
2850 5075 3131 5143 Quomodo
3158 5095 3289 5152 ergo
3315 5083 3534 5141 Martha:
3565 5087 3695 5144 dicit
3723 5091 3815 5147 Je-

2225 5177 2317 5218 sus
2342 5180 2355 5215 :
2383 5162 2618 5217 Sollicita
2647 5181 2699 5218 es
2723 5176 2770 5220 et
2792 5170 3008 5223 turbaris
3029 5187 3148 5241 erga
3176 5173 3398 5241 plurima
3429 5193 3448 5231 :
3476 5194 3630 5248 porro
3656 5198 3813 5238 unum

2227 5264 2299 5308 est
2319 5257 2685 5319 necessarium;
2707 5256 2877 5313 Maria
2894 5261 3138 5329 optimam
3161 5274 3353 5330 partem
3374 5268 3522 5339 elegit
3543 5269 3695 5339 (Luc.
3727 5274 3813 5328 10.

2229 5346 2318 5400 Η.
2350 5345 2499 5417 42)?
2527 5356 2580 5401 et
2623 5364 2806 5403 rursus
2828 5391 2842 5415 ,
2889 5349 3067 5407 Nolite
3111 5354 3318 5408 solliciti
3362 5374 3468 5411 esse
3508 5360 3570 5413 de
3596 5364 3816 5419 crastino

2230 5436 2250 5510 (
2280 5437 2464 5493 Matth.
2501 5438 2553 5495 6.
2581 5440 2708 5513 54)?
2735 5440 2926 5512 Opera:
2956 5447 3181 5514 pretium
3209 5446 3371 5504 fuerit
3398 5450 3463 5504 ad
3495 5451 3609 5507 lucc
3638 5459 3817 5511 omnia

2230 5532 2577 5601 respondere,
2609 5548 2712 5588 non
2737 5534 2898 5591 modo
2926 5548 2983 5593 ut
3008 5540 3187 5609 pigros
3215 5543 3534 5612 excitemus,
3567 5547 3613 5601 si
3641 5555 3815 5604 tamen

2231 5621 2430 5687 velint;
2453 5623 2548 5678 sed
2573 5626 2733 5679 etiam
2762 5642 2831 5682 ne
2856 5627 3131 5699 Scriptura
3161 5630 3345 5688 divina
3371 5649 3555 5691 secum
3584 5652 3818 5709 pugnare

2234 5710 2496 5768 videatur.
2528 5713 2741 5770 Etenim
2769 5716 2895 5773 alibi
2920 5720 2995 5774 ait
3016 5723 3288 5791 apostolus
3314 5740 3329 5776 :
3360 5724 3624 5796 Rogamus
3652 5739 3817 5784 autem

2236 5820 2322 5862 vos
2354 5816 2409 5862 ut
2431 5808 2733 5881 abundetis,
2756 5819 2801 5867 et
2822 5827 3029 5883 cperam
3056 5814 3183 5871 detis
3223 5824 3276 5871 ut
3300 5816 3455 5889 quieti
3490 5818 3630 5884 sitis,
3664 5829 3713 5873 et
3738 5836 3818 5875 κε-
