4024 6484
169 411 294 466 247
1235 413 1300 468 IN
1340 410 1654 468 ιοΑδΝΕδι
1702 410 1800 468 ΠΟ

1904 447 1936 468 ..
1983 410 2165 479 XLIV,
2209 417 2282 475 al.
2316 414 2494 475 XLI".
3403 417 3513 467 an;

165 527 305 589 οἵας
367 527 469 582 καὶ
505 529 789 599 πρότερον.
826 527 1100 595 Διὲϐησαν
1134 528 1233 598 μὲν
1274 529 1371 584 οὖν
1419 530 1519 600 τὴν
1565 530 1804 602 ἐρυθρὰν
1909 530 2082 593 κικὸν,
2105 529 2242 583 ἀλλὰ
2259 531 2429 585 πάντα
2460 528 2954 599 τ.νευματικά.Κα¹ί
2972 526 3102 580 αὐτὸ
3128 528 3184 581 δὲ
3217 528 3272 581 τὸ
3297 530 3512 603 μικρὸν,

168 612 486 666 θάλασσαν
510 614 607 666 καὶ
650 613 918 675 Ἰουδαῖοι,
960 611 1242 675 Μωῦσέως
1285 614 1615 684 ἡγουμένου,
1665 612 1810 666 ἀλλὰ
1905 614 2084 668 ἐκεῖνο
2120 612 2182 666 τὸ
2204 615 2486 683 αἰσθητον,
2528 611 2607 682 τῷ
2636 612 2824 683 τρόπῳ
2871 613 3161 682 γινόμενον
3210 626 3514 683 πνευματι-

168 696 328 747 πολὺ
382 696 444 748 τὸ
502 695 667 764 μέσον
696 693 954 748 ἐνταῦθα.
991 695 1051 747 '0
1101 694 1200 765 μὲν
1233 695 1342 767 γὰρ
1379 696 1675 766 εὐχόμενος
1712 695 1806 748 καὶ

165 777 255 840 ὡς
327 779 525 841 δοῦλος
561 778 743 832 πάντα
776 777 1063 848 εἰργάζετο
1089 794 1104 809 ·
1153 770 1311 842 οὗτος
1352 779 1432 844 δὲ,
1487 778 1628 849 μετά
1656 779 1808 846 ἐξου-

170 864 315 925 σίας
362 867 610 935 ἀπάσης.
648 867 828 919 Κάκεῖ
865 865 986 936 μὲν,
1023 866 1178 918 νότου
1217 867 1341 919 τότε
1380 865 1661 931 πνέοντος,
1695 863 1806 932 εἶξε

167 949 238 1000 τὸ
270 948 456 1020 ὕδωρ,
477 949 622 1003 ὥστε
645 949 736 1002 ἐπὶ
766 948 941 1020 ξηρᾶς
960 951 1184 1020 ποιῆσαι
1210 951 1501 1022 παρελθεῖν
1525 966 1539 981 ⁸
1568 949 1806 1004 ἐνταῦθα

169 1031 235 1085 δὲ
262 1033 339 1086 τὸ
381 1034 574 1104 θαῦμα
603 1034 789 1106 μεῖζον
830 1032 1061 1101 ἐγίνετο.
1118 1033 1375 1088 Μένουσα
1423 1034 1535 1105 γὰρ
1579 1034 1672 1087 ἐπὶ
1705 1034 1808 1105 τῆς

170 1119 414 1182 οἰκείας
439 1119 660 1189 φύσεως
690 1119 724 1188 ὴ
766 1116 1034 1184 θάλασσα,
1057 1117 1232 1182 οὕτως
1263 1117 1430 1191 ἔφερε
1480 1117 1575 1171 τὸν
1605 1117 1808 1170 Δεσπό-

170 1216 295 1272 την
330 1203 428 1255 ἐπὶ
460 1201 571 1255 τῶν
601 1198 814 1267 νώτων,
843 1199 1201 1272 μαρτυροῦσα
1232 1201 1418 1272 ἐκείνῃ
1453 1203 1519 1272 τῇ
1554 1201 1711 1271 ρήσει
1733 1202 1804 1271 τῇ

170 1285 478 1358 λεγούσῃ·
547 1286 612 1338 '0
645 1283 990 1353 περιπατὼ
1051 1283 1150 1338 ἐπὶ
1213 1283 1537 1352 θαλάσσης
1579 1284 1662 1350 ὡς
1703 1283 1803 1337 ἐπι

173 1366 490 1436 ἐδάφους.
528 1367 772 1432 Εἰκότως
799 1368 856 1422 δὲ
887 1365 1099 1438 μέλλων
1119 1368 1201 1431 είς
1227 1368 1610 1438 Καπερναοὺμ
1629 1365 1806 1437 ἐμϐα-

1905 698 2020 749 κόν.
2074 695 2149 748 Τὸ
2200 696 2311 765 γὰρ
2359 699 2651 766 παραινεῖν
2688 695 2854 766 μηδὲν
2895 695 3061 761 πλέον
3105 694 3386 763 ἐπιζητεῖν
3415 696 3512 750 τοῦ

1905 779 2076 851 ἄρτου
2127 777 2223 831 τοῦ
2273 777 2582 842 ἐπιουσίου,
2629 778 2900 844 τουτέστι,
2953 776 3052 831 τοῦ
3112 777 3510 848 καθημερινοῦ,

1906 862 2289 934 πνευματικῆς
2325 862 2394 915 ἃν
2426 859 2514 934 εἴη
2563 863 2660 916 καὶ
2711 862 3005 931 φιλοσόφου
3030 861 3294 925 διανοίας.
3330 860 3412 914 Τὰ
3456 862 3515 915 δὲ

1905 945 2015 1016 πρὸ
2071 945 2265 998 τούτου
2321 946 2455 1016 ὅρα·
2533 946 2898 1015 Ἁγιασθήτω
2966 947 3035 998 τὸ
3101 945 3293 1013 ὄνομὰ
3363 958 3512 998 σου·

1904 1026 2127 1082 ἐλθέτω
2161 1029 2200 1096 ἡ
2243 1027 2541 1092 ,βασιλεία
2585 1043 2738 1083 σουο
2796 1029 3108 1099 γενηθήτω
3149 1030 3216 1082 τὸ
3285 1027 3517 1095 θέλημά

1905 1125 2046 1178 σου,
2076 1112 2158 1176 ὡς
2187 1112 2258 1166 ἐν
2283 1112 2546 1180 οὐρανῷ,
2589 1113 2692 1167 καί
2725 1114 2825 1168 ἐπὶ
2861 1113 2972 1181 τῆς
2999 1112 3136 1183 γῆς.
3173 1109 3311 1167 Εἶτα
3339 1112 3516 1167 είπὼν

1904 1196 1967 1250 τὸ
2008 1196 2271 1267 αίσθητὺν
2329 1197 2529 1265 ἐκεῖνο,
2569 1198 2783 1268 ταχέως
2831 1197 3128 1267 ἀπηλλάγη
3181 1197 3371 1263 αὐτοῦ,
3423 1199 3518 1251 καὶ

1905 1279 2069 1335 πάλιν
2091 1281 2184 1334 ἐπὶ
2211 1280 2310 1353 τὴν
2336 1281 2716 1352 πνευματικὴν
2764 1276 2898 1352 ἦλθε
2935 1280 3307 1346 διδασκαλίαν,
3331 1281 3520 1351 Ἀφει-

1905 1364 2052 1433 ημῖν
2077 1365 2153 1420 τὰ
2189 1365 2568 1436 ὀφειλήματα
2614 1364 2805 1434 ἡμῶν,
2852 1365 3049 1434 λέγων,
3080 1365 3163 1436 ὡς
3188 1365 3291 1418 καὶ
3342 1365 3518 1434 ἡμεῖς

173 1449 312 1504 λεῖν
333 1452 440 1523 τὴν
469 1451 716 1522 σκληρὰν
748 1451 844 1505 καὶ
868 1450 1093 1520 ἀπειθῆ,
1146 1450 1208 1503 τὸ
1239 1453 1462 1521 σημεῖον
1488 1450 1598 1504 τῶν
1622 1451 1804 1520 ἀρτων

176 1537 537 1606 εἰργάσατο·
569 1535 632 1589 ού
680 1537 846 1606 μόνον
879 1539 990 1600 τοῖς
1025 1537 1084 1589 ἐν
1117 1536 1254 1606 αὐτῇ
1288 1535 1616 1606 γινομένοις,
1667 1534 1806 1589 ἀλλὰ

176 1618 294 1672 καὶ
328 1621 446 1680 τοῖς
469 1618 573 1682 ἐξω
597 1618 700 1687 τῆς
729 1619 940 1682 πόλεως
967 1618 1599 1690 θαυματουργουμένοις,
1626 1618 1804 1688 μαλά-

181 1699 285 1764 ξαι
309 1701 643 1772 βουλόμενος
663 1702 772 1755 τῶν
796 1703 853 1756 ἐν
878 1704 1015 1772 αὐτῇ
1074 1698 1174 1772 τὴν
1211 1701 1520 1757 ἀπείθειαν.
1580 1703 1655 1756 Τὸ
1691 1703 1803 1775 γὰρ
1841 1763 1847 1773 ,

179 1785 391 1853 ὄχλους
440 1784 849 1854 παραγενέσθαι
878 1784 1172 1848 τοσούτους
1201 1787 1282 1848 είς
1308 1783 1460 1857 [257]
1499 1785 1599 1856 τὴν
1645 1787 1807 1840 πόλιν

181 1870 440 1940 ἐκείνην,
475 1869 680 1941 πολλὴν
712 1869 1062 1940 τεθειμένους
1114 1869 1372 1941 σπουδὴν,
1405 1874 1557 1925 ποῖον
1601 1872 1700 1924 οὐκ
1735 1867 1803 1942 ἦν

186 1955 389 2007 ἱκανὸν
445 1953 685 2025 μαλάξαι
739 1952 924 2020 λίθον;
967 1952 1108 2006 Ἀλλ’
1153 1955 1256 2008 οὐκ
1304 1954 1508 2008 ἐκεῖνοι
1558 1954 1804 2009 τοιοῦτον

184 2038 351 2092 οὐδὲν
375 2037 604 2100 ἔπαθον,
643 2037 781 2090 ἀλλά
811 2036 975 2090 πάλιν
1013 2037 1222 2109 τροφῆς
1262 2036 1574 2108 ἐπεθύμουν
1611 2056 1806 2109 σωμα-

185 2120 358 2191 τικῆς
379 2139 392 2150 ·
421 2121 503 2174 διὸ
532 2121 629 2173 καὶ
659 2119 1013 2185 ὀνειδίζονται
1056 2121 1210 2192 παρά
1249 2119 1343 2173 τοῦ
1378 2121 1578 2192 Ἰησοῦ.
1618 2122 1806 2176 Ταῦτα

186 2202 292 2260 οὖν
325 2206 553 2272 εἰδότες,
599 2205 903 2276 ἀγαπητοὶ,
953 2205 1374 2278 εὐχαριστῶμεν
1412 2205 1492 2277 τῷ
1541 2207 1685 2278 Θεῷ,
1711 2208 1806 2261 καὶ

187 2289 307 2343 τῶν
334 2289 618 2359 αἰσθητῶν
679 2288 781 2360 μὲν
836 2288 1045 2356 ἕνεκεν,
1102 2287 1286 2359 πολλῷ
1353 2289 1409 2342 δὲ
1459 2290 1662 2360 μᾶλλον
1695 2290 1805 2345 τῶν

188 2373 615 2444 πνευματικῶν.
643 2371 802 2427 Οὕτω
840 2371 952 2445 γάρ
984 2373 1080 2426 καὶ
1103 2372 1268 2436 αὐτὸς
1300 2373 1572 2443 βούλεται,
1597 2375 1695 2428 καὶ
1717 2374 1807 2428 διὰ

187 2456 371 2510 ταῦτα
404 2457 503 2510 καὶ
535 2458 723 2510 ἐκεῖνα
755 2456 960 2521 δίδωσι,
989 2457 1118 2521 τοὺς
1169 2455 1559 2528 ἀτελεστέρους
1592 2456 1806 2526 ἐνάγων

185 2539 408 2604 τούτοις
422 2541 520 2594 καὶ
543 2538 951 2612 προπαιδεύων,
975 2538 1168 2611 ἐπειδὴ
1184 2539 1320 2610 πρὸς
1354 2540 1448 2593 τὸν
1483 2540 1693 2610 κόσμον
1723 2541 1806 2594 ἐτι

188 2625 516 2695 κεχήνασιν.
535 2625 677 2678 Ἀλλ’
691 2626 823 2679 ὅταν
836 2623 976 2678 αὐτὰ
1003 2624 1281 2688 λαϐόντες,
1319 2626 1378 2678 ἐν
1401 2623 1587 2687 αὐτοῖς
1604 2625 1806 2678 ἐναπο-

193 2709 480 2778 μείνωσιν,
513 2707 885 2776 ἐγκαλοῦνται
913 2707 1008 2760 καὶ
1030 2706 1412 2778 ἐπιτιμῶνται.
1435 2707 1591 2760 Ἐπεὶ
1606 2709 1700 2760 καὶ
1713 2709 1807 2762 ἐπὶ

186 2792 286 2845 τοῦ
308 2791 690 2863 παραλυτικοῦ
721 2790 937 2863 πρῶτον
953 2793 1131 2845 ἐκεῖνο
1158 2790 1411 2844 ἐϐούλετο
1432 2790 1642 2854 δοῦναι,
1677 2791 1778 2844 ἀλλ
1793 2791 1807 2813 ⁹

191 2877 300 2928 οὐκ
325 2877 614 2946 ἠνείχοντο
627 2875 678 2927 οἱ
699 2874 986 2945 παρόντες.
1007 2874 1267 2936 Εἰπόντος
1288 2873 1417 2944 γὰρ,
1437 2873 1519 2925 ὅτι
1557 2874 1807 2942 Ἀφέων-

188 2958 290 3012 ταί
300 2973 422 3013 σου
457 2959 520 3011 αὶ
562 2957 842 3026 ἁμαρτίαι
867 2995 883 3021 ,
926 2955 1112 3024 ἔλεγον
1136 2973 1152 2988 ·
1178 2951 1370 3023 Οὗτος
1389 2957 1772 3026 βλασφημεῖ.

261 3040 358 3113 Μὴ
373 3041 464 3112 δὴ,
484 3038 818 3111 παρακαλῶ,
851 3038 1094 3093 τοιοῦτον
1119 3038 1384 3110 πάθωμέν
1411 3056 1464 3091 τι
1485 3041 1666 3110 ἡμεῖς,
1689 3039 1807 3093 ἀλλ’

190 3125 421 3180 ἐκείνων
432 3126 564 3194 ἡμῖν
578 3122 678 3176 πλε
687 3123 780 3177 ίων
791 3122 931 3176 ἔστω
941 3121 1117 3191 λόγος.
1131 3122 1436 3187 Διατί;”οτι
1449 3121 1562 3177 τῶν
1570 3138 1811 3189 πνευμα-

188 3207 362 3262 τικῶν
373 3207 684 3280 παρόντων,
706 3205 934 3277 οὐδεμία
955 3206 1066 3260 ἀπὸ
1077 3205 1180 3276 τῆς
1195 3205 1306 3259 τῶν
1326 3205 1606 3277 σαρκικῶν
1638 3207 1810 3260 ἀπου-

191 3291 318 3356 σίας
338 3292 555 3361 γίνεται
587 3289 783 3361 βλάϐη·
813 3289 1039 3344 ἐκείνων
1063 3291 1122 3344 δὲ
1155 3290 1258 3343 οὐκ
1301 3289 1496 3356 ὄντων,
1525 3291 1609 3353 τίς
1650 3289 1806 3345 ἐσται

189 3377 324 3447 ἡμῖν
337 3375 532 3430 λοιπὸν
548 3375 705 3438 ἐλπίς
725 3392 739 3443 ;
759 3374 842 3439 τίς
857 3375 914 3429 δέ
935 3373 1260 3446 παραμυθία
1277 3391 1292 3441 ;
1307 3375 1398 3427 Διὸ
1413 3374 1522 3446 χρὴ
1539 3375 1667 3444 περὶ
1680 3374 1805 3428 τού-

187 3475 300 3513 των
317 3460 406 3514 ἀσὶ
419 3460 512 3513 τὸν
527 3459 662 3513 Θεὸν
674 3459 1038 3531 παρακαλεῖν,
1058 3459 1153 3512 καὶ
1168 3459 1345 3513 ταῦτα
1361 3459 1802 3514 αίτεῖν.Τοιαῦτα

187 3544 261 3613 γά
268 3560 301 3615 ρ
318 3545 418 3598 καὶ
429 3544 513 3597 όΧ
523 3544 706 3615 ριστδς
720 3545 753 3613 ἡ
764 3544 871 3614 μᾶς
885 3541 1143 3614 εὔχεσθαι
1161 3543 1421 3610 ἐδίδαξεν.
1437 3544 1554 3597 Κᾶν
1568 3543 1801 3596 ἀναπτύ-

191 3627 374 3698 ξωμιν
388 3626 490 3698 τὴν
509 3626 676 3698 εὐχὴν
692 3625 930 3696 ἐκείνην,
945 3626 1097 3679 οὐδὲν
1114 3626 1423 3698 εὑρήσομεν
1439 3629 1496 3679 ἐν
1512 3627 1649 3699 αὐτῇ
1671 3646 1797 3700 σαρ-

1905 1449 2161 1519 ἁέρίεμεν
2189 1449 2317 1516 τοῖς
2363 1435 2710 1519 ὀφειλέταις
2753 1449 2946 1519 ἡμῶν.
2999 1435 3257 1520 Οὐδαμοῦ
3311 1450 3512 1520 ἀρχὴν,

1906 1530 2147 1601 οὐδαμοῦ
2197 1531 2452 1599 πλοῦτον,
2512 1533 2754 1604 οὐδαμοῦ
2812 1531 2995 1597 δόξαν,
3067 1529 3306 1602 οὐδαμοῦ
3364 1530 3518 1584 δυναο

1909 1617 2116 1683 στείαν,
2144 1618 2283 1672 ἀλλὰ
2310 1619 2491 1673 πάντα
2520 1619 2602 1682 είς
2622 1618 2806 1688 ψυχῆς
2841 1617 3112 1687 ὠφέλειαν
3153 1614 3517 1669 συντελοῦντα

1908 1700 2135 1771 ἐνέθηκε
2157 1705 2223 1774 τῇ
2253 1704 2388 1774 εὐχῇ
2417 1721 2432 1734 ·
2458 1703 2614 1756 οὐδὲν
2643 1704 2854 1772 γήϊνον,
2890 1701 3027 1755 ἀλλά
3058 1701 3237 1753 πάντα
3263 1700 3513 1771 οὐράνια.

1908 1787 1972 1839 Εἰ
1998 1787 2182 1840 τοίνυν
2213 1787 2553 1857 κελευόμεθα
2581 1785 2889 1856 ἀπέχεσθαι
2941 1785 3051 1838 τῶν
3106 1777 3378 1854 βὶωτικῶν
3421 1786 3516 1838 καὶ

1908 1873 2219 1944 παρόντων,
2245 1871 2366 1936 πῶς
2395 1874 2497 1926 οὐκ
2525 1873 2592 1926 ἂν
2620 1874 2814 1942 εῖημεν
2843 1870 3018 1924 ἄθλιοι
3049 1871 3145 1924 καὶ
3172 1870 3517 1940 ταλαίπωροι

1906 1955 2083 2008 ταῦτα
2116 1955 2401 2020 αἰτοῦντες
2431 1956 2587 2027 παρά
2613 1954 2774 2019 Θεοῦ,
2809 1954 2846 2009 ἃ.
2878 1954 3134 2008 ἐκέλευσε
3167 1955 3261 2007 καὶ
3295 1953 3520 2023 ἔχοντας

1908 2039 2220 2104 ἐκϐάλλειν,
2265 2041 2552 2111 φροντίδος
2579 2039 2944 2094 ἀπαλλάττων
2969 2039 3140 2109 ἡμᾶς,
3180 2039 3320 2108 ὺπέρ
3351 2027 3426 2092 ὧν
3460 2038 3519 2091 δὲ

1907 2121 2166 2188 ἐπέταξε,
2229 2122 2506 2194 μηδεμίαν
2560 2123 2809 2176 τίθεσθαι
2866 2121 3142 2190 σπουδήν
3183 2120 3388 2192 μᾶλλον
3459 2120 3519 2174 δέ

1912 2208 2052 2278 μήτε
2097 2206 2245 2276 ἐχειν
2305 2209 2445 2278 μήτε
2499 2205 2844 2277 ἐπιθυμεῖν;
2905 2204 3080 2258 Τοῦτο
3125 2205 3235 2276 γάρ
3281 2207 3398 2258 ἐστι
3454 2203 3518 2258 τό

1911 2293 2278 2364 βαττολογεῖν.
2309 2295 2412 2348 Διά
2456 2292 2617 2348 τοῦτο
2657 2293 2754 2347 καὶ
2804 2292 3088 2364 εὐχόμενοι
3120 2293 3223 2346 οὐκ
3252 2292 3516 2364 ἀνύομεν.

1911 2376 2037 2441 Πῶς
2058 2373 2153 2431 οὖν
2181 2380 2231 2431 οί
2258 2378 2510 2449 πονηροὶ,
2550 2377 2707 2447 φησὶ,
2742 2375 3036 2429 πλουτοῦσι
3061 2393 3078 2443 ;
3114 2375 3231 2439 πῶς
3257 2377 3306 2428 οί
3338 2375 3517 2430 ἄδικοι

1909 2462 2007 2514 καὶ
2059 2463 2271 2534 μιαροὶ,
2324 2461 2690 2535 ἁρπάζοντες,
2749 2458 3244 2526 πλεονεκτοῦντες;
3295 2459 3371 2512 Οὐ
3419 2456 3517 2513 τοῦ

1910 2543 2048 2598 Θεοῦ
2087 2545 2446 2617 παρέχοντες,
2489 2547 2695 2614 ἄπαγε.
2748 2544 2862 2598 Καὶ
2901 2543 3019 2608 πῶς
3058 2535 3094 2597 δ’
3124 2543 3258 2608 Θεὸς
3298 2561 3518 2615 συγχω-

1913 2631 2032 2700 ρεῖ;
2090 2629 2213 2682 Ὀτι
2236 2632 2330 2683 καὶ
2375 2629 2455 2701 τῷ
2516 2628 2758 2700 πλουσίῳ
2805 2626 2931 2681 τότε
2973 2627 3347 2700 συνεχώρησε,
3395 2629 3518 2698 μεί-

1912 2712 2027 2776 ζονι
2054 2712 2237 2784 τηρῶν
2264 2713 2428 2767 αὐτὸν
2454 2714 2693 2768 κολάσει.
2726 2713 2995 2766 Ἄκουσον
3026 2706 3120 2766 οὖν
3160 2711 3256 2765 καὶ
3289 2711 3343 2764 τί
3380 2728 3519 2782 φησι

1912 2795 2048 2866 πρὸς
2071 2797 2233 2850 αὐτόν
2258 2815 2270 2828 ο
2310 2798 2552 2862 Τέκνον,
2578 2796 2882 2863 ἀπέλαϐες
2914 2798 2988 2852 τὰ
3017 2795 3216 2867 ἀγαθὰ
3247 2790 3388 2861 σου,
3417 2796 3519 2849 καί

1911 2877 2177 2946 Λάζαρος
2207 2879 2279 2932 τὰ
2315 2881 2507 2934 κακά’
2545 2880 2645 2934 καί
2678 2880 2798 2934 νῦν
2834 2876 3016 2947 οὗτος
3055 2879 3515 2949 παρακαλεῖται,

1911 2961 1994 3015 σὺ
2022 2961 2090 3015 δὲ
2117 2962 2437 3017 ὀδυνᾶσαι.
2461 2965 2558 3017 ’Ὶν’
2589 2960 2683 3016 οὖν
2708 2963 2784 3036 μὴ
2807 2964 2901 3018 καὶ
2924 2965 3087 3034 ἡμεῖς
3107 2963 3319 3034 ταύτης
3346 2961 3518 3015 ἀκού-

1916 3061 2101 3114 σωμεν
2193 3044 2344 3118 [258]
2415 3049 2517 3118 τῆς
2570 3048 2779 3118 φωνῆς,
2855 3047 3178 3117 τρυφῶντες
3239 3046 3368 3116 εἰκῆ
3422 3044 3518 3098 καὶ

1918 3127 2118 3199 μάτην,
2151 3129 2245 3181 καὶ
2275 3130 2448 3183 πολλὰ
2500 3131 2830 3199 συνάγοντες
2869 3132 3084 3193 ἐαυτοῖς
3117 3131 3515 3202 ἁμαρτήματα,

1911 3212 2005 3264 τὸν
2029 3213 2204 3282 ἀληθῆ
2242 3212 2473 3266 πλοῦτον
2496 3212 2749 3283 ἑλώμεθα
2775 3213 2871 3265 καὶ
2907 3213 3007 3285 τὴν
3045 3213 3251 3284 ἀκριϐῆ
3295 3213 3518 3283 φιλοσο-

1912 3295 2062 3364 φίαν,
2091 3293 2232 3347 ὥστε
2277 3298 2463 3365 τυχεῖν
2517 3297 2628 3351 τῶν
2669 3297 3104 3368 ἐπηγγελμένων
3140 3299 3367 3367 ἀγαθῶν
3391 3315 3406 3331 ⁸
3439 3291 3516 3352 ὧν

1909 3380 2121 3446 γένοιτο
2151 3378 2361 3442 πάντας
2405 3382 2556 3450 ἡμᾶς
2610 3384 2927 3452 μετασχεῖν,
2984 3385 3170 3454 χάριτι
3198 3385 3292 3437 καὶ
3325 3384 3518 3453 φιλαν-

1911 3462 2130 3534 θρωπίᾳ
2159 3464 2252 3516 τοῦ
2287 3466 2496 3535 Κυρίου
2519 3466 2682 3536 ἡμῶν
2723 3467 2902 3538 Ἰησοῦ
2940 3468 3207 3540 Χριστοῦ.
3236 3471 3306 3524 δι’
3339 3468 3399 3527 οῦ
3423 3474 3516 3525 καὶ

1911 3546 2028 3617 μεθ’
2059 3541 2119 3600 οῦ
2149 3547 2226 3616 τῷ
2254 3549 2431 3618 Πατρὶ
2455 3552 2489 3620 ή
2530 3550 2681 3617 δόξα,
2713 3551 2831 3622 ἅμα
2878 3552 2958 3624 τῷ
3014 3554 3156 3624 ἀγίῳ
3209 3555 3515 3626 Πνεύματι,

1907 3629 2004 3683 νῦν
2027 3631 2122 3684 καὶ
2142 3631 2252 3693 ἀεὶ,
2291 3633 2384 3684 καὶ
2413 3633 2492 3696 εἰς
2515 3635 2644 3697 τοὺς
2662 3636 2867 3699 αἰῶνας
2889 3635 2998 3688 τῶν
3030 3636 3263 3692 αἰώνων.
3315 3639 3512 3710 Ἀμήν,

202 3717 3448 3755 _____________—___________________________

1682 3768 1932 3822 OMIAIA
1970 3772 2101 3823 MA'.

200 3863 528 3933 ‘Azsxpwn
557 3862 765 3928 αὐτοῖς
804 3861 1144 3933 ὀμἸησοῦς.
1177 3864 1275 3917 καί
1305 3859 1505 3917 εἴπεν*
1539 3879 1559 3933 ς
1595 3861 1798 3930 Ἀμὴν,

261 3931 432 4004 ἀμην
458 3932 807 4004 λέγωίὺμῐν,
831 3931 1051 4004 ζητεῖτέ
1077 3949 1175 4004 με,
1201 3935 1317 4001 οὐχ
1357 3933 1446 3985 ὅτι
1467 3932 1658 4004 εἴδετε
1679 3949 1795 3998 ση-

253 4002 423 4074 μεῖα,
454 4004 595 4058 ἀλλ’
619 4003 709 4056 ὅτι
741 4003 991 4074 ἐφάγετε
1013 4004 1082 4074 ἐκ
1109 4003 1230 4074 τῶν
1258 4004 1472 4074 ἄρτων,
1499 4002 1600 4074 καί
1623 4003 1796 4074 ἐχορ-

258 4071 548 4142 τάσθητε.
583 4071 922 4141 Ἐργάζεσθε
954 4071 1041 4141 μὴ
1072 4072 1188 4138 τὴν
1209 4071 1446 4142 βρῶσιν
1471 4073 1586 4138 thr
1613 4072 1800 4124 ἀπολο

259 4141 563 4212 λυμένην,
605 4143 766 4198 ἀλλὰ
793 4142 908 4211 thr
933 4142 1173 4212 ,ϐρῶσιν
1219 4141 1334 4212 τὴν
1365 4141 1682 4211 μένουσαν
1709 4145 1796 4208 είς

261 4215 423 4278 ζωὴν
449 4215 712 4268 αἰώνιον.
738 4232 759 4266 ι

260 4319 334 4368 α’.
362 4311 441 4365 Τδ
469 4311 741 4383 προσηνὲς
778 4309 874 4365 καὶ
912 4309 1053 4363 λεῖον
1077 4310 1137 4363 οὐ
1181 4307 1458 4379 πανταχοῦ
1499 4308 1792 4380 χρήσιμον,

188 4397 307 4452 ἀλλ’
342 4395 493 4449 ἐστιν
531 4395 620 4447 ὅτε
655 4393 749 4447 καὶ
790 4392 885 4447 τοῦ
934 4391 1381 4463 πληκτικωτέρου
1418 4391 1498 4444 δεῖ
1533 4391 1610 4462 τῷ
1643 4391 1796 4444 διδα-

191 4481 402 4551 σκάλῳ.
455 4479 625 4531 Ὅταν
662 4476 773 4549 γὰρ
806 4475 983 4546 νωθὴς
1084 4477 1116 4528 ὁ
1164 4475 1413 4546 μαθητὴς
1461 4476 1556 4528 καὶ
1589 4475 1790 4546 παχὺς,

191 4564 408 4634 κέντρῳ
431 4560 670 4633 χρῆσθαι
701 4559 836 4631 πρὸς
869 4560 1032 4613 αὑτὸν
1065 4572 1090 4601 ⁸
1125 4558 1310 4612 λοιπὸν
1349 4557 1475 4629 χρὴ,
1526 4557 1667 4611 ῶστε
1693 4560 1794 4628 τῆς

193 4648 396 4719 πολλῆς
450 4643 772 4700 καθικέσθαι
804 4643 1055 4707 νωθείας.
1103 4642 1275 4696 Τοῦτο
1315 4645 1409 4696 καὶ
1439 4644 1467 4694 ὁ
1518 4642 1647 4706 Υἱὸς
1696 4641 1790 4695 τοῦ

192 4731 328 4786 Θεοῦ
387 4728 712 4798 πεποίηκεν.
768 4725 1003 4796 ἀλλαχοῦ
1058 4743 1115 4778 τε
1150 4725 1443 4796 πολλαχοῦ,
1477 4727 1572 4779 καὶ
1621 4727 1678 4779 ἐν
1713 4725 1791 4796 τῷ

195 4815 426 4885 παρόντι
455 4813 625 4882 τόπῳ.
669 4810 962 4865 Ἐλθόντων
992 4811 1100 4881 γὰρ
1131 4810 1241 4864 τῶν
1273 4811 1446 4881 ὄχλων
1473 4812 1565 4864 καὶ
1599 4811 1790 4882 εύρόν-

191 4917 297 4953 των
321 4899 415 4953 τὸν
466 4897 698 4967 Ἰησοῦν,
728 4896 823 4949 καὶ
846 4895 1254 4950 κολακευόντων
1282 4894 1464 4958 αὐτὸν,
1494 4895 1588 4948 καὶ
1606 4894 1791 4964 λεγόν-

191 4999 326 5036 των·
372 4981 596 5046 Ῥαϐϐὶ,
647 4981 792 5033 πότε
823 4973 940 5032 ὦδε
965 4978 1253 5049 γέγονας;
1297 4977 1513 5041 δεικνὺς
1557 4979 1638 5030 ὅτι
1691 4979 1789 5049 τῆς

193 5064 341 5137 παρὰ
369 5062 678 5136 ἀνθρώπων
702 5063 800 5116 οὐκ
823 5064 1034 5132 ἐφίεται
1053 5061 1243 5133 τιμῆς,
1259 5061 1374 5115 ἀλλ’
1398 5061 1454 5113 ἓν
1483 5061 1642 5131 μόνον
1663 5063 1785 5133 ὁρᾷ,

191 5151 288 5222 τὴν
311 5149 588 5220 σωτηρίαν
628 5147 828 5214 αὐτῶν,
865 5147 1282 5219 ἐπιπληκτικῶς
1327 5146 1510 5209 αὐτοῖς
1555 5145 1789 5217 ἀποκρί-

193 5251 372 5288 νεται·
409 5234 472 5286 οὐ
500 5232 675 5303 ταύτῃ
731 5233 889 5304 μόνον
934 5231 1226 5304 διορθῶσαι
1263 5231 1606 5302 βουλόμενος,
1651 5229 1790 5284 ἀλλὰ

193 5320 284 5373 καὶ
323 5317 404 5389 τῷ
423 5317 522 5390 τὴν
550 5317 793 5372 διάνοιαν
823 5317 1002 5371 αὐτῶν
1033 5315 1340 5384 ἐκκαλύψαι
1368 5315 1463 5370 καὶ
1504 5315 1584 5379 είς
1625 5318 1790 5386 μέσον

193 5403 439 5470 ἀγαγεῖν.
486 5401 553 5456 Τί
606 5401 717 5472 γάρ
745 5417 948 5472 φησιν;
994 5399 1195 5470 Ἀμὴν,
1227 5399 1392 5468 ἀμὴν
1421 5399 1578 5470 λέγω
1607 5397 1750 5468 ὑμῖν
1771 5415 1785 5427 ³

198 5487 330 5556 μετά
386 5486 673 5558 διορισμοῦ
724 5486 818 5539 καὶ
854 5484 1227 5556 βεϐαιώσεωςο
1262 5481 1481 5551 ζητεῖτέ
1524 5501 1621 5552 με,
1672 5485 1786 5553 οὺχ

195 5569 278 5624 ὅτι
305 5570 496 5624 ειδετε
520 5569 763 5640 σημεῖα,
791 5569 929 5624 ἀλλ’
954 5569 1043 5622 ὅτι
1063 5568 1313 5639 ἐφάγετε
1335 5569 1405 5620 ἐκ
1427 5566 1548 5621 τῶν
1568 5567 1785 5635 ἄρτων,

195 5654 284 5707 καί
307 5653 732 5722 ἐχορτάσθητε.
766 5653 1000 5725 Πλήττει
1034 5654 1132 5723 μὲν
1153 5651 1230 5722 τῷ
1254 5651 1400 5722 λόγῳ
1429 5653 1524 5703 καὶ
1550 5651 1785 5722 ἐλέγχει,
1812 5697 1824 5712 .

196 5738 302 5792 ἀλλ’
331 5739 433 5792 οὐκ
452 5739 747 5810 ἀποτόμως
762 5740 857 5792 καὶ
883 5738 1107 5810 σφόδρα,
1136 5738 1272 5793 ἀλλὰ
1299 5737 1437 5808 μετὰ
1462 5735 1662 5807 πολλῆς
1686 5738 1786 5808 τῆς

1906 3863 2115 3933 νημένα
2136 3879 2149 3892 ·
2185 3863 2322 3918 ἀλλά
2350 3865 2643 3936 προσηνῶς
2675 3865 2819 3919 οὕτω
2871 3883 2987 3930 πως
3022 3868 3118 3921 καὶ
3169 3869 3376 3940 ἡρέμα,
3406 3875 3518 3939 Ζη-

1904 3949 2058 4002 τεῐτέ
2075 3967 2175 4017 με,
2213 3953 2326 4019 οὐχ
2357 3951 2449 4004 ὅτι
2474 3951 2666 4005 εἴδετε
2692 3951 2913 4021 σημεῖα
2934 3993 2948 4016 ,
2977 3953 3115 4008 ἀλλ’
3145 3955 3234 4007 ὅτι
3263 3956 3516 4026 ἐφάγετε

1903 4031 1972 4084 ἐκ
2029 4030 2147 4084 τῶν
2185 4030 2398 4100 ἀρτων,
2458 4034 2557 4086 καὶ
2620 4034 3061 4104 ἐχορτάσθητε·
3113 4038 3173 4090 οὐ
3231 4041 3360 4109 περὶ
3403 4042 3515 4096 τῶν

1904 4114 2290 4186 παρελθόντων
2316 4115 2477 4187 μόνον
2503 4158 2517 4181 ,
2543 4117 2681 4172 ἀλλά
2718 4121 2811 4172 καὶ
2838 4137 2903 4172 πε
2913 4121 2967 4192 ρὶ
2992 4120 3086 4174 τοῦ
3117 4123 3388 4193 παρόντος
3417 4143 3515 4196 ση-

1906 4200 2060 4270 μείου
2092 4201 2392 4270 ἐμφαίνων.
2448 4202 2752 4272 Μονονουχὶ
2779 4204 2888 4272 γὰρ
2932 4204 3092 4258 τοῦτο
3135 4206 3304 4274 λέγει,
3338 4208 3406 4261 δι’
3437 4202 3511 4262 ὧν

1903 4284 2042 4354 πρὸς
2067 4286 2266 4348 αὐτοὺς
2298 4286 2644 4340 ἀποτείνεται
2667 4303 2680 4317 ·
2706 4287 2781 4340 Οὐ
2814 4287 2874 4340 τὸ
2897 4287 3086 4359 θαῦμα
3114 4291 3258 4361 ὑμᾶς
3287 4292 3514 4364 ἐξέπλη-

1904 4368 1960 4432 ξε
1988 4367 2016 4406 δ
2053 4371 2114 4421 τὸ
2167 4369 2260 4423 ἐπὶ
2308 4373 2420 4434 τοῖς
2448 4371 2655 4441 ἄρτοις,
2686 4370 2825 4425 ἀλλά
2863 4373 2924 4425 τὸ
2957 4373 3362 4447 ἐμπλησθῆναι.
3399 4380 3511 4433 Καὶ

1901 4452 1982 4505 ὃτι
2013 4454 2074 4506 ού
2108 4453 2652 4526 καταστοχαζόμενος
2679 4455 2860 4510 αὐτῶν
2883 4457 3091 4526 ἔλεγεν,
3128 4460 3330 4525 εὐθέως
3371 4461 3500 4516 ἔδει·

1902 4539 1997 4604 ξαν
2028 4541 2249 4592 ἐκεῖνοι.
2284 4542 2396 4594 Καὶ
2430 4540 2541 4610 γὰρ
2563 4540 2650 4594 διὰ
2671 4539 2832 4594 τοῦτο
2867 4541 3032 4595 πάλιν
3056 4539 3244 4615 ἦλθον,
3267 4544 3341 4608 ὡς
3374 4547 3508 4616 μέλε-

1900 4622 2083 4686 λοντες
2115 4624 2225 4678 τῶν
2256 4625 2438 4678 αὐτῶν
2469 4625 2894 4679 ἁπολαύσεσθαι.
2925 4627 3027 4679 Διά
3070 4627 3231 4680 τοῦτο
3261 4630 3358 4682 καὶ
3392 4630 3510 4683 ἐλε-

1900 4720 2030 4774 γον·
2067 4709 2133 4760 Οἱ
2161 4708 2416 4778 πατέρες
2463 4707 2635 4778 ἡμῶν
2667 4710 2899 4778 ἔφαγον
2952 4711 3016 4763 τὸ
3049 4709 3255 4780 μάννα
3303 4711 3374 4765 ἐν
3430 4712 3507 4783 τῇ

1897 4789 2134 4860 ἐρήμῳο
2179 4792 2342 4845 πάλιν
2383 4793 2477 4844 ἐπὶ
2501 4793 2710 4864 τροφὴν
2758 4794 2922 4848 αὑτὸν
2966 4793 3222 4860 ἕλκοντες
3255 4806 3277 4835 ο
3310 4813 3507 4868 σαρκι-

1898 4873 2024 4945 κὴν,
2057 4875 2195 4946 ὅπερ
2218 4871 2285 4947 ἦν
2317 4875 2570 4947 ἔγκλημα
2602 4879 2695 4930 καὶ
2730 4878 3037 4948 κατηγορία
3069 4881 3326 4950 μεγίστη.
3361 4882 3512 4936 Ἀλλ’

1898 4960 2059 5023 αὐτὸς
2086 4961 2185 5031 οὐχ
2215 4962 2430 5015 ἵσταται
2467 4961 2628 5033 μέχρι
2651 4961 2760 5014 τῶν
2794 4962 3033 5033 ἐλέγχων
3054 5003 3068 5028 ,
3119 4964 3256 5019 ἀλλὰ
3301 4966 3395 5019 καὶ
3423 4969 3505 5021 δι-

1896 5045 2194 5099 δασκαλίαν
2231 5045 2443 5109 τούτοις
2488 5045 2836 5117 προστίθησι,
2883 5047 3091 5116 λέγων’
3159 5049 3503 5120 Ἐργάζεσθε

1892 5127 1978 5200 μὴ
2007 5128 2122 5196 thr
2138 5128 2376 5198 βρῶσιν
2398 5128 2516 5198 thr
2543 5131 3002 5200 ἀπολλυμένην,
3029 5133 3191 5186 ἀλλὰ
3212 5134 3326 5202 τὴν
3345 5136 3504 5204 ,ϐρῶ-

1897 5226 2002 5265 σιν
2024 5208 2139 5278 τὴν
2173 5211 2489 5280 μένουσαν
2526 5214 2615 5277 εις
2648 5210 2802 5279 ζωὴν
2849 5212 3129 5281 αἰώνιον,
3173 5213 3254 5282 ἢν
3292 5219 3324 5269 ό
3368 5219 3503 5284 Υἱὸς

1894 5295 2002 5349 τοῦ
2031 5293 2348 5362 ἀνθρώπου
2376 5294 2628 5349 δίδωσιν
2673 5296 2838 5365 ὑμῖν.
2884 5297 3107 5351 Τοῦτον
3133 5297 3284 5372 [259]
3325 5301 3440 5369 γὰρ
3469 5305 3503 5354 ό

1892 5377 2102 5447 Πατὴρ
2147 5376 2534 5448 ἐσφράγισεν
2565 5381 2598 5433 ὁ
2629 5382 2794 5445 Θεός.
2835 5381 2899 5433 Ὃ
2928 5381 2985 5433 δὲ
3038 5381 3208 5450 λέγει,
3256 5384 3503 5439 τοιοῦτόν

1893 5462 2050 5514 ἐστι’
2080 5460 2284 5533 Μηδεὶς
2325 5463 2451 5533 ύμῖν
2481 5461 2624 5516 ἔστω
2683 5464 2839 5533 λόγος
2884 5464 3092 5536 ταύτης
3138 5467 3240 5538 τῆς
3265 5467 3496 5540 τροφῆς.

1893 5546 2006 5600 ἀλλ’
2030 5546 2248 5617 ἐκείνης
2268 5547 2369 5619 τῆς
2394 5549 2793 5620 πνευματικῆς.
2839 5549 2978 5603 Ἀλλ’
3007 5551 3194 5623 ἐπειδή
3220 5569 3366 5613 τινες
3389 5552 3498 5607 τῶν

1893 5631 2238 5702 βουλομένων
2271 5631 2460 5704 ἀργῶς
2489 5633 2788 5704 τρέφεσθαι
2812 5678 2827 5701 ,
2867 5636 3280 5708 ἀποκέχρηνται
3320 5637 3498 5710 τούτῳ

1888 5715 1968 5785 τῷ
1998 5713 2167 5788 λόγῳ,
2198 5716 2275 5780 ὡς
2304 5717 2404 5787 τὴν
2435 5717 2702 5789 ἐργασίαν
2723 5718 3086 5783 ἐκκόπτοντας
3113 5718 3206 5773 τοῦ
3230 5721 3496 5792 Χριστοῦ,

197 5823 406 5892 φειδοῦς
459 5798 644 5876 τοῦτο’
671 5798 862 5878 ποιῶν.
920 5798 996 5879 ὸύ
1021 5798 1133 5895 πρ
1160 5798 1314 5875 εἶπεν
1338 5861 1352 5886 ,
1380 5817 1451 5874 το
1485 5798 1786 5893 λαιμᾶργὸὶ
1889 5798 2270 5895 εὖξαιεονξεοξῖ
2300 5800 2439 5870 πρὸς
2483 5802 2684 5895 efﬁgi»;
2721 5804 2917 5858 εἰπεῖν·
2952 5802 3117 5895 ’ζυλον
3156 5803 3293 5895 ῖιᾲρτ
3317 5805 3393 5895 ᾡς
3419 5807 3499 5895 ειξ·

200 5908 284 5961 καὶ
306 5905 708 5978 γαστρίδουλοι,
738 5906 978 5962 τοσαῦτα
1019 5905 1539 5978 ἐθαυματούργησα,
1571 5906 1664 5959 καὶ
1696 5906 1789 5959 οὐ·

197 5989 358 6059 δαμοῦ
387 5990 514 6045 οὗτε
541 5989 970 6062 ἠκολουθήσατε,
1003 5989 1127 6044 οὔτε
1158 5989 1506 6059 ἐθαυμάσατε
1533 5988 1600 6043 τὰ
1626 6005 1787 6060 γεγε-

259 6082 283 6112 ¹
317 6081 470 6132 SMN.
509 6083 946 6147 κέντρῳᾱεγείριιν
969 6083 1123 6131 αὐτόν.

1891 5886 2033 5950 πεῖν,
2062 5883 2409 5939 διαϐάλλουσι
2455 5884 2547 5938 τὸν
2590 5885 3048 5959 Χριστιανισμδν,
3083 5889 3180 5942 καὶ
3211 5889 3303 5943 ἐπὶ
3329 5889 3499 5961 ἀργίᾳ

1895 6020 1980 6132 mh
2002 6019 2384 6132 §§:i!;qfngzeiou
2404 6025 2652 6088 λέγων.ού
2674 6026 2762 6089 γὰρ
2787 6026 2841 6076 τὸ
2861 6023 3074 6089 θαῦμαύ.
3092 6028 3153 6085 ἐξ.
3181 6027 3311 6090 φησί.
3359 6029 3382 6060 θ
3404 6028 3491 6080 Su-
