4024 6450
567 498 944 573 κωμῳδεῖσθαι
976 495 1472 566 παρασκευάζουσι,
1535 487 1806 565 Πρότερον
1854 492 1911 544 δὲ
1964 495 2136 545 εἰπεῖν

567 589 857 658 ἀναγκαῖον
881 584 942 636 τὸ
968 579 1061 634 τοῦ
1092 579 1326 634 Παύλου.
1358 580 1422 631 Τί
1450 578 1508 632 δὲ
1536 580 1743 641 ἐκεῖνός
1771 594 1938 658 φησι;
1975 581 2137 658 Μνη-

560 656 840 739 μονεύετε
882 660 989 739 τοῦ
1020 661 1242 739 Κυρίου
1280 657 1586 739 είρηκότος
1607 675 1631 739 ο-
1669 656 1974 739 Μακάριόν
2002 656 2133 739 ἐστι

562 732 791 798 διδόναι
820 737 1062 808 μᾶλλον
1089 737 1127 805 ἣ
1157 735 1502 804 λαμϐάνειν.
1527 733 1716 787 Καίτοι
1742 733 1905 786 πόθεν
1937 732 2002 786 ἂν
2034 733 2133 801 γέ-

562 835 704 874 νοιτο
757 817 952 869 διδόναι
988 813 1065 884 τῷ
1096 815 1196 867 οὐκ
1235 814 1449 883 extum;
1506 812 1629 875 Πῶς
1657 808 1750 865 οὖν
1783 815 1846 882 τῇ
1877 810 2077 882 Μάρθα
2106 814 2136 864 6

573 897 778 970 Ἰησοῦς
803 893 953 948 εἶπεν
977 909 990 924 ³
1025 892 1325 963 Μεριμνᾷς
1357 890 1457 947 καί
1477 889 1727 970 τυρϐάζῃ
1760 890 1890 970 περὶ
1912 890 2131 970 πολλά,

558 967 699 1043 ἐνὸς
721 974 788 1028 δέ
811 974 941 1027 ἐστι
962 973 1133 1042 χρεία
1152 987 1165 1000 ⁸
1202 971 1400 1039 Μαρία
1418 970 1486 1023 δὲ
1517 968 1632 1036 τὴν
1673 967 1906 1038 ἀγαθὴν
1919 967 2137 1036 μερίδα

559 1053 878 1120 ἐξελέξατο
903 1068 917 1082 ο
956 1051 1049 1104 καὶ
1087 1050 1275 1112 πάλιν,
1313 1048 1411 1118 Μὴ
1455 1047 1861 1118 μεριμνήσητε
1907 1050 1994 1110 εἰς
2020 1045 2138 1114 τὴν

561 1136 787 1204 αὔριον.
826 1131 1141 1198 Ἀναγκαῖον
1159 1130 1266 1200 γὰρ
1283 1130 1458 1182 πάντα
1479 1129 1572 1182 νῦν
1607 1128 1779 1180 ταῦτα
1810 1126 2059 1181 ἐπιλῦσαι
2080 1138 2129 1192 α,

560 1215 657 1283 οὐχ
683 1212 766 1264 ῖνα
805 1208 962 1280 μόνον
1002 1209 1300 1276 παύσωμεν
1349 1207 1545 1270 αὐτοὺς
1576 1205 1900 1277 ἀργοῦντας,
1931 1207 1980 1258 εί
2012 1205 2137 1276 βού-

559 1290 751 1353 λοιντο,
787 1288 900 1342 ἀλλ’
927 1287 1014 1340 ἵνα
1049 1286 1121 1357 μὴ
1151 1289 1329 1356 μάχην
1357 1287 1595 1354 εἰσάγειν
1626 1285 1748 1338 τινά
1781 1283 2043 1354 δείξωμεν
2067 1284 2136 1338 τά

557 1368 711 1436 λόγια
738 1366 830 1420 τοῦ
861 1364 1017 1420 Θεοῦ.
1053 1366 1161 1418 Καὶ
1186 1366 1293 1434 γὰρ
1317 1365 1410 1417 καὶ
1437 1363 1670 1434 ἀλλαχοῦ
1718 1379 1879 1434 φησιν
1899 1364 1926 1415 6
1973 1363 2134 1416 Ἀπό-

559 1447 741 1510 στολος
763 1463 777 1476 ο
813 1443 1282 1512 Παρακαλοῦμεν
1318 1444 1385 1496 δὲ
1425 1443 1579 1513 ὑμᾶς
1607 1443 1991 1512 περισσεύειν
2035 1443 2135 1497 καὶ

558 1523 1007 1594 φιλοτιμεῖσθαι,
1054 1523 1376 1592 ἡσυχάζειν
1420 1524 1517 1577 καί
1565 1522 1868 1591 πράσσειν
1890 1522 1962 1575 τὰ
1991 1521 2128 1582 ῖδια.

558 1605 658 1656 ἵνα
680 1603 1064 1670 εὐσχημόνως
1092 1601 1453 1669 περιπατῆτε
1496 1603 1645 1670 πρὸς
1670 1601 1814 1666 τοὺς
1843 1600 1958 1665 ἔξω
1979 1618 1992 1631 ·
2040 1602 2132 1653 καὶ

560 1681 738 1742 πάλιν,
772 1681 825 1731 '0
854 1679 1145 1743 κλέπτων,
1181 1680 1394 1748 μηκέτι
1435 1681 1737 1735 κλεπτέτω
1761 1697 1776 1710 ³
1796 1679 2037 1749 μᾶλλον
2066 1679 2134 1732 δὲ

557 1761 814 1813 κοπιάτω
841 1757 1220 1827 ἐργαζόμενος
1249 1758 1377 1824 ταῖς
1414 1758 1590 1823 ίδίαις
1616 1760 1848 1829 χερσίν,
1879 1759 1977 1811 ἵνα
2019 1759 2129 1828 ἔχῃ

551 1835 929 1904 μεταδιδόναι
977 1833 1057 1899 τῷ
1108 1835 1320 1903 χρείαν
1374 1835 1595 1905 ἔχοντι.
1661 1837 1924 1890 Ἐνταῦοα
1971 1838 2132 1905 γάρὸ

557 1915 765 1977 Παῦλος
795 1915 913 1967 οὐδέ
948 1914 1132 1977 ἁπλῶς
1159 1915 1488 1986 ἐργάζεσθαι
1511 1917 1814 1979 ἐκέλευσεν,
1850 1917 1962 1969 ἀλλ’
1992 1916 2132 1969 οὕτω

558 1993 696 2064 μετά
721 1994 903 2058 πόνου,
927 1993 999 2053 ὡς
1023 1992 1164 2062 ἔχειν
1193 1993 1438 2046 ἐντεῦθεν
1460 1995 1552 2046 καὶ
1577 1995 1746 2064 ἑτέρῳ
1773 1994 2127 2064 μεταδιδόναι.

557 2073 667 2126 Καὶ
701 2072 922 2141 ἑτέρωθι
964 2070 1122 2123 πάλιν
1154 2073 1182 2123 6
1208 2071 1367 2133 αὐτὸς
1409 2072 1575 2139 λέγει,
1611 2071 1742 2136 Ταῖς
1770 2074 1996 2141 χρείαις
2011 2091 2131 2140 μου

556 2152 654 2203 καὶ
685 2149 805 2214 τοῖς
831 2145 970 2202 οὖσι
990 2147 1114 2216 μετ’
1135 2147 1281 2214 ἐμοῦ
1307 2148 1694 2216 ὑπηρέτησαν
1718 2153 1776 2202 al
1805 2150 2000 2218 χεῖρες
2022 2147 2129 2205 αὗ-

555 2245 666 2280 ται.
705 2227 813 2281 Καὶ
842 2225 1147 2298 Κορινθίοις
1189 2226 1245 2278 δὲ
1287 2227 1615 2280 ἐπιστέλλων
1659 2226 1846 2295 ἔλεγεο
1885 2231 1980 2292 Τίς
2017 2226 2130 2293 οὖν

549 2305 655 2374 μοί
683 2306 849 2358 ἐστιν
879 2307 909 2357 ό
930 2304 1176 2372 μισθός;
1206 2304 1340 2356 Ἵνα
1362 2304 1874 2375 εὐαγγελιζόμενος
1899 2307 2128 2361 ἀδάπα-

553 2400 667 2436 νον
688 2381 851 2447 θήσω
869 2381 935 2434 τὸ
947 2382 1325 2450 Εὐαγγέλιον.
1367 2384 1474 2434 Καὶ
1506 2387 1563 2436 ἐν
1591 2386 1656 2453 τῇ
1680 2383 1833 2435 πόλει
1865 2385 1922 2438 δὲ
1945 2387 2129 2459 ἐκείνῃ

555 2461 860 2529 γενόμενος.
897 2460 1102 2525 Ἔμενε
1127 2461 1276 2527 πρὸς
1328 2460 1580 2514 Ἀκύλαν
1608 2462 1708 2514 καί
1732 2463 2125 2533 Πρίσκιλλαν,

554 2542 651 2593 καὶ
681 2539 988 2608 εἰργάζετο.
1011 2532 1205 2592 Ἦσαν
1226 2539 1336 2607 γὰρ
1364 2540 1714 2607 σκηνοποιοὶ
1739 2541 1853 2610 τὴν
1884 2543 2124 2613 τέχνην.

567 2619 726 2671 Ἀλλά
758 2617 926 2670 ταῦτα
954 2617 1052 2687 τὴν
1088 2617 1266 2686 μάχην
1310 2619 1547 2670 δείκνυσι
1594 2619 1954 2689 σφοδροτέραν
1990 2623 2130 2676 κατὰ

555 2697 617 2750 τὸ
638 2697 814 2766 ῥητόν.
851 2695 1054 2748 Οὐκοῦν
1079 2695 1287 2764 ἀνάγκη
1310 2695 1493 2747 λοιπὸν
1521 2697 1615 2766 τὴν
1636 2695 1787 2750 λύσιν
1809 2700 2126 2766 ἐπαγαγεῖν.

627 2775 690 2824 Τί
717 2769 807 2825 οὖν
842 2773 905 2824 ἂν
942 2773 1185 2838 εἴποιμεν
1218 2772 1353 2840 πρὸς
1399 2772 1607 2836 ταῦ-δας
1655 2776 1776 2825 ’Ὁτι
1822 2773 1882 2824 τὸ
1931 2777 2003 2845 μὴ
2037 2793 2131 2844 με-

556 2854 751 2924 ριμνᾷν
777 2851 834 2902 οὐ
864 2851 923 2902 τὸ
950 2853 1022 2920 μὴ
1060 2848 1383 2916 ἐργάζεσθαί
1413 2852 1579 2912 ἐστιν,
1600 2851 1805 2904 ἀλλὰ-τὸ
1822 2851 1895 2921 μὴ
1918 2868 2126 2922 προση-

554 2929 754 2984 λῶσθαι
801 2931 907 2991 τοῖς
961 2928 1230 2996 βιωτικοῖς
1277 2929 1599 2998 πράγμασι·
1645 2935 1912 2994 τουτέστι,
1951 2932 2012 2983 τὸ
2052 2932 2127 3003 μὴ

557 3009 820 3062 ποιεῖσθαι
848 3006 1097 3077 φροντίδα
1130 3007 1254 3078 περὶ
1286 3008 1386 3075 τῆς
1418 3008 1497 3070 εἰς
1526 3005 1712 3078 αὔριον
1741 3009 2126 3076 ἀναπαύσεως,

554 3087 693 3142 ἀλλὰ
722 3087 990 3156 πάρεργον
1046 3085 1210 3154 αὐτὴν
1262 3081 1398 3136 εἶναι
1432 3085 1692 3156 νομίζειν.
1757 3088 1969 3140 Ἔνεστι
2017 3088 2128 3159 γὰρ

555 3168 648 3220 καὶ
679 3165 1035 3235 ἐργαζόμενον
1060 3203 1074 3226 ,
1108 3163 1272 3233 μηδὲν
1300 3165 1380 3226 είς
1409 3164 1506 3233 τὴν
1539 3164 1730 3235 αὔριον
1760 3166 2126 3236 θησαυρίζειν,

555 3246 650 3298 καὶ
695 3246 894 3296 ἔνεστιν
948 3241 1332 3312 ἐργαζόμενον,
1367 3244 1532 3313 μηδὲν
1587 3248 1873 3315 μεριμνᾷν.
1908 3247 1982 3297 Οὐ
2020 3245 2128 3315 7&9

553 3323 745 3376 ταύτόν
790 3323 903 3373 ἐστι
938 3321 1175 3390 μέριμνα
1211 3321 1303 3374 καὶ
1337 3323 1588 3392 ἐργασία.
1621 3324 1756 3376 Οὐδὲ
1802 3325 1909 3395 γάρ
1950 3323 2022 3387 ὡς
2052 3323 2129 3394 τῷ

556 3405 699 3474 ἐργῳ
750 3399 962 3470 θαρρῶν
1001 3399 1291 3469 ἐργάζεταί
1351 3418 1454 3463 τις,
1515 3401 1631 3476 ἀλλ’
1669 3402 1756 3455 ἵνα
1788 3401 2002 3472 μεταδῴ
2049 3403 2126 3473 τῷ

554 3477 740 3562 χρείαν
766 3480 983 3562 ἔχοντα
1007 3479 1116 3562 Καὶ
1146 3478 1369 3562 τὸμπρὸς
1400 3479 1630 3562 Μάρθαν
1662 3480 1718 3562 δὲ
1746 3481 2038 3562 εἰρημένον
2065 3482 2126 3562 οὐ

556 3557 683 3630 περὶ
711 3559 869 3629 ἔργου
903 3557 995 3610 καὶ
1043 3557 1302 3629 ἐργασίας
1336 3558 1502 3621 ἐστὶν,
1552 3559 1687 3611 ἀλλά
1721 3561 1850 3628 περὶ
1888 3558 1981 3610 τοῦ
2019 3558 2127 3610 δεῖν

555 3637 740 3707 καιρὸν
784 3635 980 3688 εἰδέναι
1006 3675 1020 3697 ,
1057 3639 1152 3688 καὶ
1201 3635 1275 3705 μὴ
1319 3635 1410 3687 τὸν
1441 3635 1541 3703 τῆς
1581 3637 1896 3705 ἀκροάσεως
1938 3636 2127 3706 χρόνον

558 3715 691 3782 πρὸς
725 3714 793 3767 τά
825 3713 1201 3786 σαρκικώτερα
1224 3712 1554 3767 ἀναλίσκειν.
1593 3715 1668 3766 Οὐ
1700 3715 1877 3767 τοίνυν
1908 3717 1988 3778 είς
2027 3716 2128 3785 ἀρ-

555 3795 678 3861 γίαν
701 3794 868 3864 αὐτὴν
890 3793 1192 3864 ἐμϐάλλων,
1216 3791 1390 3861 ταῦτα
1440 3792 1642 3861 ἔλεγεν,
1677 3793 1813 3845 ἀλλὰ
1839 3794 2127 3865 προσηλῶν

554 3878 620 3945 τῇ
644 3874 918 3944 ἀκροάσει.
959 3871 1364 3942 Παρεγενόμην,
1403 3873 1590 3942 φησὶν,
1635 3872 1860 3936 διδάξων
1889 3875 2032 3944 ὑμᾶς
2062 3873 2130 3927 τὰ

553 3955 739 4007 δέοντα
757 3970 771 3983 ο
806 3955 869 4005 σὺ
892 3953 948 4006 δέ
974 3953 1102 4022 περὶ
1130 3951 1350 4022 ἄριστον
1398 3951 1736 4014 ἐσπούδακας
1761 3970 1775 4018 ;
1838 3952 2127 4017 ’Υποδέξα-

559 4031 682 4085 σθαί
714 4049 778 4101 με
811 4031 1009 4100 βούλει,
1036 4029 1129 4082 καὶ
1159 4029 1424 4098 πολυτελῆ
1466 4031 1882 4099 παρασκευάσαι
1919 4033 2125 4102 τράπεο

557 4109 688 4173 ζαν;
733 4109 955 4178 Ἑτέραν
982 4109 1400 4180 παρασκεύασον
1429 4112 1691 4174 ἑστίασιν,
1723 4110 1818 4180 τῆν
1839 4112 1975 4180 μετά
1996 4128 2130 4182 προ·

553 4185 752 4256 θυμίας
789 4186 1046 4258 ἀκρόασίν
1080 4205 1169 4257 μοι
1197 4189 1566 4260 παρεχομένη,
1618 4190 1711 4242 καὶ
1740 4192 1829 4241 τὸν
1851 4189 1949 4259 τῆς
1977 4190 2129 4242 ἀδελ-

553 4266 659 4334 φῆς
690 4266 993 4337 μιμουμένη
1027 4267 1208 4322 πόθον.
1261 4267 1396 4320 Οὔτε
1432 4264 1523 4322 οὖν
1560 4269 1658 4338 τὴν
1696 4265 1998 4336 φιλοξενίαν
2025 4285 2130 4320 κω-

551 4345 692 4398 λύων
728 4344 902 4397 ταῦτα
925 4344 1108 4412 ἔλεγεν
1129 4364 1142 4376 ·
1183 4347 1393 4415 ἄπαγε·
1447 4345 1562 4410 πῶς
1593 4348 1739 4416 γάρ;
1776 4346 1912 4399 ἀλλά
1954 4347 2015 4399 τὸ
2051 4348 2126 4420 μὴ

550 4425 658 4477 δεῖν
681 4425 738 4476 ἑν
766 4423 1079 4493 ἀκροάσεως
1109 4426 1286 4495 καιρῷ
1310 4426 1435 4495 περὶ
1468 4427 1630 4494 ἑτερα
1670 4426 2022 4496 ὴσχολῆσθαι.
2052 4427 2125 4479 Τὸ

549 4503 608 4557 δὲ
646 4503 844 4569 λέγειν,
874 4501 972 4571 Μὴ
1019 4503 1332 4572 ἐργάζεσθε
1360 4504 1475 4568 τὴν
1522 4503 1758 4572 ,βρῶσιν
1789 4504 1906 4570 τὴν
1937 4506 2126 4559 ἀπολ-

547 4581 839 4650 λυμένην,
879 4580 1026 4653 [260]
1075 4583 1136 4635 οὐ
1185 4582 1343 4635 τοῦτό
1376 4584 1520 4635 ἐστιν
1553 4583 1946 4651 αἰνιττομένου,
1984 4583 2123 4635 ὥστε

547 4659 656 4712 δεῖν
686 4661 874 4730 ἀργεῖν
893 4677 907 4690 ·
939 4661 1034 4714 καὶ
1059 4661 1166 4731 γὰρ
1197 4664 1289 4714 καὶ
1318 4659 1474 4714 τοῦτο
1501 4661 1736 4731 μάλιστα
1777 4661 2122 4731 ἀπολλυμένη

553 4737 753 4808 βρῶσίς
784 4742 916 4792 ἐστι·
951 4737 1193 4806 (Πᾶσαν
1220 4739 1326 4809 γὰρ
1365 4738 1478 4807 τὴν
1505 4741 1721 4793 κακίαν
1780 4739 2056 4802 ἐδίδαξεν
2086 4740 2124 4806 η

550 4820 746 4886 ἀρτία)
766 4835 778 4847 ·
797 4819 908 4873 ἀλλ’
939 4821 1078 4876 ὥστε
1107 4822 1427 4892 ἐργάζεσθαι
1449 4821 1541 4875 καὶ
1572 4821 1927 4891 μεταδιδόναι.
1956 4819 2126 4872 Τοῦτο

552 4895 660 4965 γὰρ
705 4896 803 4949 οὐκ
839 4897 1179 4969 ἀπολλυμένη
1216 4899 1416 4969 βρῶσίς
1446 4902 1560 4952 ἐστι
1607 4898 1812 4951 λοιπόν.
1873 4893 1935 4950 El
1958 4898 2015 4950 δέ
2043 4918 2128 4963 τις

551 4973 734 5042 ἀργῶν
760 4975 1100 5045 γαστρίζοιτο
1133 4968 1227 5029 καὶ
1255 4968 1464 5046 τρυφῆς
1494 4976 1822 5045 ἐπιμελοῖτο,
1857 4968 2009 5040 οὗτος
2027 4979 2127 5048 τὴν

551 5049 753 5121 βρῶσιν
807 5055 1094 5123 ἐργάζεται
1142 5056 1238 5122 τὴν
1292 5055 1703 5126 ἀπολλυμένην·
1739 5055 1925 5126 ὥσπερ
1966 5057 2018 5110 εί
2044 5074 2127 5120 τις

551 5129 912 5198 ἐργαζόμενος
939 5131 1030 5184 τὸν
1054 5131 1284 5202 Χριστὸν
1302 5134 1508 5202 τρέφοι,
1527 5135 1618 5187 καί
1651 5135 1879 5200 ποτίζοι,
1914 5137 2005 5188 καὶ
2039 5138 2126 5189 ἐν-

553 5205 683 5270 δύοι,
717 5208 890 5270 οὐδεὶς
935 5208 1105 5273 οὕτως
1149 5211 1473 5282 ἀναίσθητος
1533 5214 1627 5267 καὶ
1675 5214 1892 5284 ἀμαθὴς
1941 5215 1991 5274 δ.
2050 5216 2126 5281 ὼς

553 5285 747 5347 εἰπεῖν,
774 5287 1149 5359 ἀπολλυμένην
1177 5289 1377 5361 βρῶσιν
1404 5291 1729 5362 ἐργάζεσθαι
1749 5293 1841 5345 τὸν
1864 5293 2122 5361 τοιοῦτον,

552 5363 619 5415 δι’
646 5364 710 5432 ἢν
731 5365 827 5432 τῆς
864 5364 1137 5433 βασιλείας
1163 5370 1195 5439 ἡ
1243 5369 1537 5437 ἐπαγγελία
1572 5370 1672 5439 τῆς
1704 5370 2002 5441 μελλούσης
2031 5375 2123 5427 καὶ

552 5442 659 5523 τῶν
691 5442 914 5523 ἀγαθῶν
953 5444 1192 5498 ἐκείνων.
1224 5447 1369 5518 Αὕτη
1421 5448 1529 5519 7&9
1580 5450 1727 5518 μένει
1775 5449 2036 5518 διηνεκῶς
2087 5455 2118 5523 ἡ

556 5520 771 5589 βρῶσις.
804 5522 1010 5585 Ἄλλως
1036 5523 1112 5586 δὲ,
1144 5525 1238 5576 καὶ
1279 5527 1397 5578 τότε
1441 5527 1498 5578 δὲ
1538 5528 1723 5598 ἐπειδὴ
1752 5528 1852 5596 τῆς
1890 5529 1988 5596 μὲν
2033 5520 2124 5582 πίε

554 5615 719 5661 στεως
771 5601 958 5654 οὐδένα
1019 5602 1175 5670 λόγον
1212 5606 1520 5670 ἐποιοῦντο,
1553 5607 1675 5659 οὐδέ
1724 5607 1990 5660 ἐσκόπουν
2020 5626 2123 5678 μα-

555 5678 682 5756 θεῖν,
712 5679 790 5740 τίς
817 5683 844 5732 6
870 5681 1040 5734 ταῦτα
1064 5683 1444 5754 ἐργαζόμενος.
1473 5685 1565 5737 καὶ
1597 5687 1724 5755 ποίᾳ
1767 5688 1992 5756 δυνάμει
2017 5729 2030 5751 ,
2064 5688 2122 5742 ἓν

549 5754 604 5834 δὲ
639 5757 796 5823 μόνον
837 5759 1134 5825 ἐϐούλοντο,
1181 5763 1568 5834 γαστρίζεσθαι
1625 5754 1789 5834 μηδὲν
1822 5754 2119 5831 ποι-οῦντες,

548 5833 648 5904 τὴν
675 5836 930 5907 τοιαύτην
973 5842 1177 5911 τροφὴν
1231 5833 1455 5904 εἰκότως
1505 5833 1706 5912 βρῶσιν
1743 5843 2121 5916 ἀπολλυμένην

838 5927 900 5989 μή
923 5933 1434 5994 μεριμνᾶτελφησὶνμ..
1470 5932 1710 5983 διαλύσαι.
1784 5935 1810 5975 h
1851 5933 2003 5984 Savil.
2031 5936 2112 5984 καὶ

707 6002 759 6041 οι
787 6022 800 6034 .

590 6002 759 6043 ammon
766 6004 800 6041 ς.

1242 385 1297 439 8.
1337 380 1617 439 JOANNIS
1652 377 2127 435 ειῖιιῖεοετοιιι

2232 377 2493 435 ΠΕΠΙΕΡ.
2531 373 2799 433 CONSTA
2811 374 3082 432 ΝΤΙΝΟΡ.

3716 370 3869 434 3'50-

2237 492 2512 546 ἐκάλεσεν.
2551 488 2793 560 Ἐθρεψα
2823 489 2976 558 ὑμῶν
3005 487 3075 540 τὰ
3108 487 3356 556 σώματα,
3381 485 3566 556 φησὶν,
3602 485 3690 541 Wa
3716 490 3879 542 ἀπὸ·

2234 570 2424 624 τούτου
2443 571 2540 641 τὴν
2562 569 2753 640 ἑτέραν
2771 567 3137 636 ἐπιζητήσητε
3158 565 3384 636 τροφὴν,
3410 566 3507 636 τὴν
3533 566 3853 635 μένουσαν,

2238 649 2336 720 τὴν
2362 648 2664 720 τρέφουσαν
2692 646 2846 718 ὑμῶν
2871 646 2967 716 τὴν
2997 644 3174 715 ψυχήν
3196 658 3208 672 ⁸
3244 643 3401 712 ὑμεῖς
3435 644 3492 696 δὲ
3538 644 3702 698 πάλιν
3732 646 3855 699 ἐπὶ

2237 727 2339 799 τὴν
2371 728 2564 798 γητνην
2597 725 2836 796 τρέχετε.
2859 723 2960 777 Διά
2985 722 3143 776 τοῦτο
3168 721 3227 774 οὐ
3257 720 3466 773 συνίετε
3490 722 3572 774 ὅτι
3604 724 3707 777 οὐκ
3735 724 3855 775 ἐπὶ

2237 809 2438 878 ταύτην
2471 808 2613 879 ὑμᾶς
2633 809 2752 875 άγω
2775 807 2875 876 τὴν
2904 804 3089 876 ἀτελῆ,
3126 803 3240 855 ἀλλ’
3267 804 3353 856 ἐπ’
3385 803 3600 875 ἐκείνην
3622 805 3734 877 ’τὴν
3772 806 3853 857 οὐ

2238 889 2565 960 πρόσκαιρον
2605 885 2952 957 παρέχουσαν
2983 883 3146 954 ζωὴν,
3184 882 3306 960 ἀλλ’
3362 881 3600 946 αἰώνιον,
3633 886 3735 956 τῆν
3771 885 3872 938 οὐκ

2239 957 2418 1036 σῶμα,
2442 957 2578 1019 ἀλλὰ
2601 964 2778 1034 ψυχὴν
2798 964 3122 1034 τρέφουσαν.
3142 957 3274 1013 Εἶτα
3302 961 3489 1031 ἐπειδὴ
3513 961 3659 1016 οὕτω
3683 963 3856 1033 μέγα.

2237 1047 2362 1115 περὶ
2391 1043 2582 1098 ἑαυτοῦ
2608 1043 2930 1112 ἐφθέγξατο,
2955 1045 3051 1095 καὶ
3082 1041 3281 1112 ἔφησεν
3311 1041 3472 1105 αὐτὸς
3500 1041 3695 1095 δώσειν
3726 1042 3856 1098 αὐ-

2234 1124 2356 1192 τὴν,
2392 1125 2477 1175 ῖνα
2513 1123 2586 1194 μὴ
2622 1121 2777 1174 πάλιν
2802 1120 2987 1184 αὐτοῖς
3010 1121 3219 1190 προστῇ
3247 1118 3307 1171 τὸ
3332 1118 3648 1189 λεγόμενον,
3670 1119 3849 1186 ἀξιό-

2236 1218 2429 1256 πιστον
2447 1202 2537 1254 τὸν
2554 1202 2712 1268 λόγον
2746 1199 2937 1263 ποιῶν,
2965 1200 3067 1272 ἐπὶν
3085 1198 3177 1250 τὸν
3195 1197 3417 1268 Πατέρα
3437 1198 3534 1270 τὴν
3554 1200 3851 1272 χορηγίαν

2235 1281 2405 1350 αὐτῆς
2436 1276 2839 1347 ἀνάγει.Είπὼν
2869 1278 2997 1347 7&9,
3025 1271 3138 1331 Ἦν
3157 1280 3190 1331 ό
3225 1276 3358 1342 Υίὸς
3371 1277 3479 1331 τοῦ
3506 1271 3854 1346 ἀνθρώπου

2237 1358 2414 1412 δώσει
2445 1358 2608 1428 ὑμῖν,
2633 1359 2902 1426 ἐπήγαγε,
2929 1356 3150 1410 Τοῦτον
3178 1356 3289 1425 γὰρ
3309 1359 3342 1410 ὀ
3363 1355 3566 1424 Πατὴρ
3594 1355 3848 1426 ἐσφρά-

2235 1451 2407 1506 γισεν
2434 1439 2467 1490 ό
2500 1436 2643 1502 Θεός
2662 1452 2678 1469 ⁸
2713 1434 3012 1496 τουτέστιν,
3042 1433 3137 1486 ἐπὶ
3167 1433 3341 1504 τούτῳ
3367 1433 3582 1505 ἔπεμψε
3616 1434 3848 1506 ταύτην

2237 1516 2363 1586 ὑμῖν
2394 1515 2688 1585 κομίζοντα
2714 1514 2814 1583 τὴν
2840 1514 3068 1585 τροφήν.
3102 1513 3263 1582 Δηλοῖ
3285 1514 3342 1566 δὲ
3374 1515 3466 1567 καὶ
3497 1513 3694 1582 ἑτέραν
3731 1513 3846 1584 ἑρ-

2239 1594 2461 1665 μηνείαν
2493 1596 2525 1665 ἡ
2554 1594 2717 1662 λέξις.
2750 1593 2860 1647 Καὶ
2898 1593 3008 1663 γὰρ
3037 1593 3130 1645 καὶ
3163 1591 3397 1662 ἀλλαχοῦ
3431 1607 3594 1662 φησιν
3626 1593 3654 1644 6
3696 1592 3847 1664 Χρι-

2237 1674 2356 1734 στός
2377 1689 2389 1702 ·
2437 1673 2497 1725 Ὀ
2529 1674 2766 1727 ἁκούων
2777 1689 2897 1741 μου
2923 1670 3064 1737 τοὺς
3096 1671 3337 1740 λόγους,
3358 1672 3578 1725 τοῦτον
3597 1669 3844 1739 ἐσφρά-

2235 1767 2405 1821 γισεν
2429 1755 2461 1805 o'
2481 1751 2702 1819 Πατὴρ,
2731 1751 2821 1804 ὅτι
2844 1754 2876 1804 ό
2899 1750 3044 1815 Θεὸς
3070 1748 3301 1816 ἀληθής
3332 1749 3464 1803 ἐστι
3482 1767 3496 1782 ο
3517 1750 3836 1812 τουτέστιν.

2234 1829 2512 1894 ἀπέδειξεν
2540 1831 2949 1901 άναντιρρήτως
2970 1846 2982 1858 ·
3010 1827 3038 1880 6
3075 1827 3138 1898 δή
3179 1844 3270 1897 μοι
3296 1828 3444 1880 δοκεῖ
3470 1828 3562 1881 καὶ
3584 1827 3840 1882 ἐνταῦθα.

2235 1910 2268 1978 η
2294 1905 2434 1971 λέξις
2454 1908 2806 1961 αἰνίττεσθαι.
2827 1907 2993 1959 Οὐδὲν
3015 1905 3123 1976 γάρ
3156 1908 3304 1958 ἑστιν
3321 1905 3447 1959 ἄλλο
3467 1908 3547 1970 τὸ,
3564 1906 3843 1975 Ἐσφρά-

2235 2005 2406 2056 τισεν
2436 1992 2467 2042 ό
2489 1988 2715 2056 Πατὴρ,
2744 1986 2858 2040 ἀλλ’
2890 1987 2922 2057 ἢ
2948 1984 3249 2050 ἀπέδειξεν,
3281 1983 3590 2054 ἐξεκάλυψε
3611 1984 3702 2037 διὰ
3725 1985 3838 2056 τῆς

2234 2065 2398 2118 αὐτοῦ
2436 2067 2760 2136 μαρτυρίας.
2789 2063 2996 2130 Ἔδειξε
3026 2063 3124 2132 μὲν
3153 2061 3266 2131 γὰρ
3289 2063 3381 2115 καὶ⁵
3409 2062 3570 2125 αὐτὸς
3605 2063 3831 2115 ἑαυτόν·

2232 2145 2497 2215 ἐπειδὴδὲ
2523 2145 2659 2215 πρὸς
2693 2143 2976 2206 Ἰουδαίους
3007 2139 3276 2207 διελέγετο
3297 2179 3312 2205 ,
3339 2140 3438 2211 τὴν
3476 2139 3569 2194 τοῦ
3603 2140 3842 2213 Πατρός

2234 2225 2542 2294 μαρτυρίαν
2575 2224 2656 2285 είς
2697 2222 2862 2292 μέσον
2891 2221 3084 2292 ἧγαγε.

2305 2302 2368 2371 β’.
2404 2299 2674 2369 Μᾶθωμεν
2718 2300 2896 2353 τοίνυν
2922 2339 2937 2364 ,
2977 2299 3269 2368 ἀγαπητοὶ,
3304 2297 3476 2352 ταῦτα
3502 2300 3673 2352 αίτεῖν
3720 2296 3845 2352 τδνί

2231 2380 2383 2444 Θεὸν,
2414 2381 2450 2433 ἃ
2497 2381 2645 2446 ἄξιόν
2701 2381 2814 2433 ἐστι
2872 2381 3004 2450 παρ’
3035 2377 3198 2431 αὐτοῦ
3231 2380 3419 2431 αίτεῖν.
3469 2377 3679 2430 Ἐκεῖνα
3717 2377 3834 2447 μὲν

2230 2459 2361 2528 7&9,
2395 2460 2542 2522 ὅπως
2571 2459 2637 2512 ἂν
2659 2457 2820 2529 τύχῃ,
2849 2457 2919 2510 τά
2955 2456 3183 2527 βιωτικά
3216 2454 3383 2523 λέγω,
3432 2453 3637 2525 βλάϐην
3661 2455 3823 2508 οὐδε-

2235 2538 2364 2607 μίαν
2395 2538 2569 2608 φέρει.
2601 2539 2700 2591 "Av
2730 2555 2790 2590 τε
2821 2537 2930 2607 7&9
2953 2536 3368 2607 πλουτήσωμεν,
3401 2533 3632 2590 ἐνταῦθα
3655 2537 3838 2608 μόνον

2230 2616 2649 2686 ἀπολαυσόμεθα
2674 2616 2773 2686 τῆς
2797 2615 3008 2685 τρυφῆς
3029 2631 3042 2645 ο
3069 2615 3133 2668 ἀν
3159 2631 3219 2666 τε
3241 2616 3320 2677 είς
3351 2613 3541 2667 πενίαν
3573 2616 3822 2669 καταπέ-
3851 2645 3855 2648 -

2233 2713 2435 2766 σωμεν,
2458 2695 2608 2748 οὐδὲν
2639 2693 2940 2764 πεισόμεθα
2971 2694 3160 2747 δεινόν.
3197 2693 3334 2746 Οὔτε
3359 2694 3470 2764 7&9
3491 2693 3559 2745 τά
3586 2693 3837 2767 λαμπράε

2228 2773 2322 2826 τοῦ
2357 2774 2623 2843 παρόντος
2653 2772 2792 2842 βίου,
2826 2772 2951 2824 οὔτε
2981 2772 3048 2824 τά
3089 2771 3309 2844 λυπηρά
3341 2774 3421 2835 είς
3452 2773 3693 2844 ἀθυμίας
3723 2776 3826 2828 καὶ

2228 2853 2424 2922 ἡδονῆς
2473 2852 2630 2918 λόγον
2677 2851 2790 2920 ἑχει
2815 2851 2914 2922 τὴν
2947 2853 3118 2920 ἰσχὺν,
3155 2851 3268 2903 ἀλλ’
3292 2852 3531 2922 ἑκάτερα
3584 2853 3828 2908 εὐκατα-

2230 2931 2490 3001 φρόνητα,
2527 2931 2621 2983 καὶ
2648 2930 2787 3000 μετὰ
2828 2928 3028 2998 πολλῆς
3060 2931 3338 2999 παραρρεῖ
3356 2929 3455 2999 τῆς
3486 2931 3822 3001 ταχυτῆτος.

2229 3010 2322 3062 Διὸ
2353 3009 2447 3062 καὶ
2471 3009 2588 3072 ὁδὸς
2619 3009 2882 3079 κέκληται
2927 3009 3151 3071 είκότως
3185 3009 3281 3062 ἆτε
3306 3009 3694 3079 παροδεύοντα,
3723 3016 3823 3066 καὶ

2231 3088 2324 3140 ἐπὶ
2350 3087 2600 3140 πλεῖστον
2639 3089 2819 3158 μένειν
2847 3088 2906 3140 οὐ
2938 3087 3250 3156 πεφυκόταο
3301 3087 3372 3139 τά
3433 3087 3490 3141 δὲ
3555 3089 3840 3159 μέλλοντα-

2231 3165 2465 3235 ἐκάτερα
2505 3166 2748 3220 ἀθάνατα
2789 3167 2961 3237 μένει,
3013 3168 3083 3220 τά
3113 3183 3172 3219 τε
3203 3166 3497 3232 κολάσεως,
3534 3169 3604 3223 τά
3635 3185 3694 3221 τε
3720 3170 3825 3240 τῆς

2232 3241 2531 3312 βασιλείας.
2577 3243 2747 3314 ’Υπὲρ
2793 3244 3014 3297 ἐκείνων
3064 3243 3244 3296 τοίνυν
3295 3244 3493 3315 πολλὴν
3531 3245 3827 3317 ποιώμεθα

2232 3321 2486 3393 σπουδὴν,
2518 3321 2659 3376 ῶστε
2692 3322 2759 3376 τὰ
2790 3324 2889 3393 μὲν
2923 3325 3133 3392 φυγεῖν,
3165 3322 3307 3377 τὰδὲ
3337 3322 3578 3378 ἑλέσθαι.
3615 3325 3681 3377 Τί
3709 3325 3828 3399 γὰρ

2229 3402 2326 3472 τῆς
2359 3401 2591 3455 ἐνταῦθα
2621 3403 2835 3473 τρυφῆς
2863 3403 3086 3470 δφελος;
3135 3402 3384 3474 Σήμερόν
3422 3405 3558 3468 ἐστι,
3593 3405 3689 3458 καὶ
3719 3405 3835 3459 αὖ·

2232 3496 2345 3549 ριον
2398 3479 2548 3552 1261]
2585 3482 2682 3534 οὐκ
2734 3482 2879 3534 ἐστι*
2938 3484 3175 3554 σήμερον
3218 3483 3377 3547 ἄνθος
3413 3482 3688 3554 λαμπρὸν,
3722 3486 3826 3538 καὶ

2231 3557 2421 3628 αὖριον
2448 3562 2594 3624 κόνις
2619 3562 3021 3632 σκεδαννυμένη
3043 3579 3056 3591 ·
3088 3562 3328 3632 σήμερον
3360 3561 3472 3634 πῦρ
3497 3562 3823 3632 καιόμενον,

2231 3639 2326 3691 καὶ
2351 3637 2538 3709 αὔριον
2575 3641 2750 3709 τέφρα
2773 3641 3269 3712 κατασϐεννυμένη.
3310 3642 3532 3695 Ἀλλ”οὐ
3555 3645 3623 3697 τά
3655 3660 3832 3696 πνευ-

2235 3717 2439 3786 ματικά
2465 3719 2707 3780 τοιαῦτα,
2728 3719 2844 3772 ἀλλ’
2871 3721 2959 3772 ἀεὶ
2990 3722 3141 3789 μένει
3167 3720 3470 3789 λάμποντα,
3488 3722 3581 3774 καὶ
3598 3722 3827 3776 ἀνθοῦν-

2229 3811 2326 3857 τα,
2357 3795 2449 3848 καὶ
2472 3797 2797 3868 φαιδρότερα
2837 3801 3096 3867 γινόμενα
3122 3799 3460 3869 καθημέραν.
3504 3801 3562 3853 '0
3590 3801 3826 3867 πλοῦτος

2229 3874 2437 3937 ἐκεῖνος
2471 3875 2725 3929 οὐδέποτε
2777 3877 3095 3940 ἀπόλλυται,
3151 3876 3407 3930 οὐδέποτε
3465 3879 3818 3946 μεθίσταται,

2228 3953 2479 4006 οὐδέποτε
2505 3955 2680 4023 λήγει,
2709 3955 2965 4009 οὐδέποτε
2995 3956 3192 4024 ἐπάγει
3217 3956 3471 4026 φροντίδα
3501 3959 3594 4008 καί
3624 3957 3826 4026 φθόνον

2229 4032 2324 4085 καὶ
2352 4034 2707 4105 κατηγορίαν,
2752 4036 2813 4087 οὐ
2867 4035 3025 4105 σῶμα
3071 4035 3368 4102 ὲξόλλυσιν,
3399 4036 3459 4088 οὐ
3489 4035 3666 4107 ψυχὴν
3706 4038 3822 4090 δια-

2230 4111 2459 4179 φθείρει,
2486 4114 2546 4165 οὐ
2583 4112 2775 4182 φθόνον
2808 4114 2920 4184 ἔχει
2945 4156 2961 4180 ,
3003 4114 3064 4167 οὐ
3111 4113 3413 4183 βασκανίαν
3466 4115 3829 4184 ἐπισωρεύει,

2231 4189 2373 4261 ειπερ
2407 4193 2623 4246 ἅπαντα
2649 4193 2822 4245 ταῦτα
2863 4192 2940 4263 τῷ
2971 4192 3186 4262 πλούτῳ
3232 4193 3541 4262 πρόσεστιν.
3596 4192 3658 4245 Ἢ
3687 4194 3830 4260 δόξα·

2232 4269 2412 4339 ἐκείνη
2443 4272 2542 4324 οὐκ
2572 4272 2650 4334 είς
2671 4272 2925 4326 ἀπόνοιαν
2955 4273 3117 4344 αἴρει,
3153 4273 3212 4324 οὐ
3244 4271 3596 4340 φλεγμαίνειν
3631 4290 3820 4344 παρα-

2235 4347 2510 4412 σκευάζει,
2542 4349 2796 4403 οὐδέποτε
2851 4351 3105 4413 παύεται,
3139 4351 3259 4404 οὐδὲ
3289 4350 3645 4420 ἀμαυροτέρα
3677 4352 3822 4419 γίνε-

2230 4443 2338 4480 ται.
2387 4428 2451 4480 'H
2477 4428 2661 4491 ἄνεσις
2692 4431 2840 4500 καὶὴ
2875 4431 3053 4502 τρυφὴ
3083 4429 3178 4484 ἐπὶ
3220 4431 3334 4493 τοῖς
3366 4430 3614 4500 οὐρανοῖς
3653 4430 3819 4484 πάλιν

2233 4505 2403 4576 μένει,
2447 4509 2541 4559 καὶ
2592 4507 2730 4579 αὕτη
2781 4509 3053 4580 διηνεκὴς,
3090 4511 3177 4561 ἀεὶ
3225 4509 3480 4579 ἀκίνητος
3535 4504 3670 4561 οὖσα
3721 4512 3824 4565 καὶ·

2228 4584 2494 4647 ἀθάνατος
2515 4602 2529 4614 ο
2547 4586 2647 4638 οὐκ
2667 4587 2781 4639 ἐστι
2809 4589 2916 4659 γὰρ
2940 4587 3110 4658 πέρας
3133 4587 3303 4656 αὐτῆς
3322 4587 3415 4639 καὶ
3438 4586 3589 4650 τέλος
3609 4587 3814 4659 εὑρεῖν.

2229 4664 2467 4733 Ταύτην.
2499 4665 2822 4734 παρακαλῶ,
2875 4667 3198 4737 ποθήσωμεν
3231 4667 3330 4735 τὴν
3353 4665 3531 4736 ζωήν.
3568 4668 3666 4720 Ἀν
3705 4667 3815 4741 γὰρ

2228 4743 2555 4812 ποθήσωμεν
2581 4744 2768 4814 αὐτὴν,
2802 4745 2990 4798 οὐδένα
3021 4744 3127 4798 τῶν
3158 4745 3446 4814 παρόντων
3475 4746 3820 4816 ποιησόμεθα

2228 4818 2404 4886 λόγον,
2441 4820 2577 4873 ἀλλὰ
2620 4823 3105 4893 καταφρονήσομεν
3158 4822 3363 4876 τούτων
3419 4821 3676 4876 ἁπάντων
3719 4826 3818 4878 καί⁵

2230 4899 2736 4968 καταγελασόμεθα,
2787 4900 2892 4953 κᾶν
2923 4901 3003 4963 είς
3033 4901 3315 4970 βασιλικὰς
3353 4900 3523 4963 αὐλάς
3550 4917 3636 4963 τις
3666 4903 3817 4972 ἡμᾶς

2229 4977 2487 5030 εἰσελθεῖν
2543 4977 2759 5048 κελεύῃ,
2796 4978 2893 5047 οὐχ
2945 4978 3284 5049 αἱρησόμεθα
3331 4979 3547 5049 ἐκείνην
3588 4979 3816 5050 ἔχοντες

2226 5058 2324 5127 τὴν
2350 5057 2539 5110 ἐλπίδα
2560 5076 2572 5088 ·
2608 5057 2784 5110 καίτοι
2813 5058 3000 5111 τούτου
3032 5058 3184 5110 οὐδὲν
3219 5058 3634 5130 μακαριώτερον
3668 5057 3814 5114 εἶναι

2225 5133 2387 5197 δοκεῖ,
2422 5134 2557 5187 ἀλλά
2581 5135 2693 5195 τοῖς
2726 5133 3115 5204 κατεχομένοις
3135 5134 3213 5202 τῷ
3240 5135 3348 5188 τῶν
3374 5136 3621 5203 οὐρανῶν
3647 5137 3813 5208 ἔρωτι

2227 5215 2320 5266 καὶ
2355 5212 2514 5266 τοῦτο
2552 5212 2743 5282 μικρὸν
2770 5213 2863 5266 καὶ
2892 5212 3108 5276 εὐτελὲς
3155 5213 3250 5265 καὶ
3299 5213 3512 5276 οὐδενὸς
3543 5214 3693 5278 ἄξιον
3721 5215 3815 5268 λό-

2225 5309 2348 5361 γου.
2383 5294 2498 5345 Πάν
2531 5292 2638 5362 7&9
2670 5289 2698 5342 6
2739 5291 2892 5354 τέλος
2923 5292 3054 5360 ἔχει,
3089 5292 3149 5344 οὐ
3194 5293 3395 5362 σφόδρα
3447 5293 3813 5360 περισπούδα-

2229 5387 2382 5424 στονο
2419 5372 2527 5424 πᾶν
2551 5370 2578 5422 6
2604 5369 2858 5434 παύεται,
2904 5373 2998 5424 καὶ
3051 5372 3286 5442 σήμερόν
3318 5375 3453 5436 ἐστι,
3489 5371 3586 5424 καὶ
3615 5371 3814 5441 αὔριον

2223 5450 2322 5502 οὐκ
2372 5449 2508 5514 ἔστι,
2541 5450 2642 5502 κᾶν
2677 5449 2880 5518 σφόδρα
2935 5445 2967 5520 ᾖ
3027 5451 3187 5519 μέγα,
3227 5450 3431 5522 σφόδρα
3485 5452 3680 5520 μικρὸν
3713 5453 3811 5506 καὶ

2224 5528 2690 5598 εὐκαταφρόνητον
2718 5525 2856 5581 εἶναι
2882 5529 3048 5583 δοκεῖ.
3083 5530 3173 5600 Μὴ
3218 5529 3395 5583 τοίνυν
3433 5530 3542 5582 τῶν
3567 5531 3800 5598 φευγόνο

2221 5623 2331 5658 των
2359 5607 2729 5676 ἀντεχώμεθα,
2759 5607 2893 5677 μηδέ
2931 5609 3038 5662 τῶν
3066 5610 3488 5681 παραρρεόντων
3519 5611 3613 5662 καὶ
3633 5611 3809 5679 ἀπερ-

2222 5684 2486 5754 χομένων,
2511 5683 2648 5736 ἀλλά
2669 5685 2777 5738 τῶν
2810 5687 3078 5756 μενόντων
3112 5693 3205 5741 καὶ
3245 5690 3546 5758 ἀκινήτων,
3597 5690 3683 5742 ἴνα
3711 5693 3808 5744 καὶ

2222 5762 2401 5816 αὐτῶν
2429 5762 2743 5834 δυνηθῶμεν
2768 5764 3064 5834 ἐπιτυχεῖν,
3087 5767 3267 5834 χάριτι
3300 5768 3390 5819 καὶ
3425 5767 3807 5838 φιλανθρωπία

2221 5839 2314 5892 τοῦ
2345 5841 2549 5910 Κυρίου
2579 5842 2737 5910 ἡμῶν
2782 5843 2953 5911 Ἰησοῦ
2984 5844 3241 5912 Χριστοῦ,
3271 5845 3336 5896 δι’
3371 5839 3431 5898 οὗ
3464 5845 3557 5897 καὶ
3594 5845 3714 5915 μεθ’
3742 5840 3804 5897 οὗ

2220 5917 2297 5987 τῷ
2330 5919 2507 5989 Πατρὶ
2549 5920 2582 5988 ἡ
2610 5919 2756 5983 δόξα,
2793 5919 2908 5991 ἅμα
2942 5919 3019 5991 τῷ
3046 5921 3184 5992 ἁγίῳ
3232 5923 3529 5994 Πνεύματι,
3577 5922 3672 5979 νῦν
3702 5923 3799 5978 καὶ

2224 5998 2330 6062 ἀεὶ,
2358 5998 2449 6050 καὶ
2486 6000 2564 6061 εἰς
2590 5999 2712 6063 τοὺς
2735 5999 2936 6063 αἰῶνας
2958 5999 3066 6054 τῶν
3088 5999 3317 6058 αἰώνων.
3366 6003 3558 6074 ’Δμήν.
