4024 6440
164 506 375 580 getiam
403 508 628 559 vestrum
654 494 821 570 agatis
839 535 855 560 ,
885 497 936 548 et
973 486 1250 580 aperemini
1291 478 1769 580 manilius—uestiit.

169 567 228 653 is
255 598 472 652 honeste
495 567 760 646 ambuletis
784 585 856 640 ad
880 597 965 638 eos
993 579 1078 651 qui
1109 578 1234 650 foris
1262 583 1380 630 sunt
1410 572 1488 644 (1.
1511 569 1688 626 Thess.
1718 567 1773 623 4.

171 686 266 744 10.
302 683 430 757 ii);
459 692 517 740 et
539 694 775 742 rursum,
812 675 911 742 Qui
940 669 1207 745 [urebatur
1229 709 1247 734 ,
1271 669 1384 738 jam
1411 680 1513 718 non
1546 664 1779 734 furetur:

171 779 343 851 magis
371 753 545 832 autem
575 772 770 828 laboret
790 765 1049 839 operando
1084 761 1319 816 manibus
1347 758 1474 824 suis,
1507 764 1560 809 ut
1591 753 1776 851 hab-eat

171 842 318 923 unde
340 866 534 921 tribuat
557 862 900 919 necessitatem
941 853 1152 927 patienti
1176 854 1194 922 (
1220 849 1409 919 Ephes.
1431 847 1487 903 ι.
1518 845 1590 901 28
1611 843 1653 917 ).
1684 842 1782 899 ilic

173 961 382 1018 Paulus
425 975 538 1015 non
584 952 898 1025 simpliciter
945 945 1188 1019 praecipit
1225 941 1472 1014 operari,
1513 936 1609 992 sed
1656 949 1778 990 cum

174 1063 334 1109 tanto
363 1053 557 1108 labore
575 1089 590 1114 ,
620 1054 678 1102 ut
703 1041 1050 1101 subveniatur
1077 1034 1354 1107 indigenti.
1401 1032 1470 1087 Et
1492 1029 1618 1085 alibi
1647 1040 1780 1098 quo-

173 1161 285 1218 que
310 1146 388 1200 ait
413 1185 430 1212 ,
481 1135 878 1196 Nocessitatibus
920 1133 1084 1200 meis,
1120 1137 1167 1184 et
1209 1141 1382 1182 eorum
1431 1122 1520 1192 qui
1575 1133 1777 1174 mecum

171 1209 296 1295 s-unt
315 1279 330 1304 ,
354 1209 771 1304 asinistraoerunt
794 1241 976 1282 manus
1003 1224 1117 1279 ista
1144 1219 1280 1292 (Act.
1315 1216 1407 1271 20.
1436 1213 1552 1285 54).
1585 1211 1648 1267 Et
1673 1209 1780 1266 Co-

165 1329 401 1386 rinthiis
424 1303 638 1383 dicebat
668 1340 683 1377 :
718 1321 848 1388 Qua:
871 1325 941 1374 est
966 1331 1084 1388 ergo
1110 1327 1299 1368 merces
1342 1308 1500 1364 mea?
1528 1303 1600 1362 Ut
1625 1319 1781 1359 evan-

169 1421 373 1492 gelium
420 1415 710 1489 pradicans
734 1453 750 1477 ,
801 1411 913 1465 sine
957 1413 1164 1475 sumptu
1212 1413 1402 1472 ponam
1467 1393 1782 1492 evangelium

170 1481 278 1583 ξι.
467 1505 523 1562 9.
551 1501 667 1576 £8).
697 1502 766 1557 Et
788 1501 846 1556 in
869 1498 1138 1554 civitatem
1167 1492 1312 1547 illam
1341 1488 1586 1551 veniens,
1623 1481 1782 1583 {lan-

173 1574 245 1658 in
273 1599 421 1672 apud
449 1574 687 1662 Aquilam
722 1601 769 1647 et
798 1587 1092 1644 Priscillam
1133 1626 1148 1652 ,
1183 1593 1232 1638 et
1263 1581 1588 1672 operabatur.
1618 1574 1784 1630 Erant

171 1666 322 1746 enim
337 1685 722 1760 scenofactorias
753 1681 880 1736 artis
905 1677 1057 1749 (Act.
1088 1675 1179 1732 18.
1208 1673 1244 1728 2
1264 1671 1305 1746 ).
1337 1671 1464 1727 Hinc
1489 1674 1677 1760 contra
1704 1666 1786 1760 dii-

177 1791 331 1837 ctum
380 1777 515 1834 illud
551 1788 791 1848 pugnare
835 1770 1070 1826 maxime
1109 1764 1360 1820 videntur
1393 1779 1405 1815 :
1431 1761 1544 1831 jam
1587 1759 1786 1813 solutio

179 1875 476 1932 referatur.

261 1962 662 2024 Laborandum,
701 1956 793 2012 sed
839 1957 948 2011 sine
991 1949 1351 2008 sollicitudine.
1379 1943 1607 2013 —Quid
1656 1955 1787 2012 ergo

180 2052 678 2128 respondebimus?
699 2049 818 2107 Non
860 2062 982 2105 esse
1020 2045 1311 2101 sollicitum
1342 2056 1450 2096 non
1479 2038 1783 2119 signiﬁcat,

182 2162 214 2202 a
245 2116 436 2203 labore
462 2157 713 2207 cessare;
745 2139 839 2196 sed
860 2180 876 2206 ,
925 2138 1083 2207 hujus
1115 2133 1298 2190 mundi
1343 2132 1506 2188 rebus
1537 2116 1788 2186 non-ha:-

179 2250 309 2294 rere
328 2276 345 2303 ,
373 2235 428 2291 id
453 2243 572 2300 est,
601 2245 710 2287 non
739 2243 862 2286 esse
891 2226 1178 2282 sollicitum
1217 2222 1287 2278 de
1324 2221 1559 2277 crastina
1585 2219 1785 2290 quiete,

185 2327 285 2386 sed
331 2328 478 2383 illam
508 2338 692 2380 curam
744 2332 1131 2391 supervacuam
1167 2324 1378 2386 putare.
1432 2313 1618 2367 Potest
1643 2311 1788 2366 enim

179 2421 279 2492 qui
309 2427 566 2490 operatur
603 2429 709 2470 non
753 2413 807 2467 in
847 2409 1140 2466 crastinum
1173 2405 1541 2462 thesaurizare
1573 2421 1584 2455 :
1615 2410 1792 2471 potest

183 2515 280 2584 qui
311 2512 526 2567 laborat
553 2522 660 2564 non
712 2504 973 2560 sollicitus
1001 2514 1166 2557 esse:
1217 2511 1324 2553 non
1367 2496 1511 2551 enim
1558 2493 1790 2584 idipsum

185 2583 275 2660 est
324 2617 455 2658 cura
504 2607 561 2655 et
607 2596 870 2668 operatio.
917 2592 1034 2648 Non
1079 2601 1138 2648 ut
1168 2588 1318 2660 operi
1363 2584 1643 2642 conﬁdens
1671 2583 1792 2654 quis

187 2700 470 2765 operetur,
501 2687 595 2746 sed
617 2697 675 2744 ut
701 2686 793 2742 det
817 2684 1014 2754 egenti.
1044 2679 1198 2750 Quod
1225 2687 1402 2734 autem
1428 2673 1497 2731 ad
1527 2673 1792 2729 Martinam

188 2763 420 2850 dicitur,
468 2795 575 2836 non
616 2779 860 2835 laborem
883 2784 937 2832 et
991 2771 1361 2845 operationem
1405 2766 1625 2837 respicit
1654 2782 1667 2818 :
1696 2763 1795 2820 sed

194 2890 412 2950 tempus
436 2870 887 2931 considerandum
914 2881 1034 2923 esse
1062 2865 1280 2930 statuit,
1316 2876 1492 2932 neque
1518 2857 1796 2914 concionis

192 2982 410 3042 tempus
436 2969 577 3024 circa
601 2963 842 3021 carnalia
869 2957 1280 3030 expendendum
1317 2969 1459 3010 esse.
1489 2951 1604 3007 Non
1635 2951 1796 3020 igitur

193 3038 471 3118 haec—dicit
491 3100 508 3126 ,
538 3066 598 3113 ιιι
625 3057 682 3111 in
722 3051 982 3110 desidiam
1029 3048 1180 3104 illam
1209 3045 1489 3116 conjiciat,
1516 3041 1614 3098 sed
1645 3050 1703 3095 ut
1729 3038 1796 3094 ad

193 3149 526 3209 audiendum
555 3149 854 3204 convertat.
885 3139 1059 3206 Veni,
1087 3137 1291 3207 inquit,
1331 3143 1392 3190 ut
1417 3149 1515 3188 vos
1547 3145 1800 3186 necessa-

194 3249 272 3303 ria
303 3246 530 3301 doceam
555 3258 570 3309 ;
599 3250 657 3296 tu
699 3237 770 3294 de
798 3233 1025 3307 prandio
1051 3230 1279 3287 sollicita
1309 3227 1410 3284 es?
1435 3225 1518 3282 Me
1543 3229 1627 3279 vis
1654 3223 1799 3278 exci-

193 3354 352 3411 pere,
383 3346 440 3393 et
468 3336 670 3390 lautam
701 3342 890 3401 parare
910 3321 1191 3383 mensam?
1217 3321 1395 3377 Alium
1425 3332 1552 3389 para
1582 3317 1794 3381 cibum,

196 3407 337 3485 meis
361 3424 581 3482 attende
605 3419 946 3478 sermonibus
965 3413 1218 3484 ,.sororis
1252 3410 1577 3467 desiderium
1618 3407 1799 3462 imita-

193 3535 280 3577 re.
325 3516 446 3573 Non
477 3528 608 3585 ergo
635 3509 996 3581 hospitalitate
1025 3504 1275 3570 cohibet;
1321 3501 1457 3557 absit
1482 3542 1497 3565 ,
1538 3498 1590 3554 id
1619 3514 1688 3555 ne
1714 3497 1800 3552 di-

195 3620 384 3676 catur;
427 3597 523 3664 sed
552 3607 713 3662 docet
755 3603 1016 3660 doctrinae
1057 3607 1300 3668 tempore
1329 3603 1525 3652 caetera
1565 3590 1801 3648 curanda

197 3722 309 3763 non
339 3717 485 3760 esse.
510 3699 647 3757 Cum
679 3711 840 3768 porro
868 3694 1033 3761 dicit,
1068 3689 1365 3762 Operemini
1393 3704 1497 3742 non
1524 3685 1689 3741 cibum
1715 3685 1804 3752 qui

197 3800 366 3872 perit,
396 3811 503 3850 non
544 3789 839 3864 signiﬁcat,
867 3790 920 3842 in
963 3783 1169 3841 desidia
1198 3795 1321 3837 esse
1351 3778 1639 3834 vivendum
1674 3796 1688 3831 :
1717 3777 1806 3832 hic

199 3869 348 3948 enim
395 3886 630 3943 maxime
669 3881 820 3939 cibus
845 3887 928 3934 est
974 3875 1069 3947 qui
1108 3873 1282 3945 perit,
1316 3871 1336 3944 ί
1366 3869 1580 3925 Omnem
1607 3869 1807 3939 quippe

198 3981 458 4036 malitiam
501 3975 672 4030 docuit
701 3969 896 4026 desidia
923 3960 1113 4034 [Eccli.
1143 3965 1233 4020 35.
1260 3960 1352 4035 29]
1375 3961 1395 4033 )
1419 3979 1435 4028 ;
1465 3961 1562 4017 sed
1608 3959 1807 4015 indicat

201 4069 540 4145 operandam
570 4073 627 4121 et
670 4058 998 4132 erogandum
1029 4069 1168 4112 esse.
1197 4052 1297 4110 Hic
1322 4066 1485 4124 porro
1514 4051 1668 4106 cibus
1699 4066 1805 4104 non

206 4141 371 4240 perit.
402 4163 458 4221 Si
485 4162 606 4233 quis
642 4172 808 4230 porro
836 4141 1040 4213 otiosus
1065 4152 1243 4209 ventri
1273 4158 1328 4206 et
1353 4148 1562 4205 deliciis
1593 4145 1809 4201 deditus

209 4263 315 4323 sit,
342 4257 390 4312 is
428 4259 686 4326 operatur
710 4249 888 4305 cibum
918 4248 1007 4319 qui
1048 4245 1221 4318 perit;
1269 4251 1454 4298 contra
1500 4240 1544 4294 si
1593 4240 1714 4310 quis
1742 4253 1809 4293 ex

214 4348 402 4403 labore
431 4361 531 4401 suo
574 4342 755 4398 cibum
777 4382 793 4406 ,
833 4348 1018 4410 potum
1038 4380 1053 4404 ,
1094 4344 1298 4391 vestem
1327 4332 1541 4389 Christo
1567 4330 1805 4395 dederit,

213 4439 356 4495 hunc
385 4451 546 4492 nemo
574 4449 721 4488 sana:
762 4430 956 4486 mentis
984 4428 1126 4484 dicat
1154 4425 1365 4496 operari
1396 4425 1574 4480 cibum
1598 4423 1688 4493 qui
1717 4436 1811 4492 pe-

215 4531 284 4586 rit
303 4571 316 4594 ,
345 4526 499 4596 cujus
522 4523 627 4580 cibi
655 4535 816 4577 causa
843 4519 1174 4590 promittitur
1200 4529 1424 4586 regnum
1447 4556 1462 4580 ,
1496 4513 1815 4584 promittun-

218 4639 303 4684 tur
331 4627 422 4682 illa
465 4625 628 4680 bona.
659 4620 758 4675 Hic
784 4618 934 4674 cibus
963 4625 1225 4671 aeternum
1268 4619 1468 4667 manet.
1496 4609 1649 4665 Tune
1687 4609 1815 4678 quia

218 4720 291 4776 illi
319 4717 522 4774 nullam
546 4713 668 4767 ﬁdei
699 4711 960 4765 rationem
991 4707 1248 4772 habuere,
1276 4718 1450 4773 neque
1471 4701 1683 4756 discere
1703 4712 1816 4754 stu-

217 4810 451 4867 duerunt
469 4805 593 4878 quis
619 4804 736 4858 haec
753 4801 987 4862 fecisset,
1012 4813 1116 4870 qua
1146 4802 1428 4866 potestate,
1452 4793 1546 4848 sed
1576 4790 1627 4846 id
1652 4805 1816 4844 unum

218 4901 567 4958 curabant-ut
592 4894 725 4950 nihil
757 4890 1034 4962 operando
1062 4896 1307 4943 ventrem
1354 4884 1673 4954 implerent;
1718 4881 1816 4936 hoc

219 4993 538 5047 alimentum
585 4987 709 5056 jure
756 4983 966 5038 vocavit
1007 4980 1186 5034 cibum
1233 4978 1323 5046 qui
1365 4976 1522 5045 perit.
1576 4972 1819 5042 Corpora

220 5093 432 5146 vestra,
482 5077 691 5147 inquit,
735 5073 996 5137 enutrivi,
1038 5079 1098 5125 ut
1146 5068 1272 5123 hinc
1316 5066 1474 5121 aliam
1505 5064 1820 5137 quurrerelis

220 5190 400 5231 eseam
431 5179 742 5226 manentem
767 5211 784 5235 ,
829 5181 947 5236 qua:
987 5165 1220 5218 animam
1252 5170 1488 5216 vestram
1518 5158 1819 5214 enutriret:

221 5281 316 5323 vos
362 5274 546 5320 autem
592 5274 808 5316 rursum
853 5258 917 5312 ad
964 5268 1231 5311 terrenam
1261 5253 1496 5307 curritis.
1548 5250 1673 5305 Ideo
1714 5264 1820 5303 non

222 5359 518 5432 intelligitis
549 5371 637 5412 me
664 5370 774 5411 non
799 5352 865 5409 ad
893 5352 1042 5407 illam
1067 5363 1163 5405 vos
1191 5347 1394 5403 dueere
1424 5344 1820 5417 imperfectam,

224 5453 317 5517 sed
343 5452 414 5506 ad
445 5450 595 5506 illam
626 5461 737 5503 non
763 5455 1164 5516 temporaneam
1184 5481 1202 5508 ,
1241 5456 1362 5511 quae
1390 5439 1552 5494 vitam
1585 5439 1826 5509 prabeat

226 5557 482 5603 meritam
504 5586 518 5609 ,
548 5556 671 5614 qua:
692 5555 800 5596 non
823 5551 1040 5608 corpus,
1072 5534 1168 5591 sed
1195 5534 1430 5588 animam
1460 5531 1588 5586 alat.
1623 5529 1826 5586 Deinde

225 5639 348 5708 quia
376 5633 660 5706 magniﬁce
687 5630 757 5687 de
785 5644 844 5686 se
872 5629 1122 5698 loquutus
1150 5625 1322 5680 fuerat
1341 5664 1355 5687 ,
1384 5638 1508 5678 cum
1535 5622 1740 5677 diceret
1763 5635 1825 5676 se

226 5728 476 5786 daturum
502 5741 521 5794 ;
549 5739 618 5782 ne
642 5724 837 5780 iterum
865 5719 973 5778 hoc
999 5717 1146 5775 dicto
1171 5715 1571 5774 oﬂenderentur
1590 5755 1604 5783 ,
1639 5713 1822 5784 utipsi

1171 370 1239 430 IN
1274 362 1590 428 JOANNEM
1625 360 1862 420 BOEIL.
1903 358 2089 418 ιιιν.
2129 359 2202 416 al.
2245 359 2431 418 XLIH.

3381 363 3488 422 am

1876 473 2046 531 tidem
2077 472 2286 531 faceret
2306 515 2323 539 ,
2364 474 2566 530 donum
2589 471 2660 529 ad
2686 471 2901 529 Patrem
2932 471 3118 529 refert.
3151 470 3287 529 Cum
3311 473 3486 530 dixis-

1883 575 1967 624 set
2001 567 2146 622 enim
2171 609 2187 634 ,
2213 567 2377 634 Quem
2406 564 2577 621 Filius
2601 565 2821 621 hominis
2849 565 2987 622 vobis
3013 564 3154 620 dabit
3170 583 3196 634 ς
3225 565 3484 634 subdidit,

1882 657 2040 714 Hunc
2068 659 2203 712 enim
2218 657 2387 729 .Pater
2428 658 2648 732 signauit
2674 655 2814 712 Deus
2837 673 2856 712 :
2888 657 2991 712 hoc
3027 665 3146 724 est,
3192 656 3486 728 Propterea

1885 749 2034 806 misit
2061 750 2152 822 qui
2180 749 2324 806 hunc
2347 750 2501 806 vobis
2525 749 2704 805 cibum
2730 747 2918 804 ferret.
2941 747 3095 818 Quod
3122 747 3281 802 aliter
3312 736 3487 818 potest

1887 841 2166 912 explicari.
2199 839 2332 896 Nam
2365 840 2492 895 alibi
2525 855 2739 912 quoque
2768 839 3016 896 Christus
3040 838 3171 895 dicit
3203 857 3214 892 :
3252 837 3354 906 Qui
3393 856 3487 892 au-

1883 934 1960 989 dit
2001 951 2256 990 sermones
2296 950 2434 989 meos
2460 977 2476 1001 ,
2516 935 2651 988 hunc
2684 932 2905 1005 signauit
2954 931 3305 1002 Pater,'quia
3348 929 3489 987 Deus

1881 1040 2040 1080 uerax
2061 1035 2132 1080 est
2155 1025 2173 1095 (
2196 1024 2356 1079 Joan.
2388 1025 2441 1081 5.
2470 1021 2562 1095 35)
2586 1041 2600 1089 ;
2633 1023 2736 1080 hoc
2763 1033 2842 1078 est
2864 1065 2878 1088 ,
2909 1021 3190 1078 Manileste
3218 1020 3490 1087 ostendit;

1886 1116 1940 1172 id
1959 1116 2103 1187 quod
2141 1115 2270 1171 mibi
2297 1125 2352 1172 et
2397 1115 2486 1172 hic
2510 1115 2722 1171 videtur
2763 1113 3112 1170 subindicari.
3159 1111 3303 1168 Nihil
3345 1111 3490 1167 enim

1885 1210 2028 1266 aliud
2058 1219 2176 1277 est,
2220 1209 2457 1280 Signavit
2500 1207 2682 1276 Pater,
2711 1222 2872 1279 quam
2917 1204 3194 1274 ostendit,
3226 1204 3493 1260 revelavit

1884 1301 2196 1359 testimonio
2222 1316 2339 1357 suo.
2372 1299 2444 1357 Se
2472 1301 2618 1357 enim
2646 1300 2764 1371 ipse
2784 1297 3062 1365 ostendit;
3092 1290 3218 1369 quia
3245 1310 3374 1352 vero
3395 1295 3493 1351 Ju-

1885 1396 2038 1455 daeos
2064 1395 2481 1468 alloquebatur,
2516 1393 2694 1450 Patris
2738 1391 3113 1450 testimonium
3159 1390 3214 1445 in
3255 1388 3491 1444 medium

1885 1486 2133 1543 adduxit.

1955 1581 2017 1637 2.
2075 1579 2122 1635 Α
2173 1580 2282 1634 Deo
2338 1593 2452 1650 qua
2507 1585 2673 1650 petere
2735 1585 3132 1630 consentaneum
3173 1579 3271 1639 est,
3324 1580 3498 1642 peten-

1891 1675 2032 1727 dum.
2065 1671 2408 1728 Prcsentium
2463 1686 2635 1725 rerum
2671 1670 2889 1724 uanitas.
2940 1665 3147 1722 Futura
3184 1665 3498 1720 immortalia

1887 1773 2044 1830 sunt,
2073 1764 2175 1818 sive
2215 1762 2506 1834 supplicia,
2538 1761 2642 1815 sive
2686 1761 2918 1832 pramia.
2955 1788 3029 1798 -——
3071 1757 3354 1838 Diseamus
3401 1755 3500 1809 ita-

1890 1869 1998 1925 que
2021 1894 2038 1921 ,
2067 1853 2281 1920 dilecti,
2314 1832 2406 1907 illa
2435 1866 2464 1906 a
2490 1851 2606 1907 Deo
2634 1859 2823 1922 petere
2856 1864 2977 1920 quae
3003 1832 3183 1903 abillo
3209 1832 3513 1902 censente;

1891 1961 2054 2002 neum
2107 1953 2190 2000 est
2233 1951 2441 2015 petere.
2487 1942 2778 1998 Saecularis
2827 1940 3014 2006 enim,
3067 1953 3284 2008 quoquo
3334 1936 3500 1990 modo

1892 2036 2173 2103 accidant,
2208 2034 2344 2090 nihil
2386 2033 2620 2089 aﬂ'erunt
2666 2032 2999 2087 nocumenti.
3049 2028 3190 2094 Nam
3228 2030 3272 2083 si
3304 2027 3503 2083 ditabi-

1892 2146 2015 2186 mur
2033 2173 2049 2197 ,
2078 2130 2168 2185 hic
2195 2137 2401 2184 tantum
2429 2127 2636 2183 deliciis
2667 2127 2944 2182 fruemur:
2973 2125 3017 2181 si
3045 2125 3102 2179 in
3127 2132 3502 2194 paupertatem

1894 2223 2243 2279 inciderimus
2264 2264 2279 2289 ,
2311 2222 2444 2276 nihil
2472 2221 2688 2277 molesti
2719 2221 3004 2291 patiemur.
3049 2218 3177 2274 Sive
3205 2232 3460 2288 prospera
3483 2258 3500 2284 ,

1895 2315 2011 2370 sive
2036 2314 2207 2369 tristia
2246 2313 2527 2379 accidant,
2560 2314 2666 2367 vim
2713 2312 2915 2367 nullam
2945 2310 3014 2366 ad
3044 2310 3373 2380 voluptatem
3415 2309 3503 2364 vel

1896 2407 2170 2463 tristitiam
2197 2405 2434 2473 habent,
2464 2406 2560 2462 sed
2589 2415 2815 2477 utraque
2840 2402 3235 2460 contemnenda
3257 2446 3271 2469 ,
3298 2412 3351 2457 ut
3381 2417 3504 2472 qua:

1893 2514 2059 2570 quam
2085 2499 2370 2555 celerrime
2411 2506 2708 2554 transeant.
2741 2497 2867 2553 Ideo
2894 2496 3012 2552 haec
3040 2496 3163 2567 jure
3189 2497 3272 2549 via
3303 2509 3505 2549 vocan-

1898 2599 2007 2658 tur,
2035 2590 2178 2661 quod
2202 2600 2546 2661 praetereant,
2573 2605 2672 2645 nec
2692 2588 2783 2646 diu
2810 2597 3085 2643 maneant.
3116 2586 3316 2641 Futura
3339 2600 3468 2640 vero
3485 2585 3504 2616 ⁸

1900 2696 2125 2757 utraque
2153 2683 2478 2741 immortalia
2508 2692 2666 2750 sunt,
2702 2690 2811 2736 tam
2854 2680 3200 2752 supplicium.
3227 2693 3385 2749 quam
3411 2693 3507 2733 rc-

1899 2793 2086 2850 gnum.
2120 2777 2277 2832 Circa
2307 2777 2426 2831 haec
2473 2789 2721 2845 magnam
2764 2787 3016 2844 geramus
3052 2771 3503 2837 sollicitudinem,

1901 2880 1961 2925 ut
1991 2870 2080 2924 illa
2111 2869 2378 2938 fugiamus
2403 2909 2416 2934 ,
2449 2866 2569 2921 hzec
2610 2880 2986 2935 assequamur.
3017 2863 3156 2932 Quid
3189 2855 3332 2918 enim
3360 2861 3508 2915 utili-

1905 2962 2028 3017 tatis
2057 2975 2124 3015 ex
2168 2959 2525 3031 praesentibus
2550 2957 2757 3013 deliciis
2778 2957 2804 3009 ?
2831 2955 3004 3011 Hodie
3034 2962 3193 3017 sunt,
3226 2968 3350 3008 eras
3374 2966 3506 3006 avo-

1904 3053 2094 3108 labunt
2125 3069 2139 3105 :
2167 3050 2329 3107 hodie
2357 3049 2459 3106 flos
2485 3059 2609 3104 sunt
2640 3047 2978 3120 splendidus,
3001 3061 3123 3102 cras
3149 3055 3306 3101 erunt
3333 3046 3510 3116 pulvis

1903 3147 2180 3216 dispersus
2201 3164 2214 3198 :
2241 3143 2401 3200 hodie
2428 3144 2565 3215 ignis
2585 3156 2866 3207 accensus,
2892 3153 3013 3195 cras
3033 3139 3170 3194 cinis
3191 3140 3510 3194 exstinctus.

1905 3238 2215 3309 Spiritualia
2265 3252 2394 3292 vero
2435 3250 2544 3291 non
2594 3233 2903 3305 huiusmodi
2944 3242 3102 3296 sunt;
3148 3232 3242 3286 sed
3294 3246 3510 3300 semper

1906 3333 2048 3388 clara
2067 3341 2124 3386 et
2142 3330 2353 3396 ﬂorida,
2377 3337 2537 3398 atque
2557 3329 2610 3383 in
2632 3327 2750 3384 dies
2770 3325 3136 3397 splendidiora
3152 3324 3406 3379 evadunt.
3434 3319 3512 3378 Di-

1906 3427 2048 3481 vitire
2068 3425 2173 3481 illae
2196 3439 2486 3494 numquam
2505 3430 2750 3492 pereunt,
2771 3435 3062 3491 numquam
3089 3416 3507 3483 transferuntur,

1906 3518 1994 3573 vel
2030 3524 2264 3584 cessant,
2287 3529 2578 3586 numquam
2601 3511 3041 3575 sollicitudinem,
3066 3509 3319 3565 invidiam
3345 3519 3398 3564 et
3423 3522 3516 3563 ca-

1910 3608 2168 3664 lumniam
2205 3605 2476 3671 atl‘erunt,
2520 3619 2630 3660 non
2657 3618 2855 3672 corpus
2893 3601 3265 3672 perdunt,non
3283 3600 3517 3656 animam

1907 3708 2287 3769 corrumpunt,
2309 3712 2414 3753 non
2435 3697 2661 3751 livorem
2681 3695 2764 3750 vel
2794 3692 3051 3748 invidiam
3072 3690 3371 3753 attrahunt;
3395 3705 3517 3760 qua:

1912 3790 2096 3848 omnia
2125 3791 2178 3846 in
2211 3790 2362 3845 hisee
2390 3789 2735 3856 reperiuntur
2755 3785 2978 3840 divitiis.
3003 3782 3184 3840 Gloria
3215 3781 3305 3837 illa
3330 3797 3436 3836 non
3465 3780 3518 3836 in

1912 3884 2276 3957 arrogantiam
2308 3881 2555 3945 extollit,
2589 3894 2696 3935 non
2721 3887 2990 3933 tumorem
3019 3876 3193 3931 oarit.
3225 3887 3516 3942 numquam

1913 3984 2125 4042 cessat,
2155 3975 2244 4030 vel
2276 3974 2617 4029 obscuratur.
2650 3970 2814 4038 Quies
2843 3977 3004 4038 atque
3030 3966 3238 4022 deliciae
3286 3964 3338 4017 in
3383 3962 3518 4017 caelo

1913 4079 2190 4143 perpetua:
2233 4074 2492 4133 manent,
2541 4079 2758 4134 semper
2803 4062 3044 4116 immota:
3091 4067 3147 4114 ct
3190 4056 3522 4112 immortales

1915 4166 2034 4221 sine
2055 4163 2164 4218 ullo
2191 4161 2300 4215 ﬁne
2325 4158 2414 4214 vel
2437 4157 2690 4212 termino.
2723 4155 2874 4210 [lane
2895 4196 2908 4218 ,
2939 4152 3168 4208 obsecro
3191 4191 3206 4214 ,
3232 4150 3395 4204 vitam
3430 4146 3526 4203 de-

1916 4254 2238 4311 sideremus.
2268 4249 2322 4305 Si
2353 4249 2495 4303 enim
2520 4246 2690 4316 ipsam
2719 4245 3019 4312 cupiamus,
3054 4241 3254 4295 nuilam
3279 4252 3524 4308 praesen-

1918 4347 2052 4401 tium
2082 4343 2348 4400 rationem
2395 4338 2714 4395 habebimus
2735 4378 2749 4402 ,
2803 4335 2900 4391 sed
2930 4334 3046 4389 haec
3073 4333 3255 4388 omnia
3299 4345 3524 4401 sperne-

1919 4452 2040 4494 mus
2087 4445 2144 4492 et
2189 4433 2580 4491 deridehimus.
2641 4428 2867 4485 Etiamsi
2899 4428 3020 4498 quis
3064 4442 3163 4481 nos
3215 4425 3272 4479 in
3319 4425 3522 4494 regiam

1921 4535 2130 4595 evocet,
2153 4541 2261 4597 quo
2289 4523 2423 4579 nihil
2446 4521 2656 4578 beatius
2677 4519 3035 4581 existimatur,
3065 4531 3171 4571 non
3199 4530 3524 4578 annuemus,

1921 4619 2016 4674 tali
2057 4632 2251 4687 nempe
2297 4613 2415 4669 fulti
2443 4627 2578 4682 spe;
2608 4626 2733 4665 nam
2765 4611 2830 4664 iis
2851 4651 2865 4673 ,
2894 4610 2983 4679 qui
3015 4607 3308 4662 caelestium
3339 4621 3528 4660 amore

1923 4709 2063 4779 capti
2112 4716 2276 4773 sunt,
2307 4706 2358 4760 id
2396 4704 2502 4758 vile
2529 4711 2584 4758 et
2609 4701 2812 4757 nullius
2839 4698 2993 4770 pretii
3039 4707 3337 4770 reputatur.
3363 4696 3530 4764 Quid-

1924 4799 2052 4871 quid
2079 4799 2222 4854 enim
2271 4796 2432 4851 finem
2482 4793 2676 4860 habet,
2708 4807 2814 4847 non
2845 4789 3134 4846 admodum
3162 4789 3529 4860 expetendum

1925 4900 2010 4946 est
2053 4907 2066 4943 :
2119 4887 2262 4958 quod
2312 4896 2523 4952 cessat,
2565 4893 2622 4940 et
2667 4883 2831 4939 hodie
2877 4890 2991 4950 est,
3031 4892 3086 4937 et
3128 4897 3250 4937 cras
3294 4880 3531 4949 desinit,

1927 4981 2138 5038 etiamsi
2167 4980 2485 5044 maximum,
2517 4991 2770 5047 perquam
2802 4976 3078 5030 minimum
3107 4985 3162 5029 et
3182 4983 3534 5029 contemnen-

1929 5075 2056 5130 dum
2085 5072 2321 5128 videtur.
2341 5070 2425 5126 Ne
2450 5069 2612 5140 igitur
2636 5083 2700 5123 ea
2726 5070 2858 5139 qua!
2877 5067 3086 5138 fugiunt
3111 5076 3163 5122 et
3190 5065 3534 5131 dilabuntur,

1930 5164 2028 5222 sed
2053 5179 2175 5235 qua;
2202 5163 2422 5217 immota
2451 5170 2673 5216 manent
2715 5165 2992 5214 sectemur
3016 5199 3030 5224 ,
3060 5167 3118 5212 ut
3148 5157 3242 5212 illa
3274 5160 3534 5228 consequi

1930 5258 2203 5329 possimus
2228 5297 2242 5320 ,
2272 5255 2442 5326 gratia
2474 5263 2528 5309 et
2574 5252 2906 5323 benignitate
2953 5249 3166 5304 Domini
3208 5251 3378 5304 nostri
3409 5248 3536 5304 Jesu

1930 5353 2162 5419 Christi,
2197 5369 2293 5422 per
2317 5366 2475 5422 quem
2503 5357 2557 5404 et
2585 5362 2707 5402 cum
2732 5361 2840 5419 quo
2869 5345 3011 5401 Patri
3041 5345 3210 5416 gloria
3233 5387 3249 5414 ,
3272 5344 3537 5414 simulque

1932 5447 2152 5519 Spiritui
2179 5455 2367 5502 sancto
2390 5487 2404 5509 ,
2437 5457 2581 5499 nunc
2607 5449 2664 5497 et
2687 5454 2903 5512 semper
2922 5481 2937 5508 ,
2973 5447 3029 5495 et
3055 5440 3109 5494 in
3138 5437 3336 5495 smcula
3362 5450 3536 5492 sacca-

1931 5541 2128 5596 lorum.
2167 5540 2361 5593 Amen.

1999 5676 2113 5727 ¹Αιίι
2130 5677 2314 5726 habent
2338 5689 2350 5725 :
2382 5673 2495 5724 Ideo
2509 5672 2614 5723 hrcc
2637 5685 2667 5720 α
2693 5680 2788 5721 Deo
2814 5669 2889 5718 via
2912 5673 3166 5726 vocantur,
3191 5665 3266 5716 tria
3286 5662 3404 5723 lata,
3426 5659 3532 5713 via-

1933 5754 2025 5804 que
2049 5747 2251 5803 angusta
2270 5745 2315 5788 et
2338 5738 2594 5800 angoribus
2617 5733 2777 5798 plena.
2806 5739 2989 5783 Futura
3007 5741 3136 5780 vero.
