4024 6438
573 366 673 424 251

1319 360 1377 416 S.
1403 357 1680 416 JOANNIS
1707 353 2175 413 CHRYSOSTOMI
2210 353 2529 426 ABCIIIEP.
2559 357 3084 422 CONSTANTINOP.
3734 381 3839 437 εει,

1951 560 2300 622 HOMILIA
2341 562 2535 625 XLV.

579 706 710 761 Cur.
758 705 809 761 6.
838 721 892 760 ν.
936 705 1026 762 98.
1068 705 1317 762 Dixerunt
1360 721 1477 776 ergo
1510 703 1579 758 ad
1629 718 1740 756 eum
1769 717 1788 755 :
1819 701 1954 765 Quid
1993 700 2153 771 facie-

650 814 762 850 mus
781 839 796 863 ,
829 806 884 850 ut
905 813 1168 867 operemur
1187 812 1342 865 opera
1368 795 1462 850 Dei
1474 796 1500 847 ?
1517 793 1606 848 29.
1631 791 1698 846 Et
1721 791 1850 846 dixit
1875 789 2117 892 eis-Iesus
2135 805 2156 844 :

657 885 767 940 Hoc
793 896 864 940 est
891 903 1018 957 Opus
1044 885 1169 952 Dei,
1196 896 1249 939 ut
1276 884 1490 938 credatis
1511 884 1563 936 in
1583 899 1696 936 eum
1717 898 1864 948 quem
1887 881 2022 934 misit
2045 879 2152 934 ille.

655 977 743 1034 ὅθ.
774 977 1023 1032 Dixerunt
1052 993 1168 1047 ergo
1199 977 1243 1030 ei
1273 993 1291 1026 :
1324 971 1472 1040 Quod
1488 989 1606 1044 ergo
1629 981 1682 1025 tu
1697 973 1826 1044 facis
1849 972 2066 1043 signum,
2101 977 2154 1023 ut

651 1071 906 1125 videamus
931 1080 978 1124 et
997 1070 1261 1123 credamus
1283 1063 1412 1120 tibi?
1431 1065 1556 1135 quid
1588 1065 1814 1135 operaris
1829 1064 1855 1117 1'

649 1162 700 1215 1.
732 1157 878 1216 Culte
903 1161 1166 1231 pernicies.
1198 1190 1268 1200 —
1291 1158 1435 1213 Nihil
1457 1158 1576 1227 gula
1602 1156 1856 1222 deterius,
1885 1153 2017 1209 nihil
2042 1163 2154 1209 tur-

577 1254 714 1320 pius.
740 1252 863 1307 llzec
891 1252 1140 1306 obtusum
1163 1259 1217 1306 et
1240 1264 1476 1305 crassum
1500 1242 1929 1346 ingenium-haec
1957 1259 2152 1346 carnao

573 1347 677 1398 lem
699 1345 928 1399 animam
961 1343 1154 1409 reddit,
1185 1342 1298 1397 haec
1313 1349 1564 1406 excaecat,
1596 1353 1692 1395 nec
1711 1339 1838 1392 sinit
1860 1339 2149 1404 respicere.

572 1435 953 1491 Animadverte
993 1433 1262 1504 quomodo
1301 1433 1416 1487 inec
1439 1430 1637 1487 Judaeis
1678 1426 1987 1529 acciderint.

572 1525 716 1579 enim
743 1524 878 1594 gula:
908 1523 1194 1586 inhiantes,
1228 1521 1510 1617 saecularia
1531 1521 1699 1576 solum
1727 1519 1962 1617 nihilque
1988 1519 2150 1617 spiri-

571 1614 715 1668 tuale
734 1615 1050 1682 cogitarent,
1081 1611 1265 1665 multis
1297 1610 1413 1664 illos
1452 1608 1694 1664 Christus
1714 1607 1891 1662 verbis
1915 1607 2147 1672 excitat,

569 1703 859 1757 acrimonia
886 1712 940 1758 et
965 1702 1288 1773 indulgentia
1318 1701 1510 1770 plenis.
1533 1697 1716 1769 Neque
1742 1708 1918 1754 tamen
1949 1699 2026 1753 sic
2052 1715 2147 1754 ex-

570 1795 823 1862 citantur,
866 1795 959 1849 sed
1002 1793 1178 1848 adhuc
1225 1791 1369 1846 humi
1413 1791 1613 1859 jacent.
1645 1789 1892 1888 Animum
1921 1789 2144 1892 adh-ibe,

568 1899 784 1951 qumo;
812 1885 1017 1938 dixerat
1055 1884 1133 1940 eis
1162 1900 1177 1938 :
1204 1882 1442 1948 Quwritis
1489 1895 1602 1981 men,
1631 1897 1734 1933 non
1781 1880 1902 1950 quia
1955 1880 2148 1981 uidistis

567 1975 732 2043 signa,
756 1974 842 2027 sed
863 1975 979 2042 quia
995 1973 1335 2026 manducastis
1360 1987 1420 2024 ea:
1444 1969 1672 2039 panibus,
1698 1979 1743 2023 et
1767 1970 1980 2023 saturati
2006 1970 2142 2024 estis.

567 2063 787 2119 Incessit
831 2065 949 2119 illos
988 2064 1259 2134 arguendo
1285 2081 1296 2116 :
1322 2061 1554 2116 ostendit
1608 2076 1852 2129 quaenam
1909 2061 1979 2114 sit
2022 2075 2144 2115 esca

565 2155 871 2222 qtta‘renda,
902 2171 1020 2210 cum
1051 2155 1145 2219 ait,
1180 2153 1484 2223 Operemini,
1532 2167 1631 2204 non
1660 2151 1822 2204 cibum
1851 2152 1934 2221 qui
1967 2151 2094 2219 perit
2127 2167 2146 2205 :

566 2245 715 2299 addit
751 2247 1020 2315 prmmium
1051 2245 1134 2300 his
1162 2245 1357 2310 verbis,
1390 2244 1495 2299 Sed
1517 2245 1601 2313 qui
1631 2253 1884 2312 permanet
1912 2245 1964 2297 in
1993 2245 2144 2298 vitam

567 2347 805 2388 (sternam
840 2353 857 2388 :
881 2335 1073 2391 deinde
1097 2351 1283 2390 eorum
1315 2335 1602 2405 objectioni
1635 2335 1881 2400 occurrit,
1914 2334 2143 2391 dicendo

566 2440 624 2478 se
649 2440 678 2478 a
707 2425 862 2480 Patre
883 2427 1100 2480 missum
1130 2440 1248 2481 esse
1270 2427 1367 2495 (α).
1401 2426 1537 2493 Quid
1562 2442 1690 2497 ergo
1721 2425 1834 2480 i'li?
1862 2426 2020 2492 Quasi
2058 2427 2141 2481 ni-

568 2515 639 2566 hil
662 2516 955 2582 audissent,
989 2515 1125 2580 Quid
1153 2533 1270 2586 ergo
1308 2518 1569 2585 faciemus,
1597 2517 1860 2587 inquiunt,
1883 2527 1935 2569 ut
1964 2535 2141 2587 opere-

563 2620 678 2656 mur
705 2621 857 2672 opera
883 2605 979 2659 Dei
989 2606 1015 2660 7
1040 2605 1164 2661 Haec
1188 2621 1348 2676 porro
1373 2607 1640 2674 dicebant,
1670 2625 1776 2663 non
1798 2619 1851 2662 ut
1875 2609 2143 2666 discerent

561 2703 614 2747 et
645 2693 898 2762 facerent,
927 2704 983 2750 ut
1003 2696 1277 2765 sequentia
1308 2698 1628 2764 ostendunt;
1653 2699 1745 2753 sed
1779 2708 1835 2753 ut
1862 2714 2044 2754 rursus
2073 2701 2137 2754 ad

559 2785 734 2838 cibum
763 2785 1099 2855 praebendum
1119 2787 1451 2854 inducerent,
1478 2798 1532 2843 et
1555 2789 1728 2842 denuo
1748 2799 2135 2845 saturat-eatur.

558 2875 693 2940 Quid
721 2890 847 2946 ergo
884 2876 1167 2931 Christus?
1196 2877 1307 2930 Hoc
1349 2888 1419 2930 est
1445 2894 1572 2946 Opus
1602 2877 1718 2943 Dei,
1746 2888 1798 2932 ut
1822 2880 2040 2934 credatis
2083 2882 2136 2934 in

558 2983 674 3020 cum
702 2983 849 3034 quem
876 2967 1009 3020 misit
1034 2967 1136 3020 ille.
1176 2967 1255 3021 Ad
1289 2967 1402 3022 hatc
1431 2969 1502 3021 illi
1537 2986 1549 3021 :
1583 2969 1730 3034 Quod
1754 2971 1955 3041 signum
1986 2973 2132 3042 facit,

559 3068 613 3111 ut
641 3058 892 3111 videamus
918 3067 964 3109 et
991 3057 1296 3110 credamus?
1317 3060 1403 3110 31.
1438 3057 1620 3112 Patres
1649 3060 1805 3113 nostri
1852 3063 2136 3117 manduca-

555 3157 728 3202 verunt
751 3165 933 3200 manna
981 3147 1034 3200 in
1073 3149 1287 3202 deserto.
1318 3149 1456 3204 Nihil
1490 3150 1573 3203 his
1621 3150 1973 3221 insipientius,
2003 3157 2135 3212 nihil

553 3239 786 3293 stultius.
810 3237 941 3293 Cum
972 3240 1180 3308 signum
1203 3241 1374 3296 adhuc
1398 3242 1448 3296 in
1477 3243 1646 3297 oculis
1668 3255 1826 3309 esset,
1855 3262 1918 3301 ac
1938 3249 1981 3302 si
2013 3250 2132 3303 nul-

555 3331 663 3384 lum
688 3328 882 3382 factum
909 3338 1071 3395 esset,
1091 3329 1355 3397 dicebant,
1383 3331 1532 3398 Quod
1558 3334 1756 3404 signum
1776 3337 1938 3407 facis?
1960 3354 2132 3410 neque

561 3420 662 3489 ipsi
690 3421 956 3488 Optioncm
1003 3420 1138 3490 signi
1165 3421 1499 3490 relinquunt;
1531 3424 1623 3478 sed
1653 3434 1836 3494 putant
1862 3442 1920 3481 se
1939 3429 2005 3482 ad
2036 3446 2131 3485 nc-

551 3517 850 3569 cessitatem
880 3515 1028 3568 illum
1059 3515 1374 3570 reducturos
1391 3532 1531 3584 esse,
1558 3528 1613 3572 ut
1638 3535 1741 3574 non
1758 3521 1902 3576 aliud
1923 3523 2131 3594 signum

553 3604 767 3672 faceret,
828 3621 986 3676 quam
1038 3606 1177 3675 quod
1232 3608 1496 3677 majorum
1551 3625 1767 3666 suorum
1800 3618 2130 3685 temporibus

553 3698 747 3751 factum
769 3709 870 3752 est.
899 3699 1022 3754 Ideo
1045 3698 1226 3752 dicunt
1255 3718 1268 3752 :
1298 3697 1480 3754 Patres
1524 3703 1680 3755 nostri
1704 3705 2131 3761 manducaverunt

553 3804 738 3840 manna
764 3788 812 3842 in
835 3788 1066 3850 deserto;
1090 3787 1372 3866 hoc_modo
1398 3805 1456 3843 se
1487 3790 1631 3844 illum
1662 3793 1984 3850 excitaturos
2012 3813 2129 3854 esse

550 3886 816 3948 putantes,
863 3891 915 3933 ut
974 3877 1274 3948 hujusmodi
1326 3879 1531 3950 signum
1566 3883 1780 3951 iaceret,
1831 3888 1971 3954 quod
2012 3890 2128 3945 illos

548 3971 833 4025 carnaliter
877 3968 1020 4025 alere
1048 3980 1250 4039 posset.
1279 3971 1385 4026 Cur
1415 3973 1555 4027 enim
1588 3991 1691 4030 non
1723 3975 1860 4032 aliud
1885 3995 1947 4033 ex
1979 3984 2126 4051 prio-

550 4059 696 4114 ribus
734 4061 897 4128 signis
937 4071 1425 4117 commemoraruut
1449 4083 1460 4116 :
1485 4065 1584 4118 etsi
1616 4068 1777 4122 multa
1823 4077 1947 4125 tumc
1996 4075 2126 4128 facta

549 4151 769 4204 fuissent
807 4151 858 4203 in
888 4149 1140 4220 Egypto,
1174 4154 1224 4206 in
1258 4154 1412 4218 mari,
1442 4156 1492 4208 in
1524 4155 1769 4224 deserto;
1811 4160 1904 4214 sed
1952 4164 2124 4216 solum

547 4256 736 4293 manna
770 4239 1087 4309 proferunt?
1116 4257 1289 4295 annon
1317 4245 1439 4311 quia
1466 4245 1666 4300 ventris
1706 4249 1984 4316 tyrannide
2030 4253 2125 4305 ad-

546 4332 758 4386 modum
780 4331 1133 4402 tCncbantur?
1157 4333 1433 4398 Quomodo
1459 4345 1634 4389 autem
1658 4352 1752 4391 vos
1782 4342 1867 4408 qui
1894 4343 2128 4411 prophe-

547 4433 652 4476 tam
682 4410 826 4476 iﬂiim
855 4423 1101 4486 vocastis,
1139 4424 1224 4492 qui
1259 4439 1436 4493 regem
1468 4426 1635 4494 ipsum
1683 4431 2010 4487 constituere
2034 4452 2126 4488 vo-

546 4515 735 4579 luistis,
760 4514 878 4583 quia
909 4513 1114 4582 signum
1146 4513 1415 4582 videratis,
1449 4533 1590 4572 nunc
1611 4535 1672 4573 ac
1700 4522 1743 4575 si
1774 4523 1901 4577 nihil
1927 4526 2121 4583 factum

543 4606 630 4658 sit.
661 4605 848 4674 ingrati
869 4614 923 4658 et
955 4603 1133 4673 perﬁdi
1159 4607 1305 4671 estis,
1355 4616 1409 4662 et
1453 4608 1660 4678 signum
1690 4614 1885 4680 pctilis,
1917 4620 2121 4685 parasi-

546 4705 716 4748 torum
740 4705 792 4748 ct
813 4710 1002 4749 canum
1031 4696 1388 4751 famelicorum
1412 4715 1593 4754 vocem
1620 4703 1922 4760 emittentes
1940 4709 1963 4757 Υ
1984 4725 2123 4765 nunc

545 4786 696 4838 vobis
726 4800 916 4837 manna
941 4786 1277 4839 admirationi
1305 4797 1406 4851 est,
1431 4805 1548 4844 cum
1570 4793 1742 4846 anima
1775 4806 1945 4851 vestra
1982 4801 2117 4854 deli-

545 4877 617 4930 cit
644 4876 699 4928 ‘1’
735 4875 800 4928 Et
830 4875 1046 4930 adverte
1074 4878 1315 4932 ironiam.
1344 4879 1456 4933 Non
1486 4883 1751 4950 dixerunt,
1782 4886 1990 4958 Moyses
2022 4893 2123 4947 hoc

545 4969 664 5022 fecit
693 4969 922 5037 signum,
953 4977 1007 5022 tu
1039 4969 1161 5037 quid
1191 4970 1352 5025 facis?
1375 4990 1440 5027 ne
1469 4975 1612 5029 illum
1635 4980 2000 5048 concitarent;
2027 4987 2119 5040 sed

543 5060 832 5114 honoriﬁce
869 5059 1156 5114 admodum
1211 5064 1553 5132 compellant,
1595 5068 1768 5122 cibum
1811 5083 2122 5141 exspectan-

605 5191 678 5258 (a_)
712 5190 1090 5240 oﬂ'endebantur
1112 5192 1261 5258 .tudtei
1287 5195 1416 5256 quod
1441 5205 1667 5258 putarent
1692 5201 1936 5251 Christum
1959 5217 2022 5254 ex
2044 5219 2110 5257 se-

544 5255 755 5313 mctipso
780 5260 830 5300 et
867 5267 928 5301 ex
947 5255 1244 5324 auctoritate
1250 5255 1453 5324 propria
1476 5259 1603 5320 loqui
1635 5265 1794 5324 {quod
1823 5265 2011 5315 etiamsi
2041 5255 2122 5319 ve-

543 5327 646 5360 Hm]
673 5320 822 5380 esset,
845 5322 1051 5380 tit__s_:2pe
1073 5315 1188 5364 dicit
1212 5315 1606 5380 Chrysostomtis,
1634 5315 1851 5373 Christus
1881 5315 2123 5380 tamen-il-

541 5377 694 5421 lorum
721 5374 1044 5453 imbecillitati
1068 5389 1124 5425 se
1151 5374 1508 5453 atteriifieraiis,
1536 5374 1643 5453 cum
1683 5387 1890 5435 nondum
1929 5374 2121 5453 tempus

538 5445 571 5483 e
594 5443 677 5484 set
720 5435 1020 5504 divinitatem
1057 5451 1189 5504 suam
1235 5435 1592 5504 ma'nifestandi.
1619 5458 1676 5494 se
1714 5460 1739 5495 a
1779 5456 1878 5497 Deo
1904 5435 2118 5504 ei‘ﬁs'iFé

542 5496 952 5569 nussumdicebat
970 5536 982 5557 ,
1008 5500 1135 5569 quod
1160 5500 1354 5569 quidem
1379 5496 1684 5569 verissimum
1711 5517 1815 5558 erat
1828 5496 1849 5569 7;
1874 5496 1960 5560 sed
1981 5496 2121 5564 tie}:

539 5557 620 5606 bat
646 5556 859 5631 illud,'s'e
878 5556 976 5630 non
1007 5556 1157 5609 P'atris
1178 5556 1336 5631 modo,
1371 5568 1458 5614 sed
1484 5581 1570 5616 sna
1594 5556 2118 5631 quoqueauctoriiat'e

539 5620 747 5689 operari.
785 5618 888 5669 Hoc
931 5623 1085 5683 ipsum
1116 5637 1211 5671 non
1246 5618 1381 5686 facit,
1425 5642 1533 5677 cum
1573 5618 1629 5679 se
1663 5618 1873 5681 a'l’atre
1920 5637 2117 5687 missum

541 5682 669 5730 dicit.

607 5742 620 5771 ι
658 5742 795 5810 savii.
824 5742 962 5805 legit.
989 5757 1113 5820 more
1137 5745 1263 5814 robis
1295 5763 1466 5802 numna
1505 5752 1816 5806 admirationi
1847 5764 1916 5807 est
1945 5757 1970 5808 ἔ)
1994 5759 2105 5820 jam

533 5811 630 5850 non
652 5801 813 5855 animo
834 5801 986 5855 vestra
1009 5806 1187 5871 tle/icit.

2264 709 2362 757 tes.
2395 704 2576 774 Neque
2600 707 2759 763 etiam
2812 709 3081 783 dixerunt,
3114 717 3254 776 Deus
3282 721 3385 779 hoc
3439 725 3578 784 fecit.
3619 739 3673 785 tu
3719 748 3852 790 veno

2259 791 2384 862 quid
2439 795 2611 851 iacis?
2664 815 2732 854 ne
2777 801 3088 861 viderentur
3145 810 3292 865 illum
3350 815 3459 871 Deo
3524 835 3849 894 umquam;

2260 899 2435 953 neque
2459 883 2692 958 Moysem
2719 905 3039 965 memorant,
3084 914 3152 955 ne
3193 901 3477 961 videantur
3504 907 3849 972 humiliorem

2259 973 2585 1043 iacere;sed
2615 980 2670 1034 in
2695 985 2871 1038 medio
2896 984 2947 1040 id
2986 1003 3296 1060 posuerunt,
3347 995 3627 1057 dicentes:
3663 1003 3852 1064 Patres

2258 1070 2418 1121 nostri
2447 1069 2870 1129 manducauerunt
2907 1095 3092 1134 manna
3118 1082 3170 1137 in
3191 1083 3408 1145 deserto.
3454 1091 3674 1150 Poterat
3717 1115 3850 1155 vero

2256 1155 2500 1215 Christus
2526 1161 2726 1230 dicere,
2749 1164 2918 1238 Majus
2960 1186 3102 1227 nunc
3128 1175 3440 1235 miraculum
3488 1184 3654 1254 edidi,
3684 1204 3846 1259 quam

2257 1246 2486 1321 Moyses,
2515 1269 2614 1309 nec
2645 1257 2789 1327 virga
2810 1301 2826 1326 ,
2859 1277 2960 1317 nec
3007 1269 3317 1334 precatione
3351 1288 3486 1343 Opus
3518 1246 3718 1349 habeo:
3751 1285 3846 1340 sed

2256 1343 2430 1395 omnia
2460 1359 2488 1396 a
2511 1346 2714 1415 meipso
2743 1348 2843 1404 feci
2877 1369 2890 1405 :
2917 1355 3059 1420 quod
3091 1358 3135 1411 si
3164 1374 3356 1416 manna
3383 1375 3847 1443 commemoratis,

2256 1445 2380 1487 ecce
2403 1449 2600 1502 panem
2645 1441 2795 1495 vobis
2826 1444 3045 1511 praebui.
3077 1446 3272 1506 Verum
3310 1470 3413 1510 non
3447 1466 3578 1516 tunc
3633 1441 3849 1535 tempus

2255 1533 2369 1577 erat
2411 1526 2480 1580 ita
2511 1526 2782 1598 loquendi,
2815 1535 2910 1590 sed
2939 1553 3100 1594 unum
3137 1545 3378 1615 curabat,
3410 1558 3468 1604 ut
3495 1549 3615 1608 illos
3643 1556 3711 1610 ad
3738 1526 3850 1629 spi-

2253 1612 2496 1669 ritualem
2535 1619 2710 1675 cibum
2751 1623 3058 1683 deduceret.
3116 1629 3182 1686 Et
3226 1612 3545 1709 videtquam
3579 1612 3844 1705 immeiisa

2252 1718 2369 1756 cum
2397 1708 2674 1775 prudentia
2705 1719 3020 1785 respondeat
3053 1740 3066 1774 :
3095 1719 3188 1781 32.
3221 1726 3342 1782 Non
3365 1708 3566 1802 Moyses
3593 1736 3736 1791 dedit
3755 1755 3845 1794 uo-

2251 1794 2324 1847 bis
2346 1812 2525 1865 panem
2551 1802 2614 1854 de
2638 1805 2778 1870 (telo,
2826 1809 2916 1862 sed
2937 1809 3096 1866 Pater
3131 1831 3270 1871 meus
3300 1819 3388 1873 dat
3411 1794 3548 1877 vobis
3574 1845 3762 1898 panem
3782 1828 3847 1886 de

2251 1888 2375 1942 caelo
2415 1907 2603 1946 verum.
2641 1894 2750 1949 Cur
2779 1914 2882 1953 non
2911 1901 3062 1971 dixit,
3111 1904 3227 1961 Non
3279 1910 3488 1982 Moyses
3538 1888 3711 1986 dedit,
3748 1921 3844 1980 sed

2251 1993 2349 2049 ego
2373 1996 2387 2045 ;
2410 1983 2503 2036 sed
2533 1999 2628 2052 pro
2654 1985 2832 2059 Moyse
2858 1990 3042 2059 Deum,
3087 2011 3184 2065 pro
3231 2015 3420 2056 manna
3453 2007 3693 2076 seipsum
3745 2026 3846 2081 po-

2249 2072 2388 2124 suit?
2412 2072 2544 2139 Quia
2575 2080 2738 2133 multa
2765 2094 2881 2136 erat
2921 2087 3222 2145 auditorum
3270 2072 3642 2166 imbecillitas,
3692 2115 3752 2158 ut
3777 2121 3842 2161 ex

2247 2165 2594 2232 sequentibus
2625 2169 2804 2240 liquet.
2856 2173 3063 2232 Etenim
3095 2197 3196 2235 nou
3225 2183 3344 2241 illos
3375 2185 3457 2244 his
3491 2165 3672 2248 verbis
3691 2197 3845 2252 cohi-

2247 2249 2379 2318 buit,
2403 2259 2613 2311 tametsi
2663 2257 2813 2316 initio
2839 2263 3064 2333 dixerat,
3101 2270 3339 2337 Quaeritis
3362 2294 3459 2344 me,
3489 2297 3591 2334 non
3618 2283 3742 2352 quia
3769 2285 3844 2340 iii-

2247 2344 2391 2400 distis
2410 2348 2574 2418 signa,
2603 2351 2692 2404 sed
2711 2356 2830 2417 quia
2851 2359 3136 2416 comedistis
3153 2380 3217 2418 ea:
3244 2366 3460 2435 panibus
3497 2387 3516 2425 :
3541 2383 3587 2426 et
3616 2344 3840 2432 saturati

2245 2438 2381 2490 estis.
2411 2439 2540 2506 Quia
2569 2457 2695 2498 vero
2723 2443 2774 2500 id
2801 2450 3134 2517 quaarebant,
3167 2454 3220 2510 in
3242 2463 3590 2528 sequentibus
3621 2484 3842 2539 quoque

2247 2526 2392 2596 ipsos
2414 2536 2666 2601 correxit,
2698 2551 2869 2607 neque
2912 2549 3087 2597 tamen
3134 2546 3210 2602 illi
3262 2549 3602 2612 destiterunt.
3636 2559 3838 2621 Verum

2245 2635 2364 2674 cum
2393 2621 2737 2681 Samaritana:
2767 2644 2826 2685 se
2849 2646 3040 2701 aquam
3069 2635 3313 2695 daturum
3342 2645 3704 2721 polliceretur,
3733 2655 3837 2712 Pa-

2244 2722 2377 2767 trem
2406 2731 2509 2770 non
2537 2725 2871 2790 memoravit,
2895 2727 2989 2781 sed
3020 2729 3089 2782 ita
3132 2732 3385 2803 loquutus
3414 2750 3535 2796 est:
3562 2745 3626 2800 Si
3679 2752 3838 2811 scires

2240 2807 2351 2874 quis
2372 2817 2443 2861 est
2467 2810 2553 2876 qui
2572 2811 2692 2865 dicit
2715 2814 2823 2882 tibi,
2853 2815 2936 2870 Da
2962 2821 3086 2875 milii
3104 2822 3286 2894 bibere,
3312 2838 3367 2883 tu
3388 2831 3604 2899 forsitan
3620 2807 3834 2907 petisses

2239 2897 2301 2951 ab
2329 2915 2408 2964 eo,
2437 2911 2484 2954 et
2512 2902 2728 2958 dedisset
2751 2907 2840 2961 tibi
2877 2926 3062 2982 aquam
3092 2917 3253 2971 uiuam
3277 2937 3296 2985 ;
3335 2897 3397 2977 eti
3440 2897 3649 2993 rursus,
3683 2933 3835 3004 Aqua

2239 3005 2390 3057 quam
2433 3009 2524 3061 ego
2552 2993 2719 3059 dabo;
2756 3011 2855 3052 nec
2899 3004 3123 3060 remittit
3175 3009 3240 3063 ad
3289 3010 3527 3071 Patrem.
3579 3019 3674 3076 llic
3702 2993 3835 3080 vero

2240 3080 2450 3137 Patrem
2479 3099 2755 3154 memorat,
2802 3101 2858 3145 ut
2893 3092 3067 3151 discas
3094 3113 3289 3168 quanta
3311 3116 3457 3162 esset
3481 3110 3833 3173 Samaritana:

2241 3171 2406 3236 ﬁdes,
2440 3187 2634 3244 quanta
2686 3180 2990 3240 Judaaorum
3040 3189 3395 3252 imbecillitas.
3425 3197 3541 3255 Non
3585 3219 3714 3275 ergo

2237 3264 2368 3318 carlo
2417 3281 2608 3321 manna
2663 3283 2778 3325 erat
2807 3291 2819 3325 :
2850 3279 3122 3344 quomodo
3175 3283 3332 3353 igitur
3381 3289 3449 3344 de
3476 3293 3606 3346 carlo
3635 3264 3835 3354 dicitur

2236 3356 2391 3408 esse?
2424 3354 2880 3421 Quemadmodum
2922 3365 3163 3425 Votucres
3192 3377 3304 3428 caeli
3330 3377 3351 3447 (
3367 3377 3512 3433 Psal.
3536 3382 3588 3437 8.
3619 3384 3715 3454 9),
3750 3387 3834 3443 di-

2235 3445 2307 3497 cit
2328 3445 2632 3515 Scriptura;
2663 3466 2725 3506 ac
2751 3469 2984 3524 rursum,
3013 3460 3080 3513 Et
3106 3445 3427 3524 intonuit-de
3476 3475 3601 3528 caelo
3639 3475 3832 3534 Domi-

2236 3550 2331 3588 nns
2359 3535 2536 3606 (Psul.
2569 3541 2655 3594 Π.
2684 3543 2746 3597 14
2772 3543 2809 3611 ).
2836 3545 3232 3638 Pancm‘autem
3260 3574 3444 3614 verum
3472 3576 3626 3620 vocat
3655 3567 3831 3638 illum,

2239 3641 2342 3681 non
2373 3631 2509 3698 quod
2535 3631 2724 3686 falsum
2745 3649 2887 3692 esset
2909 3627 3222 3700 miraculum
3243 3649 3307 3704 de
3329 3668 3544 3723 manna,
3563 3660 3656 3713 sed
3687 3677 3831 3731 quo-

2237 3721 2377 3773 uiam
2425 3726 2523 3777 hoc
2581 3735 2735 3794 typus
2777 3741 2911 3794 erat,
2961 3749 3065 3787 non
3121 3737 3233 3806 ipsa
3279 3745 3493 3799 veritas.
3537 3747 3668 3804 Cum
3700 3770 3832 3810 vero

2234 3810 2426 3882 Moysis
2451 3818 2796 3882 meminisset,
2826 3837 2928 3875 non
2953 3839 3011 3878 se
3037 3827 3110 3878 illi
3130 3833 3362 3896 pra-tulit
3385 3853 3398 3898 ;
3425 3839 3657 3893 nondum
3680 3845 3829 3901 enim

2234 3902 2404 3970 ipsum
2441 3904 2605 3975 Moysi
2635 3909 3022 3980 anteierebanl,
3059 3917 3164 3971 imo
3189 3919 3422 3991 Moysem
3452 3927 3626 3985 adhuc
3658 3934 3832 4003 majo-

2231 3984 2342 4046 rem
2377 3997 2646 4062 putabant.
2680 3999 2801 4055 Ideo
2831 4018 2950 4056 eum
2981 4006 3220 4076 dixisset,
3262 4011 3384 4068 Non
3430 4017 3636 4089 Moyses
3662 3984 3827 4093 dedit,

2231 4101 2337 4139 non
2367 4086 2585 4157 adjecit,
2615 4091 2726 4161 Ego
2746 4093 2834 4158 do,
2862 4097 2953 4150 sed
2983 4099 3190 4156 Patrem
3215 4104 3346 4160 dare
3374 4086 3690 4168 dicitiTum
3720 4086 3824 4185 illi;

2233 4174 2313 4227 Da
2343 4178 2484 4231 nobis
2501 4198 2679 4248 panem
2710 4184 2841 4237 hunc
2870 4188 2937 4238 ad
2958 4191 3388 4249 manducandum.
3441 4201 3632 4257 Adhuc
3677 4209 3824 4264 enim

2233 4281 2344 4319 rem
2376 4282 2494 4322 esse
2520 4273 2776 4328 scnsilem
2797 4279 3068 4345 putabant,
3102 4283 3275 4339 adhuc
3307 4301 3546 4345 ventrem
3597 4297 3827 4366 implere

2231 4360 2608 4424 exSpectabaut
2639 4382 2654 4416 :
2687 4365 2882 4421 idcirco
2907 4372 3063 4427 citius
3084 4380 3451 4437 occurrerunt.
3503 4385 3639 4451 Quid
3691 4408 3826 4462 ergo

2231 4445 2516 4504 Christus?
2543 4451 2664 4506 Illos
2697 4457 2949 4524 paulatim
2972 4464 3185 4533 erigens
3221 4470 3404 4538 adjicit
3457 4493 3469 4527 :
3515 4476 3606 4531 55.
3658 4445 3827 4534 Panis

2231 4537 2328 4591 Dei
2352 4550 2422 4593 est
2444 4543 2529 4611 qni
2560 4545 2818 4602 descendit
2842 4551 2904 4603 de
2933 4555 3077 4621 ca’lo,
3105 4567 3149 4608 et
3176 4558 3262 4611 dat
3288 4537 3438 4614 uitam
3465 4567 3653 4620 mundo
3672 4585 3692 4633 ,'
3713 4586 3824 4628 non

2227 4628 2428 4684 Judaris
2459 4643 2682 4705 tantum,
2713 4640 2807 4695 sed
2833 4643 3082 4700 universo
3109 4648 3245 4713 orbi,
3275 4651 3463 4721 inquit.
3493 4655 3678 4727 Neque
3701 4663 3826 4718 sim-

2229 4722 2435 4789 pliciter
2463 4727 2661 4795 cibum,
2696 4731 2788 4784 sed
2821 4734 2978 4788 vitam
3003 4737 3375 4798 dicitalteram
3423 4754 3478 4800 et
3525 4748 3823 4811 diversam.

2228 4812 2400 4866 Vitam
2449 4826 2624 4872 autem
2656 4821 2802 4886 dicit,
2862 4826 2985 4892 quia
3033 4843 3222 4884 omnes
3268 4838 3463 4893 mortui
3516 4855 3691 4898 erant.
3738 4845 3820 4901 illi

2226 4920 2354 4959 vero
2378 4907 2549 4961 adhuc
2577 4919 2732 4966 terra:
2783 4913 3058 4971 adhaerent
3087 4936 3148 4976 ac
3177 4922 3396 4982 dicunt:
3423 4929 3510 4984 34.
3542 4930 3624 4986 Da
3677 4937 3823 4991 nobis

2227 4995 2360 5049 hunc
2383 5016 2581 5066 panem.
2610 5003 2796 5072 Arguit
2820 5019 2997 5063 autem
3020 5011 3139 5068 illos
3165 5018 3304 5086 quod
3332 5023 3584 5089 quamdiu
3631 5028 3814 5083 sensi-

2225 5085 2332 5142 lem
2379 5092 2780 5158 suspicabantur
2822 5113 2941 5154 esse
2991 5118 3253 5171 mensam,
3279 5113 3638 5180 accurrerint;
3696 5132 3820 5173 cum

2223 5183 2399 5228 autem
2432 5175 2732 5233 didicerunt
2758 5198 2998 5238 mensam
3029 5203 3150 5242 esse
3171 5193 3528 5261 Spiritualem,
3569 5198 3680 5266 jam
3713 5216 3821 5257 non

2224 5269 2509 5333 accedant;
2536 5270 2770 5340 dicitque
2794 5291 2807 5326 :
2831 5277 2919 5330 55.
2941 5277 3054 5348 Ego
3082 5299 3194 5335 sum
3221 5287 3370 5352 panis
3396 5289 3510 5343 vita:
3533 5305 3552 5343 :
3580 5293 3668 5360 qui
3687 5295 3822 5350 venit

2222 5359 2290 5410 ad
2319 5375 2413 5423 me,
2445 5377 2542 5413 non
2565 5365 2784 5426 esuriet;
2816 5377 2859 5418 et
2885 5370 2972 5437 qui
3005 5373 3161 5426 credit
3189 5377 3238 5429 in
3270 5394 3347 5430 me
3367 5420 3381 5443 ,
3417 5396 3516 5433 non
3545 5383 3679 5436 sitiet
3701 5401 3820 5438 unto

2222 5466 2394 5516 quam.
2423 5451 2511 5506 56.
2549 5453 2655 5506 Sed
2683 5457 2792 5510 dixi
2821 5460 3115 5532 vobis,quia
3153 5479 3202 5520 et
3241 5470 3437 5524 vidistis
3486 5489 3591 5539 me,
3644 5486 3693 5529 et
3717 5481 3820 5533 rion

2221 5544 2419 5597 creditis
2461 5546 2603 5598 milii.

2289 5635 2322 5687 ἓ
2383 5636 2494 5699 Qua
2524 5650 2685 5692 mente
2707 5640 2939 5696 Christus
2980 5663 3127 5700 suum
3163 5653 3498 5709 testimonium
3543 5674 3574 5710 a
3610 5661 3814 5716 nemine

2219 5727 2379 5793 accipi
2425 5727 2622 5782 Judwis
2660 5733 2862 5787 diceret.
2890 5735 3048 5791 Panis
3073 5741 3189 5795 vita:
3225 5747 3347 5813 quid
3390 5750 3472 5802 sit.
3497 5779 3569 5790 —-
3599 5751 3712 5806 Hoc
3761 5765 3816 5809 et

2220 5815 2452 5873 Joannes
2479 5824 2725 5892 superius
2754 5825 2934 5884 dicere
2979 5843 3328 5900 praeverterat
3353 5857 3365 5893 :
3398 5839 3550 5908 Quod
3577 5846 3714 5899 nouit
3735 5846 3811 5899 to-
