4024 6438
125 406 235 464 9.53

125 523 324 589 quita,
350 529 397 575 et
433 519 574 592 quod
612 517 736 572 sidit
779 515 1109 584 testificatur,
1157 523 1202 569 et
1245 515 1588 569 testimonium
1636 514 1747 584 ejus

125 628 276 666 nemo
297 613 507 680 accipit.
534 611 601 665 Et
634 623 822 665 rursus
847 606 1093 663 Christus
1126 622 1142 659 :
1178 605 1330 673 Quod
1363 606 1549 658 scimus
1579 603 1745 673 loqui-

125 719 260 767 mur,
297 713 343 757 et
363 701 504 772 quod
525 701 742 754 vidimus
774 707 1040 764 testantur,
1071 706 1117 750 et
1149 696 1489 749 testimonium
1517 705 1747 748 nostrum

122 810 228 848 non
257 795 496 863 accipitis
520 795 555 846 ¹.
586 791 832 860 Illudquc
867 790 996 859 agit,
1053 797 1111 842 ut
1157 797 1491 858 prmmoneat
1517 788 1660 846 illos.
1692 795 1746 842 et

123 885 402 952 ostendat,
429 900 492 940 se
520 898 626 939 non
655 883 744 936 illa
768 897 828 938 re
859 880 1087 946 turbari,
1132 895 1308 950 neque
1337 879 1559 950 gloriam
1592 896 1742 950 quae-

126 995 276 1043 rere,
305 979 389 1034 νει
437 977 688 1047 ignorare
740 984 950 1029 secreta
980 973 1174 1028 mentis
1213 988 1432 1038 eorum,
1471 973 1583 1027 sive
1609 987 1746 1041 prcc-

121 1071 323 1134 scntia,
351 1071 468 1124 sive
502 1069 697 1122 futura.
730 1064 846 1136 Ego
872 1082 982 1119 sum
1007 1065 1154 1135 panis
1184 1065 1317 1118 vita'.
1350 1063 1469 1119 iam
1519 1065 1572 1118 in
1625 1080 1744 1135 my-

119 1164 417 1218 steriorum
478 1155 823 1214 traditionem
880 1165 1140 1212 venturus
1198 1165 1300 1211 est.
1358 1156 1426 1210 Et
1455 1156 1627 1225 primo
1673 1155 1743 1212 de

120 1255 411 1308 divinitate
440 1266 536 1305 sua
565 1250 805 1320 disputat
829 1248 1036 1315 dicens,
1088 1247 1200 1320 Ego
1246 1265 1359 1302 sum
1409 1248 1557 1317 panis
1604 1249 1736 1303 vine.

119 1344 308 1414 Neque
340 1343 490 1397 enim
516 1341 618 1396 hoc
646 1341 717 1396 de
761 1356 990 1411 corpore
1031 1340 1236 1395 dictum
1283 1349 1365 1395 est
1438 1341 1541 1410 (de
1569 1342 1659 1396 illo
1687 1343 1738 1397 in

123 1435 232 1488 ﬁne
264 1434 509 1503 loquitur
540 1449 552 1485 :
584 1431 649 1485 Et
664 1433 812 1501 panis
839 1447 986 1500 quem
1015 1447 1107 1496 eqo
1133 1430 1284 1497 dabo,
1313 1446 1435 1484 caro
1457 1447 1567 1484 mea
1594 1431 1740 1503 est);

122 1524 220 1579 sed
252 1524 435 1578 adhuc
479 1523 549 1578 de
590 1522 872 1577 divinitate
921 1522 1049 1592 agit.
1107 1521 1320 1576 Etenim
1378 1522 1471 1576 ille
1524 1532 1743 1593 propter

122 1616 290 1670 Deum
323 1615 562 1670 Verbum
592 1613 742 1681 panis
773 1621 876 1680 est,
928 1612 1380 1682 quemadmodum
1410 1613 1498 1669 hic
1523 1623 1742 1683 propter

118 1709 508 1763 advenientem
556 1705 818 1772 Spiritum
869 1703 1022 1773 panis
1064 1704 1314 1759 caelestis
1346 1704 1597 1762 efficitur.
1642 1705 1742 1763 llic

122 1814 285 1868 porro
327 1814 438 1852 non
471 1796 644 1850 utitur
673 1795 933 1861 testibus,
965 1803 1023 1849 ut
1051 1795 1104 1850 in
1142 1795 1401 1866 superiori
1434 1801 1692 1854 concione
1722 1815 1738 1854 :

121 1906 186 1945 eo
220 1891 364 1960 quod
395 1890 623 1945 haberet
650 1897 667 1942 t
705 1888 1016 1944 stimonium
1047 1903 1269 1956 panum,
1297 1899 1352 1944 et
1377 1889 1450 1944 illi
1475 1889 1650 1946 adhuc
1679 1908 1724 1947 St

119 1983 345 2037 credere
371 1981 722 2035 simularent.
756 1978 871 2033 Illic
899 1994 1027 2034 vero
1053 1980 1498 2036 contradicebant
1521 2024 1535 2050 ,
1570 1993 1624 2037 et
1648 1998 1739 2038 ar-

117 2074 355 2142 guebant
379 2090 393 2136 ;
419 2073 655 2142 ideoque
681 2070 768 2125 hic
793 2069 1111 2125 sententiam
1135 2068 1359 2139 profert.
1395 2071 1476 2126 Illi
1499 2087 1596 2142 spe
1615 2087 1739 2128 ear-

119 2165 258 2218 nalis
281 2164 387 2219 cibi
421 2171 663 2228 manent,
689 2177 864 2232 neque
889 2161 1173 2216 turbantur
1192 2202 1208 2228 ,
1233 2161 1403 2217 donec
1429 2174 1614 2234 postea
1642 2181 1740 2235 spe

118 2257 251 2326 lapsi
275 2265 421 2311 sunt.
444 2255 650 2311 Verum
680 2269 855 2324 neque
879 2253 954 2309 sic
975 2253 1134 2308 etiam
1157 2252 1403 2309 Christus
1431 2256 1613 2325 tacuit,
1642 2257 1738 2312 sed

118 2349 396 2420 redarguit
422 2359 475 2405 et
507 2349 772 2418 increpat.
804 2345 886 2400 Illi
919 2361 1045 2401 vero
1067 2347 1180 2417 qui,
1210 2345 1338 2401 dum
1361 2349 1733 2419 comederent,

117 2445 441 2512 prophetam
512 2441 665 2496 illum
707 2447 981 2506 vocarunt,
1016 2439 1101 2493 hic
1142 2439 1252 2509 jam
1275 2438 1651 2508 oﬂ'enduntur,
1683 2451 1739 2497 et

115 2533 251 2588 fabri
285 2535 455 2589 ﬁlium
487 2541 702 2587 vocant.
732 2529 848 2585 Non
876 2529 954 2585 sic
1002 2545 1132 2585 vero
1161 2546 1282 2586 cum
1315 2545 1479 2600 panes
1509 2533 1738 2587 mandu-

114 2636 324 2691 carent,
367 2624 463 2679 sed
491 2623 766 2688 dicebant,
793 2621 896 2674 Hic
917 2630 989 2675 est
1026 2621 1114 2675 ille
1161 2623 1428 2692 propheta,
1453 2623 1735 2694 ipsumque

113 2732 303 2786 regem
345 2716 679 2770 constituere
733 2713 1006 2768 volebant.
1055 2712 1322 2783 lndignari
1384 2730 1546 2785 porro
1577 2717 1700 2773 vide

112 2807 330 2873 bantur,
362 2821 484 2861 cum
516 2806 726 2861 diceret
751 2819 810 2859 se
837 2803 906 2859 de
933 2804 1068 2859 caelo
1088 2803 1437 2862 descendisse
1464 2822 1477 2872 ;
1502 2806 1597 2863 sed
1624 2823 1732 2864 non

113 2900 228 2954 haec
258 2913 383 2952 vera
415 2906 534 2951 erat
563 2895 951 2965 indignationis
976 2909 1159 2962 causa,
1204 2895 1300 2950 sed
1327 2896 1468 2963 quod
1516 2913 1621 2953 non
1653 2900 1734 2953 ul-

113 3000 190 3044 tra
219 2996 509 3060 sperarent
549 3002 611 3042 se
636 3000 823 3040 mensa
853 2999 1112 3054 corporea
1141 2985 1398 3041 fruituros
1426 3001 1569 3044 esse.
1596 2988 1730 3046 Nam

110 3085 153 3136 si
184 3097 316 3137 vere
342 3080 783 3151 indignabantur,
817 3078 1167 3148 quaerendum
1188 3088 1308 3135 erat
1337 3082 1608 3150 quomodo
1638 3099 1732 3153 pa-

112 3178 193 3231 nis
225 3176 354 3230 vitae
383 3183 552 3242 esset,
583 3171 856 3242 quomodo
883 3171 951 3226 de
975 3171 1109 3226 caelo
1135 3170 1513 3227 descendisset
1545 3193 1557 3228 :
1587 3191 1730 3232 nunc

111 3284 275 3339 porro
317 3284 425 3323 non
471 3267 523 3322 id
573 3266 792 3331 faciunt,
843 3265 937 3320 sed
969 3275 1337 3336 murmurant.
1358 3267 1511 3335 Quod
1540 3280 1720 3325 autem

112 3377 216 3415 non
252 3361 342 3415 illa
366 3359 438 3415 de
463 3373 624 3414 causa
657 3355 1080 3421 offenderentur,
1103 3355 1227 3411 hinc
1253 3357 1428 3426 palam
1451 3369 1554 3424 est,
1584 3361 1726 3429 quod

110 3453 326 3507 dicente
350 3451 502 3517 Jesu,
559 3447 719 3502 Pater
751 3434 887 3501 meus
924 3449 1013 3500 dat
1042 3448 1178 3502 robis
1205 3465 1407 3518 panem,
1442 3463 1545 3504 non
1578 3452 1728 3508 dixe-

111 3550 237 3610 rint,
272 3546 446 3614 Roga,
475 3551 533 3598 ut
562 3542 691 3607 det;
721 3542 816 3596 sed
846 3541 1012 3612 quid?
1040 3540 1119 3593 Da
1143 3541 1286 3594 nobis
1313 3558 1517 3609 panem.
1566 3545 1726 3614 Atqui

113 3655 216 3692 non
248 3638 486 3702 dixerat,
519 3635 634 3706 Ego
684 3634 791 3698 do;
825 3633 942 3698 sed,
973 3631 1131 3686 Pater
1161 3649 1300 3687 meus
1334 3634 1441 3686 dat.
1489 3635 1568 3688 Illi
1598 3651 1727 3692 vero

111 3744 172 3782 cx
215 3727 324 3782 cibi
356 3724 674 3794 cupiditate,
709 3724 860 3776 illum
893 3723 1024 3778 dare
1065 3721 1246 3776 cibum
1290 3723 1450 3793 posse
1500 3725 1728 3780 arbitra-

112 3821 331 3875 bantur.
359 3819 463 3888 Qui
494 3833 622 3873 vero
681 3818 754 3871 ita
807 3815 1120 3880 credebant,
1154 3831 1260 3885 quo
1310 3827 1469 3886 pacto
1526 3818 1724 3875 oﬁ‘endi

112 3914 438 3975 debuerunt,
471 3925 592 3965 cum
624 3908 894 3964 dicentem
917 3907 1185 3973 audirent,
1227 3908 1440 3964 Patrem
1471 3925 1591 3966 esse
1632 3914 1725 3982 qui

113 4003 300 4059 daret?
331 4001 467 4067 Quae
498 3999 659 4070 igitur
680 4013 840 4054 causa
871 3997 1150 4054 est?Cum
1179 3999 1428 4055 audirent
1449 4016 1554 4056 non
1585 4004 1724 4059 ultra

112 4093 514 4151 comedi-udum
536 4106 684 4158 esse,
713 4090 824 4162 jam
853 4106 959 4145 non
986 4092 1232 4155 credunt,
1259 4101 1313 4146 et
1335 4092 1724 4154 incredulitatis

112 4201 330 4242 causam
351 4183 676 4250 obtendunt,
704 4181 846 4252 quod
869 4181 1180 4238 sublimiora
1203 4181 1534 4253 loqueretur.
1564 4185 1723 4242 Ideo-

113 4296 213 4347 que
245 4281 342 4342 ait,
369 4277 438 4330 Et
467 4276 663 4330 uidistis
686 4291 782 4341 me,
811 4283 858 4328 et
887 4290 987 4328 non
1005 4274 1248 4341 creditis;
1269 4285 1378 4330 tum
1406 4276 1577 4347 signa,
1613 4289 1724 4335 tum

113 4373 386 4443 Scriptura
396 4385 514 4424 rum
534 4369 898 4423 testimonium
918 4383 980 4423 su
989 4367 1285 4424 bindicans.
1301 4369 1328 4421 1
1338 4369 1422 4424 tlte
1432 4374 1564 4425 enim
1580 4383 1720 4442 sunt,

115 4465 307 4534 inquit,
337 4477 453 4532 qua
505 4460 848 4514 testimonium
893 4458 1156 4529 perhibent
1201 4459 1266 4513 de
1303 4476 1420 4525 nte;
1447 4470 1537 4526 et,
1572 4464 1723 4530 Quod

115 4557 222 4608 teni
272 4555 327 4607 in
371 4551 577 4605 nomine
615 4548 788 4603 Patris
830 4550 956 4615 mei,
1003 4559 1049 4602 et
1092 4566 1193 4603 non
1238 4551 1468 4620 accipitis
1499 4570 1613 4619 me;
1644 4565 1718 4622 et,

118 4646 385 4711 Quomodo
408 4643 616 4714 potestis
646 4641 868 4721 credere.
891 4640 980 4711 qui
1008 4639 1070 4693 ab
1101 4641 1313 4696 invicem
1342 4642 1557 4713 gloriam
1581 4648 1722 4699 acci-

115 4743 227 4805 pitis
246 4742 271 4794 7
297 4741 387 4795 57.
422 4737 587 4791 Omne
611 4734 750 4805 quod
779 4734 865 4787 dat
895 4733 1018 4786 mihi
1047 4731 1223 4799 Pater,
1257 4735 1325 4786 ad
1358 4752 1438 4790 me
1459 4738 1636 4803 veniet,
1674 4747 1722 4793 et

114 4833 333 4897 eumqui
365 4830 496 4883 venit
518 4828 587 4881 ad
617 4843 714 4889 nte,
745 4842 846 4880 non
867 4826 1068 4895 ejiciam
1095 4829 1254 4897 foras.
1291 4826 1422 4883 Vide
1447 4831 1720 4897 quomodo

117 4924 244 4978 nihil
278 4938 384 4976 non
414 4929 538 4991 agat
561 4919 628 4974 ad
656 4918 931 4973 hominum
955 4919 1220 4973 salutem?
1252 4919 1376 4975 Ideo
1407 4931 1583 4976 autem
1618 4923 1721 4979 hoc

115 5015 335 5074 addidit,
367 5028 436 5068 ne
485 5011 752 5066 curiosius
777 5025 958 5080 agere,
990 5019 1044 5064 et
1074 5019 1278 5065 temere
1319 5011 1465 5082 loqui
1508 5014 1718 5070 videre-

116 5117 215 5160 tur.
245 5105 386 5176 Quid
416 5115 597 5159 autem
627 5102 800 5158 dicit?
835 5102 997 5157 Omne
1024 5103 1162 5172 quod
1183 5107 1272 5156 dot
1293 5104 1418 5156 mihi
1447 5102 1616 5169 Pater,
1649 5108 1719 5161 ad

117 5214 188 5249 me
213 5197 397 5261 veniet,
427 5204 474 5248 et
503 5193 812 5249 resuscitabo
843 5208 955 5246 eunt
980 5194 1035 5246 in
1074 5193 1344 5247 novissimo
1373 5195 1473 5248 die.
1505 5196 1610 5252 Cur
1632 5213 1718 5253 re-

115 5288 527 5353 surrectionem,
562 5285 720 5355 cujus
768 5293 822 5340 et
871 5279 1021 5356 impii
1052 5296 1334 5342 consortes
1355 5298 1534 5355 erunt,
1565 5305 1716 5345 com-

115 5392 376 5438 memorat
430 5391 488 5436 ut
544 5380 747 5436 donum
779 5378 1125 5435 credentibus
1172 5380 1224 5434 in
1252 5393 1310 5434 se
1345 5395 1663 5437 concessum
1692 5386 1714 5439 ?

115 5475 241 5540 Quia
267 5489 374 5528 non
403 5472 859 5528 resurrectionem
889 5471 1226 5540 simpliciter,
1261 5471 1354 5526 sed
1387 5472 1523 5528 hanc
1554 5489 1714 5543 pecu-

117 5564 314 5619 Iiariter
367 5562 823 5620 resurrectionem
881 5562 1164 5633 intelligit;
1212 5579 1335 5618 nam
1396 5581 1517 5620 cum
1565 5569 1713 5637 prius

115 5655 351 5724 dixisset,
405 5655 529 5710 Non
585 5656 789 5724 ejiciam
828 5672 964 5721 eum,
1002 5663 1076 5722 et,
1130 5654 1254 5711 Non
1301 5660 1513 5727 perdam
1541 5661 1600 5716 de
1630 5679 1710 5729 eo,

177 5797 190 5823 ‘
225 5790 367 5842 savii.
391 5790 625 5841 habet....
649 5795 898 5850 testamur,
922 5795 968 5839 et
989 5804 1084 5842 non
1102 5794 1302 5846 creditis
1326 5795 1461 5850 mihi.
1490 5798 1582 5850 Alii
1601 5814 1708 5852 cum

114 5850 275 5905 Morel.
304 5860 355 5904 ct
377 5865 489 5904 cum
517 5855 781 5912 Evangelio
804 5865 924 5902 cuso
947 5859 1276 5918 consentiunt.

468 5939 740 6002 ΡΑτηοι..
779 5947 895 6009 (in.
941 5950 1096 6015 LIX.

1178 399 1243 456 IN
1281 397 1597 456 JOANNEM
1636 395 1869 455 HOMIL.
1913 396 2075 456 XLV.
2113 399 2185 455 al.
2230 399 2412 457 XLIV.

3353 413 3460 470 255

1856 522 1984 568 tunc
2013 514 2194 570 subdit
2215 519 2691 577 resurrectionem.
2709 521 2844 578 Nam
2877 524 2927 578 in
2954 527 3351 586 resurrectimic
3372 533 3462 588 alti

1852 605 2170 676 ejiciuntur,
2211 617 2269 663 ut
2295 611 2369 664 ait
2403 629 2418 665 :
2451 611 2638 670 Tollite
2671 632 2806 681 eum,
2840 631 2886 673 et
2940 621 3122 675 mittite
3147 624 3200 677 in
3229 625 3464 680 tenebras

1851 699 2121 754 exteriores
2152 699 2381 772 (Matth.
2412 703 2500 758 22.
2534 705 2641 778 15)
2677 709 2806 764 :alii
2830 721 3075 780 pereunt,
3109 721 3164 767 ut
3186 714 3269 770 bis
3292 717 3461 785 signia

1852 789 2062 855 ﬁcatur,
2091 791 2286 849 Timete
2311 797 2480 866 potius
2505 815 2640 864 eum,
2669 805 2759 872 qui
2786 815 2948 874 potest
2974 815 3018 858 et
3038 807 3265 861 animam
3285 821 3331 864 et
3347 827 3461 865 cor-

1851 897 1948 950 pus
1977 885 2186 950 perdere
2217 885 2271 938 in
2300 886 2583 956 gehennam
2620 889 2788 960 (Luc.
2821 893 2908 948 12.
2943 895 2976 950 5
2999 895 3036 958 ).
3070 887 3256 968 Itaque
3295 900 3422 956 illud
3443 943 3457 963 ,

1860 971 2030 1026 Vitam
2054 984 2296 1030 tcternam
2325 978 2414 1045 do,
2459 978 2562 1035 hoc
2588 983 2857 1053 signiﬁcat
2889 1003 2904 1040 :
2943 985 3101 1041 Ibunt
3122 989 3159 1042 ii
3197 993 3287 1060 qui
3321 995 3460 1046 mala

1849 1064 2079 1131 fecerunt
2103 1067 2157 1121 in
2181 1070 2600 1126 resurrectionem
2616 1076 2808 1142 judicii
2822 1094 2844 1143 ;
2863 1080 2953 1149 qui
2979 1088 3146 1134 autem
3181 1081 3312 1136 bona
3339 1101 3460 1156 ege-

1847 1165 1988 1223 runt,
2030 1157 2083 1212 in
2122 1163 2541 1218 resurrectionem
2570 1166 2687 1221 vitta
2728 1165 2916 1238 (Joan.
2946 1172 3000 1227 5.
3029 1172 3162 1245 29).
3195 1174 3346 1231 Hanc
3374 1193 3462 1234 re-

1848 1255 2238 1312 surrectionem
2256 1258 2574 1330 hicindicat,
2596 1279 2714 1334 qua:
2731 1274 2814 1319 est
2831 1264 3118 1322 bonorum.
3139 1267 3279 1335 Quid
3300 1284 3461 1339 porro

1849 1345 1951 1399 sibi
1985 1348 2096 1401 vult
2122 1363 2244 1406 cum
2272 1351 2347 1406 ait
2376 1370 2392 1416 ;
2425 1353 2589 1409 Omne
2618 1356 2758 1425 quod
2787 1357 2876 1412 dat
2899 1358 3026 1413 mihi
3062 1358 3244 1427 Pater,
3287 1363 3354 1415 ad
3381 1380 3461 1417 me

1848 1437 2046 1492 veniet?
2095 1438 2317 1498 Illorum
2364 1445 2796 1504 incredulitatem
2831 1452 3164 1521 perstringit,
3198 1454 3462 1510 ostendit-

1847 1544 1952 1598 que
1980 1546 2104 1588 eum
2131 1535 2222 1605 qui
2251 1551 2357 1592 non
2390 1540 2564 1596 credit
2590 1542 2646 1597 in
2674 1543 2873 1612 ipsum,
2920 1545 3098 1600 Patris
3123 1547 3456 1604 voluntatem

1848 1625 2172 1694 transgredi.
2219 1627 2373 1696 Quod
2426 1641 2605 1688 tamen
2653 1635 2745 1690 ille
2785 1651 2894 1692 non
2938 1648 3125 1721 aperte
3165 1638 3315 1703 dicit,
3364 1643 3461 1697 sed

1847 1710 2365 1788 subindieatzquod
2415 1721 2616 1793 ubique
2666 1725 2844 1781 facere
2893 1710 3352 1797 deprehenditur,
3403 1744 3463 1788 ut

1845 1805 2095 1862 ostendat
2117 1823 2222 1864 non
2255 1826 2315 1866 se
2334 1813 2534 1882 solum,
2555 1816 2650 1873 sed
2679 1816 2892 1873 Patrem
2923 1815 3084 1876 etiam
3108 1838 3263 1878 suum
3289 1825 3461 1882 OiTcn-

1846 1897 1977 1954 dere
2006 1914 2102 1955 eos
2129 1903 2219 1972 qui
2251 1917 2359 1959 non
2389 1907 2638 1964 credunt.
2672 1909 2806 1966 Nam
2828 1912 2874 1967 si
2905 1913 3022 1970 htec
3063 1915 3181 1985 ejus
3210 1920 3460 1976 voluntas

1845 2000 1950 2057 est,
2007 2001 2061 2047 et
2088 1995 2134 2050 si
2164 1996 2287 2052 ideo
2313 2001 2462 2056 venit
2501 2002 2554 2057 in
2596 2007 2879 2075 mundum,
2912 2017 2971 2064 ut
3016 2011 3224 2068 salvum
3258 2014 3461 2072 faceret

1845 2083 2156 2141 universum
2184 2089 2369 2146 orbem
2405 2093 2444 2161 ί,
2477 2095 2565 2164 qui
2614 2112 2720 2152 non
2769 2100 3019 2169 credunt,
3051 2103 3167 2174 ejus
3204 2106 3457 2164 volunta-

1846 2184 1952 2230 tem
1976 2181 2467 2249 tranrgrediuntur.
2496 2185 2632 2242 Cum
2656 2204 2786 2260 ergo
2811 2192 2971 2249 Pater
2996 2196 3229 2268 aliquem
3251 2201 3456 2274 dirigit,

1843 2265 2034 2337 inquit,
2070 2269 2203 2324 nihil
2224 2273 2474 2342 prohibet
2501 2292 2622 2333 eum
2647 2281 2714 2363 ad
2736 2299 2823 2338 me
2849 2286 3058 2341 venire.
3087 2265 3296 2346 Peinde
3327 2265 3455 2363 per;

1840 2357 1936 2427 git,
1968 2358 2137 2416 Nemo
2161 2373 2324 2433 potest
2361 2370 2528 2424 uenire
2554 2373 2624 2426 ad
2641 2354 2738 2442 me,
2773 2378 2873 2432 nisi
2902 2378 3058 2434 Pater
3077 2388 3289 2440 traxerit
3316 2403 3454 2443 eum.

1842 2451 2037 2509 Paulus
2069 2471 2201 2512 vero
2229 2457 2384 2530 dixit,
2421 2462 2538 2532 Ipse
2589 2467 2750 2522 tradit
2793 2485 2888 2527 eos
2930 2472 3075 2530 Patri
3107 2493 3121 2530 :
3150 2476 3277 2534 Cum
3321 2483 3458 2537 enim

1841 2544 2106 2599 tradiderit
2123 2565 2335 2620 regnum
2355 2552 2464 2609 Deo
2485 2564 2533 2609 et
2553 2556 2701 2611 Patri
2725 2565 2739 2629 (
2764 2561 2816 2616 1.
2839 2562 2958 2621 Cor.
2986 2567 3072 2623 15.
3107 2568 3176 2625 24
3192 2570 3236 2640 ).
3255 2570 3456 2637 Quem-

1846 2633 2137 2692 admodum
2162 2655 2292 2712 ergo
2319 2643 2478 2700 Pater
2504 2662 2625 2703 cum
2651 2649 2760 2716 dat,
2794 2670 2900 2711 non
2930 2672 2990 2713 se
3017 2633 3202 2729 privat
3214 2633 3455 2737 co—quod

1838 2723 1931 2779 dat
1962 2744 1974 2781 :
2001 2728 2077 2783 sic
2093 2740 2146 2785 et
2175 2731 2342 2789 Filius
2371 2751 2493 2792 cum
2535 2742 2790 2813 tradidit,
2822 2748 2969 2804 nullo
3006 2723 3126 2807 sese
3163 2723 3452 2815 fraudavit.

1839 2814 2046 2874 Dicitur
2095 2832 2274 2879 autem
2324 2828 2556 2898 tradere,
2587 2834 2710 2904 quia
2758 2850 2856 2906 per
2883 2854 3011 2897 eum
3039 2857 3320 2904 accessum
3349 2849 3450 2907 ha-

1836 2906 2089 2968 buimus.‘

1908 3003 1961 3057 3.
2017 3005 2173 3062 Fides
2223 3011 2276 3064 in
2331 3012 2587 3072 Christum
2639 3023 2808 3091 gratia
2846 3041 2976 3096 opus
3022 3030 3444 3094 habet.—Illud

1836 3109 1986 3160 vero,
2014 3096 2118 3152 Per
2140 3117 2310 3170 quem,
2339 3105 2406 3161 de
2425 3104 2585 3165 Patre
2607 3127 2822 3185 quoque
2845 3119 3064 3188 dicitur,
3090 3137 3146 3179 ut
3175 3127 3276 3182 hoc
3297 3129 3442 3194 loco,

1838 3186 1942 3242 Per
1964 3207 2114 3260 quem
2161 3199 2326 3250 vocati
2371 3202 2489 3255 estis
2530 3205 2582 3258 in
2609 3211 3121 3271 communicationem
3163 3218 3292 3273 Filii
3333 3224 3446 3292 ejus

1835 3280 1912 3349 (1.
1956 3281 2076 3337 Cor.
2124 3287 2173 3338 1.
2209 3287 2307 3356 9);
2353 3290 2406 3344 id
2438 3301 2554 3359 est,
2599 3310 2698 3366 per
2745 3302 3075 3361 voluntatem
3123 3280 3450 3378 Patris;'ac

1833 3391 2046 3432 rursum
2073 3420 2089 3445 ,
2122 3378 2313 3436 Beatus
2340 3401 2390 3438 es
2415 3427 2428 3451 ,
2460 3386 2642 3443 Simon
2690 3391 2797 3447 Bar
2836 3393 2976 3451 Iona
2999 3440 3014 3464 ,
3061 3403 3181 3468 quia
3232 3422 3352 3461 coro
3400 3418 3448 3462 et

1832 3472 2039 3542 sanguis
2066 3489 2168 3526 non
2219 3478 2459 3532 reuelauit
2508 3482 2597 3535 tibi
2639 3483 2852 3554 (Matth.
2885 3489 2970 3545 16.
3008 3492 3122 3564 17).
3165 3495 3278 3553 Hoc
3324 3500 3448 3557 loco

1833 3560 1947 3616 haec
1976 3562 2088 3618 fere
2119 3565 2425 3623 subindieat
2457 3589 2470 3626 :
2501 3572 2662 3630 Fides
2684 3577 2737 3631 in
2769 3595 2857 3634 me
2879 3595 2985 3636 non
3016 3560 3178 3654 parva
3209 3605 3295 3644 res
3323 3601 3403 3647 est
3425 3635 3441 3658 ,

1831 3653 1927 3707 sed
1954 3668 2186 3722 superna
2209 3661 2379 3728 gratia
2408 3676 2544 3732 opus
2568 3664 2750 3722 habet.
2783 3669 2847 3724 Et
2876 3672 2978 3728 hoc
3005 3653 3200 3748 ubique
3230 3653 3440 3751 statuit,

1831 3747 2126 3802 ostendens
2150 3765 2473 3819 generosam
2496 3757 2752 3827 animam,
2784 3778 2814 3816 a
2835 3763 2947 3820 Deo
2972 3747 3278 3837 attractam,
3304 3789 3444 3845 Opus

1831 3836 2031 3894 habere
2079 3841 2202 3896 ﬁde.
2243 3842 2348 3900 Sed
2381 3846 2526 3902 dicet
2557 3849 2784 3908 fortasse
2814 3858 3079 3928 quispiam
3115 3879 3128 3916 :
3171 3863 3225 3920 Si
3269 3836 3444 3925 omne

1830 3930 1974 3998 quod
2003 3930 2094 3986 dat
2133 3933 2313 4001 Pater,
2360 3939 2506 3994 venit
2544 3942 2610 3997 ad
2665 3953 2752 4013 te,
2799 3947 2844 4002 si
2876 3950 2951 4005 illi
2999 3952 3126 4008 item
3168 3971 3304 4027 quos
3351 3961 3443 4017 ille

1831 4023 2014 4091 trahit,
2045 4035 2098 4081 et
2127 4027 2172 4081 si
2200 4045 2360 4086 nemo
2387 4041 2565 4102 potest
2590 4038 2655 4091 ad
2689 4047 2740 4094 te
2763 4043 2967 4111 venire,
2999 4049 3098 4102 nisi
3122 4023 3222 4119 ipsi
3254 4052 3441 4111 datum

1830 4116 1995 4172 fuerit
2031 4118 2304 4192 desuper;
2360 4125 2392 4178 ii
2425 4126 2620 4195 quibus
2667 4146 2773 4186 non
2816 4133 2867 4188 id
2917 4136 3012 4193 dat
3064 4116 3241 4209 Paier,
3289 4150 3442 4205 omni

1829 4218 1956 4264 sunt
2000 4212 2229 4269 crimine
2274 4215 2451 4271 liberi.
2501 4218 2630 4275 Haec
2682 4225 2843 4279 verba
2891 4239 3016 4283 sunt
3062 4241 3116 4286 et
3162 4236 3438 4295 obtentus.

1828 4302 1960 4358 Nam
2017 4316 2200 4362 ηοειι-ει
2255 4323 2471 4379 quoque
2528 4327 2665 4382 opus
2730 4326 2812 4371 est
2863 4322 3141 4380 voluntate
3190 4347 3201 4383 :
3251 4330 3438 4390 doceri

1827 4397 2028 4467 quippe
2054 4405 2110 4453 et
2153 4401 2379 4456 credere
2422 4418 2488 4458 ex
2534 4406 2810 4464 voluntate
2857 4419 2960 4466 est.
2997 4414 3093 4470 Hic
3128 4434 3257 4475 vero
3304 4425 3439 4482 nihil

1828 4488 1972 4543 aliud
2002 4488 2239 4545 declarat
2269 4492 2354 4545 his
2382 4494 2580 4561 verbis,
2608 4497 2759 4562 Quod
2777 4500 2866 4554 dat
2892 4505 3018 4558 mihi
3043 4505 3222 4577 Pater,
3251 4530 3433 4585 quam,

1825 4582 1943 4638 Non
1971 4583 2206 4654 vulgaris
2245 4601 2334 4641 res
2362 4597 2446 4642 est
2470 4588 2523 4644 in
2552 4607 2638 4646 me
2665 4595 2911 4663 credere,
2941 4615 3117 4672 neque
3152 4604 3203 4658 id
3235 4582 3298 4662 ex
3333 4610 3437 4665 liu-

1827 4689 1986 4729 mano
2034 4677 2318 4732 ratiocinio
2367 4680 2600 4748 pendet,
2649 4685 2745 4741 scd
2772 4702 2908 4757 opus
2938 4701 3022 4746 est
3070 4711 3302 4767 superna
3353 4721 3438 4761 re-

1825 4769 2128 4836 velatione,
2178 4780 2233 4824 ct
2303 4771 2387 4842 pia
2438 4775 2617 4830 anima
2675 4794 2796 4848 qure
2851 4784 3234 4845 revelationem
3293 4798 3436 4852 reci-

1825 4862 1958 4931 piat.“
2001 4861 2070 4917 Et
2122 4862 2289 4929 illud,
2337 4864 2438 4931 Qui
2492 4869 2624 4921 venit
2682 4870 2754 4923 ad
2794 4889 2872 4927 me
2936 4879 3108 4934 salvus
3144 4885 3274 4948 erit,
3333 4887 3438 4945 hoc

1828 4953 1927 5007 sibi
1960 4953 2075 5007 vult
2115 4975 2127 5007 :
2174 4954 2362 5024 Magna
2392 4954 2599 5012 fruetur
2632 4963 2988 5028 providentia.
3024 4969 3128 5025 Pro
3175 4973 3259 5030 his
3286 4981 3433 5034 enim

1823 5047 1982 5111 veni,
2038 5058 2094 5100 et
2144 5061 2362 5103 carnem
2422 5050 2672 5122 servique
2703 5053 2946 5112 formam
2995 5065 3200 5133 accepi.
3229 5069 3434 5129 Deinde

1823 5139 2040 5207 subdit,
2101 5139 2190 5195 58.
2260 5138 2548 5210 Descendi,
2611 5161 2714 5198 non
2771 5157 2826 5201 ut
2879 5149 3071 5217 faciant
3122 5159 3436 5218 voluntatem

1822 5249 2019 5298 meam,
2078 5233 2168 5287 sed
2193 5232 2503 5288 uoluntatem
2557 5238 2668 5308 ejus
2712 5241 2800 5308 qui
2840 5245 2980 5298 misit
3023 5265 3120 5301 me.
3171 5251 3309 5318 Quid
3340 5258 3426 5311 di-

1820 5325 1940 5380 eis?
1983 5326 2161 5381 aliane
2206 5337 2290 5381 est
2342 5336 2426 5381 tua
2456 5370 2470 5393 ,
2533 5330 2635 5383 alia
2688 5331 2875 5388 illius?
2919 5337 2998 5392 Ne
3025 5342 3145 5410 quis
3183 5359 3313 5417 ergo
3373 5350 3426 5404 id

1821 5419 2144 5487 suspicetur,
2175 5418 2313 5475 hanc
2336 5420 2531 5476 deinde
2553 5435 2769 5481 amovet
2788 5431 3173 5500 suspicionem,
3201 5441 3387 5497 dicens
3414 5462 3426 5497 :

1820 5509 1911 5565 40.
1947 5509 2071 5564 Haec
2092 5521 2165 5564 est
2193 5521 2363 5565 autem
2405 5514 2635 5570 voluntas
2663 5520 2774 5586 ejus
2811 5522 2898 5590 qui
2927 5525 3064 5579 misit
3092 5543 3170 5581 me
3188 5570 3202 5594 ,
3234 5542 3288 5583 ut
3317 5550 3430 5588 om-

1820 5603 1899 5655 nis
1940 5604 2026 5672 qui
2069 5603 2198 5656 videt
2230 5603 2456 5671 Filium,
2505 5616 2552 5661 et
2595 5611 2755 5664 credit
2786 5614 2837 5666 in
2869 5631 2980 5668 eum
3004 5658 3017 5681 ,
3061 5619 3242 5674 habeat
3272 5627 3425 5683 vitam

1818 5708 2078 5753 (sternam.
2108 5699 2301 5753 Annon
2335 5697 2448 5754 Ιιιυε
2479 5711 2562 5756 est
2588 5705 2834 5761 voluntas
2867 5712 2992 5762 tua?
3018 5725 3114 5767 cur
3144 5729 3272 5786 ergo
3299 5720 3427 5779 alibi

1885 5863 1898 5894 ¹
1938 5863 2078 5916 Savil.
2109 5875 2213 5926 pro,
2233 5855 2510 5924 universum
2527 5858 2709 5926 orbem,
2750 5862 2890 5926 legit,
2918 5877 3106 5917 omnem
3131 5867 3387 5924 hominem.

3043 5969 3105 6025 16
