4024 6444
596 394 701 449 ‘23P;

597 512 753 574 dicis,
786 505 960 577 Ignem
988 520 1094 557 Dt‘tl.‘
1126 500 1315 553 mittere
1343 500 1395 551 in
1421 509 1626 557 terram,
1656 504 1700 546 et
1727 492 1848 563 quid
1880 490 1989 545 volo
2015 531 2028 555 ,
2080 485 2178 547 nisi

600 613 654 653 ut
687 601 989 654 accendatur
1017 591 1170 661 (Luc.
1202 590 1289 645 12.
1318 589 1447 660 £9)?
1473 585 1623 654 Quod
1651 586 1694 639 si
1725 595 1779 638 tu
1810 584 1912 637 hoc
1938 582 2017 635 vis
2038 620 2052 646 ,
2088 592 2177 647 pa-

601 691 704 743 lam
749 696 830 742 est
879 700 1035 738 uuam
1079 697 1199 738 esse
1232 681 1556 735 voluntatem
1594 694 1606 730 :
1639 690 1762 730 nam
1809 672 1936 728 alibi
1970 681 2181 741 quoque

595 785 722 839 dicit
751 801 763 836 :
795 781 936 836 Sicut
967 779 1123 832 Pater
1166 780 1375 830 suscitat
1422 779 1643 826 mortuos
1669 779 1716 823 et
1743 768 1989 836 viviﬁcat,
2028 764 2104 818 sic
2131 769 2179 814 et

603 871 766 926 Filius
794 886 920 941 quos
947 868 1052 922 vult
1092 866 1329 934 viviﬁcat.
1360 863 1488 931 Quae
1514 869 1595 915 est
1627 873 1756 929 ergo
1794 858 2037 912 voluntas
2080 851 2179 907 Pa-

597 960 731 1018 tris?
753 973 931 1015 annon
960 968 1018 1011 ut
1045 972 1112 1011 ne
1138 962 1323 1027 pereat
1348 969 1416 1009 ex
1441 952 1518 1008 eis
1546 947 1866 1020 quisquam?
1897 946 2005 1001 Hoc
2031 952 2082 999 et
2123 951 2177 997 tu

598 1056 702 1109 vis.
734 1052 849 1110 Non
872 1058 955 1106 est
982 1062 1109 1119 ergo
1136 1048 1236 1102 alia
1268 1045 1415 1111 haec,
1451 1043 1553 1097 alia
1580 1040 1669 1095 illa
1708 1040 1981 1096 voluntas.
2009 1034 2097 1091 Sic
2125 1041 2181 1087 ct

596 1146 723 1203 alibi
750 1156 959 1215 quoque
1000 1139 1355 1209 aequalitatem
1385 1150 1507 1192 cum
1533 1134 1693 1189 Patre
1732 1131 1935 1186 ﬁrmius
1960 1125 2175 1190 statuit,

596 1253 716 1291 eum
746 1236 903 1291 dicit:
929 1232 1043 1303 Ego
1064 1241 1109 1287 et
1139 1229 1295 1284 Pater
1319 1229 1571 1283 veniemus
1589 1266 1603 1287 ,
1634 1234 1676 1279 et
1702 1222 2008 1278 mansionem
2035 1217 2175 1287 apud

597 1346 709 1382 eum
748 1329 990 1397 faciemus
1038 1324 1220 1395 (Joan.
1268 1323 1359 1377 14.
1406 1320 1521 1390 25).
1555 1317 1667 1373 lloe
1717 1324 1847 1370 est:
1879 1312 1992 1368 Non
2036 1307 2179 1364 aliud

600 1422 835 1473 facturus
886 1416 1035 1478 veni,
1089 1430 1249 1485 quam
1300 1411 1429 1468 illud
1469 1410 1610 1481 quod
1671 1408 1828 1463 Pater
1880 1403 2024 1468 vult;
2082 1415 2181 1456 nec

595 1509 754 1563 aliam
804 1523 961 1578 quam
989 1507 1165 1561 Patris
1196 1504 1519 1559 voluntatem
1564 1500 1756 1554 habeo.
1803 1493 1988 1553 Omnia
2037 1492 2179 1547 enim

599 1614 715 1668 qua:
748 1598 917 1652 Patris
942 1605 1088 1661 sunt,
1120 1610 1233 1648 mea
1262 1602 1419 1659 sunt,
1469 1599 1524 1646 et
1551 1606 1666 1661 qum
1696 1602 1811 1643 mea
1843 1595 2001 1649 sunt,
2041 1582 2182 1637 illius

598 1699 717 1743 sunt
743 1687 899 1758 (Ibid.
935 1689 1017 1740 i7.
1050 1686 1158 1755 10).
1192 1684 1243 1739 Si
1274 1683 1430 1752 igitur
1460 1683 1629 1736 Patris
1656 1690 1709 1735 ct
1734 1678 1855 1733 Filii
1878 1673 2181 1731 communia

597 1782 801 1842 omnia,
853 1780 972 1849 jure
1003 1780 1113 1833 ait:
1171 1775 1292 1830 Non
1341 1784 1396 1829 ut
1444 1775 1631 1846 faciam
1663 1774 1969 1825 voluntatem
1996 1784 2180 1822 meam.

605 1873 800 1925 \‘erum
836 1872 919 1925 hic
951 1887 1055 1924 non
1103 1872 1170 1923 ita
1218 1868 1468 1938 loquitur,
1513 1866 1605 1921 sed
1639 1865 1762 1919 illud
1793 1864 1859 1918 ad
1893 1862 2058 1917 ﬁnem
2100 1876 2185 1916 re-

597 1964 778 2019 mittit.
807 1963 939 2017 Nam
967 1962 1213 2015 sublimia
1235 2002 1250 2027 ,
1284 1971 1341 2015 ut
1381 1960 1511 2025 dixi,
1540 1958 1713 2012 adhuc
1752 1958 1925 2021 celat,
1949 1964 2003 2011 et
2033 1955 2180 2010 velut

597 2054 696 2109 sub
719 2054 904 2108 umbra
940 2053 1105 2122 tegit,
1142 2062 1197 2106 ut
1222 2050 1502 2112 ostendat,
1531 2048 1671 2119 quod
1704 2048 1746 2102 si
1769 2048 2027 2113 dixisset,
2059 2046 2185 2101 Haec

597 2155 678 2198 est
722 2144 967 2197 voluntas
998 2159 1150 2207 mea,
1198 2141 1650 2210 contempsissent
1698 2138 1791 2191 illi.
1826 2137 1915 2191 Ait
1960 2150 2089 2206 ergo
2125 2150 2186 2191 se

600 2233 744 2287 illius
768 2231 1026 2287 voluntati
1055 2231 1355 2300 cooperari,
1390 2238 1448 2283 ut
1474 2229 1640 2299 magis
1666 2227 1784 2281 illos
1809 2232 2028 2291 terreat,
2056 2238 2119 2279 ac
2138 2224 2184 2279 si

597 2324 798 2377 diceret
823 2340 835 2376 :
865 2321 1000 2388 Quid
1030 2321 1267 2390 putatis?
1294 2336 1361 2373 an
1388 2318 1526 2389 quod
1554 2334 1657 2372 non
1690 2315 1961 2372 credendo
1992 2331 2079 2372 me
2104 2316 2183 2370 ir-

597 2413 808 2466 ritetis?
860 2412 1067 2466 Patrem
1136 2425 1310 2464 meum
1374 2409 1441 2463 ad
1510 2408 1835 2463 iracundiam
1878 2405 2179 2462 concitatis.

607 2502 732 2555 lla’c
759 2513 830 2556 est
851 2504 983 2555 enim
1010 2504 1236 2555 voluntas
1258 2503 1364 2571 ejus
1390 2501 1476 2571 qui
1506 2500 1641 2553 misit
1669 2516 1777 2567 me,
1809 2508 1863 2552 ut
1890 2515 2037 2553 omne
2056 2501 2187 2568 quod

607 2595 740 2646 dedit
768 2594 888 2645 mihi
916 2636 929 2656 ,
961 2609 1060 2646 non
1088 2593 1296 2663 perdam
1327 2607 1389 2645 ea:
1434 2606 1512 2645 eo.
1564 2590 1661 2645 llic
1703 2588 1939 2644 ostendit
1977 2602 2036 2644 se
2082 2603 2187 2642 non

611 2699 793 2738 eorum
839 2684 981 2737 cultu
1029 2683 1267 2753 indigere
1292 2722 1309 2748 ,
1360 2695 1536 2751 neque
1564 2681 1627 2735 ad
1656 2694 1788 2735 usus
1833 2680 1919 2735 vel
1958 2679 2191 2734 honores

600 2789 759 2835 suos,
788 2773 878 2827 sed
913 2772 979 2827 ad
1004 2773 1213 2827 illorum
1250 2773 1472 2825 salutem
1502 2772 1750 2833 venisse;
1782 2768 1924 2838 quod
1952 2770 2110 2823 etiam
2135 2769 2187 2821 in

599 2866 876 2934 superiore
904 2864 1163 2918 concione
1191 2864 1323 2917 dixit
1348 2905 1362 2929 ,
1397 2860 1624 2915 Gloriam
1666 2862 1727 2913 ab
1757 2861 2043 2913 hominibus
2088 2877 2188 2913 non

600 2955 829 3023 accipio;
857 2964 912 3009 et
937 2955 1127 3008 iterum
1153 2996 1167 3019 ,
1201 2953 1325 3007 Πατε
1350 2954 1464 3006 dico
1488 2993 1503 3017 ,
1532 2962 1586 3005 ut
1613 2968 1699 3005 vos
1721 2952 1845 3005 salvi
1876 2952 2004 3005 sitis.
2036 2951 2191 3007 Sem-

604 3062 699 3114 per
723 3047 863 3100 enim
895 3056 948 3100 et
978 3046 1171 3114 ubique
1202 3048 1303 3098 hoc
1324 3044 1609 3098 ostendere
1634 3044 1861 3112 satagit,
1892 3058 1951 3098 se
1978 3043 2188 3097 illorttm

603 3135 792 3201 salutis
832 3148 993 3189 causa
1022 3137 1251 3189 venisse.
1302 3135 1438 3188 Dicit
1466 3144 1644 3188 autem
1684 3148 1741 3189 se
1780 3134 1923 3188 Patri
1962 3133 2189 3203 gloriam

602 3240 825 3295 parare,
856 3234 914 3279 ttt
946 3226 1075 3278 nulli
1106 3227 1175 3279 sit
1203 3225 1490 3294 suSpicioni
1520 3224 1801 3279 obnoxius.
1835 3223 1986 3289 Quod
2013 3233 2189 3278 autem

603 3318 723 3372 ideo
765 3317 841 3372 sic
868 3316 1117 3387 loquutus
1148 3318 1245 3382 sit,
1293 3318 1343 3371 in
1382 3316 1728 3386 sequentibus
1757 3314 1992 3370 ostendit
2026 3334 2038 3371 :
2091 3315 2189 3383 Qui

604 3412 907 3464 voluntatem
949 3426 1091 3463 suam
1140 3410 1316 3478 quterit
1341 3450 1355 3476 ,
1406 3409 1617 3478 inquit,
1675 3408 1890 3479 gloriam
1931 3410 2189 3479 prOpriam

603 3504 812 3572 quterit;
832 3504 915 3572 qui
943 3513 1107 3554 autem
1135 3503 1313 3570 quwrit
1361 3501 1575 3571 gloriam
1600 3502 1709 3570 ejus
1753 3500 1837 3570 qui
1868 3502 2004 3553 misit
2046 3500 2191 3554 illum

615 3598 694 3647 hic
724 3610 875 3647 verax
894 3603 986 3658 est,
1019 3604 1063 3647 et
1090 3593 1339 3662 injustitia
1386 3594 1438 3645 in
1469 3591 1559 3645 illo
1589 3608 1688 3645 non
1720 3602 1811 3646 est.
1846 3590 1972 3644 Hrcc
2001 3601 2071 3645 est
2093 3607 2189 3643 au-

608 3699 703 3740 tem
726 3687 953 3739 voluntas
979 3684 1166 3750 Patris,
1194 3694 1245 3737 ut
1264 3685 1425 3738 omnis
1447 3684 1533 3753 qui
1556 3684 1686 3737 videt
1711 3682 1757 3736 F
1760 3685 1924 3749 ilium,
1968 3693 2013 3736 et
2036 3684 2193 3737 credit

607 3784 659 3833 in
686 3796 817 3843 enin,
853 3780 1029 3831 habent
1059 3779 1208 3831 vitam
1236 3786 1477 3833 wternam
1499 3818 1511 3841 ,
1541 3787 1587 3829 et
1634 3792 1724 3846 ego
1749 3770 2053 3829 restiscitabo
2079 3790 2193 3827 eum

607 3876 659 3925 in
690 3872 955 3925 novissimo
984 3871 1067 3924 die
1118 3868 1296 3941 (Joan.
1328 3870 1379 3923 7.
1435 3868 1547 3937 18).
1580 3866 1686 3923 Cur
1737 3875 1840 3921 tam
1889 3865 2195 3937 frequenter

610 3962 1053 4016 resurrectionem
1081 3960 1391 4015 memorat?
1440 3958 1517 4013 Ne
1549 3958 1899 4028 prmsentibus
1924 3959 2095 4013 solum
2139 3957 2192 4011 in

612 4053 770 4105 rebus
793 4050 887 4105 Dei
917 4049 1303 4118 providentiam
1330 4058 1566 4104 statuant
1590 4066 1603 4102 :
1634 4058 1693 4103 ut
1716 4047 1763 4102 si
1794 4050 1876 4103 hic
1900 4048 2055 4102 bouis
2086 4064 2191 4103 non

611 4147 874 4204 fruantur,
906 4157 972 4195 ne
1003 4139 1121 4195 ideo
1150 4140 1425 4209 segniores
1455 4140 1582 4205 sint,
1615 4138 1708 4193 sed
1730 4138 1904 4193 futura
1930 4148 2147 4208 sperent
2173 4156 2187 4205 ;

611 4245 663 4288 et
687 4237 729 4287 si
754 4234 804 4286 itt
829 4233 1071 4301 praesenti
1094 4246 1198 4286 non
1221 4232 1520 4300 puniantur,
1548 4246 1613 4285 ne
1634 4231 1804 4299 ipsum
1823 4240 2189 4296 contemnant,

611 4326 704 4380 sed
748 4326 903 4379 aliam
942 4333 1248 4393 exspectent
1278 4324 1464 4377 vitam.

682 4425 735 4475 4.
770 4418 962 4473 Verum
988 4420 1032 4471 si
1060 4414 1137 4471 illi
1169 4417 1299 4469 nihil
1326 4416 1513 4471 lucrati
1539 4423 1683 4481 sunt,
1713 4428 1811 4470 nos
1837 4415 2032 4471 lucrari
2080 4424 2195 4471 stu-

614 4514 873 4578 deamus,
925 4511 993 4565 de
1043 4508 1441 4563 resurrectione
1475 4520 1617 4576 smpe
1664 4507 1961 4575 loquentes.
2013 4506 2068 4562 Si
2113 4506 2190 4561 di-

614 4603 849 4660 tesceudi
871 4644 885 4667 ,
916 4601 1176 4672 rapiendi,
1208 4610 1300 4655 aut
1330 4615 1555 4670 pravum
1585 4598 1711 4670 quid
1740 4598 1967 4655 faciendi
2002 4600 2195 4654 volun-

615 4706 697 4750 tas
722 4695 907 4749 subeat
931 4737 946 4758 ,
981 4694 1157 4747 statim
1189 4692 1328 4747 diem
1370 4692 1516 4746 illam
1544 4691 1861 4761 cogitemus,
1889 4699 1941 4745 et
1966 4690 2195 4744 tribunal

614 4787 743 4841 illud
772 4787 923 4840 nobis
946 4785 1350 4849 describamus;
1382 4783 1606 4853 haecque
1630 4783 1879 4852 cogitatio
1906 4782 2195 4847 efﬁcacius,

614 4894 773 4948 quam
804 4878 1006 4933 l'renum
1034 4876 1326 4947 quodlibet,
1356 4877 1519 4930 animi
1552 4876 1725 4930 rostri
1755 4875 2008 4945 impetum
2041 4889 2197 4929 coer-

615 4972 776 5026 cebit.
808 4971 872 5025 Et
904 4971 1023 5025 aliis
1053 4979 1106 5025 et
1135 4970 1287 5025 nobis
1309 4984 1520 5038 semper
1546 4968 1786 5023 dicamus
1816 4986 1828 5021 :
1861 4967 2201 5022 Resurrectio

617 5074 730 5129 est,
776 5075 829 5118 et
875 5063 1110 5119 terribile
1138 5062 1367 5116 tribunal
1418 5077 1517 5116 nos
1549 5070 1749 5115 manet.
1793 5059 1850 5114 Si
1897 5061 2200 5129 quempiam

619 5158 795 5219 hctnm
825 5167 876 5210 et
900 5156 965 5210 de
994 5155 1343 5225 praesentibus
1368 5154 1523 5208 bonis
1553 5162 1846 5209 tumentem
1883 5151 2159 5207 videamus
2184 5194 2200 5220 ,

619 5248 847 5318 idipsum
876 5249 1110 5302 dicamus
1136 5289 1150 5313 ,
1196 5247 1530 5303 declarantes
1557 5246 1734 5300 omnia
1760 5246 1847 5300 hic
1887 5260 2008 5300 esse
2053 5261 2202 5299 man-

620 5354 781 5401 sura;
816 5340 894 5391 sin
926 5339 1090 5391 alium
1138 5338 1408 5393 dolentem
1440 5337 1799 5407 :erumnisque
1838 5350 2079 5407 pressum
2125 5336 2203 5388 vi-

620 5431 881 5495 deamus,
914 5430 1140 5495 idipsum
1190 5431 1265 5485 illi
1309 5439 1795 5498 reprmscntcmus,
1848 5443 2041 5496 nempe
2093 5427 2206 5481 haec

625 5523 792 5577 tristia
827 5522 984 5577 linem
1019 5522 1261 5575 habitura
1284 5536 1439 5587 esse;
1471 5522 1551 5575 sin
1583 5522 1828 5590 supinum
1859 5529 1913 5574 et
1939 5519 2162 5574 eil'usum
2187 5560 2202 5584 ,

627 5614 851 5682 idipsum
889 5615 965 5668 illi
995 5615 1298 5669 accinamus
1321 5654 1336 5679 ,
1383 5613 1557 5682 ipsum
1585 5628 1777 5681 nempe
1822 5610 2067 5682 segnitiei
2098 5625 2207 5664 sua:

632 5721 814 5775 inruas
854 5706 1122 5761 daturum.
1186 5707 1293 5761 lloc
1335 5706 1532 5759 dictum
1575 5704 1692 5773 plus
1741 5718 1898 5774 quam
1952 5701 2209 5758 medicina

631 5798 835 5868 quaevis
864 5800 1095 5853 animam
1124 5808 1359 5853 nostram
1388 5796 1612 5851 curabit.
1648 5795 1739 5851 Est
1766 5796 1907 5851 enim
1941 5808 2209 5851 resurrec-

1304 384 1357 435 s.
1400 378 1670 434 lOtNNIS
1710 371 2183 432 unnvsosrout
2226 369 3111 432 AllCllllﬁPsCONSTAN'I'INOP.

3771 382 3893 437 25!"

2290 486 2397 549 tio,
2432 498 2485 541 et
2515 488 2837 543 resurrectio
2865 489 2919 543 iu
2959 488 3137 558 Januis
3164 498 3266 556 est,
3298 505 3402 545 non
3446 491 3630 558 procul
3676 495 3888 562 posita.

2287 579 2464 632 Adhuc
2490 581 2620 634 enim
2649 582 2898 635 modicum
2923 621 2939 647 ,
2973 582 3142 651 inquit
3170 581 3389 646 Paulus,
3422 585 3507 652 qui
3536 594 3777 639 venturus
3807 597 3891 638 ess

2287 672 2477 736 veniet,
2510 684 2686 727 etnon
2733 674 2951 728 tardabit
2979 673 3162 744 (Hebr.
3214 675 3300 730 10.
3345 676 3435 748 37)
3462 691 3476 740 ;
3508 689 3563 731 et
3614 692 3831 731 rursum
3876 720 3891 735 .

2290 759 2476 816 Omnes
2514 774 2707 834 Oportet
2755 782 2845 820 nos
2893 766 3209 837 manifestari
3264 775 3381 819 ante
3424 767 3645 820 tribunal
3688 766 3895 821 Christi

2287 854 2363 924 (Ξ.
2412 852 2530 908 Cor.
2563 856 2614 910 5.
2647 855 2759 926 10);
2792 856 2843 910 id
2875 864 2959 910 est
2982 896 2998 921 ,
3026 864 3079 910 et
3107 854 3278 909 malos
3306 864 3359 909 et
3389 854 3598 921 bonos;
3629 855 3753 910 illos
3776 897 3792 921 ,
3815 867 3895 908 -ιιι

2284 961 2465 1001 coram
2494 948 2740 1001 omnibus
2774 947 3060 1017 ignominia
3091 946 3427 1012 afﬁciantur;
3460 947 3578 1013 hos,
3610 957 3669 1002 ut
3692 963 3893 1004 coram

2285 1039 2533 1094 omnibus
2554 1038 2947 1109 splendldiores
2971 1038 3217 1095 evadant.
3242 1038 3701 1106 Quemadmodum
3733 1039 3893 1094 enim

2282 1128 2492 1199 iudices
2523 1129 2607 1184 hic
2636 1128 2807 1184 malos
2845 1130 3017 1198 palam
3052 1130 3315 1199 puniunt,
3362 1129 3531 1185 bonos
3559 1130 3777 1199 publice
3804 1131 3895 1183 ai-

2287 1223 2473 1278 llciuut
2518 1223 2758 1277 honore:
2803 1224 2881 1276 sic
2905 1231 2961 1276 et
2991 1221 3100 1277 illic
3149 1221 3279 1287 llet;
3326 1222 3399 1276 ita
3448 1230 3506 1276 ut
3554 1221 3661 1276 illis
3703 1220 3898 1293 pudor

2289 1314 2478 1383 major,
2512 1313 2595 1368 his
2622 1312 2791 1384 gloria
2824 1311 3087 1367 illustrior
3115 1320 3392 1382 appareat.
3429 1311 3555 1366 Haec
3582 1312 3767 1381 itaque
3789 1326 3898 1367 no-

2287 1404 2369 1458 bis
2415 1403 2639 1473 singulis
2685 1403 2871 1459 diebus
2902 1403 3334 1471 praeseribamus.
3384 1401 3514 1458 Haec
3562 1402 3609 1457 si
3660 1417 3900 1472 semper

2284 1509 2577 1560 versemus,
2608 1494 2751 1550 nulla
2792 1510 2972 1552 rerum
3002 1493 3343 1563 praesentium
3370 1501 3425 1547 et
3449 1492 3711 1549 noxarum
3737 1494 3755 1526 ⁸
3787 1508 3897 1548 nos

2289 1600 2549 1653 occupare
2599 1586 2814 1654 poterit.
2844 1584 2976 1639 Nam
3020 1600 3141 1654 quae
3189 1584 3438 1640 videntur
3495 1595 3849 1655 temporauea
3876 1628 3893 1647 ,

2289 1694 2408 1748 qua:
2434 1691 2540 1735 non
2570 1677 2820 1732 videntur
2848 1686 3048 1732 :eterna
3078 1687 3221 1732 sunt.
3255 1677 3380 1733 Hau:
3413 1692 3542 1747 ergo
3572 1676 3893 1748 frequenter

2291 1771 2442 1824 nobis
2476 1768 2603 1839 ipsis
2630 1780 2681 1824 et
2715 1778 2899 1823 mutuo
2946 1769 3185 1822 dicamus
3218 1785 3231 1822 :
3279 1767 3624 1824 Resurrcctio
3665 1777 3789 1833 est,
3837 1781 3896 1821 et

2286 1861 2579 1931 judicium;
2608 1870 2662 1914 et
2682 1875 2915 1930 operum
2958 1858 3228 1915 reddenda
3256 1861 3413 1913 ratio.
3456 1858 3732 1928 Quotquot
3784 1874 3893 1927 pn-

2293 1964 2403 2007 tant
2427 1966 2544 2008 esse
2569 1951 2756 2019 latum,
2788 1952 2888 2007 hoc
2911 1949 3111 2017 dicant,
3141 1958 3196 2004 et
3223 1965 3343 2005 mox
3376 1949 3535 2020 hujus
3559 1949 3732 2004 morbi
3762 1950 3897 2003 tabu

2285 2049 2683 2103 liberabuntur.
2713 2047 2845 2102 Nam
2892 2047 2937 2101 si
2987 2045 3308 2100 resurrectio
3350 2054 3434 2099 est
3482 2052 3536 2099 ct
3580 2042 3893 2114 judicium,

2291 2157 2395 2195 non
2426 2149 2507 2194 est
2535 2139 2698 2193 fatum
2725 2180 2740 2202 ,
2772 2138 3111 2208 quantumvis
3157 2136 3255 2207 ipsi
3306 2135 3651 2191 contendant.
3692 2136 3895 2190 Verum

2290 2232 2454 2301 pudet
2480 2245 2565 2285 me
2610 2230 2946 2285 Christianos
2975 2227 3171 2283 docere
3220 2226 3698 2283 resurrectionem.
3750 2227 3900 2280 Nam

2290 2328 2379 2395 qui
2410 2324 2679 2379 docendus
2708 2332 2791 2379 est
2838 2337 2958 2377 esse
2998 2321 3482 2385 resurrectionem,
3519 2334 3617 2375 nec
3662 2334 3900 2389 persna-

2292 2434 2411 2473 sum
2440 2416 2599 2471 habet
2625 2415 2822 2469 nullam
2845 2428 2963 2468 esse
2988 2413 3359 2467 necessitatem
3388 2454 3402 2478 ,
3432 2426 3530 2467 nec
3555 2426 3644 2465 res
3672 2427 3807 2467 casu
3832 2428 3900 2466 ac

2295 2520 2497 2566 temere
2542 2509 2703 2571 ferri,
2755 2508 2801 2561 is
2850 2515 2999 2562 certe
3029 2520 3133 2559 non
3184 2515 3267 2560 est
3312 2504 3672 2560 Christianus.
3723 2507 3900 2572 idea.

2294 2618 2477 2672 quaeso
2505 2612 2560 2655 et
2588 2602 2809 2654 obsecro
2836 2640 2848 2663 ,
2882 2597 2949 2653 ab
2975 2597 3224 2651 omnibus
3256 2610 3354 2649 nos
3380 2596 3534 2650 malis
3561 2611 3857 2666 purgemus
3880 2638 3900 2662 ,

2296 2694 2534 2762 nihilque
2568 2707 2672 2745 non
2702 2706 2922 2761 agamus
2958 2698 3017 2744 ttt
3045 2704 3438 2759 consequamur
3464 2689 3676 2744 veniam
3725 2704 3903 2745 excu-

2294 2785 2667 2852 sationemque
2712 2784 2763 2836 in
2797 2782 2891 2835 illo
2919 2781 3027 2835 die.
3071 2780 3176 2835 Sed
3224 2778 3361 2834 forte
3387 2779 3533 2835 dicet
3572 2780 3848 2850 quispiam
3887 2800 3897 2832 :

2291 2874 2643 2944 Quandonam
2685 2873 3103 2939 consummatio,
3149 2870 3363 2940 quando
3388 2872 3713 2926 resurrectio
3745 2873 3902 2928 erit?

2294 2974 2551 3036 quantum
2580 2964 2839 3033 temporis
2864 2959 3069 3018 efﬂuxit
3089 3003 3103 3029 ,
3142 2970 3196 3017 et
3240 2962 3373 3016 nihil
3400 2962 3591 3017 horum
3619 2964 3850 3034 contigit
3880 2966 3902 3015 τ

2300 3054 2406 3111 Sed
2433 3055 2558 3118 erit,
2596 3053 2824 3109 credite.
2850 3051 2982 3107 Nam
3014 3060 3137 3107 ante
3156 3051 3423 3107 diluvium
3466 3053 3569 3108 hoc
3606 3052 3901 3118 dicebant.

2295 3159 2350 3204 et
2376 3147 2691 3203 deridebant
2720 3146 2868 3203 Noe:
2918 3146 3011 3201 sed
3040 3146 3182 3202 venit
3210 3146 3470 3207 diluvium
3492 3185 3508 3213 ,
3542 3156 3597 3201 et
3639 3145 3742 3202 hos
3769 3162 3865 3202 om
3885 3180 3902 3189 -

2296 3257 2392 3297 nes
2423 3256 2528 3295 non
2556 3240 2839 3295 credentes
2861 3238 3168 3305 absorbuit,
3198 3236 3287 3292 ille
3326 3237 3472 3292 solus
3501 3237 3735 3293 credens
3766 3253 3897 3294 ser-

2296 3343 2449 3387 vatus
2470 3340 2570 3387 est.
2606 3330 2671 3385 Et
2705 3339 2945 3400 tempore
2972 3328 3087 3384 Loti
3131 3328 3387 3383 divinitus
3419 3327 3713 3384 immissam
3750 3329 3907 3384 illam

2304 3426 2514 3495 plagam
2541 3437 2649 3478 non
2699 3420 3117 3491 exspectabant,
3158 3418 3330 3474 donec
3378 3419 3528 3489 ignes
3555 3430 3610 3475 et
3649 3420 3905 3476 ἱηιιηίεςςι

2298 3519 2518 3573 fulmina
2546 3530 2736 3570 omnes
2784 3519 3252 3582 consumpserunt.
3286 3510 3469 3580 Neque
3506 3519 3631 3567 tunc
3674 3523 3907 3579 autem,

2302 3624 2475 3678 neque
2502 3616 2744 3677 tempore
2768 3605 2882 3663 Noe
2909 3604 3004 3659 fuit
3027 3602 3218 3673 aliquis
3245 3602 3544 3657 futurorum
3569 3603 3726 3659 index
3758 3621 3907 3674 pra--

2299 3701 2448 3764 vius;
2481 3698 2573 3753 sed
2603 3698 2849 3752 erunibus
2887 3693 3311 3773 convirantibus,
3333 3692 3581 3748 ebrietati
3612 3691 3907 3764 indulgen-

2301 3788 2837 3855 tibus,'iutolerabilia
2869 3787 2959 3841 illa
2980 3786 3117 3841 mala
3150 3784 3445 3839 irrueruut.
3474 3783 3563 3838 Sic
3586 3784 3689 3838 erit
3712 3799 3909 3839 resur-

2299 3883 2468 3936 rectio
2513 3899 2526 3936 :
2583 3880 2713 3934 nihil
2767 3893 2883 3933 eam
2940 3876 3361 3947 przenuutiabit,
3426 3874 3519 3930 sed
3589 3874 3911 3930 hominibus

2302 3973 2606 4028 Iactantibus
2646 3978 2701 4026 et
2728 3970 2890 4024 rebus
2923 3968 3228 4038 prosperis,
3258 3967 3619 4036 superveniet.
3670 3965 3798 4021 Ideo
3826 3970 3911 4023 ait

2304 4066 2500 4121 Paulus
2530 4083 2542 4118 :
2572 4061 2698 4119 Cum
2725 4063 2858 4116 enim
2884 4061 3051 4113 dicent
3090 4074 3267 4129 pacem
3305 4069 3351 4112 et
3390 4058 3705 4112 securitatem
3725 4101 3739 4122 ,
3778 4069 3909 4114 tunc

2300 4157 2591 4226 repentinus
2620 4154 2745 4225 ipsis
2772 4152 3084 4224 superveniet
3114 4152 3347 4204 interitus
3376 4165 3393 4203 :
3424 4151 3552 4204 sicut
3577 4160 3623 4203 et
3668 4152 3817 4205 dolor
3848 4156 3906 4207 in

2303 4261 2442 4304 utero
2473 4248 2710 4311 habenti,
2746 4256 2793 4299 et
2820 4260 2920 4298 non
2960 4242 3199 4313 eﬁ‘ugieut
3234 4243 3309 4313 (i.
3350 4240 3531 4296 Thess.
3563 4242 3619 4297 5.
3650 4242 3704 4313 5)
3763 4243 3906 4297 illud

2304 4349 2481 4393 autem
2512 4338 2631 4392 ideo
2658 4337 2727 4389 ita
2763 4333 2997 4405 providit
3023 4333 3189 4398 Deus,
3218 4340 3274 4385 ut
3303 4346 3515 4399 semper
3540 4332 3707 4385 simus
3733 4347 3908 4401 expc-

2303 4432 2396 4486 diti
2428 4430 2493 4484 ad
2517 4428 2815 4484 cavendum
2866 4424 3054 4490 nobis,
3089 4439 3188 4480 nec
3230 4424 3311 4477 vel
3361 4424 3412 4477 in
3448 4424 3560 4493 ipsa
3610 4425 3909 4479 securitate

2307 4522 2553 4576 ﬁdamus.

2376 4612 2634 4666 Probatur
2675 4621 2722 4664 et
2751 4610 3167 4663 resurrectionem
3204 4620 3251 4659 et
3269 4605 3526 4676 judicium
3552 4621 3658 4660 esse
3701 4609 3905 4677 futura.

2301 4736 2373 4747 —
2392 4703 2529 4772 Quid
2556 4702 2734 4757 dicis?
2761 4715 2866 4755 non
2896 4707 3176 4768 exspectas
3200 4698 3653 4753 resurrectionem
3677 4707 3734 4753 et
3754 4700 3876 4767 jutli
3892 4733 3907 4740 δ

2305 4800 2445 4853 cium
2463 4800 2487 4848 ν
2518 4797 2632 4851 haec
2655 4793 2928 4849 daemones
2956 4791 3303 4857 conﬁtentur,
3328 4798 3384 4845 et
3423 4800 3479 4844 tu
3516 4805 3622 4844 non
3670 4794 3905 4845 conme-

2308 4891 2383 4945 ris
2404 4889 2468 4942 ’τ
2512 4886 2699 4941 Venisti
2727 4886 2846 4948 huc,
2880 4883 3128 4953 inquiunt
3148 4922 3162 4946 ,
3194 4889 3311 4934 ante
3336 4889 3532 4949 tempus
3553 4890 3783 4951 torquere
3812 4899 3908 4937 ncs

2309 4980 2519 5052 (Matth.
2550 4980 2603 5034 8.
2635 4979 2749 5049 29).
2781 4976 2881 5045 Qui
2921 4989 3050 5029 vero
3075 4973 3366 5028 cruciatum
3414 4974 3648 5027 futurum
3682 4973 3897 5039 dicunt,

2310 5074 2382 5127 illi
2411 5083 2466 5127 et
2501 5071 2796 5140 judicium,
2827 5077 2881 5122 et
2906 5066 3144 5120 rationes
3169 5063 3470 5119 reddendas
3490 5106 3506 5131 ,
3548 5072 3602 5119 et
3643 5065 3903 5134 supplicia

2310 5173 2521 5220 norunt.
2565 5163 2639 5217 Ne
2688 5162 2867 5229 itaque
2912 5158 3078 5212 Deum
3124 5170 3507 5225 provocemus,
3560 5155 3684 5210 dum
3737 5156 3904 5210 stulta

2310 5256 2588 5321 audemus,
2621 5264 2675 5309 et
2700 5250 3077 5307 resurrectioni
3113 5263 3221 5303 non
3252 5248 3540 5303 credimus.
3582 5248 3732 5304 Sicut
3759 5252 3904 5305 enim

2313 5351 2364 5403 in
2393 5349 2509 5401 aliis
2544 5344 2696 5399 nobis
2728 5342 3045 5412 principium
3072 5338 3174 5394 fuit
3198 5338 3444 5393 Christus
3468 5379 3483 5403 ,
3534 5340 3605 5392 ita
3630 5348 3685 5393 et
3717 5339 3768 5393 in
3804 5340 3905 5396 hoc

2313 5460 2545 5515 quoque.
2578 5442 2709 5496 Nam
2741 5440 2861 5494 ideo
2913 5436 3305 5508 primogenitus
3334 5443 3669 5488 mortuorum
3710 5432 3906 5488 dicitur

2314 5539 2448 5609 (Col.
2482 5538 2531 5593 l.
2564 5536 2674 5603 18).
2708 5532 2857 5600 Quod
2890 5534 2933 5587 si
2963 5527 3285 5586 resurrectio
3309 5542 3412 5581 non
3441 5534 3603 5593 esset,
3634 5526 3905 5595 quomodo

2381 5679 2393 5708 ¹
2434 5674 2505 5724 ita
2534 5671 2697 5720 stovel.
2740 5670 2794 5719 in
2819 5667 2959 5717 savii.
2988 5671 3151 5714 autem
3193 5662 3395 5724 legitur,
3420 5658 3551 5712 nulla
3586 5672 3751 5711 rerum
3777 5672 3904 5724 ρνακ

2317 5738 2517 5789 sentiam
2542 5746 2677 5782 cura.

2382 5805 2399 5832 ³
2434 5797 2572 5847 savil.
2602 5797 2767 5857 habet,
2792 5800 2835 5843 et
2859 5798 2907 5841 tu
2933 5803 3025 5839 non
3050 5785 3289 5838 erubescis
3317 5786 3341 5836 Γ
