4024 6432
102 380 206 437 257

104 491 501 565 primogeniltts
534 488 742 542 futurus
772 491 947 548 esset,
994 481 1146 536 nullo
1170 495 1237 534 ex
1286 475 1716 580 mortuis-ipsum

103 583 408 655 sequente?
453 581 509 636 Si
543 577 871 634 resurrectio
923 588 1028 628 non
1057 581 1159 637 est,
1195 569 1469 642 quomodo
1509 569 1716 637 justitia

105 678 196 732 Dei
228 674 557 736 servabitur,
607 685 730 726 cum
774 677 855 722 tot
900 666 1130 736 tmprobi
1184 666 1237 718 in
1293 663 1600 732 prosperis,
1638 667 1717 714 tot

102 770 259 840 probi
315 768 370 822 in
424 763 682 820 mrumnis
731 761 895 813 vitam
942 756 1196 826 exigant?
1241 753 1470 811 Ubinam
1523 751 1715 805 horum

99 863 298 932 singuli
329 859 630 914 secundum
656 854 848 910 merita
889 852 1152 920 accipient
1172 891 1186 912 ,
1215 848 1260 903 si
1289 862 1396 902 non
1424 847 1494 900 sit
1533 859 1717 899 resur-

100 954 316 1010 rectio?
362 952 536 1008 Nemo
567 957 714 1003 recte
765 944 1057 1002 viventium
1108 941 1560 998 resurreCIionem
1609 951 1717 990 non

100 1048 316 1110 credit;
366 1042 462 1097 sed
513 1040 663 1110 probi
694 1037 932 1109 quotidie
957 1035 1098 1090 diem
1134 1033 1278 1086 illam
1331 1037 1519 1100 eptaut
1545 1069 1559 1093 ,
1591 1042 1719 1081 sau-

101 1151 245 1193 ciam
279 1137 422 1192 illam
453 1149 642 1188 Vocem
671 1131 1029 1201 proferentes,
1055 1126 1304 1181 Adveniat
1338 1139 1550 1194 regnum
1577 1130 1720 1175 tuum

104 1228 316 1296 (statin.
368 1227 423 1280 6.
463 1224 576 1293 10).
609 1222 840 1289 Quinam
872 1235 1004 1291 ergo
1048 1229 1172 1272 sunt
1214 1216 1306 1287 qui
1361 1211 1719 1270 resurrectio-

103 1337 227 1376 nem
261 1334 370 1374 non
401 1317 673 1373 credunt?
715 1315 815 1382 Qui
848 1313 900 1368 iu
947 1313 1050 1367 viis
1081 1309 1372 1380 inquinatis
1402 1305 1716 1369 ambulant,

102 1425 156 1468 et
181 1413 450 1482 impuram
475 1410 638 1463 vitam
667 1408 890 1468 ducunt,
920 1415 978 1460 ιιι
1002 1405 1074 1458 ait
1101 1402 1400 1474 propheta:
1430 1399 1722 1469 Inquinata

103 1515 220 1558 sum
249 1504 345 1558 sit:
374 1503 517 1556 illius
546 1505 596 1554 in
623 1501 762 1554 omni
789 1510 1011 1568 tempore
1036 1514 1057 1552 .'
1083 1498 1392 1566 auferuntur
1410 1489 1607 1560 iudicia
1631 1497 1720 1541 tuo

103 1613 133 1647 a
161 1595 293 1666 facie
313 1596 427 1664 ejus
463 1591 616 1663 (Psal
671 1593 725 1647 9.
758 1589 870 1661 ‘26).
899 1589 1015 1643 Non
1047 1596 1131 1644 est
1159 1587 1304 1642 enim
1328 1627 1340 1650 ,
1371 1599 1476 1639 non
1505 1590 1584 1637 est
1613 1580 1718 1633 uti-

1154 366 1222 420 lN
1264 361 1580 424 ιυΑΝΝΕιι
1623 361 1856 418 ιιυιιιι.
1904 360 2088 416 XLVI.
2132 361 2202 416 al.
2249 360 2412 416 XLV.

3337 370 3445 424 2158

1825 491 1930 544 que
1961 474 2125 530 homo
2151 480 2317 529 vitam
2347 476 2550 531 ducens
2571 491 2766 564 puram
2790 519 2804 544 ,
2845 479 3083 550 quiinon
3113 482 3300 538 credat
3345 495 3434 537 I‘e-

1825 567 2190 622 surrectioni:
2241 582 2307 622 ac
2334 568 2427 638 qui
2457 569 2659 625 nullius
2704 571 2806 631 sibi
2831 574 3056 630 .conseii
3098 584 3223 631 sunt
3271 580 3432 636 ntali.

1825 659 2042 723 dicunt,
2090 668 2345 728 sperant,
2378 668 2435 715 et
2471 660 2747 728 credunt,
2787 665 3201 721 retributionem
3233 683 3292 724 se
3320 683 3442 724 esse

1825 760 2168 822 accepturos.
2199 752 2276 808 Ne
2305 753 2485 823 itaque
2514 753 2682 811 Deum
2713 755 3009 824 irritemus,
3040 759 3134 815 sed
3157 762 3441 818 audiamus

1825 859 1948 898 eum
1979 844 2248 899 dicentem
2277 884 2305 910 ,.
2346 844 2544 901 Timete
2590 863 2705 902 eum
2733 850 2822 920 qui
2865 861 3026 922 potest
3054 862 3102 906 et
3127 869 3356 910 animam
3386 867 3437 910 et

1823 949 2012 1001 corpus
2040 936 2252 1004 perdere
2271 935 2325 990 in
2350 937 2635 1008 gehennam
2661 939 2874 1000 (Matth.
2911 942 2998 998 10.
3030 943 3163 1015 28);
3199 956 3255 1001 ιιι
3292 957 3443 1006 metu

1826 1025 2082 1080 meliores
2137 1026 2383 1092 lacti,.et
2411 1027 2513 1085 hac
2539 1031 2776 1100 pernicie
2823 1033 3035 1090 liberati
3080 1051 3251 1108 regno
3278 1041 3441 1096 caelo-

1829 1133 1946 1172 rum
1969 1117 2114 1188 digni
2147 1119 2443 1176 habeamur
2474 1138 2488 1176 :
2517 1123 2662 1194 quod
2690 1126 2894 1181 utinam
2921 1143 3111 1185 onmes
3137 1146 3440 1204 consequa-

1828 1225 1971 1276 mur,
1997 1212 2166 1281 gratia
2189 1221 2242 1268 et
2274 1212 2603 1285 benignitate
2629 1217 2838 1274 Domini
2867 1223 3036 1276 nostri
3063 1223 3192 1278 Jesu
3215 1225 3439 1293 Christi,

1830 1319 1928 1374 per
1956 1320 2116 1374 quem
2149 1314 2204 1360 et
2234 1321 2355 1360 cum
2410 1323 2518 1379 quo
2548 1309 2694 1364 Patri
2741 1311 2911 1382 gloria
2943 1303 3067 1369 eum
3119 1315 3398 1373 adoranda
3421 1362 3440 1387 ,

1827 1399 2173 1454 sanctissimo
2202 1410 2255 1456 et
2285 1402 2498 1458 vivitico
2527 1405 2645 1474 ejus
2673 1404 2898 1476 Spiritu,
2933 1423 3076 1464 nunc
3103 1419 3159 1466 et
3194 1426 3432 1482 semper,

1833 1501 1888 1547 et
1919 1492 1973 1547 in
2006 1492 2211 1548 inﬁnita
2239 1493 2437 1550 szeeula
2464 1497 2808 1553 smculorum.
2839 1501 3035 1555 Amen.

102 1710 3438 1741 —____—__———————————————————'——'————————————_.—.___

1469 1786 1823 1852 HOMILIA
1869 1785 2093 1849 XLVI.

107 1949 234 2005 Cu.
266 1949 322 2004 6.
380 1963 432 2000 ν.
477 1947 567 2001 Η.
601 1941 996 1998 Murmnrabant
1027 1957 1143 2012 ergo
1171 1938 1344 1993 Judtri
1374 1936 1436 1992 de
1465 1937 1572 1997 illo,
1592 1935 1728 2005 quod

180 2042 415 2102 dixisset,
450 2037 560 2108 Ego
580 2053 693 2091 sum
726 2036 872 2105 panis
903 2076 918 2099 ,
947 2035 1033 2105 qui
1053 2034 1115 2086 de
1140 2033 1265 2087 cado
1293 2029 1551 2084 descendit
1581 2069 1596 2094 ,
1629 2025 1724 2080 42.

181 2143 228 2184 et
254 2131 492 2184 dicebant
527 2144 545 2183 :
573 2126 763 2182 Nonne
785 2128 865 2180 hic
883 2135 956 2181 est
981 2125 1137 2179 Jesus
1164 2123 1306 2193 ﬁlius
1329 2121 1546 2190 Joseph,
1577 2118 1725 2187 cujus

179 2239 277 2276 nos
305 2222 660 2293 cognoscimus
688 2230 885 2286 patrem
923 2229 968 2271 et
1013 2216 1270 2271 matrem?
1301 2213 1568 2282 Quomodo
1603 2225 1722 2280 ergo

180 2315 305 2366 dicit
333 2329 388 2366 se
426 2330 453 2366 e
477 2311 603 2365 ca'lo
631 2310 950 2364 descendisse
977 2309 1002 2361 .9

181 2408 237 2459 1.
272 2404 503 2469 Quorum
533 2403 674 2457 Dens
702 2413 868 2456 venter
905 2411 978 2455 est
1010 2442 1024 2464 ,
1055 2408 1101 2455 et
1145 2400 1307 2468 gloria
1351 2399 1402 2452 in
1438 2395 1723 2468 ignominia

111 2496 570 2566 eorum(Pliilipp.
594 2498 648 2553 '5.
675 2496 786 2564 l9),
807 2495 976 2565 inquit
1013 2495 1080 2550 de
1120 2493 1435 2564 quibusdam
1465 2491 1721 2555 Paulus‘,

113 2590 556 2660 l‘hilippensibns
577 2589 839 2644 scribens.
867 2587 1018 2656 Quod
1042 2596 1232 2666 autem
1253 2587 1306 2641 hi
1330 2586 1501 2642 Judaei
1520 2592 1721 2650 essent,

114 2686 292 2753 palam
322 2693 406 2738 est
433 2699 462 2737 a
491 2680 938 2753 praecedentibus,
974 2681 1145 2750 palam
1175 2679 1304 2734 item
1331 2688 1413 2732 est
1433 2677 1582 2732 abiis
1603 2691 1725 2745 qua:

112 2775 391 2830 Christum
432 2773 694 2827 adeuntes
732 2771 1002 2827 dicebant.
1036 2770 1168 2824 Nam
1196 2784 1319 2824 eum
1359 2783 1555 2839 panem
1596 2767 1725 2837 ipsis

114 2867 305 2931 dedit,
341 2869 692 2938 ipsorumque
715 2873 930 2919 ventres
957 2863 1240 2933 implevit,
1275 2861 1592 2932 prophetam
1625 2874 1726 2915 vo-

119 2960 319 3014 cabant
342 2998 360 3024 ,
402 2969 454 3012 et
485 2972 667 3027 regem
695 2956 1026 3012 constituere
1055 2955 1304 3010 volebant
1334 2972 1348 3019 ;
1378 2968 1500 3008 cum
1543 2960 1725 3007 autem

112 3049 660 3119 spiritualemcibu‘m
680 3057 734 3102 et
760 3049 923 3103 vitam
947 3056 1206 3104 aeternam
1233 3046 1436 3113 docuit,
1461 3061 1580 3101 cum
1605 3046 1726 3102 illos

112 3159 145 3194 τι
169 3142 468 3198 sensilibus
495 3141 758 3207 abduxit,
792 3155 912 3195 cum
945 3138 1013 3194 de
1045 3140 1441 3194 resurrectione
1473 3139 1724 3208 loquutus

112 3245 190 3288 est
219 3278 234 3299 ,
284 3235 914 3304 ipsorumque-mentem
956 3231 1173 3294 erexit;
1226 3246 1348 3285 cum
1399 3230 1724 3300 oportuisset

113 3327 266 3381 illum
301 3326 539 3380 Inarime
585 3323 802 3390 mirari,
835 3332 963 3389 tunc
1004 3334 1335 3378 murmurant
1369 3333 1422 3377 et
1449 3323 1720 3378 resiliunt.

113 3418 277 3488 Atqui
310 3417 354 3471 si
380 3417 468 3470 hic
498 3425 613 3470 erat
642 3416 900 3487 propheta
936 3455 952 3482 ,
986 3424 1044 3469 ut
1079 3417 1226 3486 prius
1253 3416 1500 3471 dixerant
1527 3417 1586 3466 ’:
1625 3413 1725 3468 llic

113 3523 183 3565 est
216 3513 355 3564 enim
382 3510 445 3563 de
465 3526 564 3579 quo
586 3510 717 3563 dixit
750 3508 976 3580 Moyses,
1008 3509 1324 3579 Prop/letam
1347 3507 1486 3564 vobis
1500 3509 1723 3564 suscita-

111 3604 178 3654 ινὶι
210 3601 465 3656 Dominus
508 3599 647 3656 Deus
675 3602 738 3654 de
778 3602 1021 3670 fratribus
1061 3604 1237 3656 vestris
1261 3643 1275 3668 ,
1303 3611 1559 3670 tamquam
1608 3616 1724 3655 me:

110 3697 285 3763 ipsum
311 3695 488 3747 audite
517 3692 537 3766 (
570 3692 726 3746 Deut.
762 3693 850 3747 l8.
883 3694 951 3748 15
978 3692 998 3763 )
1022 3710 1036 3757 ;
1061 3693 1302 3763 oportuit
1326 3693 1502 3763 ipsum
1533 3692 1723 3748 audire

111 3789 408 3849 dicentem,
445 3783 522 3838 De
561 3785 687 3839 c0310
713 3784 970 3838 descendi.
1009 3783 1207 3839 Verum
1241 3800 1344 3838 non
1384 3785 1716 3849 audiebant,

111 3877 205 3932 si-d
253 3875 688 3930 niurmurabant.
726 3873 916 3929 Adhuc
945 3875 1088 3929 enim
1124 3874 1296 3944 ipsum
1338 3875 1724 3930 reverebantur

111 3970 178 4022 ob
228 3982 426 4024 recens
478 3983 672 4036 panum
723 3967 1064 4021 miraculum.
1117 3966 1244 4022 Ideo
1284 3983 1390 4021 non
1441 3968 1723 4023 manifeste

111 4060 1010 4127 contradicebant;murmurando
1066 4071 1244 4118 tamen
1302 4061 1721 4133 indignationem

112 4171 221 4226 prae
269 4170 330 4210 se
358 4154 642 4218 ferebant,
698 4155 822 4224 quia
875 4170 981 4208 non
1022 4155 1234 4224 qualem
1288 4154 1540 4208 volebant
1594 4155 1722 4224 ipsis

113 4262 365 4302 mensam
411 4245 654 4316 parabat.
697 4245 764 4300 Et
804 4255 1202 4300 murmurantes
1226 4245 1500 4309 dicebant,
1535 4247 1725 4301 Nonne

111 4341 190 4391 hic
223 4349 297 4392 est
325 4338 468 4406 [ilius
497 4334 694 4407 Jaseplt
715 4336 742 4390 ?
776 4336 926 4392 Unde
949 4336 1128 4407 palam
1143 4346 1227 4392 est
1248 4339 1397 4409 ipsos
1418 4337 1720 4394 mirabilem

110 4433 225 4500 ejus
283 4430 691 4500 generationem
735 4431 972 4483 nondum
1022 4429 1260 4486 novisse.
1311 4430 1515 4485 Idcirco
1546 4431 1722 4486 adhuc

109 4541 227 4580 eum
251 4521 476 4590 Josephi
507 4521 672 4576 lilium
703 4521 907 4576 dicunt.
928 4521 1114 4591 Neque
1143 4533 1321 4577 tamen
1349 4524 1572 4593 corripit
1602 4538 1717 4589 eos,

110 4631 284 4686 neque
327 4614 493 4680 dicit,
527 4613 643 4668 Non
680 4627 799 4667 sum
834 4614 977 4667 illius
1017 4613 1238 4684 Josephi
1269 4634 1281 4669 :
1317 4631 1420 4668 non
1453 4614 1596 4684 quod
1623 4614 1718 4670 Jo-

109 4707 257 4775 sephi
294 4705 435 4759 illius
461 4712 615 4759 esset
646 4744 674 4770 ,.
697 4703 791 4759 sed
832 4703 974 4773 quod
1020 4705 1256 4759 nondum
1301 4715 1521 4775 possent
1548 4706 1719 4760 admi-

110 4786 336 4857 rabilcm
368 4801 516 4856 illum
567 4810 780 4870 partum
818 4799 1027 4854 audire.
1067 4799 1220 4865 Quod
1248 4800 1294 4853 si
1327 4808 1537 4868 partum
1568 4801 1718 4857 illum

109 4893 410 4949 secundum
454 4907 674 4947 carnem
721 4891 958 4946 nondum
991 4900 1238 4961 poterant
1282 4892 1469 4946 audire
1497 4934 1511 4958 ,
1548 4893 1718 4948 multo

111 4989 282 5040 minus
342 4983 668 5040 inoll’abilem
727 4983 876 5037 illum
947 4993 1002 5038 et
1074 4998 1387 5053 supernum.
1445 4985 1500 5041 Si
1573 4986 1714 5055 quod

114 5079 370 5134 lnmiilius
429 5086 548 5132 erat
614 5092 721 5131 non
780 5075 1038 5131 revelavit
1071 5117 1085 5140 ,
1138 5077 1310 5131 multo
1381 5077 1559 5133 minus
1624 5078 1714 5131 illa

111 5171 322 5229 dixerit.
382 5171 543 5240 Atqui
608 5171 710 5225 hoc
772 5169 916 5239 ipsos
984 5168 1292 5224 oll'endebat
1353 5169 1496 5240 quod
1573 5179 1716 5226 essm

108 5280 166 5317 ex
236 5264 330 5316 vili
392 5273 546 5330 patre
607 5269 1076 5315 natus:attamen
1131 5275 1236 5314 non
1286 5261 1590 5328 revelavit,
1646 5277 1714 5317 ne

109 5353 250 5408 aliud
285 5353 484 5406 tollens
512 5350 893 5406 oﬂ'endicnlum
927 5392 941 5415 ,
987 5351 1131 5405 aliud
1176 5352 1418 5407 inferret.
1452 5352 1555 5408 Sed
1581 5354 1711 5424 quid

103 5445 206 5504 illis
235 5442 703 5497 murmurantibus
749 5441 1037 5510 respondet
1061 5443 1083 5495 ?
1111 5443 1200 5496 44.
1239 5441 1403 5495 Nemo
1430 5455 1593 5515 potest
1625 5461 1711 5499 ve-

110 5539 210 5590 nire
229 5537 296 5589 ad
326 5552 428 5598 me,
453 5535 554 5588 nisi
581 5531 755 5599 Pater,
783 5535 869 5605 qui
891 5536 1027 5588 misit
1059 5551 1138 5587 me
1164 5577 1179 5601 ,
1212 5539 1422 5590 traxerit
1445 5554 1578 5593 eum.
1611 5540 1710 5594 llic

111 5627 391 5701 insurgunt
415 5627 697 5682 Manichzei
725 5628 987 5696 dicentes,
1021 5629 1150 5683 nihil
1175 5645 1275 5684 nos
1307 5645 1372 5685 ex
1403 5632 1559 5687 nobis
1583 5634 1710 5705 ipsis

164 5782 177 5812 ¹
207 5780 297 5834 Alii
325 5782 532 5841 habent,
559 5780 729 5845 inquit.
754 5780 816 5845 de
840 5781 1028 5831 .Imla’is
1054 5781 1248 5845 loquens
1274 5783 1472 5835 Paulus.

167 5849 187 5879 ⁸
205 5847 294 5899 Alii
319 5848 518 5911 legunt,
546 5843 804 5908 diecratis,
832 5859 938 5910 pro,
960 5843 1204 5897 diturum.

1837 1935 2175 2004 possezquia
2209 1935 2258 1991 id
2299 1939 2534 1996 maxime
2570 1943 2766 2013 probat
2787 1987 2802 2012 ,
2835 1948 3168 2008 voluntatem
3202 1964 3443 2010 nostram

1834 2023 1884 2077 in
1915 2037 2099 2081 nostra
2130 2043 2250 2084 esse
2282 2041 2568 2099 potestate.
2600 2035 2706 2092 Sed
2736 2038 2780 2092 si
2813 2040 2933 2109 quis
2978 2044 3120 2098 venit
3149 2045 3217 2100 ad
3250 2046 3395 2101 illum
3423 2091 3439 2115 ,

1833 2116 2031 2188 inquit,
2058 2119 2184 2190 quid
2219 2137 2357 2191 opus
2379 2124 2538 2182 habet
2568 2137 2630 2182 ut
2666 2130 2913 2188 trahatur
2938 2136 2962 2186 ‘t
2987 2134 3185 2193 Verum
3216 2139 3320 2196 hoc
3347 2158 3447 2196 no-

1831 2215 2004 2262 strum
2030 2226 2138 2265 non
2181 2211 2320 2268 tollit
2355 2215 2640 2282 arbitrium
2677 2262 2691 2285 ,
2722 2221 2817 2277 sed
2849 2224 3030 2294 potius
3075 2226 3315 2284 declarat
3345 2246 3444 2287 nos

1835 2301 2038 2356 auxilio
2059 2316 2194 2372 opus
2228 2305 2450 2364 habere.
2477 2308 2573 2364 llic
2599 2319 2780 2368 autem
2805 2329 2912 2369 non
2939 2316 3117 2388 agitur
3154 2319 3222 2375 de
3252 2322 3446 2392 quovis

1837 2390 2058 2449 homine
2086 2395 2383 2454 accedente
2411 2440 2430 2467 ,
2461 2401 2557 2457 sed
2591 2401 2660 2459 de
2682 2404 2778 2460 illo
2805 2407 2895 2477 qui
2925 2409 3097 2465 multo
3125 2390 3319 2468 fruitur
3344 2430 3444 2471 au-

1837 2483 1988 2539 xilio.
2024 2485 2234 2545 Deinde
2281 2492 2500 2548 modum
2548 2497 2789 2553 ostendit
2831 2515 2938 2570 quo
2971 2503 3156 2560 trahit.
3192 2505 3270 2562 Nc
3299 2510 3445 2565 enim

1834 2580 2092 2637 sensibile
2112 2582 2386 2655 quidpiam
2417 2587 2485 2643 de
2513 2587 2623 2645 Deo
2644 2596 3052 2663 suspicarentur
3073 2640 3089 2665 ,
3120 2600 3397 2670 subjunin
3428 2622 3443 2658 :

1836 2672 1924 2729 46.
1958 2673 2082 2731 Non
2112 2679 2231 2748 quia
2253 2678 2422 2736 Deum
2451 2683 2575 2738 vidit
2600 2687 2890 2757 quisquam,
2915 2691 3014 2745 nisi
3037 2693 3125 2763 qui
3151 2705 3224 2750 est
3253 2713 3285 2749 a
3315 2695 3443 2765 Deo,

1835 2765 1919 2819 hic
1957 2767 2082 2821 vidit
2111 2767 2341 2826 Patrem.
2388 2773 2673 2841 Quomodo
2722 2778 2929 2836 trahit?
2973 2781 3150 2855 inquit
3180 2785 3293 2842 ille.
3329 2788 3444 2845 lloc

1837 2858 2097 2928 propheta
2139 2861 2249 2931 jam
2292 2863 2418 2920 olim
2450 2865 2746 2925 declaravit
2776 2871 2860 2928 his
2901 2873 3086 2932 verbis
3109 2917 3125 2944 ,
3160 2877 3252 2933 45.
3278 2878 3448 2935 Erunt

1836 2963 2010 3003 onmes
2036 2951 2277 3008 docibiles
2304 2953 2414 3009 Dei.
2449 2955 2698 3014 Vidistin‘
2719 2959 2844 3018 ﬁdei
2868 2963 3207 3035 dignitatem,
3239 2979 3294 3025 et
3314 2986 3448 3041 quo-

1836 3041 2000 3097 modo
2029 3060 2134 3100 non
2161 3045 2232 3101 ab
2259 3046 2566 3108 hominibus
2591 3093 2607 3119 ,
2637 3070 2740 3112 nec
2769 3071 2863 3126 per
2885 3057 3162 3118 hominem
3219 3065 3314 3120 sed
3352 3082 3449 3134 per

1837 3133 2004 3189 Deum
2040 3136 2214 3206 ipsum
2242 3139 2372 3196 illud
2402 3142 2664 3201 edocendi
2697 3148 2805 3204 sint
2832 3150 2856 3202 ?
2889 3149 3120 3224 Ideoque
3152 3164 3210 3210 ut
3238 3133 3451 3214 sermo-

1835 3226 1888 3279 ni
1919 3241 2019 3282 suo
2050 3227 2251 3285 faceret
2281 3230 2440 3287 linem
2466 3274 2482 3300 ,
2514 3235 2583 3290 ad
2631 3239 2922 3309 prophetas
2950 3242 3096 3313 ipsos
3123 3247 3350 3303 remisit.
3380 3249 3450 3306 Et

1833 3318 1878 3372 si
1909 3317 2110 3374 dictum
2137 3329 2219 3376 est
2243 3363 2257 3386 ,
2289 3325 2484 3394 inquit,
2516 3326 2665 3398 ipsos
2713 3329 2830 3387 fore
2860 3331 3128 3392 docibiles
3158 3335 3252 3393 Dei
3287 3381 3303 3405 ,
3351 3356 3449 3398 cur

1835 3410 1996 3482 aliqui
2046 3427 2152 3467 non
2209 3417 2640 3486 ercdunt?Quia
2676 3422 2808 3479 illud
2851 3424 2920 3480 de
2951 3427 3196 3496 pluribus
3239 3431 3443 3490 dictum

1833 3510 1937 3557 est.
1969 3503 2222 3575 Alioquin
2255 3517 2434 3564 autem
2466 3526 2572 3566 non
2605 3528 2794 3571 omnes
2819 3532 3043 3586 prorsus
3066 3563 3081 3585 ,
3132 3521 3228 3579 sed
3255 3538 3449 3582 omnes

1833 3594 1921 3664 qui
1952 3597 2219 3653 voluerint
2244 3641 2258 3665 ,
2289 3616 2386 3671 per
2415 3605 2734 3675 propincum
2763 3609 3155 3680 signiﬁcantur.
3193 3617 3448 3690 Magister

1833 3689 1981 3745 enim
2006 3693 2260 3749 omnibus
2289 3699 2629 3769 preponitur,
2665 3713 2884 3772 paratus
2911 3706 2978 3761 ad
3009 3723 3106 3762 sua
3140 3689 3400 3768 tradenda
3432 3757 3444 3779 ,

1832 3781 1921 3850 qui
1949 3781 2253 3840 doctrinam
2285 3802 2438 3844 suam
2462 3792 2713 3848 omnibus
2735 3794 2978 3852 cllundit.
3019 3798 3085 3853 Et
3115 3817 3206 3873 ego
3226 3807 3448 3861 resusci-

1834 3873 1950 3927 tabo
1976 3892 2088 3928 eum
2119 3878 2172 3931 in
2203 3881 2479 3935 novissimo
2502 3885 2603 3937 die.
2639 3885 2755 3941 Non
2789 3902 2951 3957 parva
2984 3888 3089 3947 hoc
3124 3893 3176 3947 in
3204 3894 3322 3951 loco
3357 3898 3448 3954 Fi-

1831 3954 1886 4020 lii
1916 3967 2150 4038 dignitas
2181 3987 2196 4024 :
2227 3974 2492 4044 siquidem
2527 3976 2686 4034 l’ater
2709 3954 2906 4045 trahit,
2941 3990 2994 4039 et
3023 3983 3110 4040 hic
3132 3993 3439 4057 resuscitat,

1831 4076 1937 4115 non
1972 4061 2221 4119 dividens
2244 4064 2417 4122 Patris
2441 4077 2497 4124 et
2528 4069 2647 4125 Filii
2715 4091 2882 4146 opera
2927 4099 2940 4136 :
2990 4081 3264 4148 quomodo
3298 4083 3451 4141 enim

1830 4165 2013 4225 posset
2035 4157 2058 4209 ?
2076 4157 2169 4212 sed
2186 4161 2481 4217 ostendens
2497 4167 2782 4233 potestatis
2797 4171 3184 4238 aequalitatem.
3218 4174 3352 4231 Nam
3383 4191 3445 4234 ut

1831 4248 2074 4314 illoloco,
2093 4250 2156 4304 Et
2169 4253 2257 4321 qui
2273 4255 2410 4309 misit
2424 4271 2503 4310 me
2530 4255 2708 4327 Pater,
2738 4262 3080 4319 testimonium
3114 4268 3340 4338 perhibet
3378 4273 3443 4327 de

1830 4357 1930 4409 me,
1965 4342 2162 4399 deinde
2183 4361 2252 4402 ne
2281 4347 2494 4417 quidam
2517 4349 2586 4405 de
2603 4367 2734 4408 voce
2763 4356 3032 4414 curiosius
3055 4358 3392 4429 inquirerent
3425 4407 3440 4430 ,

1829 4436 2038 4490 remis-t
2079 4437 2199 4492 illos
2226 4439 2292 4493 ad
2319 4441 2629 4511 Scripturas
2657 4461 2672 4498 :
2703 4446 2774 4501 ita
2800 4459 2853 4502 ct
2881 4448 2972 4505 hic
2997 4454 3226 4509 remittit
3254 4471 3348 4512 eos
3371 4459 3440 4512 ad

1829 4529 2260 4597 prOphetas,hos
2287 4532 2518 4591 subinde
2551 4535 2849 4606 adducens,
2882 4551 2940 4596 ut
2971 4545 3224 4601 ostendat
3245 4565 3304 4604 se
3330 4565 3436 4605 non

1827 4635 1949 4675 esse
1978 4622 2121 4678 Patri
2149 4627 2501 4682 contrarium.
2536 4631 2625 4697 At,
2656 4632 2886 4703 inquies,
2911 4637 3039 4706 quid
3065 4641 3295 4698 antehac
3322 4643 3438 4700 fuc-

1827 4715 1988 4767 runt?
2013 4729 2190 4770 annon
2214 4717 2476 4775 docibiles
2495 4720 2588 4776 Dei
2608 4727 2794 4778 erant‘i
2821 4710 2947 4797 quid
2973 4728 3076 4784 hoc
3103 4731 3156 4786 in
3181 4732 3298 4787 loco
3325 4736 3442 4790 cxi-

1825 4806 1993 4861 mium
2021 4808 2147 4862 est?
2174 4808 2330 4875 Quod
2358 4821 2484 4868 tunc
2508 4829 2604 4882 per
2631 4803 2887 4885 homines
2909 4836 2998 4877 res
3026 4822 3234 4880 divinas
3261 4826 3440 4885 disce-

1825 4911 1982 4965 rent;
2020 4916 2162 4957 nunc
2191 4916 2371 4959 autem
2402 4921 2502 4975 per
2524 4907 2854 4978 unigenitum
2882 4881 3082 4984 Filium
3119 4917 3211 4973 Dei
3260 4931 3312 4974 et
3345 4937 3441 4992 per

1822 4991 2081 5060 Spiritum
2120 5005 2391 5053 sanctum.
2433 4998 2637 5056 Deinde
2689 5003 2846 5058 ltili-rt
2880 5005 3204 5080 :‘_Nonquod
3233 5013 3439 5068 Patrem
3517 5001 3532 5009 ”

1823 5086 2003 5139 viderit
2035 5087 2338 5158 quisquam,
2369 5090 2469 5144 nisi
2497 5091 2542 5145 is
2562 5093 2701 5163 quia
2733 5095 2837 5149 Deo
2860 5104 2952 5154 est.
2983 5098 3100 5155 Non
3133 5105 3432 5162 secundum

1827 5193 2004 5235 causae
2033 5181 2299 5236 rationem
2336 5181 2425 5238 hic
2458 5183 2696 5254 loquitur
2720 5228 2734 5252 ,
2767 5191 2859 5244 sed
2883 5171 3182 5248 secundum
3213 5197 3432 5253 modum

1823 5273 2157 5328 substantiae.
2190 5273 2324 5328 Nam
2351 5275 2397 5330 si
2424 5276 2722 5332 secundum
2755 5293 2934 5336 causa:
2977 5282 3244 5340 rationem
3275 5286 3428 5344 dice-

1820 5377 1904 5423 ret
1937 5410 1953 5434 ,
1984 5383 2174 5424 omnes
2205 5384 2236 5424 a
2269 5369 2378 5424 Deo
2405 5386 2594 5426 sumus
2622 5389 2636 5437 ;
2669 5373 2720 5426 in
2775 5391 2882 5444 quo
2927 5387 3010 5432 est
3039 5382 3348 5449 praestantia
3383 5391 3436 5436 et

1820 5459 2119 5515 differentia
2155 5460 2271 5515 Filii
2304 5460 2327 5513 ἲ
2360 5462 2427 5516 Ει
2455 5477 2554 5517 cur
2583 5507 2596 5528 ,
2627 5465 2834 5535 inquies
2869 5509 2884 5533 ,
2933 5483 3041 5522 non
3075 5469 3204 5524 illud
3235 5471 3435 5528 clarius

1817 5555 2088 5624 expressit
2115 5554 2138 5608 ?
2169 5552 2249 5609 0b
2281 5554 2494 5609 illorum
2531 5556 2922 5615 inlirmitatem.
2950 5559 3084 5614 Nam
3119 5561 3165 5615 si
3197 5576 3318 5617 cum
3350 5563 3429 5620 di-

1818 5647 1894 5702 xit
1925 5688 1939 5713 ,
1975 5646 2048 5700 De
2073 5646 2198 5701 ca'lo
2225 5647 2484 5713 descendi,
2517 5649 2586 5703 ita
2629 5650 3162 5719 scandalizatisunt;
3188 5654 3315 5724 quid
3347 5655 3433 5711 lu-

1821 5751 1994 5794 turum
2023 5747 2140 5794 erat
2171 5779 2188 5806 ,
2238 5741 2282 5794 si
2330 5740 2459 5795 illud
2491 5741 2836 5797 addidisset?
2864 5743 3065 5800 Panem
3095 5756 3274 5802 autem
3308 5758 3430 5804 \‘lliD

1818 5835 2056 5906 seipsum
2094 5843 2270 5906 vocat,
2300 5834 2422 5907 quia
2453 5835 2616 5891 vitam
2650 5835 2806 5893 nobis
2845 5837 2985 5907 parit
3011 5836 3227 5900 ethunc
3260 5849 3312 5894 cl
3344 5838 3432 5895 {u-
