4024 6480
631 417 662 470 ε
672 419 734 470 aa

632 547 804 590 turam
835 548 848 585 :
881 528 999 584 ideo
1028 525 1208 594 adjicit
1234 540 1246 576 :
1275 519 1332 574 Si
1356 517 1470 588 quis
1501 516 1874 571 mamlucaverit
1900 530 1962 566 es
1991 512 2084 564 hoc
2113 523 2203 577 pa—

637 641 714 689 uc,
745 626 871 680 vivet
898 626 949 676 in
973 629 1234 676 cternum.
1267 615 1465 669 Panem
1489 626 1617 666 vero
1647 609 1732 665 hic
1761 608 1891 664 dicit
1912 605 2206 660 doctrinam

627 717 916 772 salutarem
945 754 960 778 ,
988 709 1143 765 tidem
1176 709 1228 762 in
1254 721 1335 771 se,
1359 706 1470 761 sive
1491 719 1685 772 corpus
1706 716 1884 754 suum.
1911 698 2206 765 Utrumque

628 810 768 863 enim
790 804 1020 860 animam
1043 801 1278 855 roborat.
1308 798 1463 864 Atqui
1493 796 1614 849 alibi
1645 793 1797 854 dixit,
1829 792 1891 846 Si
1934 790 2044 860 quis
2087 804 2198 841 ser-

625 913 821 951 monem
849 909 1014 948 meum
1042 891 1294 954 audierit,
1328 904 1426 942 non
1462 884 1676 956 gustabit
1703 892 1912 936 mortem
1942 879 2116 951 (Joau.
2146 876 2200 930 8.

625 986 714 1056 5?.)
740 1028 754 1051 ,
785 995 840 1042 et
863 982 1202 1040 scandalizati
1249 989 1372 1034 sunt
1403 995 1416 1031 :
1451 978 1537 1031 hic
1562 990 1691 1030 vero
1718 989 1824 1027 non
1859 973 1987 1027 item
2018 986 2033 1034 ;
2064 969 2200 1023 forte

623 1077 928 1149 quiaadbue
944 1073 1321 1129 reverebantur
1342 1084 1462 1124 eum
1477 1067 1547 1122 ob
1562 1065 1992 1120 subministratos
2013 1073 2199 1130 panes.

691 1170 745 1224 2.
781 1167 1076 1235 Di/I’erentia
1105 1166 1235 1218 inter
1249 1178 1436 1217 manna
1465 1171 1510 1214 et
1533 1175 1714 1231 panem
1737 1173 1906 1212 verum
1936 1164 1983 1209 et
2009 1154 2191 1208 virum.

637 1257 1064 1312 —.\nimadverle
1091 1262 1268 1309 autem
1297 1265 1454 1324 quam
1485 1260 1649 1321 ponat
1676 1251 1814 1305 inter
1845 1250 1982 1303 lumc
2007 1259 2195 1315 panem

617 1362 670 1406 et
707 1363 896 1404 manna
945 1346 1298 1402 ditl‘erentiam
1333 1385 1348 1408 ,
1376 1359 1443 1398 ex
1497 1343 1775 1411 utriusque
1823 1353 2012 1408 nempe
2065 1337 2194 1391 line.

615 1440 766 1509 Quod
786 1441 928 1496 enim
960 1439 1049 1494 ille
1075 1438 1225 1493 cibus
1255 1435 1386 1490 nihil
1411 1449 1606 1488 novum
1631 1433 1868 1489 intulerit
1898 1472 1914 1499 ,
1961 1429 2145 1499 adjicit
2177 1448 2191 1484 :

612 1537 701 1591 49.
737 1534 916 1588 Patres
943 1530 1093 1588 vestri
1120 1531 1548 1584 manducaverunt
1575 1542 1761 1581 ηιαηηα
1790 1526 1842 1578 in
1880 1523 2082 1578 deserto
2101 1562 2117 1587 ,
2146 1530 2195 1575 et

615 1628 799 1681 mortui
824 1635 958 1682 sunt.
986 1622 1186 1679 Deinde
1220 1621 1268 1676 id
1300 1620 1563 1690 pra-cipue
1592 1620 1701 1689 agit
1720 1626 1777 1672 ut
1807 1617 1909 1671 illis
1929 1613 2149 1669 suadeat
2173 1654 2190 1679 ,

611 1737 672 1775 se
700 1719 867 1774 multo
902 1716 1192 1786 majoribus
1219 1715 1467 1782 dignatus
1490 1727 1612 1767 esse
1641 1711 1794 1793 bonis
1822 1724 1980 1779 quam
2011 1715 2191 1777 patres

611 1815 844 1878 ipsorum
872 1850 888 1874 ,
927 1808 996 1862 de
1038 1807 1217 1876 Moyse
1261 1804 1596 1859 subobscure
1642 1802 1864 1872 loquens
1888 1799 2034 1855 etde
2062 1798 2191 1853 viris

610 1903 714 1956 illis
768 1899 1120 1955 mirabilibus.
1170 1896 1294 1952 Ideo
1340 1912 1462 1951 cum
1495 1894 1718 1949 dixisset
1745 1907 1839 1948 eos
1875 1893 1963 1962 qui
1993 1905 2186 1945 manna

605 1981 953 2049 comederant
978 1998 1220 2045 mortuos
1244 2003 1397 2054 esse,
1443 1986 1622 2041 intulit
1648 2003 1659 2038 :
1697 1984 1798 2052 Qui
1826 1983 2094 2036 nmnducat
2122 1996 2188 2034 es

607 2087 699 2139 hoc
720 2099 850 2155 pane
870 2124 884 2149 ,
915 2084 1040 2137 vivet
1084 2082 1137 2134 in
1166 2092 1427 2135 teter-num.
1468 2077 1599 2133 Illud
1639 2092 1770 2132 vero
1794 2118 1807 2141 ,
1839 2074 1900 2129 In
1942 2076 2136 2128 deserto
2166 2114 2182 2138 ,

604 2193 709 2233 non
736 2179 851 2232 sine
877 2191 1035 2231 causa
1065 2174 1241 2245 posuit
1274 2214 1289 2237 ,
1317 2172 1411 2228 sed
1464 2169 1705 2225 indicans
1734 2210 1750 2234 ,
1793 2167 1923 2222 illud
1957 2183 2060 2221 non
2092 2167 2182 2221 diu

599 2269 821 2324 durasse
848 2310 863 2334 ,
895 2282 1066 2338 neque
1106 2267 1158 2321 in
1189 2276 1385 2321 terram
1415 2261 1779 2333 promissionis
1819 2259 2048 2314 venisse.
2086 2259 2181 2315 llic

597 2371 776 2417 autem
819 2363 972 2432 panis
1000 2375 1104 2416 non
1133 2368 1214 2415 est
1245 2355 1567 2428 lmjusmodi.
1614 2353 1702 2410 52.
1744 2352 1812 2407 Et
1858 2353 2003 2424 panis
2031 2369 2180 2422 quem

596 2471 687 2524 rgo
707 2453 858 2518 dabo,
885 2469 1003 2506 caro
1032 2467 1141 2506 mea
1161 2460 1254 2516 est,
1273 2466 1425 2519 quam
1450 2464 1542 2520 ego
1567 2446 1717 2512 dabo,
1743 2462 1835 2516 pro
1860 2446 2037 2499 mundi
2054 2445 2174 2499 vita.

593 2546 784 2600 Merito
809 2544 927 2615 quis
966 2543 1211 2598 dubitans
1233 2542 1321 2596 hic
1344 2539 1618 2609 qumsicrit
1646 2578 1661 2602 ,
1688 2551 1783 2591 cur
1799 2535 1902 2590 hoc
1933 2545 2176 2605 tempore

595 2640 711 2693 hrec
734 2639 981 2706 loquutus
1007 2636 1097 2700 sit,
1129 2649 1248 2703 qnze
1274 2632 1404 2687 nihil
1431 2630 1771 2703 proﬁcerent,
1790 2630 1922 2684 nihil
1943 2629 2173 2684 aediﬁca-

594 2735 731 2792 rent,
755 2727 862 2780 imo
884 2725 1059 2795 potius
1086 2724 1357 2778 tedilicatis
1389 2733 1646 2778 nocerent
1674 2723 1713 2775 ⁸.
1745 2720 1958 2788 Exime,
1984 2721 2172 2791 inquit,

591 2817 738 2870 multi
773 2832 835 2870 ex
860 2817 1124 2884 discipulis
1148 2818 1257 2884 ejus
1299 2824 1432 2868 retro
1456 2813 1687 2867 abierunt
1716 2813 1933 2865 dicentes
1954 2851 1970 2877 ,
2000 2811 2172 2864 Durus

588 2918 661 2960 est
686 2908 766 2960 hic
792 2923 971 2969 sermo,
1003 2907 1112 2975 quis
1139 2913 1296 2974 potest
1325 2921 1438 2959 eum
1462 2905 1640 2957 audire
1661 2904 1686 2957 Ρ
1705 2901 1873 2957 Erant
1892 2903 2033 2956 enim
2057 2900 2170 2956 lucc

587 2999 716 3054 solis
767 2998 1041 3066 discipulis
1092 2995 1535 3052 communicanda
1569 3037 1582 3060 ,
1617 3005 1675 3050 ut
1721 2994 2003 3049 Manlia-us
2046 2995 2123 3049 ait
2149 3035 2166 3060 ,

588 3091 810 3144 Seorsim
839 3090 1131 3157 loquebatur
1158 3090 1228 3143 eis
1258 3088 1446 3159 (Marc.
1475 3088 1531 3142 4.
1557 3086 1668 3153 ⁸54).
1700 3085 1837 3153 Quid
1865 3085 1930 3140 ad
1961 3086 2058 3139 hoc
2082 3086 2166 3140 dio

585 3197 772 3236 cornus
800 3181 823 3234 ?
847 3195 1088 3250 quaenam
1121 3179 1306 3233 borum
1353 3179 1551 3232 utilitas
1579 3179 1603 3231 ‘t
1641 3178 1826 3248 Magna
1856 3186 2002 3232 certe
2028 3176 2168 3231 utili-

585 3285 664 3326 tas
687 3282 740 3326 et
767 3273 1074 3326 necessitas.
1099 3270 1232 3354 Quia
1249 3271 1389 3326 enim
1414 3269 1680 3326 instabant
1698 3269 1876 3324 cibum
1900 3276 2160 3338 petentes,

583 3362 676 3418 sed
717 3377 1034 3432 eorporemn
1067 3403 1081 3426 ,
1115 3371 1169 3415 et
1199 3361 1491 3431 majoribus
1524 3362 1635 3415 suis
1680 3361 1954 3430 presbitam
1983 3375 2161 3416 escam

581 3464 939 3510 memorantes
964 3496 978 3521 ,
1009 3469 1204 3508 manna
1249 3469 1497 3524 magnum
1543 3452 1813 3523 quidpiam
1846 3468 1966 3510 esse
2009 3453 2162 3508 dice-

582 3547 729 3609 bant,
758 3546 1044 3601 ostendens
1077 3546 1161 3599 illa
1190 3547 1365 3599 omnia
1398 3546 1616 3616 ﬁguram
1639 3554 1693 3600 et
1724 3545 1964 3600 umbram
1995 3561 2115 3600 esse
2143 3586 2160 3612 ,

587 3639 728 3692 hunc
752 3653 878 3692 vero
903 3637 1078 3692 cibum
1102 3638 1180 3692 rei
1205 3639 1482 3692 veritatem
1503 3678 1517 3703 ,
1545 3651 1724 3692 escam
1757 3647 2020 3692 memorat
2050 3639 2161 3707 spi-

581 3729 845 3782 ritualem.
882 3729 991 3792 At,
1026 3727 1267 3795 inquies,
1300 3725 1586 3782 dicendum
1616 3737 1765 3792 erat,
1797 3727 1982 3782 Patres
1999 3729 2160 3782 vestri

581 3819 1039 3872 nninduuiverunt
1070 3826 1265 3872 mannzt
1316 3819 1366 3872 in
1411 3818 1658 3882 deserto,
1691 3835 1791 3889 ego
1814 3835 1940 3875 vero
1967 3835 2156 3890 panem

575 3913 696 3966 dedi
729 3912 900 3967 vobis.
947 3912 1050 3968 Sed
1097 3928 1344 3980 magnum
1376 3923 1490 3967 erat
1518 3913 1808 3970 discrimen
1836 3933 1848 3968 :
1875 3916 1976 3970 hoc
2005 3916 2155 3972 vide-

576 4004 730 4056 batur
772 4004 946 4057 minus
971 4019 1090 4057 esse
1115 4045 1128 4066 ,
1156 4003 1298 4073 quod
1330 4003 1459 4058 illud
1484 4004 1550 4058 de
1579 4006 1713 4060 caelo
1765 4008 2022 4072 venisset,
2053 4011 2153 4062 hoc

574 4105 752 4150 autem
786 4111 980 4164 panum
1007 4095 1320 4150 miraculum
1355 4095 1404 4148 in
1433 4105 1572 4152 terra
1615 4098 1812 4152 factum
1835 4107 1996 4153 esset.
2020 4101 2152 4166 Quia

573 4201 701 4254 ergo
740 4184 1050 4254 quaerebant
1089 4185 1267 4239 cibum
1295 4185 1361 4240 de
1389 4187 1520 4242 ctelo
1548 4187 1782 4242 delatum
1814 4231 1828 4256 ,
1860 4189 1981 4244 ideo
2007 4206 2152 4259 sa‘pe

571 4273 782 4329 dicebat
809 4314 824 4339 ,
861 4273 936 4328 De
962 4274 1087 4328 cwlo
1116 4275 1371 4329 descendi.
1401 4276 1456 4332 Si
1481 4279 1599 4347 quis
1640 4295 1765 4334 vero
1805 4281 2106 4335 sciscitetur
2132 4322 2149 4345 ,

571 4386 666 4423 cur
685 4368 751 4423 de
778 4368 1046 4438 mysteriis
1073 4369 1319 4437 loquutus
1337 4369 1426 4434 sit,
1454 4372 1918 4438 respondebimus,
1945 4381 2154 4443 tempus

570 4471 930 4527 opportunum
974 4460 1134 4514 fuisse
1163 4459 1277 4515 haec
1312 4459 1546 4515 dicendi.
1583 4461 1714 4516 Nam
1744 4464 2026 4519 verborum
2059 4468 2153 4521 ob-

570 4551 799 4605 scnritas
838 4553 1131 4607 auditorem
1171 4569 1384 4624 semper
1425 4554 1669 4621 excitat,
1716 4564 1768 4609 et
1809 4557 2147 4611 attentiorem

577 4643 758 4698 el‘licit.
790 4643 903 4697 Non
936 4659 1062 4714 ergo
1088 4645 1280 4699 ollendi
1308 4646 1563 4714 oportuit,
1593 4647 1686 4702 sed
1720 4647 1891 4716 potius
1922 4647 2149 4702 interro-

573 4748 720 4801 gare.
745 4733 896 4788 Nunc
917 4745 1092 4788 autem
1124 4736 1196 4790 illi
1224 4738 1439 4790 abeunt.
1482 4737 1613 4792 Nam
1642 4738 1684 4792 si
1719 4738 2031 4807 prophetam
2063 4738 2144 4808 ip-

573 4841 689 4876 sum
718 4839 836 4879 esse
871 4826 1156 4880 credebant
1186 4869 1201 4892 ,
1231 4827 1387 4882 dictis
1411 4827 1632 4883 credere
1669 4829 1926 4898 oportuit.
1965 4827 2146 4898 Itaque

569 4917 708 4984 quod
742 4917 926 4971 oﬂ‘ensi
956 4918 1079 4981 sint,
1119 4919 1168 4972 id
1199 4935 1265 4974 ex
1296 4936 1479 4974 eorum
1513 4921 1814 4990 insipientia
1840 4922 2002 4985 venit,
2038 4936 2143 4974 non

568 5023 631 5061 ex
661 5009 984 5062 obscuritate
1025 5011 1306 5064 sermonis.
1353 5013 1428 5066 Tu
1478 5029 1605 5068 vero
1648 5013 1958 5068 consideres
1987 5015 2143 5068 velim

568 5099 835 5165 quomodo
858 5099 1150 5169 discipulos
1180 5116 1306 5154 suos
1334 5103 1585 5171 paulatim
1618 5106 1813 5159 alliciat
1842 5122 1856 5170 ;
1892 5106 1944 5159 hi
1999 5109 2140 5161 enim

563 5198 686 5241 Mttll
707 5192 793 5257 qui
820 5191 1019 5253 dicunt,
1040 5191 1197 5246 Verba
1221 5196 1334 5248 vitte
1352 5196 1500 5249 habes
1527 5213 1656 5264 :quo
1680 5199 1860 5253 ibimus
1885 5200 2060 5270 (Joan.
2089 5203 2141 5258 6.

564 5279 680 5347 nx)?
707 5279 968 5336 Caeterum
987 5283 1068 5336 hic
1097 5299 1153 5338 se
1181 5286 1422 5340 datorem
1451 5285 1597 5350 dicit,
1629 5305 1732 5343 non
1758 5290 1967 5345 Patrem
1996 5311 2005 5345 :
2039 5292 2142 5345 Pa-

563 5374 639 5423 w's
657 5373 674 5401 ²
694 5389 840 5441 quem
865 5391 956 5444 ego
987 5376 1132 5437 dabo,
1155 5393 1271 5429 caro
1291 5395 1398 5431 mea
1415 5390 1486 5432 est
1510 5397 1602 5448 pro
1622 5385 1795 5436 mundi
1817 5385 2139 5441 vita.Vernm

677 5491 816 5561 iusta
841 5484 1002 5561 alorci.
1033 5485 1297 5561 legendqu
1315 5498 1526 5561 esset._...
1574 5502 1687 5543 ch
1704 5494 1886 5561 loetttus
1908 5497 1969 5546 sit
1994 5534 2006 5555 ,
2033 5512 2141 5561 qua:

567 5549 794 5620 tit-mutem
818 5549 1335 5620 (τωρωι-θηρὶριηῃίηἱ
1353 5558 1646 5614 prodessent,
1674 5560 1768 5606 nuo
1792 5560 1944 5620 potius
1977 5549 2138 5613 iis'no-

566 5613 723 5672 torem
746 5609 827 5668 qui
857 5619 995 5672 antea
1028 5609 1257 5672 tt'di/t'mti
1278 5609 1432 5664 erant.

630 5671 647 5694 "
675 5671 994 5749 Jn\ta_5a_\:i_l..
1023 5671 1134 5739 post
1165 5674 1296 5749 illud,
1321 5690 1428 5724 suos
1460 5677 1690 5749 paulatim
1715 5681 1895 5732 alliciat
1922 5721 1932 5739 ,
1969 5685 2137 5749 legen-

563 5729 675 5793 dum
694 5740 850 5805 esset:
880 5735 965 5782 llic
988 5729 1110 5784 enim
1131 5748 1178 5785 se
1201 5738 1389 5786 dantem
1414 5729 1613 5796 ιη’(ιια-ἱι,
1643 5755 1733 5792 non
1761 5729 1948 5797 Patrem

566 5803 654 5848 ονε,
689 5800 780 5840 ριν.
809 5809 830 5836 ι

1369 406 1409 457 5
1466 400 1738 457 JOANNIS
1776 386 2246 455 CIIIlYSUSTOMl
2289 389 2602 452 ABCHIEP.
2645 402 3179 461 CONS'i‘ANTINUP.

2171 5452 2194 5483 J

3799 405 3909 458 950

2318 526 2422 563 non
2446 512 2522 566 sit:
2553 515 2718 570 turba:
2741 557 2759 585 ,
2787 519 2880 572 sed
2910 530 3096 574 contra
3117 561 3133 588 ,
3175 518 3348 574 Durus
3377 533 3448 574 est
3475 523 3556 574 hic
3582 538 3747 576 sermo
3770 563 3784 587 ,
3822 539 3905 575 m-

2310 603 2522 671 quiunt.
2557 605 2786 679 Ideoque
2817 611 3096 666 recedunt.
3119 613 3282 681 Atqui
3315 629 3421 667 non
3453 629 3589 667 nova
3617 623 3734 669 erat
3757 656 3772 679 ,
3802 631 3903 671 ne-

2311 698 2417 764 que
2466 699 2703 754 variabat
2751 701 2992 758 doctrina
3039 722 3053 758 :
3097 718 3219 758 nam
3267 704 3503 760 Joannes
3532 705 3660 760 illud
3691 707 3707 738 ³
3740 722 3904 776 supra

2311 785 2903 857 snbindicaverat,cum
2925 789 3137 865 Agnum
3162 795 3335 862 ipsum
3369 797 3595 850 vocavit.
3624 796 3734 852 Sed
3772 839 3788 862 ,
3825 799 3908 851 iu-

2310 879 2484 944 quies,
2519 881 2617 950 ipsi
2645 898 2749 936 non
2781 884 3175 940 intellexerant.
3205 886 3316 941 Hoc
3363 898 3417 942 et
3457 903 3557 958 ego
3596 890 3720 943 nevi
3753 905 3769 948 :
3804 890 3901 943 sed

2309 985 2484 1041 neque
2516 973 2763 1044 discipuli
2807 977 2856 1031 id
2889 979 3149 1034 sciebant.
3181 980 3311 1034 Nam
3352 981 3396 1035 si
3441 983 3900 1038 resurrectionem

2309 1065 2543 1118 nondum
2569 1067 2697 1120 satis
2723 1069 2870 1124 clare
2904 1070 3292 1141 intelligebant,
3324 1073 3550 1143 ideoque
3575 1074 3903 1144 ignorabant

2305 1155 2430 1223 quid
2461 1155 2588 1210 illud
2621 1167 2784 1224 esset,
2813 1160 3006 1216 Solvite
3035 1164 3276 1233 templum
3301 1164 3415 1228 hoc,
3446 1174 3492 1222 et
3518 1165 3568 1218 in
3592 1165 3755 1220 tribus
3783 1167 3899 1219 die-

2307 1245 2400 1299 bus
2418 1248 2644 1302 excitabo
2672 1251 2804 1304 iltud
2830 1251 2849 1324 (
2879 1250 3036 1307 Joan.
3063 1253 3118 1308 2.
3149 1254 3215 1309 l9
3245 1258 3262 1324 )
3287 1270 3301 1320 ;
3334 1255 3505 1310 multo
3527 1257 3704 1312 minus
3728 1272 3896 1327 supra

2300 1337 2439 1392 dicta
2486 1343 2767 1410 capiebant
2797 1385 2812 1408 ,
2844 1362 2961 1413 qua!
2995 1347 3305 1402 obscuriora
3333 1357 3506 1404 erant.
3539 1348 3696 1418 Quod
3736 1350 3893 1404 enim

2300 1432 2572 1503 prephetze
2603 1436 3054 1509 surrexissent(a)
3082 1480 3095 1504 ,
3130 1449 3342 1505 norant,
3370 1439 3496 1495 licet
3523 1441 3573 1494 id
3594 1441 3896 1511 Scriptura:

2299 1541 2404 1581 non
2434 1528 2578 1584 clare
2609 1529 2790 1585 dicant
2823 1549 2836 1584 :
2868 1531 3010 1601 quod
3043 1547 3168 1587 vero
3199 1547 3417 1588 carnem
3451 1535 3572 1603 quis
3598 1534 3897 1588 manduca-

2298 1621 2429 1673 verit
2454 1662 2470 1687 ,
2501 1635 2660 1675 nemo
2689 1637 2875 1678 eorum
2902 1623 3127 1679 dixerat.
3164 1626 3417 1679 Attamen
3445 1625 3897 1696 obtemperabant

2295 1720 2347 1764 et
2364 1712 2741 1781 sequebantur,
2770 1725 2930 1785 atque
2949 1716 3340 1771 confitebantur
3361 1717 3535 1786 ipsum
3568 1718 3731 1774 verba
3767 1719 3892 1773 vita:

2295 1811 2510 1857 aeternae
2551 1803 2771 1860 habere.
2823 1805 2952 1860 Illud
2993 1808 3136 1862 enim
3178 1807 3422 1877 discipuli
3467 1819 3551 1863 est
3580 1851 3593 1874 ,
3641 1812 3890 1880 magistri

2297 1894 2454 1948 verba
2485 1898 2871 1952 noucuriOsius
2900 1899 3192 1969 inquirere,
3223 1899 3319 1954 sed
3350 1900 3536 1956 audire
3561 1908 3614 1956 et
3633 1901 3888 1972 obsequi,

2292 1999 2354 2040 ac.
2402 1996 2613 2058 tempus
2653 1989 2718 2044 ad
2764 1992 3087 2046 solutionem
3131 2000 3497 2062 opportunum
3543 2005 3885 2064 exspectare.

2289 2076 2397 2131 Cur
2423 2093 2552 2148 ergo
2589 2083 2956 2146 contrarium,
3001 2082 3230 2148 accidit,
3281 2083 3522 2153 inquient
3548 2124 3564 2149 ,
3591 2095 3644 2140 et
3674 2095 3886 2140 retror-

2287 2183 2404 2222 sum
2436 2171 2724 2226 abiernnt?
2753 2173 2807 2227 id
2836 2189 2899 2227 ex
2928 2173 3138 2228 illorum
3167 2174 3467 2245 insipientia
3486 2176 3682 2231 evenit.
3703 2177 3888 2244 Quan-

2285 2260 2356 2314 do
2382 2263 2524 2317 enim
2555 2263 2697 2317 subit
2720 2264 2958 2319 animant
2992 2265 3077 2320 illa
3117 2266 3343 2335 qtnestio
3363 2308 3378 2332 ,
3414 2265 3682 2332 Quomodo
3704 2309 3720 2334 ,
3753 2277 3884 2324 tunc.

2288 2367 2390 2407 una
2415 2352 2710 2423 ingreditur
2739 2355 3109 2410 incredulitas.
3141 2355 3232 2412 Sic
3256 2367 3310 2412 et
3333 2355 3657 2413 Nieodemus
3695 2357 3884 2413 turba-

2282 2441 2438 2497 batur
2461 2444 2679 2499 dicens:
2711 2444 2976 2511 Quomodo
2994 2456 3154 2517 potest
3175 2448 3327 2500 homo
3356 2448 3547 2502 intrare
3567 2449 3622 2501 in
3648 2459 3874 2503 ventrem

2281 2536 2455 2589 matris
2482 2535 2638 2591 sme.’
2680 2538 2758 2592 sic
2801 2547 2856 2592 et
2905 2538 2956 2592 hi
2993 2553 3134 2594 nunc
3163 2538 3442 2608 turbantur
3465 2539 3710 2594 dicentes
3738 2559 3751 2594 :
3784 2542 3874 2596 5‘2.

2284 2626 2547 2692 Quomodo
2577 2637 2737 2697 potest
2765 2630 2858 2698 vltic
2900 2631 3043 2684 nobis
3069 2646 3272 2684 carnem
3299 2647 3444 2685 suam
3474 2632 3599 2685 dare
3625 2633 3696 2685 ad
3725 2651 3877 2687 mau-

2278 2719 2568 2772 ducandum
2589 2719 2616 2774 ?
2642 2718 2774 2774 Nam
2807 2721 2851 2775 si
2885 2721 3033 2786 illud,
3065 2721 3354 2788 Quomodo,
3380 2723 3605 2792 inquiris
3630 2766 3644 2788 ,
3679 2740 3780 2779 cur
3805 2726 3876 2780 de

2279 2811 2503 2879 panibus
2535 2826 2640 2866 non
2671 2811 2806 2866 dicis
2830 2853 2844 2877 ,
2899 2812 3180 2880 Quomodo
3223 2813 3461 2884 quinque
3507 2830 3676 2884 panes
3709 2817 3762 2870 in
3798 2829 3876 2872 tot

2274 2902 2408 2956 alios
2433 2903 2804 2973 multiplicavit
2830 2903 2854 2957 ?
2879 2902 3013 2957 Nam
3054 2913 3181 2958 tunc
3210 2905 3439 2958 saturari
3482 2907 3747 2962 curabant
3774 2924 3868 2963 so-

2273 2992 2548 3048 lummodo
2572 3036 2586 3061 ,
2639 3009 2738 3050 nec
2763 2995 3178 3050 considerabant
3205 2995 3544 3051 miraculum.
3569 2998 3674 3053 Sed
3703 3015 3872 3069 espe-

2272 3084 2482 3148 rirntia,
2516 3085 2740 3155 inquies,
2776 3095 2898 3140 tunc
2924 3085 3121 3141 docuit.
3153 3085 3292 3155 Ergo
3317 3087 3385 3141 ob
3409 3087 3552 3142 illam
3582 3091 3870 3158 experien-

2273 3176 2399 3228 tiam
2430 3175 2544 3230 haec
2571 3175 2781 3231 facilius
2805 3176 2953 3232 credi
2979 3179 3235 3247 oportuit.
3279 3177 3406 3233 Ideo
3439 3195 3667 3250 namque
3700 3183 3854 3250 prius

2271 3267 2402 3322 illud
2442 3279 2546 3322 tam
2576 3269 2818 3325 mirabile
2840 3270 3105 3338 patravit,
3130 3279 3187 3323 ut
3215 3269 3307 3325 illo
3335 3270 3510 3326 edocti
3539 3312 3552 3336 ,
3583 3286 3688 3325 non
3724 3273 3867 3327 ultra

2267 3361 2425 3416 dictis
2448 3361 2603 3416 ﬁdem
2633 3370 2910 3431 negarent.
2935 3360 3014 3414 llli
3045 3361 3261 3430 quidem
3290 3371 3416 3416 tunc
3439 3364 3697 3432 temporis
3729 3364 3864 3417 nihil

2267 3455 2510 3508 utilitatis
2556 3469 2620 3510 ex
2667 3454 2824 3508 dictis
2852 3455 3197 3521 retulerunt,
3227 3469 3326 3510 nos
3368 3454 3541 3524 reipsa
3591 3455 3864 3510 beneﬁt-io

2268 3543 2514 3598 fruimur.
2545 3545 2882 3616 Quapropter
2924 3545 3238 3600 discendum
3280 3547 3407 3615 quid
3438 3547 3509 3600 sit
3534 3547 3860 3602 miraculum

2268 3639 2643 3708 mysteriorum
2675 3680 2690 3704 ,
2722 3654 2820 3694 cur
2849 3637 2969 3693 data
3003 3639 3109 3692 sint
3138 3681 3153 3707 ,
3199 3654 3318 3708 qua:
3363 3640 3576 3693 illorum
3629 3641 3860 3694 ntil.tas.

2269 3730 2438 3784 Unum
2470 3748 2654 3800 corpus
2675 3747 2867 3794 sumus,
2896 3730 3090 3798 inquit,
3121 3740 3166 3783 et
3197 3730 3419 3784 membra
3443 3747 3507 3785 ex
3527 3747 3680 3784 carne
3703 3743 3753 3784 et
3783 3749 3866 3785 os.

2261 3822 2397 3874 sibus
2418 3823 2526 3892 ejus
2554 3821 2776 3893 (Ephes.
2801 3822 2856 3877 5.
2883 3823 2952 3877 ε’ιο
3048 3821 3242 3878 Initiati
3281 3823 3437 3877 dictis
3463 3822 3859 3894 obsequantur.

2337 3914 2389 3966 5.
2437 3912 2504 3969 Ut
2532 3929 2661 3983 ergo
2687 3930 2790 3968 non
2823 3915 2996 3968 solum
3046 3929 3143 3983 per
3166 3913 3508 3969 dilectionem
3526 3957 3540 3980 ,
3567 3915 3660 3970 sed
3687 3917 3858 3970 etiam

2262 4005 2457 4072 reipsa,
2486 4018 2607 4058 cum
2640 4003 2727 4058 illa
2754 4019 2916 4059 carne
2955 4003 3439 4061 commisceamur:
3484 4003 3533 4059 id
3562 4005 3702 4075 quod
3736 4007 3862 4061 clli-

2258 4095 2398 4148 citur
2441 4111 2536 4166 per
2560 4095 2737 4150 cibum
2769 4110 2926 4166 quem
2981 4095 3072 4150 ille
3120 4095 3288 4162 dedit,
3321 4105 3378 4149 ut
3421 4096 3670 4151 ostendat
3695 4098 3859 4152 nobis

2257 4195 2458 4255 quanto
2487 4203 2610 4258 erga
2640 4202 2740 4242 nos
2767 4188 2967 4243 ferveat
2991 4201 3197 4242 amore.
3232 4187 3355 4241 Ideo
3400 4202 3461 4242 se
3503 4187 3659 4242 nobis
3702 4204 3856 4243 com—

2259 4278 2490 4341 miscuit,
2515 4287 2569 4331 et
2596 4278 2648 4330 in
2678 4292 2844 4331 unum
2871 4290 3068 4346 corpus
3094 4285 3259 4331 totum
3287 4277 3581 4342 constituit,
3607 4287 3662 4331 ut
3685 4294 3855 4334 unum

2258 4365 2447 4431 simus,
2480 4367 2630 4434 quasi
2662 4381 2860 4436 corpus
2906 4367 3149 4436 junctum
3199 4367 3380 4437 capiti.
3429 4366 3563 4422 Nam
3608 4367 3856 4426 ardentis

2257 4459 2456 4512 amoris
2507 4457 2608 4514 hoc
2650 4469 2732 4513 est
2783 4459 3060 4514 indicium.
3092 4459 3205 4515 Hoc
3231 4460 3577 4515 subindicans
3607 4461 3731 4526 Job,
3780 4463 3856 4519 de

2255 4551 2426 4605 servis
2476 4552 2586 4607 suis
2616 4551 2851 4618 dicebat,
2881 4568 2910 4607 a
2940 4552 3134 4621 quibus
3183 4553 3261 4607 sic
3301 4553 3602 4618 amabatur,
3634 4565 3692 4610 ut
3731 4556 3856 4626 ejus

2253 4643 2504 4695 carnibus
2547 4642 2832 4696 admisceri
2881 4651 3225 4711 peroptarent
3253 4659 3268 4696 :
3294 4653 3356 4698 ut
3391 4645 3532 4700 enim
3565 4645 3852 4702 ardentem

2253 4749 2493 4788 amorem
2532 4735 2917 4800 ostenderent,
2965 4734 3254 4790 dicebant:
3291 4734 3416 4802 Quis
3466 4736 3550 4791 det
3601 4739 3743 4792 nobis
3786 4741 3856 4793 de

2253 4827 2485 4881 carnibus
2529 4829 2651 4892 suis,
2689 4839 2738 4880 ut
2778 4837 3065 4881 saturentur
3095 4828 3216 4901 (Job
3261 4829 3350 4883 5|.
3407 4824 3544 4899 5|)?
3583 4829 3738 4898 Quod
3787 4845 3849 4888 et

2252 4921 2497 4976 Christus
2530 4920 2674 4986 fecit,
2708 4920 2773 4976 ad
2804 4922 3061 4990 majorem
3105 4936 3204 4977 nos
3235 4922 3523 4977 amicitiam
3556 4923 3849 4993 inducens,

2252 5022 2305 5067 ct
2336 5029 2486 5067 suum
2515 5013 2669 5066 nobis
2693 5012 3069 5067 demonstrans
3100 5027 3375 5077 amorem;
3415 5028 3589 5082 neque
3616 5029 3677 5070 se
3707 5030 3812 5070 con
3831 5048 3848 5058 -

2251 5106 2428 5173 cnpisc
2471 5104 2645 5159 ntibus
2675 5104 2963 5158 videndum
3002 5103 3162 5158 modo
3191 5103 3455 5174 prtebuit;
3483 5105 3577 5160 sed
3611 5115 3846 5178 tangen-

2250 5199 2397 5262 dnm,
2425 5219 2446 5252 ι
2469 5197 2836 5265 unedendum,
2866 5197 3118 5252 dentibus
3158 5197 3459 5262 terendum,
3482 5200 3846 5258 commiscen-

2248 5285 2377 5342 dum
2422 5305 2436 5353 ;
2551 5288 2985 5360 desideriumque
3012 5289 3250 5359 implevit
3273 5305 3452 5346 omne.
3478 5293 3560 5347 Ab
3587 5293 3676 5347 illa
3705 5311 3842 5367 ergo

2311 5446 2324 5475 ί
2367 5444 2418 5492 ln
2437 5443 2574 5493 Savil.
2600 5443 2865 5506 legitur....
2894 5456 2983 5506 pro
3004 5444 3173 5495 mundi
3209 5444 3318 5494 vita.
3351 5453 3527 5494 rerum
3550 5481 3564 5503 ,
3590 5459 3711 5497 nova
3735 5449 3843 5501 lure

2247 5506 2468 5570 dtietrinu
2482 5513 2568 5563 est,
2584 5505 2820 5570 inquiunt,
2839 5514 2883 5556 et
2895 5505 3122 5555 inaudita
3137 5520 3152 5554 :
3167 5514 3375 5570 Joannes
3399 5513 3557 5556 tamen
3569 5508 3696 5558 illud
3703 5547 3716 5569 ,
3737 5521 3840 5563 etc.

2246 5568 2427 5616 Morelli
2455 5568 3158 5630 lectionemsequimur,qnam
3183 5569 3302 5617 item
3328 5577 3572 5630 sequutus
3597 5580 3676 5620 est
3697 5581 3840 5622 Fran-

2243 5633 2400 5678 ciscns
2416 5634 2654 5694 Aretimxs.
2686 5629 2871 5678 Verum
2894 5632 3054 5678 antbu:
3079 5629 3332 5690 lectiones,
3359 5629 3533 5694 siquis
3549 5641 3745 5684 attente
3769 5635 3838 5686 le-

2245 5700 2344 5751 gal.
2374 5693 2547 5739 eodem
2572 5694 2802 5741 redeunt.

2306 5755 2378 5813 (α)
2412 5756 2489 5820 sic
2508 5754 2548 5820 li;
2608 5761 2689 5801 unt
2713 5751 3208 5820 omniaexemplarta.
3235 5754 3325 5805 Sed
3349 5753 3502 5806 [alect-
3527 5767 3623 5805 non
3650 5769 3834 5820 capere

2244 5831 2322 5866 tne
2346 5817 2460 5878 quid
2480 5817 2552 5866 hic
2607 5821 2665 5865 ibi
2707 5816 3226 5879 velitChrywslt-Inns.
