4024 6438
233 385 334 442 961

239 498 419 539 mensa
453 478 790 541 recedamus,
827 484 1098 544 tamquam
1126 472 1318 527 Ιυωιυε.
1340 471 1514 537 ignem
1547 468 1834 538 spirantes,

239 573 452 627 diabolo
476 571 772 634 terribiles,
797 568 1096 638 cogitantes
1120 562 1264 633 quod
1295 562 1364 616 sit
1385 570 1544 631 caput
1571 567 1835 623 nostrum,

238 674 292 718 et
321 671 575 733 quantam
609 660 766 716 nobis
812 659 1154 713 dilecﬁouem
1203 654 1528 711 exhibuerit.
1579 652 1838 707 Parentes

238 769 382 825 sa-pe
402 755 606 808 liberos
623 766 752 807 suos
769 749 993 820 aliisque
1010 747 1234 802 alendos
1254 747 1503 809 tradunt;
1531 758 1630 814 ego
1647 751 1838 800 contra

237 846 491 902 carnibus
521 845 641 901 illos
666 843 804 898 meis
832 841 938 904 alo.
970 840 1232 911 meipsum
1260 854 1496 912 appono,
1523 852 1620 892 vos
1647 850 1839 892 omnes

235 938 444 993 nobiles
472 952 594 992 esse
618 935 760 999 volo,
786 942 839 990 et
893 933 1089 988 bonam
1132 931 1201 987 de
1231 931 1422 986 futuris
1445 945 1597 1001 spem
1625 927 1833 986 adfero.

234 1027 368 1084 Nam
396 1030 484 1100 qui
533 1029 584 1082 in
618 1026 719 1081 hac
750 1026 855 1080 vita
890 1038 950 1079 se
977 1023 1132 1078 vobis
1173 1021 1422 1085 tradidit,
1455 1021 1624 1075 multo
1669 1019 1838 1089 magis

232 1126 287 1177 iu
339 1123 516 1178 futura
565 1121 782 1176 favebit.
816 1118 1005 1174 Frater
1042 1131 1165 1173 esse
1212 1123 1392 1171 vester
1417 1114 1582 1180 volui,
1617 1121 1840 1183 propter

233 1233 330 1271 vos
355 1229 700 1272 communem
731 1213 888 1268 habui
911 1226 1129 1266 carnem
1154 1217 1210 1264 et
1235 1208 1586 1279 sanguinem:
1620 1221 1835 1260 rursum

234 1309 390 1366 vobis
416 1323 637 1365 carnem
679 1315 735 1361 et
763 1305 1080 1377 sanguinem
1106 1303 1260 1359 trado
1292 1317 1389 1373 per
1417 1316 1538 1372 qua:
1567 1314 1840 1371 congencr

229 1402 388 1455 vobis
418 1393 588 1454 factus
623 1413 764 1452 sum.

304 1493 590 1564 Sanguinis
627 1491 816 1546 Christi
843 1492 1092 1544 ent-omits.
1116 1518 1187 1529 —
1215 1486 1313 1542 llic
1337 1486 1557 1557 sanguis
1597 1485 1650 1538 in
1680 1483 1838 1539 nobis

227 1585 459 1656 regiam.
489 1582 842 1652 ﬂoridamque
880 1581 1101 1636 exhibet
1128 1581 1442 1650 imaginem,
1475 1576 1833 1648 pulchritudi-

230 1693 355 1733 nem
389 1678 528 1746 parit
576 1675 970 1738 incredibilem,
999 1674 1194 1729 animae
1236 1673 1572 1730 nobilitatem
1622 1687 1833 1728 marce-

228 1786 385 1825 scere
428 1786 535 1824 non
581 1770 730 1836 sinit,
770 1768 898 1823 dum
952 1759 1271 1839 frequenter
1307 1769 1490 1839 irrigat
1537 1775 1592 1823 et
1643 1767 1831 1823 nutrit.

227 1859 464 1931 Sanguis
509 1861 652 1914 enim
701 1875 809 1914 non
839 1854 1020 1915 statim
1073 1860 1125 1914 iu
1175 1859 1332 1915 nobis
1369 1861 1422 1914 tit
1455 1875 1520 1914 ex
1568 1859 1712 1926 cibo,
1740 1859 1835 1914 sed

227 1954 375 2008 aliud
405 1955 678 2025 quidpiam
711 1973 724 2010 :
762 1953 849 2011 hic
899 1968 1021 2010 vero
1065 1954 1284 2024 sanguis
1322 1954 1605 2010 confestim
1648 1954 1836 2024 irrigat

225 2047 498 2108 animam,
531 2055 587 2100 et
629 2061 875 2116 magnam
919 2047 1024 2100 vim
1067 2046 1220 2101 indit.
1253 2045 1352 2101 Hic
1396 2046 1644 2116 sanguis'
1675 2046 1836 2117 digne

225 2146 487 2205 acceptus
525 2137 801 2192 dmmonas
828 2139 1009 2207 procul
1041 2138 1209 2208 pellit,
1243 2139 1464 2207 angelos
1492 2137 1557 2193 ad
1593 2152 1692 2192 nos
1735 2138 1833 2193 ad—

229 2239 432 2294 vocat,
495 2230 778 2300 ipsumque
826 2233 1139 2302 angelorum
1191 2232 1496 2288 Dominum.
1551 2233 1837 2289 Dzmuones

223 2325 428 2392 quippe
463 2322 699 2394 fugiunt.
736 2324 823 2380 ubi
872 2325 1053 2380 vident
1097 2326 1414 2396 sanguinem
1457 2327 1834 2394 Dominicum;

224 2427 523 2472 accurrunt
564 2425 745 2472 autem
794 2419 991 2490 angeli.
1023 2418 1121 2474 llic
1154 2421 1373 2491 sanguis
1420 2419 1623 2477 effusus
1666 2431 1835 2477 totum

224 2508 417 2563 orbem
449 2509 678 2564 abluit'.
715 2510 871 2565 Multa
903 2509 972 2566 de
1001 2510 1104 2566 hoc
1130 2513 1391 2583 sanguine
1421 2511 1608 2567 beatus
1638 2513 1837 2568 Paulus

225 2599 278 2654 iu
327 2601 570 2670 Epistola
601 2603 668 2656 ad
719 2601 976 2658 Hebraeos
1026 2604 1402 2675 philosophice
1453 2604 1695 2660 tradidit.
1739 2605 1839 2662 Hic

224 2696 450 2764 sanguis
478 2696 635 2768 adyta
665 2705 720 2752 et
748 2705 932 2752 sancta
961 2705 1272 2752 sanctorum
1303 2698 1572 2768 purgavit.
1606 2698 1760 2767 Quod
1791 2699 1838 2754 si

225 2786 346 2855 ejus
395 2786 562 2857 figura
605 2797 810 2843 tantam
846 2790 950 2842 vim
983 2788 1172 2844 habuit
1201 2788 1255 2844 in
1301 2789 1652 2845 Hebraeorum
1695 2799 1836 2845 tem-

225 2879 337 2946 plo,
385 2879 437 2930 in
475 2877 647 2932 media
700 2878 955 2950 Egypto,
1009 2878 1286 2935 liminibus
1338 2895 1614 2952 aspersus,
1668 2882 1838 2937 multo

226 2969 492 3040 majorem
523 2971 634 3040 ipsa
659 2972 857 3026 veritas
881 2971 1064 3027 habet.
1086 2971 1184 3027 llic
1205 2973 1423 3044 sanguis
1440 2988 1586 3028 aram
1614 2988 1835 3030 auream

225 3061 467 3115 sacravit
494 3080 508 3116 ς
541 3062 660 3116 sine
693 3060 797 3116 hoc
826 3077 930 3116 non
955 3063 1185 3117 audebat
1211 3064 1464 3134 princeps
1491 3064 1835 3120 sacerdotum

226 3154 283 3208 in
307 3153 465 3227 adyta
495 3154 724 3225 ingredi.
774 3155 871 3210 llic
916 3158 1135 3226 sanguis
1166 3157 1481 3212 sacerdotes
1527 3159 1836 3226 ordinabat,

226 3247 319 3303 hic
361 3248 411 3302 in
444 3247 630 3318 figuris
659 3257 873 3317 peccata
923 3248 1193 3304 abluebat.
1223 3249 1278 3303 Si
1323 3249 1383 3311 in
1413 3251 1599 3321 figuris
1631 3260 1836 3306 tantam

226 3343 337 3396 vim
366 3339 575 3404 habuit,
605 3345 650 3396 si
687 3342 929 3396 umbram
974 3346 1045 3396 ita
1076 3357 1225 3398 mors
1254 3343 1498 3412 horruit;
1527 3345 1834 3408 veritatem,

225 3450 438 3506 qumso,
466 3445 724 3506 quantum
754 3433 1108 3491 formidabit?
1160 3435 1256 3492 llic
1283 3439 1503 3507 sanguis
1529 3438 1676 3494 salus
1707 3439 1840 3492 ani-

226 3542 439 3581 marum
493 3535 799 3582 nostrarum
842 3537 971 3583 est:
1025 3529 1126 3584 hoc
1165 3529 1436 3584 abluitnr'
1481 3534 1692 3597 anima,
1738 3530 1838 3586 hoc

226 3631 484 3686 ornatur,
539 3620 644 3676 hoc
696 3620 1000 3676 incenditur
1050 3639 1064 3676 :
1121 3621 1208 3678 hic
1244 3624 1365 3692 igne
1414 3624 1837 3693 splendidiorem

228 3723 468 3770 mentem
499 3723 740 3772 nostram
771 3715 950 3772 reddit
983 3731 998 3770 :
1045 3715 1133 3772 hic
1161 3719 1384 3788 sanguis
1409 3717 1612 3773 effusus
1643 3719 1834 3773 eat-lum

229 3806 474 3877 pervium
509 3806 655 3862 fecit.

300 3898 355 3953 4.
399 3896 702 3954 Tremenda
737 3913 866 3955 vere
890 3900 1146 3969 mysteria
1175 3900 1468 3967 Ecclesia;
1505 3902 1834 3958 horrendum

228 4005 362 4047 vere
389 3991 579 4047 altare.
611 3991 690 4046 Ex
717 3992 967 4061 paradiso
998 3994 1118 4048 fons
1146 3995 1392 4049 scaturiit
1418 3996 1650 4051 scnsiles
1679 3997 1834 4050 emit-

228 4087 353 4137 teus
411 4081 643 4138 fluvios:
676 4099 741 4139 ex
797 4083 898 4140 hac
953 4100 1138 4141 mensa
1197 4086 1317 4142 fons
1370 4088 1596 4143 scaturit
1643 4087 1837 4143 ﬂuvios

227 4175 486 4232 cmitteus
518 4175 846 4248 spirituales.
876 4178 957 4232 Ad
986 4179 1129 4235 hunc
1157 4179 1358 4236 fontem
1400 4181 1684 4252 eriguntur
1729 4197 1837 4237 non

231 4266 432 4322 salices
489 4269 866 4334 infructuose.
899 4269 994 4328 sed
1044 4271 1268 4328 arbores
1319 4273 1386 4328 ad
1441 4275 1614 4344 ipsum
1646 4275 1836 4330 caelum

233 4361 626 4430 pertingentes,
663 4377 783 4432 quae
821 4360 1027 4418 fruetus
1055 4378 1270 4436 semper
1298 4366 1603 4437 producunt
1633 4376 1840 4438 tempe-

235 4452 431 4516 stivos,
464 4453 553 4522 qui
602 4468 894 4524 numquam
942 4440 1303 4512 marcescunt.
1349 4457 1404 4514 Si
1451 4461 1573 4529 quis
1618 4470 1836 4526 :estuat,

235 4541 381 4599 hunc
401 4541 561 4599 adeat
589 4543 814 4612 fontem,
831 4554 885 4601 et
908 4546 1159 4603 ardorem
1185 4555 1468 4620 temperet.
1487 4548 1623 4606 Nam
1646 4559 1840 4608 aestum

236 4635 404 4706 fugat,
433 4644 489 4689 et
517 4635 706 4692 adusta
733 4638 914 4692 omnia
946 4642 1231 4710 refrigerat
1263 4659 1276 4695 :
1311 4659 1418 4697 non
1461 4661 1581 4714 quae
1614 4661 1680 4699 ex
1708 4646 1840 4699 solis

234 4728 433 4784 ardore
464 4739 716 4798 astuant,
745 4731 837 4785 sed
867 4747 986 4801 qme
1018 4733 1188 4802 igneis
1236 4736 1445 4804 sagittis
1473 4747 1664 4791 exusta
1691 4749 1834 4793 sunt.

235 4821 542 4895 Supernum
570 4824 715 4880 enim
758 4824 916 4882 habet
959 4828 1282 4900 principium
1310 4839 1366 4885 et
1404 4833 1665 4898 radicem,
1698 4833 1841 4889 unde

296 4981 312 5048 ξ
351 4978 446 5030 Alii
463 4978 657 5048 legunt,
681 4979 760 5048 hic
783 4983 980 5045 sanguis
995 4983 1244 5048 mysticus.

289 5043 315 5111 ξ
341 5049 490 5111 {usta
511 5044 678 5111 iteret.
695 5043 992 5111 legendum,
1017 5043 1214 5111 eiipuit.
1243 5063 1360 5111 pro,
1386 5051 1558 5105 abluit.

296 5105 316 5135 ³
354 5104 491 5154 idem
518 5106 660 5169 legit,
687 5104 1108 5172 la't'tﬁcutur,'pro',
1131 5104 1365 5163 abluitur.

1217 368 1284 426 IN
1323 358 1640 423 JOANNEM
1683 355 1917 414 nomL.
1961 355 2172 416 XLvu.
2211 365 2282 420 al.
2327 367 2512 426 xm,

3451 374 3560 432 28⁸2

1947 467 2003 514 et
2031 458 2303 530 irrigatur.
2338 462 2413 516 Ex
2460 461 2562 516 hoc
2606 461 2755 517 fonte
2799 463 2954 518 multi
3002 463 3102 519 rivi
3147 477 3389 534 manant,
3420 487 3556 539 quos

1948 553 2146 607 emittit
2162 553 2490 616 Paraclctus,
2509 555 2784 626 Filiusqu
2801 557 3069 612 mediator
3083 569 3167 614 est
3184 579 3195 613 :
3213 575 3318 615 non
3340 562 3558 622 bidente

1946 644 2089 697 viam
2139 653 2311 711 parat,
2341 645 2432 698 sed
2483 645 2732 700 affectum
2767 656 3015 702 nostrum
3048 651 3238 716 aperit.
3291 651 3389 707 llic
3439 651 3559 708 fons

1949 733 2085 788 lucis
2116 744 2218 800 cst,
2252 738 2495 791 veritatis
2525 739 2704 794 radios
2736 739 3060 795 difl‘umlrus.
3097 742 3229 795 lluie
3268 745 3429 798 etiam
3451 747 3559 800 ‘ad-

1947 834 2092 879 stant
2148 840 2397 895 superna:
2445 829 2712 896 virtutes,
2767 832 3044 886 alveorum
3099 834 3554 902 pulchritudinem

1949 915 2223 972 intuentes
2259 935 2270 969 :
2305 919 2428 986 quia
2458 920 2657 975 clarius
2707 924 2998 992 proposita:
3041 924 3119 978 rri
3148 926 3276 988 vim,
3310 938 3364 980 et
3411 929 3553 982 inar-

1945 1024 2132 1065 ct-SSos
2177 1010 2359 1066 radios
2405 1013 2756 1082 perspiciunt.
2789 1013 2858 1070 Ut
2884 1014 3028 1069 enim
3061 1017 3106 1070 si
3142 1018 3264 1084 quis
3298 1019 3348 1072 in
3371 1019 3549 1088 lique-

1945 1104 2143 1160 faetnm
2172 1122 2363 1161 aurum
2398 1123 2616 1162 manum
2659 1111 2741 1164 vel
2788 1111 3021 1178 linguam
3053 1114 3274 1181 iujiciat,
3302 1117 3344 1168 si
3377 1128 3555 1172 tamen

1945 1195 1997 1251 id
2025 1197 2138 1251 fieri
2177 1199 2367 1266 possit,
2396 1201 2578 1253 statim
2611 1201 2908 1257 inauratam
2942 1203 3152 1267 reddit;
3187 1205 3236 1258 id
3283 1212 3554 1276 proposita

1946 1281 2200 1361 mysteria
2233 1290 2391 1361 longe
2415 1293 2608 1347 melius
2637 1293 2832 1350 animm
2860 1306 3133 1363 praestant.
3171 1297 3389 1354 Fluvios
3409 1302 3554 1356 enim

1945 1381 2067 1452 igne
2107 1383 2403 1439 ferventius
2439 1383 2662 1450 ebullit;
2715 1397 2768 1440 at
2797 1402 2906 1441 non
2953 1389 3077 1454 urit,
3109 1388 3203 1444 sed
3238 1392 3400 1446 abluit
3435 1403 3555 1448 tan-

1945 1485 2079 1529 tntn.
2123 1474 2277 1530 Hunc
2314 1475 2630 1546 sanguinem
2655 1478 2786 1532 olim
2831 1479 3246 1549 praefigurabant
3275 1482 3329 1536 in
3366 1485 3556 1539 altari-

1943 1567 2066 1632 bus,
2093 1566 2145 1622 in
2175 1567 2428 1638 legitimis
2449 1569 2722 1624 cmdibus:
2752 1569 2852 1624 hoc
2881 1580 2965 1626 est
2991 1572 3139 1626 orbis
3167 1573 3418 1642 pretium.
3457 1575 3558 1630 hoc

1943 1667 2028 1714 est
2053 1674 2160 1728 quo
2186 1659 2436 1715 Christus
2486 1660 2781 1717 Ecclesium
2831 1664 2994 1724 emit.
3042 1666 3144 1719 hoc
3194 1665 3339 1719 illam
3388 1675 3556 1721 totam

1944 1751 2177 1806 ornavit.
2210 1751 2276 1808 Ut
2302 1752 2446 1806 enim
2478 1753 2568 1823 qui
2599 1765 2787 1810 servos
2805 1756 2960 1818 emit,
2992 1771 3181 1810 aurum
3215 1757 3325 1819 dat.
3357 1768 3412 1813 ct
3439 1759 3558 1812 illos

1943 1840 1988 1894 si
2021 1855 2220 1895 ornare
2259 1843 2408 1910 velit,
2441 1859 2574 1897 auro
2602 1853 2758 1898 ornat
2785 1862 2799 1899 τ
2831 1843 2900 1898 ita
2932 1855 2985 1898 ct
3011 1845 3257 1905 Christus
3299 1863 3398 1903 ms
3425 1863 3554 1903 san-

1943 1933 2104 2003 guine
2127 1947 2227 1987 suo
2257 1945 2310 1989 et
2332 1936 2461 1989 emit
2480 1942 2533 1988 et
2551 1934 2904 2004 ornavit.Qui
2939 1935 3098 2006 hujus
3126 1940 3403 2009 sanguinis
3432 1957 3556 2010 par-

1945 2026 2133 2094 ticipes
2162 2037 2305 2094 sunt,
2337 2042 2458 2081 cum
2486 2021 2691 2099 angelis
2736 2037 2882 2083 stant
2913 2039 2965 2085 et
2995 2030 3340 2101 archangelis
3367 2044 3422 2088 et
3463 2050 3557 2087 su-

1943 2118 2128 2187 pernis
2157 2121 2534 2188 potestatibus,
2554 2122 2703 2191 regia
2727 2121 2925 2176 Christi
2953 2125 3088 2179 stola
3121 2124 3287 2179 induti
3314 2134 3370 2180 et
3393 2129 3558 2182 armis

1944 2205 2313 2278 Spiritualihus
2351 2195 2763 2268 instructiQScd
2817 2215 2945 2268 nihil
2999 2231 3248 2285 magnum
3299 2217 3560 2275 hactenus

1943 2302 2053 2356 disi
2089 2319 2104 2356 :
2138 2319 2258 2358 nam
2296 2305 2413 2373 ipso
2446 2315 2573 2359 sunt
2619 2306 2790 2361 induti
2840 2323 2988 2378 rege.
3021 2308 3125 2362 Sed
3176 2311 3313 2363 sicut
3357 2325 3443 2366 res
3475 2321 3557 2365 est

1944 2410 2136 2465 magna
2182 2403 2238 2451 et
2282 2397 2581 2452 mirabilis:
2612 2398 2681 2454 ita
2725 2400 2770 2454 si
2811 2416 2931 2454 cum
2963 2401 3196 2471 puritate
3238 2404 3556 2470 accesseris,

1944 2486 2011 2541 ad
2064 2487 2294 2543 salutem
2345 2490 2652 2556 accessisti;
2684 2491 2728 2546 si
2759 2506 2880 2547 eum
2923 2493 3061 2545 mala
3097 2493 3459 2557 ceuscimtia,
3492 2494 3557 2549 ad

1945 2579 2266 2648 supplicium
2296 2590 2350 2635 et
2392 2580 2671 2636 ultionem.
2719 2581 2818 2650 Qui
2855 2583 2990 2636 enim
3034 2583 3332 2648 manducat,
3363 2585 3558 2656 inquit,

1945 2682 1991 2724 et
2033 2670 2153 2726 bibit
2195 2673 2403 2742 indigne
2452 2671 2706 2740 Domino,
2741 2674 2999 2746 judicium
3047 2675 3141 2730 sibi
3189 2676 3465 2730 numducat
3516 2687 3560 2729 et

1947 2761 2069 2816 bibit
2104 2764 2181 2836 (l.
2207 2763 2326 2818 Cor.
2361 2765 2450 2820 il.
2488 2764 2603 2834 29).
2633 2765 2687 2820 Si
2721 2767 2900 2836 itaque
2930 2766 2965 2822 ii
2992 2768 3081 2837 qui
3117 2768 3316 2835 regiam
3351 2782 3557 2839 purpu-

1945 2868 2060 2909 ram
2107 2856 2408 2926 inquiuaut,
2441 2873 2506 2912 ac
2549 2859 2593 2911 si
2642 2858 3032 2923 discinderem,
3066 2860 3399 2930 puniuntur:
3431 2861 3557 2929 quid

1947 2947 2141 3002 mirum
2171 2950 2214 3001 si
2240 2949 2272 3003 ii
2297 2950 2386 3018 qui
2411 2949 2689 3004 immundo
2709 2950 2893 3005 animo
2920 2950 3023 3006 hoc
3039 2965 3238 3020 corpus
3265 2953 3551 3022 accipiunt,

1947 3038 2088 3094 idem
2130 3041 2357 3094 subeant
2401 3042 2746 3110 supplicium,
2780 3041 2923 3111 quod
2974 3042 3006 3096 ii
3051 3041 3142 3109 qui
3190 3041 3318 3096 illud
3362 3058 3564 3110 corpus

1945 3131 2120 3188 clavis
2174 3132 2610 3188 transflxerunt‘t
2659 3134 2792 3189 Vide
2839 3149 2999 3204 quam
3056 3134 3298 3190 terribile
3361 3136 3560 3190 Paulus

1947 3225 2200 3280 exhibeat
2216 3228 2538 3296 supplicium
2559 3245 2572 3283 :
2599 3226 2812 3281 Im’tam
2829 3228 2943 3297 quis
2962 3228 3156 3295 faciens
3179 3226 3339 3300 legem
3361 3225 3555 3301 Moysi,

1946 3319 2056 3372 sine
2084 3317 2194 3372 ulla
2221 3319 2547 3373 miseratione
2570 3319 2767 3373 duobus
2787 3320 2865 3373 vel
2885 3319 3046 3374 tribus
3068 3319 3276 3375 testibus
3310 3322 3557 3375 moritur:

1945 3423 2136 3485 quanto
2175 3413 2339 3484 magis
2393 3413 2586 3480 putatis
2635 3411 2889 3465 deteriora
2929 3414 3116 3466 mereri
3161 3413 3438 3483 supplicia,
3469 3415 3558 3486 qui

1947 3504 2144 3560 Filium
2171 3503 2270 3559 Dei
2307 3504 2702 3571 conculcaverit,
2727 3513 2775 3558 et
2800 3505 3102 3574 sanguinem
3129 3512 3414 3561 testamenti
3444 3507 3561 3578 pol-

1947 3596 2112 3652 lulum
2155 3597 2387 3658 duxerit,
2421 3596 2475 3650 in
2511 3611 2611 3665 quo
2635 3596 2985 3667 sanctiﬁcatus
3024 3606 3097 3650 est
3129 3595 3314 3668 (Ilebr.
3348 3597 3434 3652 l0.
3464 3599 3555 3654 28.

1944 3690 2078 3760 29)?
2104 3689 2645 3758 Attendaums‘igitur
2672 3687 2831 3742 nobis
2857 3687 3232 3757 ipsis,dilecti,
3250 3705 3371 3744 cum
3398 3692 3559 3744 tantis

1943 3783 2186 3838 fruamur
2235 3781 2426 3846 bonis;
2460 3792 2515 3837 et
2559 3796 2684 3836 cum
2713 3792 2870 3852 turpe
2896 3781 3171 3851 quidpiam
3218 3783 3366 3854 loqui
3413 3783 3559 3840 subit

1945 3877 2206 3942 animum,
2239 3875 2320 3929 vel
2370 3874 2586 3944 quando
2617 3875 2718 3941 ira,
2749 3875 2833 3930 vel
2883 3889 3047 3945 pravo
3079 3875 3330 3945 quopiam
3362 3875 3558 3931 affectu

1944 3984 2046 4025 nos
2097 3968 2295 4038 corripi
2349 3967 2646 4034 cernimus,
2680 3966 2962 4022 nobiscum
3006 3978 3319 4037 reputemus
3363 3968 3558 4038 quibus

1942 4062 2147 4133 dignati
2180 4061 2348 4115 simus
2380 4058 2675 4123 beneflciis,
2695 4065 2854 4128 quem
2878 4058 3137 4128 Spiritum
3165 4059 3558 4128 acceperimus.

1947 4157 2074 4213 llmc
2093 4155 2346 4225 cogitatio
2376 4137 2591 4208 nostros
2614 4151 2968 4222 temperabit‘
2999 4151 3244 4208 affectus.
3268 4151 3560 4222 Quousque

1944 4251 2088 4305 euim
2141 4249 2303 4303 rebus
2327 4245 2687 4316 prmsentibus
2715 4245 3082 4300 hmrebimus?
3127 4261 3410 4316 quousque
3453 4263 3559 4300 non

1945 4339 2346 4396 excitahimur?
2381 4353 2665 4409 quousque
2697 4338 2896 4391 mdlam
2926 4335 3116 4392 salutis
3144 4347 3344 4392 nostra:
3373 4352 3559 4392 curam

1947 4431 2305 4488 habebimus?
2335 4430 2649 4500 Cogitemus
2673 4429 2995 4496 quibusnam
3026 4444 3124 4482 nos
3148 4429 3290 4483 Deus
3311 4428 3561 4499 dignatus

1947 4526 2040 4588 sit,
2081 4524 2282 4595 gratias
2328 4535 2574 4591 agamus,
2617 4513 2842 4592 gloriam
2877 4518 3197 4581 referamus,
3248 4534 3355 4574 nou
3402 4520 3563 4576 modo

1950 4633 2047 4688 per
2071 4617 2251 4678 fidem,
2280 4615 2374 4670 sed
2408 4614 2569 4669 etiam
2605 4629 2698 4683 per
2722 4628 2923 4682 opera:
2967 4621 3026 4667 ut
3060 4612 3236 4666 futura
3266 4628 3562 4684 consequa-

1950 4725 2073 4763 mur
2103 4707 2266 4770 boua,
2297 4704 2463 4776 gratia
2497 4714 2552 4760 et
2591 4704 2923 4775 benignitate
2971 4704 3179 4758 Domini
3221 4705 3390 4758 nostri
3435 4704 3563 4759 ,ιι-εει

1949 4800 2173 4863 Christi,
2196 4799 2411 4869 quicum
2449 4797 2588 4852 Patri
2621 4796 2815 4867 gloria,
2837 4811 2940 4849 una
2967 4810 3089 4849 cum
3119 4806 3309 4850 sancto
3335 4795 3562 4863 Spiritu,

1950 4909 2096 4950 nunc
2118 4903 2172 4948 et
2197 4906 2415 4962 semper
2441 4900 2495 4946 et
2526 4890 2578 4944 in
2609 4888 2809 4944 smcula
2837 4887 3191 4943 saeculorum.
3225 4890 3418 4944 Amen.

2019 5095 2036 5129 ¹
2075 5090 2171 5144 Alii
2196 5090 2402 5148 habent,
2430 5089 2681 5148 temperet.

229 5185 3572 5215 .___________________________________________________

1602 5256 1779 5318 HOM
1789 5260 1956 5321 lLlA
2020 5255 2255 5321 XLVII.

235 5346 360 5404 Car.
403 5346 457 5410 6,
515 5363 563 5401 v.
606 5350 694 5404 53.
743 5349 884 5404 Dixit
928 5367 1048 5423 ergo
1089 5353 1160 5407 eis
1205 5351 1356 5408 Iesus
1395 5371 1414 5409 :
1457 5356 1653 5421 Amen,
1701 5375 1850 5414 amen

308 5441 422 5494 dico
450 5441 609 5504 vobis,
638 5442 735 5495 nisi
773 5445 1202 5498 manducaveritis
1239 5459 1446 5499 carnem
1476 5446 1601 5501 Filii
1628 5449 1849 5504 hominis

307 5545 352 5585 et
374 5533 402 5585 b
427 5532 602 5587 beritis
623 5535 734 5603 ejus
767 5537 1089 5606 sanguinem,
1122 5554 1222 5589 non
1245 5537 1489 5592 habebitis
1515 5540 1669 5593 vitam
1695 5552 1848 5594 arter-

309 5640 428 5677 nam
480 5625 530 5678 in
579 5625 736 5680 vobis.
768 5627 858 5682 54.
895 5627 996 5692 Qui
1038 5640 1208 5682 autem
1238 5631 1513 5684 manduca:
1543 5649 1706 5686 meam
1735 5650 1848 5686 car-

310 5734 460 5783 nem,
509 5729 554 5772 et
605 5717 725 5772 bibit
779 5736 946 5773 nteant
994 5722 1339 5793 sanguinem,
1403 5724 1550 5778 liabet
1595 5726 1750 5779 vitam
1795 5726 1848 5778 in

309 5824 462 5866 seruet
469 5812 484 5864 i
487 5828 598 5880 psa.

320 5905 364 5960 ι.
404 5905 540 5962 Cum
573 5904 640 5963 de
689 5906 854 5965 rebus
900 5910 1268 5981 splritualibus
1314 5911 1661 5983 disserimus,
1710 5911 1841 5969 nihil

1955 5356 2216 5414 smeulnre
2263 5353 2334 5408 sit
2373 5352 2425 5406 iu
2470 5348 2666 5404 animis
2713 5347 2938 5411 nostris.
2975 5347 3105 5402 nihil
3147 5355 3442 5415 terrenum,
3474 5348 3566 5403 sed

1957 5450 2043 5505 his
2070 5445 2319 5502 omnibus
2347 5442 2610 5497 abdicatis
2635 5456 2699 5494 ac
2725 5439 3202 5509 depulsis.divinis
3231 5442 3569 5496 sermonibus

1957 5542 2054 5598 toti
2084 5540 2409 5594 hmreamus.
2437 5536 2571 5591 Nam
2623 5533 2668 5589 si
2700 5527 2826 5603 rege
2856 5534 2909 5586 in
2954 5533 3138 5588 urbem
3185 5534 3452 5593 veniente.
3491 5543 3570 5586 tu-

1954 5634 2158 5691 multus
2205 5632 2383 5686 omuis
2422 5627 2744 5696 depellitur;
2788 5626 2958 5680 multo
3007 5625 3176 5694 magis
3219 5624 3421 5693 Spiritu
3473 5641 3570 5680 nos

1956 5727 2288 5796 alloqueule,
2337 5737 2458 5776 cum
2505 5719 2675 5774 multa
2722 5720 2925 5789 quiete,
2973 5732 3096 5773 cum
3141 5716 3311 5770 multo
3363 5726 3569 5772 terrore

1954 5819 2142 5875 atulire
2193 5832 2290 5872 nos
2341 5831 2439 5886 par
2487 5823 2592 5870 est.
2630 5812 2871 5870 Horrore
2908 5825 3142 5880 namque
3194 5809 3356 5881 digna
3413 5810 3569 5866 hodie

1961 5913 2096 5969 lecta
2128 5920 2271 5967 sunt.
2305 5909 2438 5965 Audi
2484 5907 2651 5964 οιιίιιι.
2705 5904 2862 5958 Amen
2903 5902 3017 5956 dico
3048 5900 3204 5968 vobis,
3239 5901 3428 5973 inquit,
3463 5901 3567 5954 uisi
