4024 6448
499 383 601 440 265

498 496 610 558 quis
640 487 1009 544 manducauerit
1037 498 1235 537 carnem
1277 500 1465 548 meam,
1493 493 1537 536 et
1576 478 1750 534 biberit
1778 474 2070 545 sanguinem

500 599 683 641 meum,
699 595 796 632 non
818 578 1013 631 habebit
1033 575 1186 628 vitam
1208 575 1260 628 in
1278 575 1542 643 semetipso
1557 573 1595 623 ί.
1609 570 1739 636 Quia
1763 567 1907 638 prius
1923 564 2073 618 dixe-

503 680 619 725 rant
666 669 713 722 id
746 665 1076 736 impossibile
1104 680 1245 727 esse.
1279 662 1512 719 ostendit
1562 659 1611 714 id
1644 674 1748 712 non
1781 654 1938 710 modo
1968 668 2073 707 non

503 758 864 829 impossibile.
931 760 1027 813 sed
1079 758 1239 813 etiam
1302 754 1456 808 valde
1512 749 1870 805 necessarium
1933 758 2072 799 esse.

498 849 853 916 Quamobrem
887 850 1064 905 subdit
1094 866 1107 901 :
1141 848 1240 912 Qui
1280 845 1555 898 manducat
1596 855 1756 893 meam
1781 852 2003 899 carnem,
2029 844 2075 887 et

499 944 618 997 bibit
646 958 811 1000 meum
838 942 1151 1013 sanguinem,
1175 937 1319 991 habet
1345 936 1498 989 vitam
1524 942 1784 996 attentam,
1812 938 1860 983 et
1886 943 1975 998 ego
1995 942 2076 980 re-

500 1035 753 1092 suscitabo
773 1050 883 1087 eum
923 1034 976 1085 in
1015 1028 1280 1084 novissimo
1305 1027 1405 1081 die.
1430 1025 1561 1093 Quia
1593 1025 1732 1079 enim
1760 1022 1982 1080 dixerat,
2014 1017 2077 1074 Si

500 1128 613 1195 quis
640 1122 1014 1177 manducauerit
1037 1135 1103 1174 ea:
1126 1119 1222 1173 hoc
1264 1134 1414 1189 pane,
1448 1133 1550 1170 non
1578 1116 1813 1168 morietur
1835 1111 1887 1166 in
1930 1121 2077 1167 ater-

502 1231 665 1277 num;
706 1212 1099 1281 verisimileque
1136 1219 1251 1266 erat
1287 1208 1412 1262 hinc
1438 1207 1561 1261 illos
1596 1205 1828 1259 offensos
1856 1202 1986 1266 fore,
2019 1209 2077 1255 ut

503 1310 645 1376 prius
682 1320 802 1361 cum
844 1305 1105 1366 dicerent,
1158 1302 1415 1356 Abraham
1458 1308 1685 1352 mortuus
1724 1304 1818 1362 est,
1862 1304 1907 1349 et
1952 1309 2075 1363 pro-

501 1401 663 1467 pheta:
696 1397 881 1451 mortui
906 1405 1044 1457 sunt,
1078 1404 1125 1448 et
1151 1390 1402 1463 quomodo
1450 1401 1506 1445 tu
1548 1390 1696 1451 dicis,
1730 1404 1827 1442 non
1856 1385 2076 1458 gustabit

502 1488 758 1543 mortem?
808 1486 1249 1543 resurrectionem
1292 1483 1438 1553 ponit
1464 1481 1677 1537 solvens
1702 1477 2072 1548 quaestionem,

501 1590 554 1633 et
595 1577 882 1634 ostendens
910 1592 1015 1630 non
1048 1575 1361 1630 moriturum
1408 1587 1529 1629 esse
1578 1585 1743 1640 usque
1793 1570 1843 1623 in
1889 1566 2068 1621 linem.

505 1670 836 1739 Frequenter
873 1676 1051 1722 autem
1082 1667 1133 1721 in
1164 1665 1433 1736 mysteriis
1462 1671 1724 1728 versatur,
1748 1670 1806 1715 ut
1830 1657 2079 1714 ostendat

500 1775 655 1828 quam
684 1760 980 1814 necessaria
1014 1774 1101 1814 res
1132 1758 1222 1823 sit,
1251 1766 1306 1812 et
1330 1755 1470 1826 quod
1509 1756 1726 1809 omnino
1762 1752 1881 1807 ﬁeri
1916 1766 2076 1821 opor-

502 1861 626 1903 teat.
652 1849 782 1904 Nam
809 1850 897 1905 55.
925 1849 1055 1905 Caro
1082 1866 1189 1902 mea
1210 1864 1324 1902 vere
1342 1856 1410 1902 est
1437 1848 1595 1908 cibus,
1620 1856 1664 1899 et
1690 1846 1895 1915 sanguis
1937 1860 2075 1898 meus

499 1956 609 1993 vere
636 1948 709 1994 est
748 1951 915 2008 potus.
945 1938 1078 2006 Quid
1104 1938 1203 1995 sibi
1234 1939 1344 1992 vult
1382 1936 1551 1993 illud?
1599 1939 1707 1991 Aut
1732 1936 1844 1989 vult
1873 1934 2077 2005 signiti-

498 2046 641 2094 care,
675 2030 815 2085 hunc
863 2044 983 2087 esse
1012 2045 1192 2084 verum
1224 2028 1398 2084 cibum
1418 2069 1432 2092 ,
1463 2028 1550 2098 qui
1593 2028 1821 2082 animam
1864 2036 2072 2090 servet;

501 2135 589 2175 aut
619 2122 731 2177 vult
759 2121 915 2177 dictis
959 2123 1074 2177 suis
1121 2122 1276 2175 ﬁdem
1325 2120 1519 2187 dicere,
1551 2136 1614 2174 ne
1645 2129 1829 2189 putent
1855 2118 1903 2173 id
1931 2119 2071 2189 quod

499 2216 699 2269 dictum
728 2214 845 2278 fuit,
876 2216 1098 2284 trnigma
1129 2214 1210 2269 vel
1242 2214 1543 2284 parabolam
1571 2228 1691 2268 esse
1711 2254 1725 2277 ,
1767 2212 1859 2266 sed
1904 2212 2075 2266 sciant

498 2316 745 2374 tqmrtere
798 2305 1015 2360 omnino
1061 2319 1252 2374 corpus
1301 2304 1602 2359 comedere.
1632 2302 1832 2357 Deinde
1856 2303 1950 2368 ait,
1980 2302 2069 2357 56.

502 2398 601 2461 Qui
631 2396 901 2451 manducet
940 2413 1100 2450 meam
1140 2412 1361 2461 carnem,
1400 2396 1453 2449 in
1485 2412 1561 2450 me
1610 2404 1799 2461 manet,
1829 2404 1885 2447 nt
1910 2394 2075 2464 signi-

501 2490 620 2543 ticet
661 2486 802 2558 quod
849 2503 907 2542 se
935 2504 1054 2543 cum
1088 2488 1202 2557 ipso
1231 2488 1542 2543 admisceat.
1578 2487 1727 2554 Quod
1756 2498 1931 2541 autem
1983 2501 2071 2543 se-

495 2578 696 2646 quitur,
720 2592 823 2631 non
845 2576 1119 2632 colum-ere
1152 2577 1383 2641 videtur,
1418 2577 1517 2631 nisi
1547 2577 1899 2631 attendamus.
1919 2577 2071 2645 Qum,

498 2672 689 2736 inquit,
721 2677 803 2723 est
829 2671 1227 2735 consequentia,
1254 2679 1531 2739 postquam
1553 2669 1779 2735 dixerat,
1810 2671 1909 2738 Qui
1930 2688 2075 2724 mmi-

497 2763 647 2815 ducat
688 2777 850 2814 meam
902 2778 1123 2824 carnem,
1153 2763 1207 2815 in
1257 2779 1334 2817 me
1376 2774 1562 2827 ntanet,
1607 2763 1946 2832 subjungere,
1979 2764 2070 2818 57.

497 2852 642 2906 Sicut
679 2853 812 2905 misit
850 2870 930 2907 me
969 2855 1133 2907 vivens
1163 2851 1337 2918 Pater,
1370 2855 1442 2906 ita
1486 2862 1531 2908 et
1575 2870 1666 2924 ego
1715 2854 1822 2907 vivo
1869 2866 2073 2924 propter

499 2945 750 2999 Putrem?
796 2944 907 2999 lmo
960 2946 1072 3000 lure
1103 2961 1344 3014 magnam
1402 2945 1600 3000 habent
1645 2947 2070 3001 consonantiam.

495 3036 627 3091 Nam
656 3050 776 3091 cum
806 3037 965 3090 vitam
996 3045 1250 3091 reternam
1283 3052 1424 3105 smpe
1453 3037 1691 3101 dixisset,
1722 3037 1787 3091 ad
1840 3038 1891 3091 id
1941 3053 2071 3093 con-

496 3125 812 3179 ﬁrmandum
860 3125 1025 3187 addit,
1073 3124 1136 3179 In
1161 3143 1239 3180 me
1266 3136 1447 3180 manet.
1484 3127 1539 3181 Si
1580 3128 1719 3181 enim
1754 3128 1805 3181 in
1841 3143 1925 3183 me
1957 3143 2071 3182 ma-

497 3227 603 3277 net,
650 3225 702 3268 et
729 3231 827 3286 ego
859 3217 997 3279 vivo,
1032 3217 1203 3284 palam
1234 3228 1316 3270 est
1358 3228 1412 3270 et
1459 3218 1603 3271 illum
1635 3233 1753 3273 esse
1785 3220 2068 3273 victurum.

496 3306 697 3361 Deinde
725 3307 843 3361 ait:
890 3307 1033 3361 Sicut
1076 3308 1211 3361 misit
1259 3325 1339 3362 me
1387 3309 1550 3364 vivens
1598 3309 1773 3365 Pater.
1822 3311 1946 3366 lla‘c
1990 3320 2073 3367 est

494 3397 821 3465 comparatio
848 3406 897 3452 et
925 3399 1237 3460 similitudo,
1258 3414 1320 3455 ac
1346 3402 1389 3453 si
1412 3400 1629 3465 diceret,
1651 3402 1785 3455 Vivo
1812 3418 1911 3469 ego
1936 3404 2072 3457 sicut

494 3498 540 3539 et
593 3488 767 3541 Pater.
816 3487 879 3541 Et
918 3504 984 3543 ne
1017 3489 1304 3558 ingenitum
1356 3500 1591 3560 putares,
1619 3492 1798 3544 statim
1846 3491 2069 3556 addidit,

499 3576 714 3644 Pmpter
765 3576 991 3644 Patrem,
1024 3595 1127 3633 non
1176 3579 1317 3648 quod
1364 3582 1673 3649 operatione
1724 3581 1951 3650 quadam
2006 3582 2070 3637 ad

494 3666 776 3719 vivendum
808 3682 942 3736 opus
974 3667 1181 3723 habeat.
1205 3667 1461 3737 Superius
1482 3671 1628 3724 enim
1656 3674 1793 3724 hanc
1819 3686 2072 3727 amovens

497 3757 854 3824 suspicionem
904 3758 1115 3812 dicebat
1170 3776 1182 3811 :
1237 3759 1383 3814 Sicut
1431 3758 1587 3813 Pater
1641 3760 1787 3815 habet
1826 3763 1977 3815 vitam
2018 3764 2074 3817 in

494 3849 771 3917 semetipso,
804 3865 877 3903 sic
910 3849 1048 3902 dedit
1076 3834 1136 3903 et“
1148 3849 1285 3903 Filio
1318 3852 1469 3903 vitam
1496 3851 1678 3905 habere
1706 3853 1757 3905 in
1783 3855 2067 3919 semetipso.

494 3937 645 4005 Quod
674 3939 717 3991 si
741 3947 893 4007 egeat
918 3940 1251 4009 operatione,
1280 3948 1533 4008 sequetur
1570 3951 1667 4009 ¹ιιιιι
1712 3940 1921 3997 Patrem
1965 3960 2069 3999 non

493 4004 725 4091 dedisse,
743 4004 796 4083 et
818 4028 867 4083 id
896 4029 1081 4083 lalsum
1104 4045 1256 4093 esse;
1294 4031 1377 4086 vel
1398 4032 1439 4084 si
1467 4004 1693 4094 dederit,
1717 4033 1861 4087 nullo
1885 4044 2071 4104 postea

493 4119 785 4186 Opitulante
840 4132 975 4187 opus
1027 4118 1327 4173 habiturum
1380 4136 1518 4175 esse.
1583 4120 1718 4187 Quid
1769 4124 1871 4179 sibi
1926 4127 2067 4193 vult,

497 4209 712 4280 Pmpter
739 4209 987 4264 Patrem?
1033 4210 1256 4266 Causam
1300 4213 1473 4266 solum
1518 4213 1734 4270 indicat.
1770 4215 1880 4273 lloc
1913 4233 2071 4287 porro

496 4304 599 4355 vult
632 4302 929 4372 signiﬁcare
961 4320 973 4355 :
1018 4304 1168 4357 Sicut
1207 4304 1334 4357 vivit
1384 4304 1559 4367 Pater,
1586 4314 1638 4359 et
1666 4321 1765 4376 ego
1811 4310 1951 4364 vivo.
2005 4311 2071 4365 Et

491 4396 575 4465 qui
622 4394 893 4447 manducat
938 4411 1035 4456 me,
1067 4404 1112 4448 et
1142 4395 1228 4448 ille
1252 4396 1373 4449 vivet
1404 4406 1609 4464 prapter
1653 4415 1748 4453 me.
1783 4400 1953 4455 Vitam
1985 4402 2071 4458 hic

491 4486 620 4538 dicit
654 4500 758 4537 non
785 4484 1241 4554 qualemcumque,
1273 4486 1365 4540 sed
1403 4488 1765 4555 conspicuam.
1797 4490 1947 4557 Quod
1976 4509 2071 4547 au-

493 4585 595 4628 tem
638 4574 686 4627 id
721 4589 822 4627 non
853 4574 918 4628 de
947 4574 1171 4643 simplici
1196 4576 1297 4629 vita
1340 4575 1500 4640 dicat,
1526 4577 1616 4632 sed
1645 4579 1712 4634 de
1740 4581 1969 4649 gloriosa
2014 4594 2069 4639 ct

493 4663 741 4717 ineliobili
783 4663 890 4727 illa,
924 4663 1047 4720 hinc
1084 4665 1254 4733 palam
1282 4676 1383 4732 est,
1416 4668 1555 4737 quod
1588 4684 1775 4725 omnes
1827 4672 2067 4731 inﬁdeles

491 4766 543 4809 et
595 4773 698 4810 non
750 4757 935 4811 initiati
980 4758 1177 4824 vivant,
1208 4759 1330 4814 licet
1355 4760 1421 4814 de
1450 4761 1566 4829 ejus
1595 4776 1755 4817 carne
1782 4779 1887 4819 non
1920 4783 2068 4821 man-

490 4848 705 4901 ducent.
738 4846 925 4901 Viden’
964 4849 1103 4918 quod
1134 4865 1237 4904 non
1280 4851 1345 4905 de
1395 4852 1491 4906 hac
1519 4853 1622 4907 vita
1651 4870 1828 4910 sermo
1858 4858 1944 4920 sit,
1973 4860 2066 4913 sed

490 4939 554 4990 de
589 4930 715 4990 illa?
744 4938 893 5005 Quod
925 4950 1099 4995 autem
1128 4941 1273 5006 dicit,
1308 4942 1609 5013 hujusmodi
1655 4956 1755 5001 est.
1782 4948 1880 5016 Qui
1920 4965 2069 5003 man-

488 5031 645 5083 ducat
697 5046 865 5083 meam
918 5046 1154 5098 carnem,
1188 5035 1461 5090 moriendo
1493 5054 1597 5092 non
1647 5041 1858 5108 peribit,
1895 5059 2065 5113 neque

494 5121 757 5185 punietur.
790 5120 898 5175 lmo
932 5139 1034 5175 non
1064 5123 1129 5177 de
1174 5128 1440 5181 communi
1473 5133 1861 5187 resurrectione
1894 5134 2064 5203 loqui-

494 5219 611 5271 tur;
665 5226 851 5266 onmes
896 5215 1091 5284 quippe
1146 5229 1459 5286 resurgcnt;
1510 5220 1602 5273 sed
1653 5221 1719 5277 de
1766 5224 1957 5277 eximia
2012 5237 2067 5279 et

487 5302 715 5367 gloriosa
769 5306 1175 5369 resurrectione,
1208 5323 1364 5375 quam
1418 5326 1622 5365 merces
1672 5326 1942 5383 sequetur.
1972 5316 2061 5370 59.

491 5388 587 5442 llic
613 5403 684 5445 est
712 5394 857 5460 panis
884 5396 967 5462 qui
992 5403 1054 5449 de
1094 5400 1215 5451 cado
1238 5400 1493 5453 descendit
1516 5420 1535 5453 :
1565 5420 1665 5456 non
1692 5407 1820 5458 sicut
1845 5410 2063 5461 mandu-

486 5495 718 5535 mverunt
747 5497 913 5553 patres
933 5491 1078 5540 vestri
1101 5506 1304 5551 manna,
1332 5502 1378 5544 et
1407 5495 1592 5545 mortui
1628 5508 1762 5549 sunt.
1800 5498 1900 5564 Qui
1924 5517 2063 5553 man-

485 5574 633 5625 ducat
678 5576 810 5628 [tunc
855 5595 1053 5645 panem,
1087 5585 1207 5634 vivet
1246 5584 1294 5634 in
1339 5592 1599 5637 aeternum.
1654 5584 1983 5657 Frequenter
2014 5592 2062 5645 itl

487 5665 689 5729 repetit,
720 5676 769 5717 ut
801 5668 850 5720 in
882 5680 1111 5722 mentem
1134 5672 1433 5727 auditorum
1464 5675 1644 5744 inligat
1678 5678 1895 5746 (ultima
1920 5681 2058 5735 enim

550 5777 561 5802 ¹
603 5776 728 5825 {dies
752 5777 946 5841 legitur,
968 5795 1058 5831 non
1084 5786 1220 5835 habet
1248 5793 1385 5837 t'ttnm
1411 5795 1507 5838 ατε,
1531 5801 1652 5841 nent.

1230 370 1284 423 S.
1321 366 1601 426 JOANNIS
1638 350 2108 420 CIIRYSUSTOMI
2152 349 2469 408 ARCIIIEP.
2509 349 3036 408 CONSTANTINOP.

3663 352 3788 408 ἨΜ

2185 466 2298 523 lucc
2336 476 2449 522 erat
2479 462 2779 536 doctrina),
2825 475 2881 521 et
2922 465 2990 521 de
3040 466 3453 532 resurrectione,
3485 479 3535 523 ct
3566 470 3635 528 de
3664 474 3784 525 vita

2182 568 2379 614 :eterna
2409 557 2540 612 ﬁdes
2570 556 2999 613 conﬁrmaretur.
3050 555 3277 624 Ideoque
3319 560 3784 616 resurrectionem

2184 649 2361 714 addit;
2388 657 2496 702 tum
2515 647 2635 716 quia
2662 646 2816 711 dixit,
2843 645 3009 700 Vitam
3032 656 3293 709 internum,
3313 657 3419 700 tum
3447 655 3503 700 ut
3522 649 3785 703 osmndat

2183 742 2325 797 illam
2359 743 2517 795 vitam
2548 754 2653 794 non
2682 755 2821 793 nunc
2851 753 2987 803 esse,
3021 737 3115 793 sed
3150 748 3268 807 post
3296 741 3781 797 resurrectionem.

2184 831 2250 889 Et
2279 832 2569 898 undcnarn,
2599 831 2829 901 inquies,
2861 830 2963 885 hoc
2989 830 3285 901 probatur?
3323 829 3404 885 Ex
3453 829 3780 899 Scripturis.

2182 926 2313 981 Nam
2342 927 2535 995 ubique
2564 925 2683 979 illos
2712 938 2778 979 eo
2805 924 2990 988 mittit,
3010 931 3065 977 ut
3091 922 3214 977 inde
3238 921 3469 977 discant.
3486 922 3621 977 Cum
3644 938 3785 977 vero

2181 1021 2333 1083 dixit,
2368 1020 2466 1086 Qui
2490 1018 2581 1073 dat
2606 1019 2758 1073 vitam
2787 1018 2998 1079 mundo,
3024 1017 3075 1071 in
3106 1014 3502 1071 mmulationem
3532 1014 3781 1076 deducit.

2182 1121 2240 1167 ut
2268 1113 2400 1166 alios
2421 1110 2564 1165 dono
2590 1119 2737 1164 tanto
2765 1108 2867 1163 frui
2890 1108 3155 1174 videntes,
3185 1122 3289 1162 non
3321 1119 3470 1163 cura
3494 1117 3779 1163 maneant.

2184 1202 2517 1273 Frequenter
2542 1210 2718 1255 autem
2744 1215 2937 1254 manna
2963 1208 3373 1265 commemorat,
3394 1208 3505 1253 tum
3538 1210 3592 1253 ut
3619 1196 3783 1252 dilic-

2181 1294 2408 1348 rentiam
2433 1291 2650 1357 indicet,
2686 1300 2795 1347 tum
2824 1300 2880 1345 ut
2912 1290 3032 1346 illos
3059 1290 3124 1344 ad
3155 1289 3312 1344 ﬁdem
3357 1290 3591 1345 inducat.
3637 1291 3780 1346 Nam
3866 1286 3869 1289 ’

2180 1384 2226 1439 si
2251 1384 2422 1454 pomit
2454 1382 2594 1437 Deus
2618 1382 2735 1438 sine
2784 1396 2980 1447 messe,
3007 1380 3123 1436 sine
3149 1380 3439 1442 frumento.
3469 1390 3524 1437 et
3565 1383 3783 1449 reliquo

2178 1483 2433 1544 apparatu
2467 1474 2587 1529 illos
2625 1489 2719 1543 per
2753 1473 3104 1544 quadraginta
3151 1487 3336 1535 annos,
3366 1477 3548 1540 alere;
3602 1475 3782 1529 multo

2182 1569 2350 1638 magis
2379 1584 2543 1634 nunc,
2575 1577 2858 1638 postquam
2904 1566 2969 1620 ad
3000 1567 3204 1638 majora
3234 1570 3491 1638 patranda
3524 1570 3692 1634 venit,
3718 1570 3772 1623 id

2181 1662 2397 1729 poterit.
2430 1660 2679 1729 Alioquin
2710 1663 2754 1713 si
2793 1659 2881 1714 illa
2924 1659 3104 1730 ﬁgura:
3136 1669 3308 1726 erant,
3339 1670 3394 1715 ct
3431 1663 3547 1715 sine
3576 1662 3780 1717 sudoro

2180 1749 2467 1819 laboreque
2493 1750 2816 1819 colligebant
2839 1764 3017 1804 escam
3042 1765 3056 1812 ;
3107 1750 3275 1803 mttlto
3305 1752 3473 1819 magis
3501 1767 3642 1806 nunc
3673 1754 3778 1808 hoc

2178 1842 2302 1904 erit,
2336 1841 2423 1896 ubi
2457 1850 2599 1895 tanta
2629 1841 2951 1908 dill‘erentia,
2992 1841 3079 1897 ubi
3124 1841 3272 1896 nulla
3318 1858 3446 1898 vere
3481 1858 3649 1909 mors,
3685 1845 3775 1900 ubi

2183 1934 2287 1987 vita
2322 1951 2444 1991 vera
2469 1936 2714 1990 fruimur.

2251 2025 2354 2080 Cur
2388 2026 2619 2081 Christus
2662 2042 2795 2099 stupe
2837 2028 2990 2081 vitam
3036 2037 3302 2081 memorat.
3334 2057 3404 2067 —
3430 2028 3470 2083 Ε
3502 2044 3561 2083 re
3592 2038 3775 2083 autent

2178 2120 2298 2172 vita:
2329 2134 2472 2188 smpe
2499 2118 2761 2185 meminit,
2793 2118 2911 2189 quia
2940 2118 3065 2173 illud
3094 2117 3234 2187 apud
3266 2117 3510 2174 homines
3542 2119 3592 2173 iu
3621 2130 3780 2186 opta-

2180 2209 2246 2262 tis
2291 2218 2408 2271 est;
2460 2208 2698 2278 nihilque
2742 2209 2979 2273 suavius,
3025 2224 3184 2278 quam
3219 2224 3322 2263 non
3366 2209 3523 2263 mori.
3554 2208 3687 2264 Nam
3720 2212 3774 2265 in

2179 2298 2356 2353 Veteri
2397 2299 2742 2354 Tesmmento
2785 2299 3106 2354 diuturnitas
3154 2300 3278 2355 vita:
3326 2300 3772 2369 promittebatur;

2176 2391 2269 2446 sed
2303 2406 2443 2446 nunc
2490 2406 2592 2445 non
2635 2391 2956 2445 diuturnitas
3003 2390 3185 2456 modo,
3227 2390 3319 2446 sed
3368 2392 3473 2446 vita
3516 2392 3633 2449 sine
3666 2394 3776 2450 ﬁno

2177 2484 2521 2553 promittitur.
2565 2482 2736 2537 Simul
2774 2483 2937 2537 etiam
2986 2483 3097 2536 vult
3128 2482 3435 2548 ostendere,
3476 2498 3535 2538 se
3561 2486 3772 2554 suppli-

2177 2572 2316 2627 cium
2346 2588 2373 2627 a
2413 2582 2632 2642 peccato
2662 2572 2932 2628 inductum
2964 2588 3104 2627 nunc
3143 2588 3415 2639 revocare,
3448 2578 3772 2630 sententiam

2179 2664 2323 2717 illam
2342 2664 2528 2717 mortis
2543 2664 2820 2730 solvendo,
2843 2664 2968 2718 dum
2988 2664 3147 2719 vitam
3173 2680 3278 2719 non
3300 2665 3768 2738 qualemcumque,

2177 2752 2269 2806 sed
2318 2762 2595 2818 aeternam,
2641 2762 2826 2807 contra
2874 2770 3035 2823 quam
3082 2754 3227 2824 prius
3271 2762 3527 2809 statutum
3576 2756 3772 2825 fuerat,

2177 2841 2469 2896 induceret.
2501 2842 2587 2898 59.
2617 2841 2741 2896 litec
2768 2843 2895 2897 dixit
2920 2844 2972 2897 in
3002 2860 3261 2916 synagoga
3283 2844 3467 2899 docens
3492 2847 3545 2899 in
3576 2846 3774 2914 Caper-

2176 2950 2349 2997 uaum,
2396 2928 2482 2987 ubi
2531 2934 2697 2988 multa
2743 2934 3003 2989 mirabilia
3038 2944 3307 3006 patrarat;
3337 2952 3501 3008 quare
3533 2941 3777 2997 unanimo

2176 3024 2470 3078 audiendus
2495 3033 2631 3079 erat.

2246 3114 2300 3168 ‘2.
2342 3117 2450 3171 Cur
2481 3131 2639 3185 porro
2670 3117 2721 3170 in
2749 3132 3014 3189 synagoga
3043 3117 3290 3184 docebat,
3338 3128 3392 3174 et
3442 3121 3495 3175 in
3534 3123 3774 3193 templo?

2176 3204 2312 3259 Tum
2344 3216 2400 3260 ut
2425 3207 2818 3281 multitudinem
2848 3209 3103 3275 traheret,
3136 3220 3245 3264 tum
3278 3220 3334 3266 ut
3372 3214 3685 3269 ostenderet
3712 3229 3774 3271 se

2177 3313 2280 3350 non
2310 3298 2639 3351 contrarium
2664 3314 2783 3353 esse
2814 3299 2979 3355 Patri.
3009 3300 3097 3355 60.
3132 3300 3285 3356 Multi
3326 3313 3492 3357 autem
3522 3321 3584 3359 ex
3611 3307 3773 3360 disci-

2175 3388 2309 3457 pulis
2334 3390 2591 3442 audientes
2620 3390 2867 3452 dicebant,
2902 3388 3073 3444 Durus
3094 3402 3164 3446 est
3188 3392 3268 3445 ltic
3290 3409 3472 3446 sermo.
3500 3395 3636 3461 Quid
3668 3396 3775 3452 sibi
3858 3429 3862 3433 ι

2174 3479 2287 3532 vult
2316 3478 2436 3543 hoc,
2471 3479 2641 3534 Durus
2669 3482 2781 3535 est?
2812 3481 2865 3535 ld
2895 3491 2997 3544 est,
3031 3498 3209 3553 asper,
3261 3485 3580 3541 laboriosus.
3612 3489 3775 3558 Atqui

2177 3572 2306 3626 nihil
2340 3573 2441 3626 talc
2468 3572 2718 3627 dicebat:
2754 3590 2925 3643 neque
2967 3576 3110 3630 enim
3142 3576 3211 3631 de
3259 3578 3379 3630 vita:
3420 3578 3663 3633 instituto
3695 3580 3780 3634 lo.

2176 3665 2456 3733 quebatur,
2516 3665 2609 3721 sed
2665 3665 2732 3719 de
2785 3666 3052 3730 doctrina,
3113 3667 3401 3722 identidem
3460 3669 3526 3724 de
3574 3671 3677 3727 ﬁde
3719 3674 3772 3727 in

2174 3757 2443 3811 Christum
2475 3757 2714 3813 habenda
2748 3758 2986 3829 loquens.
3027 3758 3133 3813 Cur
3161 3775 3289 3830 ergo
3329 3761 3497 3815 durus
3551 3774 3631 3818 est
3658 3781 3777 3819 scr-

2175 3848 2295 3903 mo?
2325 3851 2403 3902 An
2429 3849 2567 3919 quod
2598 3853 2756 3905 vitam
2791 3850 3064 3920 promittat
3110 3859 3164 3905 ct
3190 3854 3676 3910 resurrectionem?
3704 3876 3789 3912 νη.

2174 3939 2316 4009 quod
2345 3940 2488 3995 dicat
2520 3956 2578 3996 se
2606 3957 2673 3995 ex
2707 3943 2839 3995 ert-lo
2882 3941 3263 3998 descendisse?
3306 3959 3373 3996 an
3424 3946 3561 4012 quod
3612 3964 3789 4003 nemo

2175 4032 2353 4087 salvus
2383 4048 2505 4088 esse
2534 4034 2721 4103 possit,
2755 4035 2855 4087 nisi
2878 4050 3091 4088 carnem
3122 4034 3236 4103 ejus
3264 4036 3587 4091 manducet?
3616 4037 3774 4094 Ila-c-

2173 4124 2313 4187 cine,
2345 4140 2547 4195 qumso,
2579 4125 2706 4179 dura
2735 4127 2900 4180 sunt?
2925 4126 3055 4192 Quis
3104 4126 3203 4181 hoc
3234 4128 3464 4183 dixerit?
3490 4132 3624 4198 Quid
3667 4133 3781 4187 sibi

2174 4216 2285 4268 vult
2312 4230 2440 4284 ergo
2484 4216 2631 4280 illud,
2661 4214 2878 4268 Durus?
2915 4216 3081 4285 Captu
3126 4216 3378 4285 difﬁcilis,
3408 4220 3776 4277 inﬁrmitatem

2177 4307 2384 4361 illorum
2408 4323 2687 4376 superans,
2710 4317 2910 4363 terrore
2925 4309 3130 4379 plenus.
3155 4309 3417 4366 Putabant
3435 4315 3573 4369 enim
3597 4316 3781 4386 ipsum

2175 4414 2233 4452 ca
2264 4400 2403 4469 l0qui
2437 4416 2555 4469 qua:
2599 4401 2715 4469 ejus
2759 4401 3069 4471 dignitatem
3097 4414 3146 4456 et
3177 4403 3398 4474 gradum
3428 4422 3767 4478 superarent.

2175 4492 2298 4547 Ideo
2342 4493 2609 4558 (licebant,
2649 4496 2772 4561 Quis
2824 4506 2984 4566 potest
3036 4514 3149 4549 eum
3194 4501 3412 4554 audire?
3444 4503 3604 4572 idque
3632 4502 3773 4559 forte

2173 4584 2238 4639 ad
2284 4585 2363 4639 sui
2417 4588 2838 4650 excusmionem,
2872 4589 3013 4658 quod
3069 4601 3248 4646 essent
3304 4594 3612 4651 discessuri.
3672 4599 3762 4653 6|.

2174 4676 2352 4730 Sciens
2402 4688 2568 4732 autem
2606 4678 2758 4733 Jesus
2798 4681 2938 4748 apud
2973 4682 3329 4752 semetipsum,
3371 4687 3491 4755 quia
3536 4704 3767 4742 murum-

2172 4767 2351 4819 rabaut
2404 4767 2466 4821 de
2503 4771 2597 4823 hoc
2643 4769 2877 4839 discipuli
2922 4772 3031 4840 ejus
3078 4773 3221 4841 (hoc
3270 4775 3411 4830 enim
3468 4777 3761 4834 divinitatis

2173 4857 2310 4912 illius
2338 4866 2467 4921 erat,
2502 4869 2705 4914 secreta
2738 4862 2788 4913 in
2819 4862 3049 4915 medium
3084 4863 3345 4932 proferre)
3376 4866 3568 4921 deinde
3588 4868 3718 4923 dicit
3744 4887 3755 4923 :

2178 4949 2286 5003 [Ioc
2314 4969 2395 5007 vos
2421 4954 2771 5007 scandalizat?
2809 4954 2896 5009 62.
2932 4954 2993 5009 Si
3034 4972 3150 5026 ergo
3192 4958 3413 5012 videritis
3439 4958 3633 5013 Filium
3663 4962 3757 5013 Ito-

2173 5042 2319 5095 minis
2356 5045 2720 5108 ascendentem,
2778 5047 2860 5099 ubi
2907 5057 3011 5100 erat
3045 5050 3201 5117 prius.
3255 5049 3396 5104 ldcm
3452 5050 3765 5109 Natltanaeli

2171 5132 2303 5188 dixit
2332 5153 2342 5186 :
2382 5136 2513 5202 Quia
2544 5139 2649 5191 dixi
2677 5139 2784 5205 tibi,
2824 5140 2941 5194 Vidi
2986 5152 3031 5194 te
3061 5144 3151 5196 sub
3179 5145 3298 5211 ﬁcu,
3330 5145 3534 5199 credis?
3568 5150 3769 5213 maiora

2171 5226 2246 5278 Itis
2271 5227 2455 5281 videbis
2486 5228 2679 5293 (Joan.
2716 5232 2757 5283 I.
2783 5234 2896 5301 50);
2928 5244 2981 5287 et
3006 5233 3318 5299 Nicodenm,
3354 5234 3519 5289 Nemo
3539 5240 3767 5291 ascendit

2169 5319 2219 5371 in
2251 5322 2450 5384 etv/tun,
2483 5324 2579 5376 nisi
2610 5323 2775 5379 Filius
2803 5328 3038 5393 hominis,
3072 5329 3157 5397 qui
3185 5329 3331 5381 estin
3363 5330 3485 5383 caelo
3508 5329 3690 5400 (Joan.
3711 5333 3765 5384 5.

2172 5412 2280 5479 l5).
2329 5412 2464 5479 Quid
2512 5414 2709 5482 igitur?
2751 5416 3094 5473 diiﬁcultates
3137 5418 3543 5474 difﬁcultatibus
3581 5421 3767 5474 addit?

2169 5504 2399 5567 Minime,
2451 5506 2625 5571 absit;
2676 5511 2767 5562 sed
2814 5510 3073 5564 doctrina:
3121 5511 3487 5581 magnitudine
3527 5522 3581 5567 et
3610 5515 3762 5583 copia

2169 5594 2311 5661 ipsos
2362 5597 2578 5654 allicere
2619 5611 2864 5654 conatur.
2918 5600 3049 5654 Nam
3100 5604 3189 5670 qui
3244 5604 3471 5669 dixerat,
3520 5604 3593 5659 De
3640 5606 3767 5658 creto

2169 5688 2436 5757 descendi,
2470 5691 2512 5744 si
2560 5692 2689 5745 nihil
2737 5694 2960 5747 ulterius
2984 5694 3297 5759 addidisset,
3333 5696 3504 5766 majus
3534 5698 3762 5751 oll‘cudi-

2171 5782 2347 5836 culum
2374 5784 2651 5839 obtuliSset
2679 5802 2689 5839 :
2720 5802 2838 5840 cum
2884 5801 3008 5841 vero
3040 5786 3183 5854 ιιὶιὶι,
3220 5786 3416 5857 Carpus
3459 5806 3622 5843 unum
3668 5804 3765 5842 ma
