4024 6434
259 395 362 452 ἳϋῦ

259 521 332 569 est
358 505 538 560 mundi
548 519 577 567 .;
603 510 681 570 et,
709 500 856 557 Sicut
875 497 1016 558 misit
1047 511 1127 550 me
1147 494 1312 549 vivens
1340 490 1518 555 Pater,
1553 494 1603 541 et
1630 499 1721 554 ego
1749 483 1858 536 vivo

263 609 468 672 propter
500 596 750 658 Patrem;
791 601 868 656 et,
902 591 964 643 de
1005 588 1129 642 cato
1160 582 1416 644 descendi,
1449 580 1538 635 ille
1566 574 1858 672 difficulta-

261 666 365 748 tem
394 689 577 744 solvit.
610 686 709 754 Qui
740 684 882 739 enim
913 679 1112 750 aliquid
1141 689 1392 746 magnum
1417 673 1486 726 de
1509 685 1568 725 se
1593 666 1857 736 loquitur,

261 791 545 852 suspectus
591 779 695 833 erit
724 773 989 830 mendacii
1016 786 1031 836 ;
1061 770 1152 840 qui
1193 780 1324 822 vero
1355 764 1477 818 talia
1506 757 1704 816 deinde
1728 755 1858 852 sub-—

261 847 371 939 dit,
411 885 628 926 omnem
674 866 814 922 tollit
856 862 1235 932 suSpicionem.
1267 856 1406 911 Nihil
1454 867 1581 907 vero
1604 865 1713 905 non
1753 847 1864 917 agit

261 983 323 1022 ac
352 966 506 1028 dicit,
539 977 605 1016 ne
637 967 823 1031 putent
848 971 968 1010 eum
996 966 1115 1007 esse
1133 948 1352 1018 Josephi
1382 945 1572 1000 lilium.
1595 941 1710 996 Non
1733 953 1864 1008 ergo

262 1062 378 1115 lure
429 1057 586 1120 dixit,
646 1062 706 1107 ut
760 1048 1068 1104 scandalum
1119 1050 1358 1112 augeret,
1407 1039 1500 1094 sed
1531 1044 1586 1090 ut
1629 1033 1859 1088 tolleret.

262 1147 515 1217 Quisquis
542 1144 686 1200 enim
715 1157 840 1197 eum
869 1138 1035 1193 ﬁlium
1060 1133 1279 1204 Josephi
1304 1137 1562 1201 putasset,
1586 1125 1725 1217 dicta
1755 1137 1864 1217 non

261 1214 566 1309 accepisset
599 1254 613 1290 :
643 1235 735 1305 qui
781 1245 908 1286 vero
938 1239 1229 1298 persuasus
1253 1232 1396 1279 esset
1435 1223 1607 1290 ipsum
1636 1216 1704 1272 de
1731 1214 1865 1309 caelo

261 1306 637 1393 descendisse,
664 1335 718 1380 et
739 1338 808 1380 eo
831 1333 1179 1376 aseensurum
1203 1329 1321 1370 esse
1344 1313 1551 1367 facilius
1577 1306 1863 1363 libentius-

260 1440 367 1495 que
419 1421 580 1477 dictis
623 1412 964 1471 attendisset.
987 1408 1116 1490 ’Sub
1146 1407 1260 1462 haec
1285 1406 1445 1458 aliam
1473 1399 1695 1455 adduxit
1718 1397 1865 1452 solu-

264 1519 468 1572 tionem
501 1532 514 1568 :
550 1511 641 1566 63.
675 1508 906 1578 Spiritus
924 1512 1014 1569 est,
1042 1501 1231 1570 inquit,
1255 1499 1341 1569 qui
1360 1497 1599 1564 vivi/icat,
1625 1507 1746 1546 caro
1767 1506 1868 1544 non

263 1609 472 1679 prodest
521 1603 844 1675 quidquam:
873 1598 975 1651 hoc
1027 1603 1128 1657 est,
1179 1591 1309 1658 Qua:
1358 1589 1427 1644 de
1479 1603 1562 1641 me
1591 1586 1864 1679 dicuntur,

263 1678 618 1770 epiritualiter
639 1701 765 1748 sunt
792 1686 1100 1758 accipienda
1127 1702 1139 1737 :
1174 1699 1296 1738 nam
1328 1681 1417 1752 qui
1448 1678 1738 1734 carnaliter
1773 1691 1871 1728 au-

265 1767 362 1856 dit,
394 1787 528 1843 nihil
559 1786 813 1847 lucratur,
865 1777 993 1834 nihil
1024 1775 1256 1848 prolicit.
1289 1772 1518 1826 Caruale
1566 1777 1686 1824 erat
1709 1767 1869 1821 dubi-

267 1895 381 1939 tare
399 1876 683 1951 «quomodo
709 1875 778 1929 de
802 1871 933 1927 cado
955 1868 1342 1930 descendisset,
1370 1874 1668 1934 putareque
1695 1859 1870 1928 ipsum

264 1990 388 2032 esse
436 1973 602 2026 lilium
653 1966 907 2035 Iosephi;
955 1976 1164 2018 necnon
1214 1958 1363 2022 illud,
1413 1955 1680 2022 Quomodo
1709 1959 1872 2021 potest

267 2067 415 2121 nobis
438 2078 642 2117 carnem
669 2074 813 2114 suam
833 2056 957 2109 dare
975 2055 1044 2107 ad
1068 2047 1522 2106 manducandum?
1544 2045 1672 2100 Hmc
1692 2042 1872 2096 omnia

266 2156 544 2220 carnalia;
576 2167 695 2222 qua:
721 2147 1006 2219 Oportebat
1049 2144 1276 2216 mystice
1318 2151 1372 2196 et
1407 2138 1757 2208 spiritualiter
1787 2137 1865 2190 in-

268 2251 537 2319 telligere.
574 2245 644 2300 Et
691 2239 964 2314 quomodo
995 2247 1265 2309 poterant,
1292 2235 1522 2304 inquies,
1575 2230 1876 2299 intelligere

270 2341 397 2413 quid
427 2347 573 2395 esset
598 2350 815 2391 carnem
839 2330 1163 2388 comedere?
1190 2327 1485 2396 Oportebat
1506 2333 1654 2379 certe
1680 2335 1878 2391 Oppor-

272 2411 461 2487 tunum
496 2439 708 2495 tempus
756 2431 1067 2493 exspectare
1095 2428 1149 2475 et
1205 2419 1565 2486 interrogare,
1598 2427 1698 2468 nec
1735 2411 1879 2466 desi-

274 2535 440 2581 stere.
481 2520 648 2574 Verba
696 2532 808 2588 qua:
853 2531 944 2586 ego
989 2513 1224 2582 loquutus
1251 2526 1363 2563 sum
1408 2507 1565 2572 vobis,
1597 2504 1807 2574 spiritus
1833 2511 1880 2557 et

275 2618 377 2672 vita
404 2623 558 2676 sunt;
588 2611 640 2666 id
673 2618 776 2675 est,
807 2607 986 2662 divina
1016 2615 1070 2660 et
1095 2601 1389 2673 spiritualia
1423 2608 1570 2663 sunt,
1619 2595 1752 2651 nihil
1779 2595 1880 2648 ha-

277 2709 406 2764 bent
449 2703 690 2768 carnale,
749 2715 847 2756 nec
900 2697 1201 2753 naturalem
1255 2690 1737 2762 consequentiam;
1785 2687 1880 2741 sed

277 2801 423 2857 omni
476 2795 784 2868 hujusmodi
828 2793 1169 2856 necessitate,
1221 2798 1276 2845 et
1321 2787 1478 2856 hujus
1525 2785 1646 2840 vita:
1679 2783 1884 2851 legibus

281 2892 452 2947 libera
482 2899 628 2951 sunt,
663 2887 932 2954 aliumque
984 2894 1037 2938 et
1086 2881 1356 2936 diversum
1402 2892 1620 2932 sensum
1661 2874 1881 2928 habent.

281 2982 434 3038 Sicut
459 2995 589 3048 ergo
616 2979 721 3032 hoc
747 2978 866 3032 loco
909 2973 1157 3045 spiritum
1196 2987 1296 3042 pro
1331 2967 1702 3040 spiritualibus
1727 2967 1882 3029 dixit,

281 3075 360 3129 sic
388 3088 510 3127 cum
533 3084 750 3125 carnem
781 3067 928 3132 dicit,
950 3081 1053 3119 non
1081 3064 1314 3119 carnalia
1346 3061 1623 3132 intelligit;
1649 3059 1741 3114 sed
1767 3072 1886 3113 car-

282 3166 476 3221 naliter
517 3177 611 3218 eos
656 3159 842 3215 audire
889 3157 1216 3222 subindicat,
1263 3156 1354 3226 qui
1402 3168 1618 3223 semper
1647 3151 1886 3206 carnalia

283 3255 596 3325 cupiebant,
639 3267 761 3306 cum
810 3250 1140 3319 oportuisset
1181 3247 1477 3317 spiritualia
1523 3252 1799 3314 appetere.
1833 3243 1888 3298 Si

284 3348 402 3418 quis
430 3346 576 3400 enim
603 3345 702 3398 hoc
731 3342 1020 3398 carnaliter
1042 3341 1288 3410 accipiat,
1314 3340 1446 3393 nihil
1470 3339 1726 3394 lucratur.
1750 3335 1887 3414 Quid

285 3438 450 3506 ergo?
479 3451 545 3488 an
574 3450 703 3489 caro
733 3434 848 3502 ejus
874 3447 980 3487 non
1006 3441 1088 3488 est
1107 3432 1273 3487 caro?
1302 3431 1394 3484 Est
1416 3439 1584 3484 certe.
1608 3427 1891 3494 Quomodo

287 3545 418 3599 ergo
447 3529 601 3593 dixit,
632 3527 763 3580 Caro
794 3542 893 3579 non
921 3523 1126 3594 prodest
1151 3522 1476 3594 quidquam?
1502 3521 1617 3576 Non
1644 3519 1710 3574 de
1727 3533 1891 3572 carne

288 3637 384 3677 sua
415 3620 686 3690 intelligit,
739 3619 915 3681 absit;
961 3617 1056 3672 sed
1100 3616 1166 3671 de
1192 3616 1256 3670 iis
1286 3616 1376 3685 qui
1418 3614 1558 3670 dicta
1603 3613 1894 3667 carnaliter

290 3717 620 3782 acciperent.
675 3711 810 3780 Quid
857 3720 940 3765 est
988 3721 1168 3766 autem
1215 3710 1511 3764 carnaliter
1551 3707 1893 3778 intelligere?

291 3808 570 3876 Proposita
627 3804 941 3873 simpliciter
970 3804 1288 3873 intelligere,
1325 3817 1497 3870 neque
1550 3801 1688 3856 ultra
1734 3799 1892 3869 quid-

291 3903 435 3972 piam
490 3899 818 3967 excogitare.
874 3897 984 3951 Hoc
1033 3904 1117 3950 est
1171 3894 1459 3950 carnaliter
1511 3894 1713 3948 videre.
1774 3892 1893 3947 Non

291 4002 505 4064 Oportet
532 4002 712 4045 autem
736 3989 802 4044 de
834 3989 898 4043 iis
928 4003 1049 4058 quae
1077 3986 1325 4043 videntur
1355 3987 1425 4040 ita
1444 3985 1705 4055 judicium
1730 3982 1892 4049 ferre,

293 4079 387 4140 sed
438 4084 620 4137 omnia
673 4082 927 4153 mysteria
969 4079 1318 4135 interioribus
1348 4077 1519 4132 oculis
1562 4077 1891 4146 perspicere,

295 4177 347 4230 id
377 4184 480 4240 est,
512 4173 883 4243 spiritualiter.
914 4173 994 4224 Au
1025 4172 1071 4226 is
1100 4172 1187 4240 qui
1215 4185 1323 4224 non
1353 4169 1642 4224 manducat
1675 4183 1894 4224 carnem

295 4269 433 4339 ejus,
467 4282 565 4322 nec
595 4267 728 4321 bibit
770 4265 887 4335 ejus
930 4264 1266 4335 sanguinem,
1300 4280 1405 4319 non
1437 4263 1604 4318 habet
1646 4264 1808 4317 vitam
1843 4263 1895 4316 in

293 4360 589 4429 semetipso
619 4376 634 4412 :
663 4355 934 4428 quomodo
983 4371 1113 4427 ergo
1159 4371 1287 4412 caro
1339 4371 1444 4410 non
1479 4357 1695 4426 prodest
1738 4354 1895 4424 quid-

295 4467 480 4522 quam,
509 4451 625 4504 sine
651 4465 753 4519 qua
779 4463 884 4503 non
918 4463 1202 4518 possumus
1232 4447 1450 4502 virere?
1482 4447 1598 4501 Non
1627 4445 1694 4501 de
1733 4461 1899 4501 carne

298 4543 466 4612 ipsius
496 4543 597 4596 hoc
620 4541 821 4596 dictum
845 4556 967 4595 esse
999 4541 1168 4606 vides,
1196 4539 1288 4594 sed
1321 4540 1388 4592 de
1415 4538 1615 4593 carnali
1647 4537 1897 4593 audiendi

298 4635 480 4689 modo.
515 4635 602 4688 64.
636 4632 744 4688 Sed
766 4643 883 4686 sunt
909 4632 1118 4702 quidam
1158 4648 1220 4684 ex
1245 4630 1379 4684 nobis
1407 4631 1495 4700 qui
1524 4646 1623 4682 non
1663 4629 1895 4681 credunt.

299 4728 532 4779 ltursum
584 4739 679 4792 pro
722 4738 872 4776 tnore
896 4737 996 4775 suo
1027 4722 1336 4791 dignitatem
1371 4722 1545 4774 verbis
1571 4719 1774 4787 adjicit,
1815 4719 1898 4772 fu-

301 4825 525 4884 turaque
551 4810 790 4881 prwdicit
817 4825 874 4868 et
899 4811 1153 4878 ostendit,
1185 4826 1246 4865 se
1271 4826 1376 4863 nou
1423 4817 1480 4862 ut
1505 4809 1732 4879 gloriam
1760 4808 1899 4878 apud

294 4902 422 4960 illud
459 4910 723 4970 captaret,
766 4901 859 4956 sed
905 4899 1047 4969 quod
1095 4914 1281 4955 eorum
1325 4900 1487 4955 Saluti
1543 4905 1902 4972 prospiceret,

295 4991 400 5050 hoc
421 4991 626 5046 dicere.
653 4994 786 5044 (lum
810 4990 943 5044 dicit
964 4999 1170 5054 autem,
1193 4988 1440 5053 Quidum,
1466 4991 1761 5057 discipulos
1785 4990 1903 5040 sub-

295 5085 472 5138 duxit.
502 5083 660 5137 luitio
710 5097 941 5150 namque
988 5081 1224 5144 dixerat,
1262 5079 1328 5131 Et
1358 5080 1555 5133 vidistis
1585 5096 1688 5144 me,
1711 5090 1757 5133 et
1801 5095 1906 5132 non

295 5175 585 5230 credidistis
614 5173 773 5237 mihi;
804 5173 890 5226 hic
941 5187 1088 5236 vero,
1127 5170 1260 5227 Sunt
1290 5172 1502 5240 quidam
1531 5187 1594 5224 ex
1640 5171 1779 5225 vobis
1818 5170 1907 5239 qui

294 5282 399 5320 non
429 5269 665 5319 credunt.
700 5264 906 5320 Sciebat
928 5265 1066 5318 enim
1091 5265 1154 5316 ab
1183 5264 1355 5325 initio,
1382 5263 1594 5330 quinam
1624 5275 1788 5316 essent
1816 5265 1904 5333 qui

297 5378 397 5414 non
429 5360 711 5423 crederent,
740 5369 788 5412 et
814 5361 930 5429 quis
956 5359 1242 5411 traditurus
1266 5367 1392 5411 esset
1420 5373 1555 5411 eum.
1589 5358 1678 5410 b5.
1715 5355 1782 5410 Et
1818 5359 1901 5410 di-

295 5455 461 5515 cebut,
497 5451 625 5506 Ideo
663 5454 772 5505 dixi
803 5453 966 5517 vobis,
997 5451 1165 5506 Nemo
1199 5462 1360 5520 potest
1390 5452 1561 5504 venire
1582 5451 1651 5503 ad
1682 5467 1776 5511 me,
1801 5451 1900 5505 nisi

300 5550 453 5617 tuerit
501 5547 548 5599 ei
588 5547 766 5598 datum
819 5546 1037 5614 desuper
1075 5563 1106 5598 α
1148 5544 1308 5599 Patre
1354 5561 1484 5600 meo.
1534 5546 1899 5614 Spontaneam

295 5641 413 5708 ejus
442 5639 802 5693 teconomiam
835 5637 920 5691 hic
948 5638 1277 5705 evangelista
1309 5637 1611 5691 subiudicat
1632 5677 1647 5702 ,
1674 5637 1902 5706 ejusmte

297 5732 632 5802 patientiam.
668 5731 930 5800 ll'udqnc,
966 5732 1036 5784 Ab
1080 5731 1249 5798 initio,
1285 5747 1392 5785 non
1444 5732 1560 5784 sine
1608 5745 1769 5784 cau~a
1817 5729 1902 5784 ltic

296 5828 548 5897 partitur;
591 5825 683 5881 sed
718 5835 771 5881 ut
802 5825 920 5896 ejus
969 5827 1364 5897 prtescientiam
1415 5826 1705 5895 intelligas,
1743 5833 1903 5895 atque

1220 380 1288 437 1N
1324 375 1641 439 'JO.\NNEM
1681 367 1915 430 HOMIL.
1962 363 2171 421 XLVII.
2218 363 2288 418 al.
2334 359 2519 417 XLVI.

3465 356 3573 413 266

1969 476 2143 547 ipsum
2175 484 2302 531 ante
2329 475 2444 529 haec
2482 472 2666 542 verba,
2711 485 2888 544 neque
2935 482 3218 544 postquam
3265 471 3339 528 illi
3383 475 3574 532 oti'ensi

1969 576 2465 633 tnurnturaverant,
2514 565 2844 634 proditorem
2875 566 3124 629 not-isse;
3174 564 3224 618 id
3266 564 3408 635 quod
3440 567 3578 620 divi-

1968 658 2150 713 nitatis
2181 667 2316 712 erat.
2349 658 2551 712 Deinde
2576 656 2778 725 adjicit,
2812 654 2930 709 Nisi
2961 657 3111 726 fuerit
3140 657 3184 709 ci
3213 657 3394 710 datum
3421 659 3572 711 desu-

1970 768 2061 821 per
2088 768 2121 803 a
2154 749 2312 804 Putre
2340 767 2469 813 meo,
2503 749 2738 804 suadens
2767 749 2845 804 eis
2874 759 2929 802 ut
2975 749 3186 803 Patrem
3221 765 3376 805 suum
3421 763 3578 820 puta-

1969 851 2092 897 rent
2138 843 2327 907 Deum,
2370 857 2476 896 non
2523 839 2842 910 Josephmn,
2891 850 2943 895 et
2991 841 3284 896 ostendens
3315 859 3427 896 rem
3472 861 3578 896 non

1970 948 2090 988 esse
2138 934 2435 1002 vulgarem,
2484 933 2535 986 in
2580 947 2704 987 eum
2735 932 2958 988 credere
2991 951 3005 987 :
3039 948 3103 987 ac
3131 934 3174 986 si
3202 933 3427 995 diceret,
3464 935 3579 990 Non

1975 1023 2212 1088 turbant,
2245 1037 2350 1077 non
2383 1022 2817 1092 obstupefaciunt
2858 1038 2964 1088 me,
3013 1024 3100 1092 qui
3150 1040 3257 1077 non
3301 1024 3575 1081 credunt:

1973 1114 2077 1170 hoc
2100 1115 2211 1183 jam
2241 1114 2370 1169 olim
2400 1114 2523 1169 novi
2547 1113 2834 1185 antequa’l'li
2867 1115 3023 1169 fieret
3053 1132 3066 1168 :
3098 1115 3220 1168 novi
3257 1117 3580 1185 quibusnam

1973 1205 2132 1260 Pater
2156 1205 2386 1260 dederit.

2043 1297 2098 1351 5.
2140 1296 2275 1351 Cum
2317 1297 2444 1352 illud
2475 1297 2650 1364 audis,
2691 1297 2858 1361 Dedit,
2901 1313 2968 1352 ne
3019 1307 3175 1367 putes
3207 1313 3328 1354 esse
3377 1310 3580 1356 sortem

1974 1390 2260 1459 quamdam
2284 1406 2298 1454 ;
2329 1390 2420 1444 sed
2449 1391 2610 1445 crede
2639 1406 2765 1444 eum
2792 1391 2880 1459 qui
2921 1406 2980 1444 se
3007 1389 3226 1459 dignum
3273 1392 3583 1460 praebuerit,

1976 1481 2028 1534 id
2057 1482 2322 1551 accipere.
2351 1480 2438 1536 (i6.
2478 1481 2558 1535 Ea:
2584 1482 2678 1535 Itoc
2706 1483 2852 1535 multi
2891 1483 3264 1548 discipulorum
3295 1485 3404 1554 ejus
3446 1487 3586 1538 abie-

1975 1581 2094 1624 runt
2142 1583 2296 1632 retro,
2351 1581 2398 1624 et
2432 1573 2548 1640 jam
2595 1589 2694 1624 non
2741 1589 2854 1625 cum
2906 1574 2996 1626 illo
3035 1571 3385 1628 ambulabant.
3425 1575 3590 1629 lleete

1974 1664 2302 1734 evangelista
2332 1681 2437 1717 non
2470 1664 2624 1730 di\it,
2655 1665 3037 1728 Recesscrunt,
3081 1666 3195 1729 sed,
3230 1667 3474 1719 Abierant
3503 1685 3586 1720 re-

1977 1765 2076 1822 tro,
2121 1757 2416 1812 ostendens
2460 1772 2489 1811 a
2537 1759 2753 1811 virtutis
2802 1757 3044 1826 profectu
3092 1760 3324 1826 excisos,
3374 1770 3428 1815 et
3469 1777 3590 1816 eam

1977 1865 2137 1919 quam
2188 1850 2316 1904 olim
2370 1849 2669 1905 habuerant
2716 1852 2874 1904 fidem
2929 1853 3251 1921 perdidisse,
3298 1871 3420 1909 cum
3469 1869 3591 1909 sese

1978 1940 2381 1995 abseiuderent.
2415 1941 2610 1996 Verum
2658 1941 2943 1997 duodecim
2994 1943 3066 1996 illi
3113 1959 3219 1997 non
3264 1945 3412 1998 item.
3446 1948 3588 2013 Qua-

1985 2043 2205 2101 propter
2232 2033 2365 2087 dixit
2420 2035 2546 2098 illis,
2597 2035 2684 2088 67.
2719 2033 2984 2103 Numquid
3009 2047 3055 2088 et
3088 2051 3171 2089 vos
3220 2037 3370 2091 vultis
3413 2039 3596 2092 abire?

1981 2124 2274 2179 ostendens
2323 2141 2383 2179 se
2434 2126 2642 2179 illorum
2672 2128 2973 2181 ministerio
3006 2137 3059 2182 et
3102 2129 3247 2182 cultu
3278 2145 3381 2185 neu
3410 2146 3592 2199 cgere,

1981 2232 2158 2286 neque
2205 2217 2325 2270 ideo
2373 2216 2493 2271 illos
2539 2219 2966 2273 circmnducere.
3001 2219 3283 2286 Quomodo
3319 2222 3460 2275 enim
3493 2223 3598 2275 ills

1984 2323 2121 2378 opus
2152 2307 2353 2363 habere
2383 2310 2556 2377 potuit
2585 2309 2675 2379 qui
2718 2310 2834 2363 iure
2878 2310 3049 2364 dixit?
3078 2311 3185 2363 Cur
3210 2326 3306 2365 eos
3349 2329 3452 2365 non
3485 2313 3600 2366 latt-

1985 2401 2162 2454 davit?
2193 2417 2289 2455 cur
2319 2417 2424 2455 non
2463 2401 2813 2471 prindicavit?
2843 2403 3043 2469 l'rimo,
3071 2410 3128 2456 ut
3158 2403 3398 2473 magistri
3426 2406 3600 2476 digni-

1986 2502 2149 2548 tatem
2176 2503 2441 2560 servaret,
2493 2505 2652 2564 atque
2699 2503 2756 2548 ut
2801 2494 3134 2560 ostenderet,
3168 2496 3248 2550 sic
3296 2497 3420 2549 illos
3461 2497 3598 2551 trahi

1986 2588 2314 2657 oportuisse.
2346 2586 2477 2640 Nam
2508 2589 2551 2640 si
2587 2585 2877 2652 laudasset,
2913 2598 3160 2655 putantes
3189 2603 3246 2642 se
3269 2590 3499 2657 gratiam
3525 2592 3599 2644 illi

1991 2679 2327 2747 pra-stitisse,
2377 2678 2580 2746 aliquid
2627 2680 2919 2734 lmmanum
2971 2681 3113 2750 passi
3167 2679 3442 2736 fuissent:
3476 2699 3598 2737 cum

1989 2781 2168 2826 autem
2201 2771 2435 2826 ostendit
2464 2787 2524 2827 se
2547 2771 2760 2826 illorum
2793 2787 2898 2826 non
2928 2787 3092 2842 egere
3120 2776 3398 2836 comitatu,
3433 2777 3602 2844 magis

1990 2879 2084 2917 eos
2129 2864 2415 2918 continuit.
2471 2864 2532 2918 Et
2581 2864 2951 2919 animadverte
2995 2881 3154 2935 quam
3209 2867 3500 2935 prudenter
3524 2868 3604 2921 lo-

1992 2966 2206 3026 quatur.
2241 2957 2358 3012 Non
2381 2957 2534 3022 dixit,
2569 2958 2766 3014 Abite:
2801 2959 2851 3013 id
2883 2959 3027 3014 enim
3053 2959 3364 3029 repellentis
3393 2961 3600 3027 fui~set;

1992 3050 2086 3104 sed
2117 3050 2432 3120 interrogat,
2465 3051 2605 3105 Num
2634 3061 2678 3105 et
2707 3068 2793 3107 sos
2821 3054 2969 3108 vultis
2995 3053 3174 3108 abire?
3203 3056 3354 3122 Quod
3387 3071 3603 3110 omnem

1993 3146 2272 3201 auferebat
2301 3150 2404 3201 vim
2437 3157 2490 3203 et
2521 3149 2924 3213 necessitatem,
2957 3164 3024 3203 ne
3054 3148 3258 3217 pudore
3296 3149 3604 3204 detineren-

1996 3245 2101 3299 tur,
2136 3238 2315 3314 sedet
2358 3239 2583 3307 gratiam
2626 3237 2908 3293 haberent.
2961 3239 3096 3292 Cum
3126 3247 3304 3293 autem
3348 3241 3468 3294 illos
3500 3259 3605 3296 non

1998 3331 2175 3400 palam
2205 3331 2498 3392 accusavit,
2532 3329 2624 3384 sed
2677 3329 2922 3384 modeste
2971 3331 3165 3398 tetigit,
3210 3331 3445 3384 ostendit
3475 3349 3608 3401 quu-

1997 3425 2160 3480 ntodo
2189 3433 2438 3494 oporteat
2469 3426 2518 3477 in
2548 3423 2815 3477 similibus
2861 3422 3250 3492 philosophari.
3297 3423 3403 3478 Nos
3425 3435 3605 3480 autem

1992 3519 2115 3588 jure
2137 3521 2407 3572 contraria
2438 3518 2692 3587 patimur,
2728 3517 2849 3586 quia
2869 3519 3051 3571 omnia
3069 3518 3257 3586 gloria:
3285 3533 3444 3571 eausa
3477 3501 3618 3574 faci-i

1997 3626 2136 3675 mus,
2189 3608 2418 3679 ideoque
2463 3625 2531 3663 ex
2581 3608 2901 3663 famulorum
2963 3624 3181 3665 recessu
3230 3621 3412 3665 nostra
3443 3613 3608 3669 minui

2001 3713 2270 3772 putamus.
2324 3703 2414 3757 Sic
2473 3719 2635 3773 porro
2686 3718 2784 3757 nec
2830 3702 3078 3757 adulatus
3121 3713 3224 3766 est,
3260 3720 3361 3758 nec
3389 3706 3604 3774 repulit,

1999 3795 2096 3849 sed
2143 3795 2515 3864 interrogavit.
2545 3793 2662 3848 Non
2707 3810 2836 3863 ergo
2863 3796 3170 3864 spernentis
3218 3796 3318 3850 hoc
3347 3808 3480 3862 erat,
3516 3800 3609 3854 sed

2001 3887 2234 3940 nolentis
2261 3902 2357 3940 eos
2397 3887 2445 3940 vi
2471 3895 2525 3940 et
2551 3887 2875 3942 necessitate
2907 3887 3188 3949 detinere;
3224 3905 3345 3943 nam
3392 3891 3458 3946 ita
3493 3910 3611 3948 ma-

2001 3995 2153 4043 nere,
2206 3979 2347 4034 idem
2399 3979 2592 4034 fuisset
2640 3991 2802 4046 atque
2828 3981 3000 4035 abire.
3049 3981 3187 4050 Quid
3226 3999 3355 4052 ergo
3384 3986 3615 4042 Petrus?

2002 4071 2092 4124 68.
2129 4071 2207 4123 Ad
2236 4088 2382 4140 quem
2426 4072 2651 4124 ibimus?
2715 4071 2875 4125 Verba
2926 4073 3040 4126 vita:
3081 4085 3287 4127 aeterna;
3312 4077 3484 4132 habes.
3521 4081 3613 4136 ti9.

2002 4164 2069 4218 Et
2116 4180 2207 4218 nos
2251 4165 2561 4217 credidimus
2609 4174 2656 4217 et
2699 4164 3044 4234 cegnorimus,
3078 4168 3197 4234 quia
3220 4176 3270 4218 tu
3301 4184 3353 4221 es
3385 4168 3616 4226 Christus

2003 4253 2174 4308 Filius
2208 4255 2302 4308 Dei
2351 4257 2465 4308 vivi.
2503 4253 2692 4310 Videu’
2721 4271 2827 4309 non
2856 4256 3015 4310 verba
3059 4256 3413 4313 oﬂ'en‘ionem
3448 4278 3614 4332 pepe-

2003 4348 2162 4412 risse,
2189 4347 2283 4401 sed
2307 4346 2634 4412 socordiam,
2680 4345 2968 4412 desidiam,
3003 4357 3056 4402 et
3094 4350 3493 4418 improbitatem
3517 4370 3614 4408 au-

2005 4438 2276 4492 ditorum?
2300 4437 2429 4491 Nam
2462 4437 2672 4492 etiamsi
2709 4438 2810 4492 hoc
2838 4453 2943 4491 non
2987 4438 3232 4504 dixisset,
3266 4440 3615 4502 nihilominus

2004 4531 2193 4585 offensi
2225 4529 2472 4595 fuissent,
2492 4546 2588 4584 nec
2617 4530 2970 4594 destitissent,
2988 4531 3165 4585 cibum
3185 4546 3401 4602 semper
3424 4549 3618 4605 corpo-

2005 4633 2156 4677 reum
2186 4632 2457 4687 curantes,
2487 4636 2550 4675 ac
2580 4631 2737 4676 terra:
2765 4621 2930 4676 afﬁxi.
2962 4623 3212 4691 Alioquin
3231 4632 3410 4677 autem
3437 4627 3487 4679 hi
3511 4643 3614 4682 una

2006 4730 2126 4768 cum
2158 4713 2260 4767 illis
2283 4715 2591 4777 audierunt,
2616 4711 2710 4767 sed
2742 4713 3016 4767 coiitrario
3040 4713 3215 4767 affecti
3263 4715 3424 4769 modo
3460 4716 3585 4772 dixe

2007 4816 2154 4872 runt,
2185 4806 2263 4859 Ad
2291 4822 2438 4876 quem
2467 4805 2698 4860 ibimus?
2725 4803 2963 4862 Verbum
3005 4807 3184 4876 magni
3215 4806 3449 4871 allectus
3481 4810 3624 4864 indi-

2011 4896 2180 4949 cium.
2214 4895 2499 4963 Siguilicat
2527 4912 2672 4950 enim
2720 4898 3032 4968 Magistrum
3074 4902 3173 4954 sibi
3225 4905 3476 4958 onmtbus
3506 4920 3631 4962 esse

2013 4987 2308 5051 cariorem,
2355 4991 2620 5055 patribus,
2675 4992 2960 5060 matribus,
3012 4995 3377 5061 facultatibus,
3421 5015 3627 5068 eosque

2014 5078 2106 5145 qui
2138 5078 2206 5132 ab
2239 5078 2358 5149 ipso
2387 5080 2699 5147 discedunt,
2733 5099 2838 5137 non
2882 5086 3085 5141 habere
3110 5102 3218 5155 quo
3248 5103 3309 5143 se
3339 5091 3625 5160 recipiant.

2016 5167 2221 5225 Deinde
2272 5186 2342 5227 ne
2393 5173 2666 5229 videntur
2715 5174 2883 5242 illul,
2928 5178 3007 5231 Ad
3056 5194 3203 5249 quem
3250 5182 3476 5237 ibimus?
3507 5184 3628 5238 ideo

2016 5262 2239 5327 dixisse,
2270 5266 2414 5334 quod
2439 5282 2547 5322 non
2579 5278 2764 5324 essent
2792 5271 2886 5341 qui
2916 5272 3064 5341 ipsos
3092 5275 3418 5343 reciperent,
3444 5287 3550 5331 stat
3576 5292 3625 5330 tu

2006 5357 2214 5424 adjicit,
2244 5358 2411 5415 Verba
2441 5362 2558 5416 vita:
2580 5373 2786 5419 (sternte
2811 5368 2989 5436 habes.
3017 5369 3118 5424 Alii
3147 5371 3290 5424 enim
3331 5373 3619 5426 carnaliter

2008 5461 2062 5505 et
2094 5451 2325 5508 humana
2361 5465 2542 5512 mente
2573 5460 2897 5526 audiebant;
2933 5461 2986 5516 hi
3016 5477 3143 5517 vero
3170 5463 3544 5531 spiritualiter,
3570 5474 3624 5520 et

2011 5543 2131 5597 fidei
2155 5556 2324 5601 totum
2343 5551 2769 5608 committentes.
2785 5554 2911 5609 Ideo
2923 5554 3171 5610 Christus
3185 5557 3399 5612 dicebat
3421 5575 3433 5610 :
3456 5555 3543 5611 Ve:
3561 5558 3623 5612 ba

2010 5657 2126 5709 quae
2156 5642 2396 5712 loquutus
2426 5661 2540 5699 sum
2569 5648 2743 5716 vobis,
2776 5650 2989 5720 spiritus
3020 5661 3175 5715 sunt;
3209 5653 3258 5706 id
3291 5661 3394 5718 est,
3428 5651 3502 5708 Ne
3535 5668 3624 5707 su-

2011 5735 2239 5802 spiceris
2282 5735 2584 5792 doctrinam
2635 5755 2833 5809 meam,
2880 5759 3061 5800 rerum
3110 5744 3514 5814 consequentiae
3560 5760 3624 5800 ae

2011 5824 2322 5882 necessitati
2346 5828 2650 5901 subjacere.
2675 5833 2791 5892 Non
2824 5834 3134 5908 hujusmodi
3161 5851 3288 5896 sunt
3317 5838 3622 5908 spiritualia
