4024 6444
484 374 583 430 987
1220 368 1275 423 S.
1318 366 1593 424 JOANNIS
1620 357 2093 423 CIIRYSOSTOMI

488 504 582 545 nec
609 489 836 541 terrenis
869 483 1072 553 legibus
1096 484 1247 538 subdi
1290 485 1582 554 patiuntur.
1614 484 1667 538 ld
1697 484 1891 538 Paulus
1924 496 2054 551 quo.

477 596 585 651 que
612 579 843 635 declarat
873 575 955 630 his
987 577 1163 630 verbis
1192 596 1206 632 :
1242 578 1323 630 Ne
1350 578 1490 631 dicas
1534 579 1585 631 in
1612 576 1761 630 corde
1796 587 1899 639 tuo,
1936 575 2061 638 Quis

480 670 713 724 ascendet
760 668 812 719 in
855 666 1076 721 cretum!
1122 667 1217 719 hoc
1246 676 1337 732 est,
1366 666 1622 720 Christum
1662 665 1942 729 deducere;
1971 674 2060 717 aut

479 761 589 829 quis
615 758 877 811 descendet
903 758 955 809 in
983 757 1257 825 abyssum?
1298 758 1391 809 hoc
1419 766 1510 820 est,
1547 757 1804 809 Christum
1831 773 1893 809 ea:
1919 771 2057 809 mor-

480 850 576 902 tuis
597 863 829 902 revocare
851 846 1022 916 (Rom.
1048 847 1131 902 10.
1168 846 1222 901 6.
1244 847 1321 915 7).
1352 844 1512 899 Verba
1539 848 1652 900 vita:
1662 857 1864 900 aeternae
1884 846 2051 900 habes.

393 992 407 1005 .
475 940 592 993 Jam
646 939 698 992 bi
748 938 1191 993 resurrecticnem
1221 947 1572 1007 acceperant,
1616 946 1672 993 et
1712 947 1875 991 totam
1912 937 2056 991 illam

474 1041 697 1086 sortem.
743 1030 892 1095 Vide,
943 1045 1147 1098 quasso,
1202 1029 1422 1083 fratrum
1453 1040 1739 1092 amantem.
1789 1029 2056 1099 quomodo

477 1123 637 1176 totius
663 1131 832 1177 cetus
852 1134 1067 1174 causam
1096 1126 1260 1190 agat“.
1292 1114 1396 1175 non
1423 1121 1559 1175 dixit
1598 1122 1762 1186 enim,
1792 1120 2050 1190 Cognovi,

475 1213 589 1278 ενδ,
618 1211 950 1279 Cognovimus
974 1228 993 1264 :
1024 1212 1130 1265 itno
1173 1213 1350 1281 potius
1395 1212 1761 1268 animadverte
1784 1212 2054 1283 quomodo

473 1303 537 1356 ad
567 1306 675 1372 ipsa
703 1301 934 1369 Magistri
965 1303 1124 1377 verba
1150 1303 1389 1367 accedat,
1415 1318 1518 1356 non
1540 1302 1725 1357 eadem
1746 1318 1863 1372 qua:
1883 1302 2052 1357 Judmi

475 1394 712 1461 loquens.
748 1390 823 1444 Illi
849 1392 989 1444 enim
1017 1391 1286 1454 dicebant,
1315 1390 1415 1444 Hic
1443 1403 1513 1445 est
1544 1393 1682 1461 filius
1709 1392 1935 1463 Ioseph;
1965 1392 2052 1448 hic

470 1493 667 1545 autem,
697 1482 775 1536 Tu
806 1499 857 1537 es
879 1483 1107 1536 Christus
1136 1481 1283 1537 Flius
1312 1482 1412 1537 Dei
1452 1485 1582 1548 vivi;
1612 1493 1686 1549 et,
1742 1482 1903 1537 Verba
1938 1485 2054 1540 vitta

470 1589 673 1630 a'terna:
714 1577 885 1629 habes.
932 1573 1092 1628 Forte
1136 1575 1257 1644 quia
1286 1590 1431 1644 stupe
1462 1574 1634 1645 ipsum
1664 1576 1930 1631 dicentem
1956 1591 2051 1631 au-

470 1671 639 1723 dierat
669 1687 682 1724 :
714 1668 814 1733 Qui
839 1670 997 1721 credit
1020 1670 1070 1721 iu
1092 1684 1188 1731 me,
1213 1668 1359 1722 liabet
1376 1669 1527 1722 vitam
1548 1679 1807 1723 cateruam.
1830 1669 2052 1725 Demon-

468 1768 601 1813 strat
625 1760 768 1813 enim
810 1773 870 1814 se
912 1758 1051 1813 dicta
1078 1761 1257 1813 onmia
1302 1760 1553 1825 retinere,
1587 1774 1708 1815 cum
1740 1763 1851 1831 ipsa
1888 1763 2047 1816 verba

467 1861 705 1921 usurpat.
733 1850 867 1918 Quid
898 1865 1025 1921 ergo
1046 1851 1327 1906 Christus?
1353 1850 1469 1906 Non
1499 1850 1752 1918 laudavit,
1780 1868 1879 1908 nec
1909 1853 2051 1909 cele-

468 1942 638 2001 bravit
665 1942 899 2008 Petrum,
922 1942 1063 2012 quod
1086 1950 1263 1995 tamen
1286 1943 1409 1996 alibi
1440 1941 1582 1997 fecit.
1607 1942 1711 1997 Sed
1734 1943 1860 2013 qttid
1882 1944 2050 1998 dicit?

469 2031 555 2086 70.
610 2033 795 2087 Nonne
838 2049 929 2103 ego
974 2048 1060 2086 vos
1088 2028 1527 2103 dttodecim'elegi,
1577 2044 1621 2088 et
1664 2051 1794 2088 unus
1821 2052 1885 2088 ea:
1913 2035 2049 2089 vobis

462 2127 693 2180 diabolus
720 2127 835 2179 est?
876 2126 1005 2193 Quia
1047 2128 1188 2180 enim
1221 2126 1312 2181 ille
1346 2126 1577 2189 dixerat,
1610 2127 1675 2181 Et
1703 2144 1795 2182 nos
1825 2131 2045 2183 credidi-

463 2234 593 2278 tuus.
625 2218 820 2287 excipit
860 2234 927 2272 ex
957 2234 1180 2273 numero
1222 2219 1435 2274 ludam.
1469 2221 1605 2275 Alibi
1637 2223 1779 2276 enim
1818 2223 1947 2277 nihil
1978 2224 2046 2280 de

462 2309 739 2378 discipulis
764 2308 897 2362 dixit
923 2326 935 2361 :
963 2309 1055 2363 sed
1082 2325 1202 2363 cum
1223 2309 1466 2364 Christus
1486 2312 1729 2377 dixisset,
1762 2311 1861 2367 Vos
1881 2325 2046 2367 autem

461 2417 607 2466 quem
639 2417 715 2453 me
756 2417 861 2454 esse
883 2400 1086 2454 dicitis?
1116 2402 1410 2471 respondit,
1440 2401 1519 2456 Tu
1541 2420 1591 2457 es
1621 2404 1852 2459 Christus
1879 2405 2047 2460 Filius

463 2490 555 2543 Dei
583 2492 824 2557 viventis(
854 2489 1041 2543 Matth.
1073 2492 1159 2547 16.
1191 2493 1258 2546 15
1279 2492 1323 2562 ).
1371 2493 1465 2548 llic
1493 2509 1620 2548 vero
1666 2496 1785 2563 quia
1814 2496 2043 2562 dixerat,

462 2581 527 2634 Et
556 2598 648 2634 nos
676 2582 1001 2647 credidimus,
1032 2584 1223 2637 merito
1245 2583 1433 2637 Judam
1453 2586 1636 2639 eximit
1658 2602 1721 2641 ex
1744 2588 1834 2639 ilio
1855 2588 2044 2653 choro;

462 2671 513 2727 id
540 2686 667 2726 vero
695 2671 837 2737 facit,
866 2676 975 2741 jam
1004 2672 1093 2727 ditt
1122 2684 1246 2728 ante
1291 2674 1575 2742 proditoris
1620 2677 1893 2745 perﬁdiam
1925 2694 2047 2747 pro-

461 2765 697 2830 pulsans.
729 2761 939 2817 Gnarus
985 2778 1042 2819 se
1092 2762 1223 2817 nihil
1255 2764 1535 2834 prolicere,
1588 2766 1806 2837 quodin
1845 2782 1905 2822 se
1932 2778 2047 2822 erat

459 2855 606 2911 fecit.
1838 2854 1845 2869 ﬂ

533 2950 587 3002 4.
630 2948 695 3003 Et
726 2949 932 3005 intuere
974 2947 1287 3018 sapientiam
1322 2964 1465 3006 :non
1512 2950 1659 3007 illum
1704 2951 2043 3009 manifestum

466 3040 717 3106 reddidit,
750 3056 922 3111 neque
963 3041 1130 3097 latere
1159 3046 1378 3097 omnino
1410 3045 1682 3113 permisit;
1718 3055 1825 3099 tum
1854 3060 1919 3099 ne
1946 3045 2045 3099 im-

459 3131 741 3200 pudentior
785 3132 1219 3202 pervicaciorque
1259 3132 1450 3197 ﬁeret;
1507 3144 1615 3189 tum
1660 3150 1727 3189 ne
1774 3150 1833 3190 se
1876 3137 2044 3191 latere

456 3232 669 3289 putans,
714 3222 965 3276 audacius
996 3223 1126 3277 illud
1177 3224 1381 3278 facinus
1405 3225 1595 3281 adiret.
1626 3225 1827 3280 Idcirco
1854 3226 1906 3281 in
1951 3243 2041 3282 se-

455 3312 739 3382 quentibus
765 3314 998 3382 apertius
1042 3314 1190 3369 illum
1231 3317 1489 3386 cearguit.
1526 3318 1678 3372 Prius
1703 3327 1851 3374 certe
1891 3318 2037 3374 illum

454 3419 575 3457 cum
602 3404 722 3457 aliis
746 3409 1174 3474 connumeravit,
1202 3424 1323 3463 cum
1369 3409 1535 3475 dixit,
1584 3411 1717 3467 Sunt
1743 3414 1947 3479 quidam
1977 3431 2040 3469 ex

454 3495 589 3547 uobis
615 3495 699 3563 qui
727 3511 826 3549 non
850 3497 1095 3567 credunt,
1128 3500 1179 3553 id
1208 3500 1348 3569 quod
1392 3501 1629 3558 declarat
1670 3506 1994 3575 evangelista
2020 3524 2033 3559 ε

455 3587 656 3640 Sciebat
702 3588 833 3640 enim
860 3588 922 3641 ab
946 3590 1089 3642 initio
1118 3593 1205 3657 qui
1229 3603 1389 3647 essent
1414 3610 1515 3648 non
1543 3597 1818 3662 credentes,
1853 3606 1898 3651 et
1927 3599 2037 3666 quis

456 3681 730 3733 traditurus
751 3691 873 3734 esset
892 3683 1077 3750 ipsum.
1096 3682 1224 3750 Quia
1249 3700 1377 3737 vero
1402 3686 1487 3739 ille
1510 3687 1847 3756 persistebat,
1862 3689 2037 3745 acrius

454 3772 651 3839 arguit,
686 3770 829 3825 Unus
875 3789 936 3825 ex
975 3773 1111 3827 vobis
1160 3775 1390 3829 diabolus
1440 3786 1551 3844 est,
1593 3792 2035 3850 commuaomque

452 3863 698 3918 omnibus
728 3872 927 3919 metum
955 3865 1176 3931 incutit,
1206 3878 1261 3921 ut
1302 3868 1445 3921 illum
1474 3870 1766 3939 obtegeret.
1795 3872 1891 3927 llic
1915 3874 2035 3942 jure

451 3966 759 4025 quaeratur:
790 3954 898 4010 Cur
925 3957 1053 4010 nihil
1093 3958 1337 4027 discipuli
1380 3975 1517 4015 nunc
1554 3962 1758 4027 dicunt,
1791 3964 1889 4017 sub
1922 3965 2036 4019 haec

452 4057 627 4099 autem
650 4045 894 4099 dubitant
921 4087 935 4111 ,
972 4048 1160 4101 timent
1184 4089 1197 4113 ,
1227 4062 1285 4101 se
1314 4059 1496 4103 mutuo
1524 4052 1813 4121 respiciunt
1844 4068 2035 4123 rogan-

454 4150 551 4202 tes,
582 4136 842 4207 Numquid
885 4152 975 4209 ego
1018 4155 1147 4201 sum,
1182 4138 1394 4193 Domine
1423 4141 1651 4213 (Matth.
1682 4144 1770 4199 26.
1795 4144 1864 4197 22
1887 4146 1939 4215 )?
1967 4145 2035 4200 Et

448 4229 638 4284 Joamii
672 4230 857 4285 Petrus
898 4231 1090 4295 innuit,
1116 4241 1170 4285 ut
1197 4231 1503 4302 Magistrum
1543 4246 1887 4303 percontetur
1914 4239 2033 4307 quis

449 4322 517 4375 sit
544 4322 800 4389 proditor.
829 4322 943 4388 Qua
992 4338 1120 4391 ergo
1164 4324 1231 4377 de
1272 4326 1476 4378 causa?
1506 4325 1749 4380 Nondum
1795 4330 2035 4384 audierat

451 4414 661 4478 Petrus,
703 4414 842 4467 Vade
886 4426 996 4485 post
1036 4432 1150 4479 me,
1185 4426 1383 4469 satana.
1437 4417 1560 4473 Ideo
1610 4434 1713 4473 non
1764 4421 2029 4476 timebat:

450 4518 728 4575 postquam
755 4519 931 4562 autem
961 4509 1264 4577 increpatus
1289 4520 1389 4575 est,
1422 4521 1475 4565 et
1501 4513 1669 4566 multo
1693 4529 1811 4567 cum
1838 4513 2028 4569 all'ectu

448 4600 700 4669 loquutus
726 4641 738 4662 ,
772 4616 874 4654 non
905 4601 1147 4655 laudatus
1176 4614 1257 4656 est
1284 4644 1299 4667 ,
1330 4604 1426 4659 sed
1467 4614 1518 4659 et
1546 4618 1758 4661 satanas
1783 4609 1983 4663 audivit
2013 4628 2027 4677 ;

451 4690 549 4745 hac
580 4700 823 4759 percepta
853 4706 1005 4757 voce,
1037 4692 1179 4747 Unas
1218 4710 1279 4747 ex
1306 4696 1443 4749 vobis
1484 4698 1645 4752 tradet
1676 4716 1753 4751 me
1777 4740 1788 4760 ,
1818 4700 1937 4768 jure
1966 4703 2033 4755 li-

449 4781 602 4834 muit.
634 4781 882 4850 Aitaquiu
905 4824 919 4846 ,
954 4798 1055 4835 non
1088 4782 1210 4837 dicit
1240 4800 1379 4838 nunc
1400 4826 1413 4849 ,
1457 4786 1600 4840 Unus
1625 4805 1686 4841 ea
1706 4790 1841 4843 vobis
1870 4794 2030 4845 tradet

450 4888 561 4934 me;
594 4870 709 4937 sed,
744 4872 886 4927 Unus
909 4890 971 4926 ea:
996 4874 1131 4927 vobis
1154 4885 1226 4928 est
1255 4876 1503 4929 diabolus.
1538 4878 1711 4944 Quare
1738 4895 1841 4934 non
1876 4883 2033 4937 intel-

449 4963 683 5032 ligebaut
707 4965 827 5032 quid
856 4965 1109 5019 diceretur
1146 5007 1159 5030 ,
1189 4966 1281 5021 sed
1311 4968 1561 5023 malitiam
1608 4980 1809 5026 tantum
1844 4989 2028 5041 repre-

448 5056 607 5109 hendi
638 5058 908 5123 putabant.
937 5057 1046 5111 Cur
1075 5067 1250 5111 autem
1277 5058 1437 5126 dixit,
1470 5060 1653 5115 Nonne
1682 5081 1771 5134 ego
1795 5081 1881 5118 vos
1903 5067 2029 5119 duo-

448 5147 605 5200 decim
632 5148 776 5217 elegi,
812 5159 855 5202 et
886 5166 1014 5203 unus
1052 5166 1114 5203 ea:
1139 5151 1274 5203 vobis
1314 5152 1542 5207 diabolus
1584 5157 1696 5209 est?
1724 5157 2025 5214 Doctriuam

447 5253 595 5291 suam
626 5239 770 5291 omni
816 5241 1117 5297 adulatione
1162 5258 1380 5297 vacuam
1430 5246 1686 5301 indicans.
1718 5247 1851 5303 Cum
1884 5254 2023 5306 etaim

446 5330 850 5387 abscedentibus
870 5334 1152 5399 omnibus,
1188 5336 1284 5403 ipsi
1316 5338 1414 5390 soli
1443 5351 1753 5406 manerent,
1785 5352 1841 5395 et
1884 5343 2024 5399 Petri

446 5438 538 5476 ore
560 5422 829 5477 Christum
865 5425 1282 5491 confi'ereutur;
1312 5444 1379 5482 ne
1406 5438 1643 5497 putarent
1669 5447 1728 5487 se
1751 5433 1869 5487 ideo
1900 5435 2025 5503 ip-is

448 5513 783 5568 adulaturum
833 5528 952 5569 esse
979 5555 993 5581 ,
1030 5517 1164 5569 hanc
1214 5529 1425 5573 amovet
1472 5524 1862 5590 suspicionem;
1892 5542 1953 5581 ac
1983 5531 2023 5581 si

448 5604 642 5659 diceret
674 5604 849 5659 :Niliil
881 5621 965 5659 me
1008 5605 1219 5661 cohibet
1248 5610 1531 5676 quominus
1562 5613 1729 5666 malos
1760 5630 1974 5683 arguam
2009 5636 2020 5669 :

449 5711 515 5749 ne.
539 5698 727 5765 putetis
755 5713 840 5752 me
869 5697 1040 5763 vobis,
1072 5699 1187 5767 quia
1220 5703 1467 5765 manetis,
1498 5703 1835 5759 adulamrnm
1863 5723 1981 5762 esse
2007 5726 2020 5775 ;

449 5800 532 5843 aut
564 5792 681 5859 quia
728 5809 809 5846 me
859 5795 1176 5863 sequimini,
1206 5796 1474 5868 improbos
1518 5814 1621 5854 non
1662 5799 2021 5870 reprehensu-

2146 361 2459 425 ARCIIIEP.
2500 371 3031 433 CONSTANTINOP.
3663 393 3778 452 sus

2175 500 2312 539 rum.
2342 486 2473 542 Nam
2500 492 2641 559 quod
2676 494 2841 565 magis
2870 507 3050 563 posset
3087 496 3398 569 Magistrum
3425 506 3677 578 nectere,
3713 514 3774 570 id

2168 592 2274 631 non
2307 594 2393 633 me
2422 580 2606 637 ﬂectit.
2638 582 2737 649 Qui
2768 595 2948 641 manet
2970 628 2984 649 ,
3008 592 3207 646 amoris
3241 593 3326 649 sui
3355 594 3445 652 (lat
3478 602 3765 663 indicium.

2168 666 2268 736 Qui
2295 671 2496 727 electus
2533 684 2612 729 est
2642 690 2672 729 a
2700 676 2971 747 Magistro,
2998 681 3065 735 ab
3097 683 3492 758 insipientibus,
3518 707 3583 749 ac
3606 697 3650 750 si
3681 698 3767 753 in-

2166 762 2339 817 saniat
2362 804 2376 828 ,
2409 766 2717 835 repelletur.
2750 771 2995 826 Attamen
3049 789 3219 846 neque
3260 777 3362 835 hoc
3402 796 3488 838 me
3515 799 3543 835 a
3573 802 3767 857 repre-

2166 851 2452 908 hendendo
2502 856 2736 914 abducit.
2769 860 2879 915 Hac
2920 862 2989 919 de
3034 880 3094 920 rc
3144 868 3305 923 etiam
3347 888 3488 928 nunc
3524 851 3765 945 gentiles

2162 942 2434 1000 Christum
2483 962 2769 1016 accusant,
2799 953 2893 1009 sed
2938 954 3127 1026 frigide
3162 967 3217 1014 et
3253 964 3434 1020 stulte.
3465 942 3581 1022 Non
3609 972 3762 1027 enim

2163 1038 2482 1093 necessitate
2527 1051 2619 1094 aut
2668 1043 2717 1097 vi
2768 1044 2907 1100 Deus
2952 1046 3121 1103 bonos
3149 1050 3327 1108 facere
3376 1056 3547 1125 solet,
3578 1076 3761 1130 neque

2161 1130 2353 1185 electio
2383 1132 2499 1201 ejus
2527 1142 2610 1188 est
2638 1135 2867 1192 violenta
2893 1180 2908 1206 ,
2950 1141 3044 1196 sed
3085 1158 3117 1198 a
3159 1144 3409 1203 suasione
3457 1151 3755 1219 perficitur.

2163 1221 2230 1275 Ut
2274 1233 2453 1279 autem
2507 1226 2681 1282 discas
2713 1231 3046 1288 vocationem
3082 1250 3189 1291 non
3232 1238 3335 1293 vim
3366 1241 3598 1313 inferre,
3632 1262 3757 1315 per-

2160 1314 2334 1382 pende
2379 1328 2508 1385 quot
2538 1319 2707 1372 vocati
2741 1323 3015 1389 perierint.
3050 1326 3201 1383 Unde
3232 1333 3406 1400 palam
3430 1345 3534 1401 est,
3567 1314 3757 1391 inuo-

2156 1415 2269 1459 stro
2316 1408 2471 1462 sitam
2517 1418 2635 1466 esSe
2668 1412 2892 1470 arbitrio
2937 1416 3018 1472 vel
3048 1419 3299 1490 salutem,
3330 1426 3410 1481 vel
3457 1432 3754 1498 perniciem

2156 1506 2415 1552 nostram.

2228 1590 2279 1644 5.
2322 1590 2447 1647 Haec
2493 1593 2669 1663 itaque
2712 1598 2988 1657 audientes
3013 1646 3027 1666 .
3058 1604 3400 1665 instituamur
3436 1611 3503 1665 ad
3545 1629 3751 1671 caven-

2154 1678 2279 1733 dum
2308 1684 2738 1757 vigilandumque
2765 1705 2996 1763 semper.
3014 1694 3143 1750 Nam
3175 1699 3219 1753 si
3250 1700 3339 1756 ille
3368 1704 3455 1772 qui
3485 1704 3535 1757 in
3560 1720 3752 1762 sam-to

2155 1772 2245 1826 illo
2275 1772 2441 1829 choro
2470 1780 2790 1835 censebatur
2811 1825 2825 1848 ,
2858 1786 2945 1853 qui
2998 1797 3200 1843 tantum
3239 1806 3600 1865 consequutus
3629 1813 3749 1856 erat

2152 1861 2373 1933 donum,
2408 1869 2496 1937 qui
2525 1870 2675 1941 signa
2708 1873 2907 1930 fecerat
2938 1878 2955 1946 (
2985 1881 3184 1935 etenim
3234 1898 3354 1939 cum
3393 1861 3511 1943 aliis
3550 1892 3750 1949 missus

2153 1955 2324 2011 fuerat
2360 1959 2425 2013 ad
2467 1973 2709 2019 mortuos
2738 1969 3075 2026 suscitandas
3107 1972 3457 2047 leprososque
3482 1984 3751 2040 mundan-

2152 2045 2294 2117 dos),
2320 2050 2440 2117 quia
2470 2054 2783 2117 gravissimo
2811 2060 3047 2114 avarititn
3077 2065 3267 2120 morbo
3295 2045 3480 2139 captus
3503 2083 3608 2137 est,
3636 2075 3747 2129 Do-

2152 2137 2353 2227 minmn
2399 2156 2554 2196 suum
2602 2147 2853 2215 prodidit,
2897 2151 3133 2223 nihilque
3163 2156 3236 2211 illi
3269 2137 3513 2227 pro—fuere
3540 2166 3747 2221 benefi-

2149 2226 2231 2282 cia
2256 2270 2270 2294 ,
2299 2230 2435 2284 dona
2459 2274 2473 2299 ,
2524 2249 2627 2289 non
2677 2242 3038 2309 consuetudo,
3068 2261 3173 2300 non
3206 2226 3334 2303 lotio
3360 2252 3555 2322 pedum
3574 2296 3591 2323 ,
3636 2275 3742 2315 non

2151 2336 2349 2376 mensa:
2381 2326 2631 2394 societas,
2662 2346 2769 2385 non
2797 2332 3090 2390 loculorum
3136 2342 3422 2407 custodia;
3473 2344 3583 2402 imo
3628 2350 3744 2405 haec

2152 2413 2223 2466 illi
2254 2415 2428 2469 aditus
2449 2418 2513 2472 ad
2540 2421 2854 2490 supplicium
2888 2424 3039 2481 fuere
3068 2446 3081 2480 :
3117 2432 3397 2488 timeamus
3426 2443 3480 2489 et
3509 2453 3609 2492 nos
3632 2480 3648 2505 ,
3675 2457 3744 2496 ne

2151 2507 2364 2574 quando
2383 2509 2570 2565 Judam
2596 2528 2691 2582 per
2718 2517 2996 2572 avaritiam
3022 2518 3311 2578 imitemur.
3340 2524 3608 2582 Christum
3633 2546 3740 2586 ltntt

2153 2600 2367 2664 prodis?
2392 2599 2495 2656 Sed
2522 2605 2734 2673 quando
2766 2622 3048 2678 pauperem
3073 2610 3211 2666 fame
3235 2615 3619 2687 tabescentem,
3651 2634 3745 2678 aut

2152 2688 2346 2758 frigore
2397 2704 2643 2749 enectum
2712 2702 3053 2768 contemnis,
3111 2704 3287 2759 eidem
3349 2708 3614 2766 obnoxius
3682 2730 3743 2770 es

2147 2779 2498 2839 damnationi.
2534 2786 2598 2839 Et
2626 2802 2747 2843 eum
2782 2789 2995 2860 indigne
3039 2797 3290 2866 mysteria
3320 2800 3701 2871 participamus
3725 2846 3739 2871 ,

2147 2874 2389 2929 eamdem
2419 2875 2470 2929 in
2495 2878 2784 2946 perniciem
2816 2882 2975 2951 imus,
3001 2902 3159 2957 quam
3186 2890 3274 2959 qui
3298 2889 3568 2950 Christum
3597 2901 3743 2952 occi-

2146 2965 2362 3023 deruut.
2396 2967 2527 3023 Cutn
2555 2973 2810 3043 rapimus,
2844 2992 2964 3031 cum
2994 2994 3190 3048 egenos
3216 2985 3591 3053 opprimimus,
3619 3006 3737 3044 ma-

2146 3058 2343 3112 ximam
2395 3062 2545 3117 nobis
2593 3065 2846 3121 ultionem
2892 3070 3237 3140 attrahitnus;
3269 3090 3333 3131 ac
3365 3076 3488 3146 jure
3518 3083 3734 3137 merito.

2149 3146 2432 3221 Usquequo
2458 3156 2598 3209 enim
2627 3172 2803 3212 rerum
2829 3165 3169 3230 pra-sentiunt
3198 3183 3368 3234 amor,
3392 3171 3656 3229 inutilium
3684 3188 3739 3233 et

2144 3257 2590 3312 supervacuarum
2637 3265 2735 3305 nos
2760 3256 3080 3324 occupabit?
3108 3258 3309 3315 Divitize
3337 3276 3568 3334 namque
3595 3268 3738 3323 inter

2142 3335 2407 3403 superflua
2441 3348 2495 3393 et
2539 3342 2741 3398 inutilia
2773 3358 3138 3404 numerantur.
3174 3350 3463 3425 Usquequo
3488 3358 3738 3417 inanibus

2139 3426 2299 3482 rebus
2326 3429 2469 3485 affixi
2511 3437 2749 3490 erimus?
2780 3453 3055 3510 usquequo
3100 3458 3206 3499 non
3248 3449 3598 3519 respiciemus
3623 3469 3734 3509 tue-

2142 3518 2265 3573 los?
2296 3538 2397 3577 non
2427 3526 2783 3595 vigilabimus,
2813 3547 2917 3586 non
2950 3535 2999 3587 in
3033 3535 3301 3593 fastidium
3331 3518 3591 3599 fluxarum
3624 3557 3735 3602 ter-

2139 3628 2493 3686 renarumque
2540 3635 2718 3675 rerum
2770 3626 3083 3681 veniemus?
3133 3644 3310 3686 annon
3361 3639 3731 3701 experimento

2140 3704 2345 3760 illarum
2374 3709 2631 3766 vilitatem
2660 3714 2988 3772 ediscimus?
3037 3718 3345 3790 Cogitemus
3373 3724 3567 3782 divites
3611 3729 3733 3785 illus

2137 3799 2383 3866 quiante
2428 3818 2524 3858 nos
2570 3804 2807 3863 fuerunt.
2842 3812 3031 3867 Annon
3064 3814 3180 3870 haec
3224 3818 3403 3873 omnia
3458 3823 3728 3879 somnium

2138 3889 2300 3941 sunt?
2342 3906 2520 3947 annon
2569 3898 2751 3951 umbra
2802 3910 2856 3953 et
2910 3901 3047 3957 flos?
3085 3919 3264 3960 annon
3316 3908 3453 3963 unda
3505 3923 3729 3981 praeter-

2138 3978 2349 4033 fluens?
2374 3998 2553 4039 annon
2585 3988 2743 4043 verba
2792 4002 2844 4044 et
2888 3992 3123 4047 fabulae?
3152 3995 3244 4051 Ille
3271 3998 3421 4055 dives
3462 3978 3597 4070 fuit;
3631 4008 3725 4060 sed

2136 4087 2245 4141 quo
2270 4074 2515 4131 abierunt
2542 4080 2784 4137 divitia)?
2812 4083 3111 4154 Perierunt,
3142 4104 3409 4160 corruptae
3435 4105 3559 4149 sunt
3588 4114 3602 4161 ;
3633 4101 3725 4153 si-d

2138 4176 2347 4231 peccata
2380 4182 2474 4235 per
2498 4170 2708 4225 divitias
2737 4186 2885 4242 parta
2920 4186 3158 4245 manent,
3192 4190 3244 4233 et
3267 4191 3483 4251 propter
3510 4200 3726 4253 peccata

2136 4258 2475 4324 supplicium.
2510 4262 2622 4315 lmo
2651 4280 2777 4318 vero
2813 4268 2911 4320 etsi
2945 4284 3044 4323 nec
3070 4272 3386 4341 supplicium
3418 4286 3579 4342 esset,
3627 4294 3728 4335 nec

2138 4362 2379 4416 regnum,
2414 4354 2764 4423 contribules,
2792 4372 3119 4429 congeneres
3163 4372 3218 4418 et
3262 4376 3538 4422 consortes
3568 4385 3728 4425 reve-

2137 4442 2239 4495 reri
2271 4438 2564 4511 oporteret.
2594 4448 2663 4501 At
2712 4466 2853 4506 nunc
2896 4467 3060 4509 canes
3105 4456 3330 4522 alimus;
3363 4460 3511 4514 multi
3561 4463 3723 4517 etiam

2135 4549 2385 4605 onagros,
2415 4554 2586 4603 ursos,
2618 4544 2898 4612 variasque
2930 4545 3072 4601 feras
3101 4548 3177 4617 (a)
3203 4564 3217 4601 :
3244 4548 3515 4606 hominem
3544 4565 3723 4609 autem

2136 4629 2273 4683 fame
2299 4632 2601 4687 confectum
2645 4636 2981 4706 negligimus,
3009 4654 3072 4694 ac
3104 4640 3269 4708 pluris
3313 4642 3537 4700 facimus
3586 4646 3725 4702 alic-

2136 4735 2259 4773 num
2289 4736 2456 4791 genus
2481 4766 2495 4789 ,
2525 4741 2683 4793 quam
2711 4740 2973 4783 nostrum.
3009 4733 3199 4786 Annon
3228 4733 3448 4803 pulchra
3480 4752 3565 4791 res
3597 4748 3719 4805 est,

2134 4813 2264 4877 aies,
2295 4814 2601 4883 Splendidas
2632 4819 2775 4875 ardes
2805 4831 3117 4878 construere
3144 4866 3158 4885 .
3190 4819 3602 4881 multos’servos
3628 4828 3719 4885 ha-

2136 4901 2261 4958 bere
2288 4945 2302 4969 ,
2335 4921 2494 4961 aurea
2541 4908 2805 4977 laquearia
2832 4911 3075 4979 jacentes
3120 4916 3473 4984 conSpicere?
3503 4918 3611 4973 Res
3642 4932 3724 4976 est

2134 5008 2524 5063 supervacanea
2551 5010 2603 5054 et
2636 5002 2853 5057 inutilis.
2883 5004 3015 5058 Sunt
3043 5005 3143 5058 alia
3175 5007 3396 5061 aedilicia
3430 5008 3514 5063 his
3554 5013 3722 5065 multo

2134 5092 2493 5157 splendidiora
2548 5108 2601 5149 et
2659 5096 2963 5151 honestiora
3011 5116 3025 5153 :
3075 5098 3157 5153 his
3215 5101 3405 5156 oculos
3448 5102 3724 5158 oblectare

2133 5202 2308 5257 operae
2336 5190 2563 5256 pretium
2592 5188 2748 5241 fuerit
2782 5204 2795 5239 :
2827 5203 2889 5242 ac
2917 5204 3075 5243 nemo
3097 5200 3181 5245 est
3205 5192 3292 5260 qui
3324 5194 3597 5262 impediat.
3634 5194 3725 5248 Vis

2134 5291 2328 5336 tectum
2380 5282 2795 5351 pulcherrimum
2843 5281 3079 5336 intueri?
3132 5285 3434 5354 Appeteute
3497 5302 3721 5356 vespera

2131 5375 2250 5428 vide
2298 5375 2488 5428 caelum
2539 5374 2709 5429 stellis
2762 5384 3028 5428 ornatum.
3079 5375 3184 5429 Sed
3239 5392 3342 5431 non
3391 5386 3473 5431 est
3523 5386 3720 5431 tectum

2132 5483 2308 5519 mequ
2335 5508 2349 5531 ,
2376 5468 2602 5536 inquies.
2631 5467 2741 5521 lmo
2785 5467 2953 5535 magis
2996 5478 3173 5530 tuum,
3201 5483 3360 5536 quam
3392 5468 3518 5523 illud
3550 5469 3716 5522 aliud.

2130 5557 2353 5623 Propter
2382 5568 2431 5609 te
2476 5574 2703 5627 namque
2736 5560 2926 5611 factum
2955 5566 3074 5624 est,
3105 5566 3159 5612 et
3205 5573 3488 5614 commune
3520 5560 3609 5615 tibi
3639 5572 3720 5615 est

2128 5662 2248 5702 cum
2290 5650 2540 5704 fratribus
2568 5651 2691 5704 tuis.
2724 5650 2836 5705 Hoc
2866 5661 3042 5704 autem
3072 5650 3213 5705 aliud
3250 5667 3354 5706 non
3393 5662 3542 5707 tuum
3594 5665 3675 5707 est
3697 5696 3710 5717 ,

2195 5811 2267 5873 (ιι)
2292 5812 2373 5861 ttic
2406 5808 2534 5861 feras
2568 5810 2727 5861 alendi
2751 5826 2855 5863 mos
2897 5813 3216 5878 chrysostoau
3242 5818 3384 5862 etate
3435 5810 3653 5871 vigebat.
