4024 6420
197 399 322 457 sed
353 399 618 464 heredum
671 393 818 472 post
844 411 1072 458 mortem
1105 412 1272 458 tuam.
1306 403 1439 458 Illud
1472 404 1705 458 maxime
1734 402 1827 456 tibi

197 492 508 549 mutila
538 496 758 564 [rotet-it,
787 509 910 552 cum
960 509 1028 550 ex
1071 494 1470 564 pulchritudine
1518 510 1613 548 sua
1664 503 1716 549 te
1769 492 1835 547 ad

201 582 540 641 Creaton
566 584 833 651 advocet;
865 585 969 642 hoc
1014 597 1194 642 autem
1222 587 1364 642 aliud
1402 587 1633 641 maxime
1676 600 1838 640 noce-

203 674 304 731 bit
323 717 343 744 ,
373 686 536 749 teque
587 679 823 749 graviter
861 679 916 734 in
941 679 1028 735 die
1047 680 1236 748 judicii
1280 679 1558 734 accusabit
1581 721 1594 742 ,
1620 677 1836 750 quando

206 766 402 836 ipsum
442 769 665 840 quidem
691 784 827 825 auro
851 770 1089 842 undique
1133 771 1356 842 fulgebit
1379 813 1394 838 ,
1426 769 1674 826 Christus
1704 785 1837 824 vero

206 873 294 914 ne
317 868 476 917 veste
504 861 723 931 quidem
751 861 1053 917 necessaria
1084 870 1365 917 contectus
1391 862 1513 917 erit.
1544 861 1622 916 Ne
1654 863 1834 931 itaque

209 949 279 1002 in
331 957 536 1006 tantam
583 951 848 1006 insaniam
899 951 1234 1016 incidamus;
1268 968 1335 1008 ne
1379 953 1728 1022 insequamur
1754 949 1837 1006 fu-

209 1040 451 1109 gientia,
485 1057 553 1097 ue
585 1042 853 1112 fugiamus
874 1043 1165 1111 manentia,
1190 1058 1260 1099 ne
1290 1045 1579 1114 prodamus
1603 1042 1834 1098 salutem

214 1144 494 1201 nostram,
527 1135 620 1189 sed
679 1133 873 1190 futurae
922 1136 1038 1207 spei
1087 1137 1434 1192 haereamus:
1479 1151 1661 1201 senes,
1690 1133 1835 1204 quod

213 1224 467 1279 sciamus
513 1241 737 1296 parvum
768 1227 924 1284 nobis
951 1229 1074 1284 vita:
1102 1242 1319 1284 cursum
1374 1243 1697 1298 superesse;
1742 1228 1834 1297 juc

1229 290 1295 346 IN
1332 289 1646 348 JOANNEM
1691 285 1918 344 llO)III..
1955 286 2189 342 XLVIII.
2229 287 2301 342 al.
2346 287 2557 342 XLVII.

3454 288 3563 342 270

1945 415 2134 460 venes.
2155 399 2297 470 quod
2331 399 2573 470 persuasi
2605 399 2716 454 sint
2744 413 2850 455 non
2880 399 3112 454 multum
3141 397 3245 456 sibi
3274 415 3561 470 superesse

1946 493 2225 560 ttmporis.
2262 490 2330 547 Ut
2371 492 2506 545 enim
2528 495 2616 563 fur
2642 492 2696 545 in
2726 502 2874 547 nocte
2896 535 2910 558 ,
2943 493 3017 547 ita
3061 493 3173 547 dies
3214 493 3302 547 ille
3332 493 3561 548 adveniet

1943 583 1964 651 (
1994 584 2047 638 1.
2070 580 2252 637 Thess.
2283 583 2337 637 5.
2365 580 2402 636 2
2421 582 2464 652 ).
2495 581 2622 637 Ilmc
2649 583 2827 652 itaque
2849 599 2971 638 cum
3001 585 3256 648 sciamus,
3282 593 3337 639 et
3367 599 3563 640 uxores

1944 673 2090 730 viros
2119 674 2422 742 ltorteutur,
2455 684 2510 730 et
2553 673 2654 728 viri
2688 688 2890 731 uxores
2920 683 3200 742 moneant,
3230 675 3474 744 juniores
3501 691 3564 732 ac

1943 766 2180 838 virgines
2207 765 2520 834 doceamus,
2554 782 2762 838 nosque
2791 782 2982 822 omnes
3005 776 3190 821 mutuo
3218 766 3566 821 instituamus

1943 859 2011 913 ad
2039 860 2328 929 przesentia
2357 859 2780 926 contemnenda,
2813 869 2870 916 et
2902 858 3078 915 futura
3107 860 3563 929 concupiscenda,

1947 960 2004 1004 ut
2045 951 2134 1004 illa
2175 950 2434 1021 consequi
2476 951 2765 1020 possimus,
2792 951 2962 1021 gratia
3002 959 3057 1006 et
3105 951 3438 1022 benignitate
3460 952 3566 1005 Do-

1945 1039 2075 1094 mini
2105 1041 2273 1095 nostri
2300 1039 2429 1095 Jesu
2470 1039 2690 1108 Christi,
2719 1057 2813 1110 per
2852 1057 3013 1111 quem
3043 1051 3089 1095 et
3134 1056 3259 1096 cum
3288 1056 3396 1112 quo
3424 1042 3564 1098 Patri

1945 1133 2138 1204 gloria,
2165 1147 2378 1202 unaque
2404 1132 2628 1203 Spiritui
2665 1144 2874 1199 sancto,
2902 1148 3044 1189 nunc
3070 1144 3124 1189 et
3151 1147 3371 1205 semper
3392 1175 3409 1198 ,
3430 1143 3488 1190 et
3513 1136 3565 1189 in

1946 1223 2144 1279 saecula
2175 1220 2522 1280 sreculorum.
2555 1228 2750 1280 Amen.

222 1356 3563 1382 W

1562 1437 1622 1498 Η
1626 1434 1918 1498 OMILIA
1960 1433 2252 1497 XLVIII.

221 1577 365 1633 (ΣΑιι.
426 1579 480 1633 7.
513 1594 566 1634 v.
593 1581 645 1635 1.
679 1578 808 1633 Post
851 1580 960 1653 [nec
992 1589 1156 1634 autem
1184 1578 1476 1634 ambulabat
1490 1577 1643 1634 Iesus
1664 1578 1715 1632 in
1735 1576 1839 1632 Ga-

301 1669 442 1724 lilaea
463 1687 482 1724 :
513 1688 614 1725 non
641 1673 776 1725 enim
807 1672 1006 1726 nolebat
1042 1672 1096 1725 in
1143 1670 1334 1725 Judtea
1387 1672 1676 1735 ambulare,
1715 1672 1838 1742 quia

298 1760 595 1829 querebar“
624 1776 738 1813 eum
761 1760 936 1815 Judaei
956 1762 1258 1830 interﬁcere.
1292 1760 1348 1815 2.
1397 1759 1526 1814 Erat
1575 1771 1743 1815 autent
1786 1762 1840 1814 in

301 1851 537 1919 proximo
584 1851 692 1904 dies
751 1855 907 1923 festas
929 1851 1252 1917 ludatorum,
1285 1851 1624 1921 Sceuopegia.

307 1943 357 1995 l.
389 1939 596 1996 Invidia
623 1952 870 2013 quantum
896 1943 1111 1998 malum.
1163 1970 1236 1985 —-
1274 1943 1415 1999 Nihil
1450 1945 1640 2010 livore,
1701 1943 1834 2000 nihil

229 2033 434 2090 invidia
467 2034 747 2100 deterius;
783 2051 878 2104 per
899 2051 1018 2090 eam
1048 2052 1194 2092 mors
1224 2037 1276 2092 in
1303 2037 1562 2094 mundum
1596 2038 1838 2093 intravit.

227 2126 364 2192 Quia
387 2127 533 2182 enim
576 2126 712 2183 vidit
736 2127 986 2183 diabolus
1009 2128 1283 2184 hominem
1316 2130 1367 2184 iu
1395 2129 1601 2185 honore
1625 2129 1836 2196 haberi,

228 2221 352 2287 ejus
383 2218 696 2276 felicitatem
731 2235 836 2275 non
867 2221 1064 2287 ferens,
1123 2221 1253 2277 nihil
1295 2237 1402 2278 non
1451 2223 1561 2293 egit
1608 2232 1662 2278 ut.
1714 2237 1838 2276 eu.u

230 2310 532 2386 perdere“
567 2312 698 2382 Sap.
731 2311 788 2369 2.
817 2312 889 2369 2t
918 2316 1011 2385 ).A
1045 2315 1132 2369 tali
1157 2315 1338 2371 radice
1388 2315 1550 2372 talem
1605 2315 1837 2371 fructum

227 2418 519 2472 erumpere
549 2419 770 2474 semper
815 2405 1082 2461 videmus.
1126 2406 1230 2463 Per
1259 2408 1399 2462 hanc
1447 2407 1581 2462 Abel
1627 2409 1840 2463 occisus

227 2504 350 2559 est;
377 2510 476 2564 per
507 2493 647 2550 hanc
679 2495 848 2551 David
879 2497 930 2551 iu
956 2498 1148 2554 mortis
1191 2498 1492 2569 periculum
1519 2499 1708 2565 venit;
1742 2515 1841 2570 per

229 2585 374 2640 hanc
397 2587 554 2642 multi
585 2587 675 2641 alii
700 2588 829 2657 justi
860 2590 1003 2660 passi
1036 2599 1197 2656 sunt;
1249 2605 1347 2662 per
1368 2591 1506 2647 hanc
1559 2592 1835 2647 Christum

228 2675 404 2733 Juda-i
434 2679 848 2736 interfecerunt.
883 2681 995 2738 IIoc
1013 2681 1299 2738 declarans
1328 2685 1656 2755 evangelista
1687 2684 1839 2739 dice-

230 2768 360 2824 bat:
386 2769 515 2824 Post
532 2771 642 2826 Itth
667 2771 964 2828 ambulabat
989 2772 1140 2829 Iesus
1170 2775 1224 2829 in
1251 2773 1470 2830 Galiltea
1495 2791 1514 2830 :
1555 2793 1659 2831 non
1704 2779 1838 2830 enim

232 2868 430 2929 poterat
462 2863 537 2932 (a)
553 2864 604 2916 in
629 2863 817 2918 Iudam
837 2866 1116 2932 ambulare,
1144 2869 1265 2936 quia
1293 2869 1584 2939 quazrtbaut
1610 2869 1838 2925 cumla-

227 2953 326 3005 ἀίενὶ
344 2953 650 3023 interﬁcere.
682 2955 820 3023 Quid
836 2956 994 3022 dicis,
1023 2957 1179 3014 beate
1195 2959 1432 3016 Joannes
1449 2960 1471 3013 ?
1491 2961 1608 3016 Non
1630 2972 1838 3031 poterat

227 3045 318 3113 qui
353 3055 535 3115 potest
562 3050 742 3104 omnia
769 3064 890 3120 qua:
914 3050 1056 3104 vult?
1072 3052 1161 3120 qui
1189 3052 1346 3119 dixit,
1377 3053 1539 3120 Quem
1585 3056 1832 3125 quaeritis,

225 3146 280 3190 ct
309 3150 406 3192 eos
428 3146 576 3193 retro
605 3140 788 3210 pulsos
820 3143 1145 3210 prostravit?
1166 3144 1254 3214 qui
1285 3161 1522 3215 prmseus
1553 3164 1660 3202 non
1684 3149 1837 3204 vide-

229 3235 338 3294 tur,
387 3227 597 3285 hiccine
625 3239 948 3302 pOIestatem
975 3249 1081 3288 non
1115 3234 1340 3290 habuit?
1365 3236 1647 3306 Quomodo
1677 3251 1831 3310 post-

226 3333 288 3372 ea
320 3318 374 3372 in
399 3319 578 3375 medio
611 3335 826 3387 eorum,
859 3323 912 3377 iu
944 3325 1169 3394 templo.
1191 3326 1242 3382 in
1293 3327 1633 3386 solemnitate
1653 3371 1669 3395 ,
1701 3332 1833 3400 ipsis

225 3413 600 3480 congregatis,
650 3413 1009 3481 praesentibus
1042 3416 1364 3484 humicidis,
1401 3434 1462 3474 ea
1514 3420 1836 3491 loquebatur

225 3519 348 3569 qua:
375 3507 548 3576 magis
579 3506 700 3561 illos
750 3511 1180 3579 exasperareut?
1224 3511 1337 3567 IIoc
1386 3513 1461 3568 illi
1500 3515 1834 3571 mirabantur

223 3592 492 3659 dicentes,
527 3593 718 3650 Nonne
743 3597 826 3651 hic
851 3610 926 3653 est
954 3617 1103 3669 quem
1138 3613 1374 3671 quamuu
1400 3605 1687 3673 interﬁcere
1709 3607 1736 3661 .’
1764 3605 1834 3661 Et

223 3703 337 3741 (rce
353 3689 527 3754 palam
557 3689 802 3760 loquitur,
833 3701 879 3746 et
907 3693 1037 3747 nihil
1061 3695 1142 3749 illi
1158 3696 1352 3749 dicunt.
1386 3696 1514 3763 Qua:
1547 3709 1674 3752 sunt
1716 3700 1834 3756 ha‘c

223 3780 510 3850 aenigmata
533 3781 558 3834 ἲ
585 3785 769 3854 Apage
794 3802 808 3837 :
842 3799 948 3841 non
976 3786 1121 3840 enim
1147 3787 1260 3842 haec
1285 3788 1441 3857 dixit,
1471 3800 1530 3844 ut
1548 3790 1832 3861 a-nigmata

223 3885 346 3926 esse
377 3875 856 3938 putarentur;sed
903 3876 1287 3934 utdeclararct
1335 3890 1392 3934 et
1436 3881 1734 3938 divinitatis
1778 3892 1833 3939 et

227 3960 582 4017 humanitatis
612 3979 776 4035 opera
812 3965 1050 4022 exhibita
1086 3969 1271 4026 fuisse.
1304 3970 1437 4026 Cum
1477 3974 1624 4029 enim
1651 3975 1829 4042 dixit,

227 4049 543 4107 I’otestatem
563 4070 666 4108 non
695 4056 949 4123 habebat,
999 4061 1151 4130 quasi
1184 4061 1253 4115 de
1280 4062 1500 4118 homine
1555 4066 1830 4144 loquitur,

221 4141 390 4197 multa
421 4141 659 4200 humano
684 4161 836 4202 more
862 4160 1087 4220 agente:
1113 4167 1235 4207 cum
1252 4169 1383 4209 vero
1407 4154 1537 4211 dicit
1570 4157 1742 4227 ipsum
1776 4141 1828 4215 iu

223 4233 405 4287 medio
437 4249 626 4289 eorum
656 4237 894 4305 stetisse,
927 4256 1028 4296 nec
1043 4246 1444 4312 apprehensum
1478 4247 1662 4311 fuisse,
1695 4250 1831 4305 divi-

222 4323 407 4378 nitatis
439 4326 622 4394 utique
669 4338 992 4397 potestatem
1038 4335 1258 4390 iudicat.
1303 4338 1438 4393 Nam
1490 4338 1729 4411 fugiebat
1773 4353 1830 4398 ut

223 4411 411 4479 homo,
445 4419 738 4488 apparebat
763 4428 822 4475 ut
845 4421 1024 4489 Deus;
1059 4434 1347 4498 utrumque
1367 4445 1491 4485 vere
1522 4446 1827 4500 repraesen-

222 4511 362 4556 tans.
394 4503 534 4561 Cum
560 4508 704 4563 enim
743 4511 796 4565 in
835 4513 1030 4569 mediis
1069 4516 1472 4574 insidiatoribus
1502 4535 1608 4576 non
1640 4524 1825 4594 capie-

221 4593 400 4660 batur,
450 4596 706 4654 invictam
737 4611 1060 4670 potestatem
1086 4621 1239 4661 suam
1267 4609 1644 4679 significabat;
1699 4593 1824 4668 eum

220 4699 348 4739 vero
374 4688 680 4758 secederet,
736 4693 1093 4754 incarnationi
1126 4699 1285 4756 Iidem
1315 4703 1544 4759 faciebat
1573 4723 1587 4772 ;
1632 4715 1689 4761 ut
1722 4723 1823 4763 nec

221 4777 421 4834 l'aulns
472 4780 878 4850 Samosatenus,
907 4805 1008 4845 nec
1036 4791 1272 4848 Marcion
1302 4836 1318 4860 ,
1365 4811 1465 4850 nec
1493 4798 1582 4867 qui
1628 4798 1821 4854 eodem

218 4872 412 4928 morbo
437 4873 706 4943 laborant,
733 4881 1105 4938 contradicere
1123 4895 1364 4955 possent.
1394 4886 1486 4943 llis
1508 4889 1670 4960 igitur
1701 4891 1822 4944 illo-

215 4975 334 5017 rum
360 4965 608 5032 oumium
632 4969 648 5000 ³
673 4983 735 5024 os
751 4971 1001 5028 obstruit.
1038 4973 1161 5029 Post
1180 4977 1290 5031 licet:
1305 4989 1413 5032 erat
1430 4983 1588 5050 festus
1605 4980 1822 5036 Judaro-

215 5071 349 5120 ram,
368 5055 709 5130 Scenopegia.
725 5061 848 5118 Iltec
859 5067 1139 5135 particula,
1163 5067 1287 5122 Post
1303 5073 1435 5138 lucc,
1455 5072 1581 5126 nihil
1595 5073 1739 5128 aliud
1755 5077 1820 5129 si-

214 5149 458 5216 gnificat,
480 5165 638 5221 quam
671 5155 898 5211 multum
926 5166 1113 5231 postea
1143 5163 1400 5232 temporis
1422 5165 1814 5226 intercessisse.

277 5282 294 5352 ξ
329 5280 426 5352 diti
447 5281 929 5352 le_gu_nt,_tttriasque,
954 5304 1057 5347 pro.
1083 5291 1278 5345 illorum
1298 5298 1531 5350 onntittnt.

277 5343 350 5406 (a)
367 5343 454 5418 in.
467 5343 612 5418 titulo
624 5343 842 5418 legitur:
860 5343 1173 5418 adnectebat,
1209 5343 1428 5409 lectione
1431 5343 1686 5415 a'librario
1701 5379 1811 5418 mu-

213 5406 350 5487 Elia-1
361 5406 712 5487 fatigataolini
718 5445 735 5472 ,
759 5406 916 5487 inquit
937 5423 1036 5465 Jac.
1065 5406 1237 5487 millies
1271 5406 1684 5487 animabili;
1701 5406 1810 5481 RE.

213 5466 545 5558 :ilfbﬁﬁ'f.
565 5466 1330 5558 υίδνενξξίδέξῖίξῑῑεξςεζὺὲξέιέδ
1340 5466 1770 5558 νῖἑῖφίἆῖῥῦἓιέἇ

212 5497 426 5574 genus)“,
452 5497 525 5518 ιω
567 5497 721 5522 ouum
759 5497 831 5524 est
855 5497 1054 5527 erasnm
1074 5497 1127 5548 et
1147 5497 1325 5531 urqu
1340 5520 1353 5542 ,
1371 5497 1470 5591 {ira
1491 5499 1585 5548 quo
1603 5498 1770 5558 postea
1791 5529 1806 5551 ,

219 5529 911 5609 iotiﬂvol‘ebau...‘.Matatum
923 5545 1087 5609 autem
1110 5553 1160 5590 tn
1185 5549 1282 5609 Non
1310 5558 1368 5609 vo
1389 5546 1505 5609 ehat
1528 5552 1810 5602 existimatu

212 5594 438 5662 era-sums
460 5601 508 5642 et
525 5595 718 5662 Grotius
733 5633 746 5656 ,
774 5609 807 5644 a
830 5600 1056 5650 delicatis
1072 5638 1085 5661 ,
1113 5605 1252 5662 quasi
1282 5603 1466 5656 Christi
1488 5594 1808 5662 biﬁda}:

406 5650 783 5730 faceretquecte
813 5669 981 5710 autem
1012 5650 1808 5730 ρτὶιιίαί-ἶιιιῖέέοξίῦῐῖιῦζ

210 5717 265 5762 sti
289 5717 556 5777 potentiam
573 5729 667 5764 non
694 5719 896 5770 latdere.

533 5792 806 5858 Ρηιιοι.
855 5800 972 5863 Gn.
1024 5801 1186 5872 LIX.

1945 1576 2077 1634 Indo
2103 1591 2232 1632 vero
2259 1575 2449 1646 liquet,
2479 1575 2623 1647 quod
2642 1589 2764 1630 cum
2798 1575 2850 1629 in
2881 1583 3068 1630 monte
3093 1573 3336 1640 sederet,
3366 1570 3560 1628 festum

1945 1677 2090 1723 esset
2113 1666 2370 1732 Paschae;
2429 1667 2515 1721 hic
2558 1676 2737 1722 autem
2790 1665 3142 1737 Scenopegia:
3191 1666 3473 1726 meminit.
3505 1673 3564 1719 et

1946 1759 2183 1830 quinque
2209 1757 2477 1814 mensium
2501 1759 2678 1829 spatio
2697 1757 2832 1812 nihil
2866 1758 3009 1812 aliud
3044 1758 3286 1812 ttarravit
3337 1758 3422 1812 vel
3447 1757 3551 1810 do-

1946 1851 2080 1916 cuit,
2109 1866 2270 1921 quam
2298 1865 2496 1920 panum
2529 1849 2850 1905 miraculum
2878 1889 2896 1913 .
2947 1857 3003 1905 et
3035 1851 3355 1906 concionem
3397 1847 3556 1904 habi-

1949 1952 2057 1996 tam
2082 1941 2148 1996 iis
2172 1942 2264 2012 qui
2295 1940 2684 1996 comederant:
2725 1940 2938 1996 etiamsi
2980 1941 3070 1996 ille
3099 1955 3208 1995 non
3254 1941 3554 1997 cessaverit

1946 2035 2099 2106 signa
2128 2033 2307 2091 facere
2332 2043 2388 2090 et
2411 2034 2748 2097 conciona‘ri,
2782 2049 2890 2088 non
2937 2033 3026 2090 die
3051 2043 3257 2089 tantum
3283 2043 3340 2089 et
3374 2050 3560 2103 vespe-

1947 2142 2028 2192 ra,
2057 2127 2153 2182 sed
2175 2127 2338 2184 etiam
2366 2141 2514 2197 saepe
2541 2137 2722 2182 nocte.
2752 2125 2836 2181 Ad
2862 2122 3165 2196 discipulos
3181 2125 3332 2181 enim
3364 2126 3442 2180 sic
3464 2127 3562 2180 ad-

1947 2220 2114 2285 venit,
2145 2228 2203 2273 ut
2227 2233 2421 2274 omnes
2447 2219 2793 2289 evangelista:
2837 2227 3081 2274 narrant.
3123 2217 3232 2274 Cur
3255 2235 3385 2290 ergo
3431 2218 3561 2273 illud

1946 2309 2289 2364 omiserunt?
2307 2309 2442 2378 Quia
2472 2324 2581 2364 non
2607 2317 2855 2380 poterant
2872 2309 3052 2365 omnia
3073 2325 3386 2366 recensere.
3417 2309 3560 2365 Aliu-

1948 2399 2077 2470 qnin
2110 2400 2197 2455 illa
2221 2401 2407 2458 dicere
2463 2401 2814 2470 studuerunt,
2847 2417 2914 2458 ex
2945 2402 3144 2472 quibus
3182 2403 3431 2473 qua-dam
3475 2420 3561 2458 re-

1949 2491 2242 2560 prehensio
2273 2494 2360 2549 vel
2389 2493 2753 2550 contradictio
2806 2510 2875 2549 ex
2921 2493 3124 2550 Juda-is
3154 2504 3560 2566 consequutura

1948 2593 2087 2639 erat.
2123 2584 2287 2640 Multa
2310 2586 2456 2642 enim
2489 2586 2607 2642 istis
2629 2587 2826 2642 similia
2840 2597 3015 2642 erant.
3039 2587 3193 2655 Quod
3222 2589 3367 2643 enim
3389 2604 3560 2659 aegros

1952 2683 2198 2745 curaret,
2231 2689 2480 2734 mortuos
2506 2681 2814 2746 suscitaret,
2843 2679 2986 2749 quod
3015 2679 3362 2734 admirationi
3390 2691 3558 2744 esset,

1945 2782 2092 2838 swpe
2113 2768 2452 2839 scripserunt
2477 2787 2490 2823 :
2521 2771 2611 2826 ubi
2636 2781 2816 2827 autem
2848 2771 3049 2843 aliquid
3075 2771 3315 2827 insolens
3337 2787 3559 2826 narrau-

1945 2859 2074 2914 dum
2101 2861 2375 2930 suppetit,
2433 2861 2519 2917 vel
2575 2863 2865 2933 quamdam
2920 2863 3402 2933 reprehensionem
3457 2863 3559 2932 ipsi

1944 2952 2183 3008 oblatam
2212 2954 2550 3010 referendam
2579 2955 2799 3019 habent,
2831 2956 2944 3010 haec
2975 2964 3254 3027 apponunt
3282 2973 3298 3021 ;
3327 2965 3386 3011 ut
3413 2971 3557 3011 nunc

1945 3056 2192 3110 narrant,
2223 3046 2421 3104 fratres
2469 3047 2591 3118 ejus
2619 3063 2726 3104 non
2759 3047 2857 3118 ipsi
2909 3048 3210 3105 credidisse
3241 3067 3257 3104 :
3299 3065 3422 3120 qua:
3467 3066 3556 3105 res

1945 3139 2203 3194 odiosum.
2220 3139 2498 3211 quidpiam
2524 3155 2638 3211 pra:
2658 3155 2720 3196 se
2750 3139 2894 3197 ferre
2921 3123 3160 3197 videtur.
3218 3141 3287 3197 Et
3315 3152 3400 3197 est
3421 3156 3553 3196 sane

1947 3245 2035 3286 res
2067 3231 2353 3298 mirabilis,
2385 3246 2547 3303 quam
2596 3247 2819 3289 veraces
2870 3233 2972 3304 ipsi
3003 3233 3241 3297 fuerint;
3273 3234 3550 3306 quomodo

1940 3339 2001 3378 ea
2037 3339 2141 3379 non
2165 3331 2453 3380 vereantur
2492 3324 2719 3391 referre,
2748 3341 2869 3397 qua)
2901 3327 3157 3398 Magistro
3183 3343 3284 3384 suo
3312 3331 3547 3399 Ignomi-

1941 3419 2092 3470 niosa
2117 3431 2240 3471 esse
2263 3416 2545 3480 videntur;
2599 3418 2709 3473 imo
2738 3417 2855 3474 haec
2884 3420 3066 3489 potius
3093 3429 3286 3475 curent
3331 3437 3552 3476 enarra-

1941 3525 2018 3573 re,
2047 3525 2208 3580 quam
2241 3519 2462 3565 caetera.
2518 3510 2585 3566 Et
2640 3527 2785 3567 nunc
2825 3512 3009 3581 itaque
3059 3511 3317 3577 Joannes,
3370 3513 3554 3570 multis

1943 3603 2324 3671 prrelermissis
2350 3602 2543 3674 signis,
2580 3605 2866 3675 prodigiis,
2900 3606 3280 3672 concionibus,
3320 3607 3386 3662 ad
3413 3609 3552 3662 hanc

1941 3711 2054 3750 rem
2084 3697 2412 3752 narrandam
2462 3699 2719 3753 accurrit.
2780 3699 2835 3754 ὅ.
2898 3697 3176 3761 Dixerunt.
3227 3700 3431 3772 inquit,
3484 3705 3550 3756 ad

1939 3802 2054 3838 eam
2071 3786 2258 3856 fratres
2286 3790 2443 3858 ejus:
2471 3786 2658 3844 Transi
2682 3789 2801 3844 hinc
2816 3796 2868 3844 in
2898 3788 3177 3858 Jatlteam,
3211 3801 3266 3846 ut
3315 3805 3360 3846 et
3398 3795 3553 3849 disci~

1941 3877 2050 3944 puli
2079 3879 2157 3932 tui
2182 3879 2386 3933 videant
2415 3894 2572 3941 opera
2594 3897 2708 3952 qua:
2734 3881 2885 3953 facis.
2935 3882 2988 3936 4.
3047 3880 3219 3937 Nemo
3257 3883 3450 3954 quippe
3500 3886 3552 3940 in

1938 3969 2138 4022 occulto
2159 3969 2361 4038 aliquid
2384 3970 2530 4041 facit,
2553 3981 2601 4025 et
2622 3972 2807 4042 quaerit
2834 3973 2944 4042 ipse
2998 3973 3174 4043 palam
3211 3989 3342 4028 esse.
3373 3974 3550 4029 Mani-

1939 4062 2065 4128 [μιια
2084 4061 2304 4130 teipsunt
2331 4064 2546 4117 mundo.
2575 4064 2631 4120 5.
2659 4062 2842 4136 Neque
2870 4065 3003 4119 enim
3025 4066 3214 4135 fratres
3241 4067 3353 4135 ejus
3373 4070 3549 4122 crede-

1935 4150 2056 4205 bant
2083 4153 2137 4206 in
2163 4168 2301 4207 eum.
2329 4153 2531 4225 Ecqua,
2568 4155 2802 4223 inquies.
2836 4155 2966 4212 hinc
3013 4157 3386 4225 incredulitas,
3415 4159 3544 4214 dum

1938 4252 2131 4311 rogant
2158 4258 2285 4298 eum
2309 4253 2369 4298 ut
2411 4245 2563 4315 signa
2595 4245 2775 4302 edat?
2821 4246 3007 4316 Magna
3051 4248 3257 4319 utique.
3313 4249 3443 4305 [\‘aut
3493 4263 3547 4307 et

1935 4333 2121 4399 verba,
2153 4334 2477 4399 etaudacia,
2510 4344 2566 4390 et
2587 4336 2964 4406 intempestiva
2984 4338 3230 4407 libertas,
3258 4341 3546 4396 increduli-

1935 4431 2098 4478 tatem
2131 4426 2417 4483 denotant.
2443 4427 2875 4486 Putabantenim
2895 4446 2954 4486 se
2982 4432 3322 4501 cognationis
3370 4448 3534 4490 causa

1934 4515 2168 4573 fidenter
2195 4518 2340 4591 loqui
2361 4535 2541 4592 posse.
2571 4521 2639 4577 Et
2685 4523 2903 4579 videtur
2928 4525 3148 4595 quidem
3195 4528 3546 4599 compellatio

1930 4610 2233 4667 amicorum
2272 4626 2429 4680 esse;
2478 4612 2576 4669 sed
2607 4615 2750 4670 dicta
2804 4617 3106 4672 acerbitate
3151 4628 3283 4674 sunt
3339 4621 3534 4691 plena:

1929 4704 2129 4758 etenim
2165 4704 2265 4773 ipsi
2296 4713 2350 4759 et
2381 4705 2722 4764 timiditatem
2750 4717 2805 4763 et
2845 4724 3038 4764 vanatn
3064 4710 3291 4782 gloriam
3337 4727 3536 4786 expro-

1931 4794 2108 4850 hraut.
2136 4795 2272 4852 Cum
2305 4797 2450 4852 enim
2477 4798 2707 4868 dicunt,
2736 4800 2907 4856 Nemo
2927 4804 2980 4857 in
3003 4805 3206 4860 occulto
3250 4808 3445 4879 aliquid
3470 4817 3542 4865 ra-

1927 4889 2017 4954 cit,
2047 4891 2420 4946 accusantium
2443 4903 2626 4962 partes
2650 4903 2839 4966 agunt,
2873 4897 2980 4968 -qui
3017 4899 3362 4959 timiditatem
3395 4903 3539 4976 obji-

1926 4980 2073 5035 ciant
2101 4990 2155 5036 et
2180 4991 2331 5052 gesta
2386 4982 2508 5053 ejus
2552 4996 2805 5055 suspecta
2859 4988 3096 5044 habeant
3132 5007 3147 5044 :
3185 5007 3310 5048 cum
3353 5008 3534 5051 autem

1925 5071 2166 5140 addunt,
2221 5074 2420 5139 Qawrit
2445 5077 2621 5147 palam
2646 5093 2755 5135 esse
2780 5120 2797 5146 ,
2846 5096 3041 5138 vanam
3085 5083 3315 5154 gloriam
3356 5089 3539 5158 suspi-

1923 5175 2137 5220 cantur.

1992 5258 2048 5314 2.
2076 5259 2156 5314 Tu
2185 5275 2315 5315 vero
2341 5259 2542 5318 Christi
2565 5264 2814 5320 virtutem
2836 5269 3142 5327 considera.
3168 5272 3249 5329 Es
3275 5271 3361 5330 his
3385 5276 3528 5332 enim

1920 5353 2010 5423 qui
2057 5353 2180 5408 talia
2217 5355 2468 5411 dicebant
2508 5358 2713 5426 primus
2764 5359 2860 5415 fuit
2909 5361 3371 5438 Jerosolymnrum
3412 5372 3531 5440 epi-

1920 5458 2133 5514 scopus,
2157 5444 2346 5500 beatus
2366 5445 2603 5504 Jacobus
2620 5450 2716 5520 (a),
2736 5450 2805 5507 de
2825 5467 2932 5522 quo
2951 5454 3148 5515 Paulus
3167 5458 3298 5514 dicit
3321 5479 3333 5514 :
3361 5461 3530 5515 Atium

1919 5548 2088 5591 autent
2111 5542 2464 5608 apostolorum
2490 5543 2596 5597 ridi
2623 5547 2872 5600 neminem
2899 5551 2998 5605 nisi
3027 5551 3282 5608 Iacobum
3318 5556 3529 5624 fratrem

1919 5627 2126 5683 Domini
2154 5628 2298 5698 (Gal.
2330 5632 2381 5687 1.
2414 5632 2529 5705 19).
2556 5634 2759 5690 Dicitur
2786 5646 2840 5693 et
2861 5637 3027 5696 Iudas
3056 5643 3318 5699 mirabilis
3341 5646 3523 5704 fuisse.

1979 5741 2052 5802 (a)
2075 5729 2278 5793 Jaéobus
2304 5742 2453 5795 frater
2470 5743 2665 5799 Domini
2700 5751 3110 5816 Jerosolymarutn
3138 5758 3420 5819 epith

3071 5845 3131 5898 l7
