4024 6444
526 389 618 442 m
1257 382 1313 435 s.
1345 377 1619 434 innexis
1656 370 2126 432 cnmsosrmu
2170 369 2484 425 AltClllEP.
2514 372 3050 433 CONSTANTINOP.

525 509 681 578 Atqui
716 507 766 559 iu
793 502 928 558 Cum
952 501 1191 564 aderant,
1221 515 1338 551 cum
1370 513 1558 566 aquam
1590 497 1641 550 in
1681 493 1857 547 vinum
1881 507 2107 548 conver.

525 601 622 661 lit;
655 598 746 652 sed
779 594 906 648 nihil
932 593 1103 646 adhuc
1123 591 1243 644 inde
1265 589 1453 643 lncrati
1480 597 1624 642 sunt.
1655 585 1807 641 Unde
1837 600 1965 654 ergo
2004 585 2106 638 illis

527 697 668 744 tanta
720 685 1096 741 incredulitas?
1144 684 1215 737 Ex
1267 682 1401 735 mala
1446 681 1717 734 voluntate
1764 687 1818 732 et
1864 693 1928 732 ex
1975 675 2107 729 invi—

524 783 609 834 dia
637 779 710 848 (a)
737 795 750 830 :
776 793 897 832 nam
920 779 1156 846 cognatis
1176 775 1263 845 qui
1289 771 1562 842 conspicui
1587 779 1731 833 sunt,
1754 770 1927 824 solent
1945 767 2103 822 etiam

523 873 727 943 cognati
761 888 862 925 non
896 872 962 924 ita
993 869 1260 937 conspicui
1299 867 1552 920 invidere.
1581 863 1852 930 Quasnam
1889 860 1973 914 bic
1998 858 2107 912 dis-

523 965 727 1033 cipulos
778 963 992 1018 dicunt?
1029 960 1262 1016 Turbam
1293 966 1630 1027 sequentem,
1680 969 1784 1007 non
1822 950 2100 1006 duodecim

524 1059 662 1113 illos.
693 1055 828 1123 Quid
855 1069 979 1122 ergo
1007 1049 1285 1105 Christus?
1328 1048 1460 1102 Vide
1503 1060 1662 1116 quam
1707 1051 1982 1142 mansuete
2013 1055 2100 1094 re-

521 1149 800 1220 spondi-at.
839 1145 1019 1213 Neque
1057 1144 1198 1196 enim
1237 1140 1369 1195 dixit
1399 1157 1413 1193 :
1443 1138 1542 1206 Qui
1571 1138 1700 1192 estis
1734 1149 1848 1201 vos,
1887 1138 1974 1203 qui
2016 1146 2101 1185 me

524 1240 624 1294 hoc
640 1238 858 1293 Consilio
886 1233 1127 1289 docetis?
1151 1231 1244 1286 sed
1268 1230 1434 1300 quid?
1463 1229 1516 1284 6.
1542 1226 1764 1297 Tempus
1787 1240 1950 1277 meum
1973 1238 2104 1275 non-

521 1333 640 1384 dnm
670 1331 884 1383 aauenit.
918 1329 1013 1382 llic
1041 1325 1166 1381 mihi
1205 1323 1345 1380 aliud
1375 1321 1644 1393 quidpiam
1671 1316 1991 1374 subindicari
2019 1315 2098 1368 vi-

521 1428 692 1477 detur.
726 1420 880 1474 Forte
915 1421 1056 1474 enim
1087 1418 1280 1473 invidia
1320 1415 1448 1470 moti
1486 1414 1631 1468 illum
1661 1410 1857 1466 ludatis
1891 1406 2099 1462 tradere

520 1515 948 1572 meditabantur;
991 1511 1217 1578 ideoque
1261 1509 1314 1562 id
1355 1506 1636 1561 declarans
1679 1502 1827 1567 dicit,
1879 1498 2099 1568 Tempus

521 1623 683 1660 meum
719 1606 942 1658 nondum
968 1603 1185 1666 advenit,
1227 1601 1279 1654 id
1306 1610 1404 1664 est,
1442 1609 1649 1668 tempus
1674 1595 1846 1650 crucis
1869 1602 1924 1647 et
1957 1606 2099 1647 mor-

520 1700 608 1752 tis.
639 1697 746 1751 Cur
775 1711 858 1750 me
890 1705 1012 1748 ante
1057 1705 1264 1761 tempus
1300 1690 1543 1745 occidere
1588 1684 1920 1758 preperatis?
1952 1682 2098 1737 Tem-

520 1805 614 1856 pus
638 1797 800 1839 autem
823 1796 1041 1838 oestrum
1065 1799 1260 1853 semper
1289 1790 1522 1851 paratum
1549 1790 1638 1833 est.
1680 1777 1790 1832 Hoc
1826 1784 1909 1830 est
1940 1792 1952 1828 :
1991 1774 2098 1828 Vos

517 1877 706 1942 Judtci,
753 1877 850 1931 etsi
889 1891 1102 1944 semper
1138 1890 1262 1929 cum
1315 1873 1420 1927 illis
1459 1868 1766 1935 versemini,
1807 1880 2094 1934 numquam

516 1968 780 2032 accident,
823 1975 1002 2033 utpote
1037 1966 1225 2020 eadem
1264 1963 1585 2026 sentientes;
1626 1975 1712 2014 me
1751 1972 1878 2012 vero
1916 1958 2093 2010 statim

516 2059 760 2113 occidere
801 2057 1096 2110 tentabant.
1142 2055 1322 2123 Itaque
1368 2053 1519 2106 vobis
1557 2065 1771 2118 semper
1814 2049 1936 2103 licet
1973 2062 2093 2100 cum

518 2152 623 2206 illis
650 2165 768 2205 esse
792 2150 908 2203 sine
938 2147 1170 2218 periculo
1200 2165 1214 2199 :
1243 2145 1370 2199 mihi
1414 2158 1542 2198 vero
1581 2153 1704 2196 tunc
1733 2152 1940 2207 tempus
1969 2139 2090 2201 erit,

516 2257 634 2294 cum
661 2239 894 2309 cruciftgi
927 2249 980 2292 et
1005 2238 1138 2291 mori
1165 2234 1446 2306 oportebit.
1480 2233 1612 2288 Nam
1640 2231 1782 2301 quod
1807 2229 1906 2284 hoc
1931 2229 2092 2283 intel-

516 2334 642 2400 ligat
665 2347 728 2385 ex
775 2329 1118 2392 sequentibus
1169 2328 1372 2396 liquet:
1404 2325 1459 2378 7.
1509 2321 1630 2376 Non
1659 2328 1832 2392 .potest
1877 2319 2092 2372 niundus

515 2426 679 2476 odisse
710 2438 815 2476 vos.
856 2421 1136 2486 Quomodo
1164 2420 1328 2481 enim,
1377 2416 1419 2471 si
1457 2415 1642 2471 eadem
1684 2413 1863 2478 vultis,
1902 2411 2089 2465 eadem

515 2512 933 2583 pcrsequimini?
963 2510 1047 2565 Μθ
1085 2521 1249 2564 autem
1280 2509 1406 2572 odit,
1451 2509 1571 2574 quia
1615 2504 1926 2576 reprehendo
1956 2519 2089 2563 eum,

512 2605 648 2671 quod
673 2605 807 2657 mala
829 2605 929 2657 sint
971 2618 1125 2670 opera
1167 2604 1316 2669 eius;
1346 2601 1444 2652 huc
1475 2605 1575 2660 est,
1609 2596 1740 2664 Quia
1771 2595 2086 2663 perstriugo,

514 2697 633 2763 quia
669 2709 852 2765 arguo,
887 2693 1006 2748 ideo
1031 2692 1247 2746 odiosus
1275 2705 1412 2744 sum.
1439 2689 1570 2742 l-linc.
1598 2688 1916 2750 ediscamus,
1945 2684 2094 2738 eobi-

514 2784 740 2839 bendam
769 2800 888 2838 esse
927 2784 1057 2837 iram
1087 2792 1141 2837 et
1178 2782 1613 2851 indignationem,
1646 2779 1852 2834 etiamsi
1893 2777 2089 2846 abjecti

508 2878 616 2930 sint
642 2878 729 2944 qui
759 2875 885 2929 dant
911 2875 1211 2929 consilium.
1244 2873 1371 2927 Nam
1394 2873 1438 2926 si
1463 2887 1567 2926 non
1595 2870 1925 2925 credentium
1958 2885 2088 2922 con-

508 2968 683 3021 silium
711 2965 958 3022 Cbristus
991 2964 1262 3020 moderate
1293 2963 1428 3029 tulit,
1471 2963 1679 3018 etiamsi
1717 2962 1804 3016 illa
1836 2961 2086 3016 consule-

508 3069 648 3124 rent,
680 3075 796 3129 qua:
831 3074 936 3114 non
965 3057 1244 3121 decebant,
1283 3057 1442 3124 idque
1466 3070 1570 3109 non
1601 3070 1666 3109 ex
1700 3054 1838 3108 bono
1867 3053 2085 3117 animo;

507 3167 669 3221 quam
694 3167 789 3206 nos
815 3165 1202 3220 consequemur
1237 3150 1466 3214 veniam,
1508 3149 1596 3219 qui
1632 3163 1817 3202 sumus
1858 3156 1994 3202 terra
2036 3157 2091 3201 et

506 3244 663 3306 eittis,
700 3252 749 3296 et
781 3242 1118 3297 consulentes
1166 3240 1346 3309 iniquo
1371 3241 1550 3295 animo
1593 3240 1831 3301 ferimus,
1878 3238 2088 3293 etiamsi

504 3334 696 3401 abjeCIi
723 3343 777 3387 et
814 3334 946 3386 viles
975 3332 1188 3401 quidam
1230 3332 1337 3384 sint
1365 3331 1459 3397 illi,
1501 3345 1612 3385 rem
1661 3330 1928 3404 indignam
1968 3344 2088 3384 esse

505 3431 750 3491 putantes
771 3424 794 3462 "
835 3421 1213 3476 Anitnadverte
1241 3437 1369 3491 ergo
1396 3437 1516 3477 eum
1544 3431 1736 3492 quanta
1783 3430 2089 3475 mansuetu-

504 3514 628 3568 diue
675 3511 1100 3566 criminationem
1145 3512 1439 3581 propulset.
1494 3512 1624 3565 Nam
1675 3527 1795 3565 cum
1846 3513 2088 3566 dicerent

504 3607 600 3671 illi,
635 3605 908 3671 Manifesta
937 3605 1146 3675 teipsum
1169 3604 1358 3658 mundo
1375 3621 1396 3669 ,'
1425 3606 1710 3673 respondet
1739 3624 1751 3658 :
1784 3604 1904 3658 Non
1927 3615 2088 3672 potest

504 3701 722 3752 mundus
749 3699 909 3752 odisse
933 3713 1037 3761 vos,
1067 3715 1144 3751 me
1185 3707 1349 3751 autem
1395 3699 1543 3760 odit;
1586 3713 1768 3752 eorum
1811 3696 2088 3766 depellens

502 3791 917 3846 accusationem.
951 3789 1176 3843 Tantum
1208 3791 1377 3855 abest,
1412 3791 1600 3859 inquit,
1637 3801 1693 3843 ut
1721 3806 1952 3860 qua'ram
1982 3789 2083 3844 bo-

502 3885 702 3937 minum
753 3883 996 3952 gloriam,
1051 3892 1106 3935 ut
1156 3871 1260 3936 lion
1316 3881 1473 3936 finem
1523 3882 1711 3937 faciam
1760 3885 2081 3954 eoargnendi

501 3975 660 4040 illos;
690 3974 896 4028 etiamsi
941 3975 1176 4028 noverim
1207 3974 1333 4027 mibi
1368 3974 1488 4028 hinc
1517 3985 1569 4028 et
1607 3976 1783 4030 odium
1807 3985 1860 4030 et
1895 3993 2079 4032 necem

499 4067 762 4136 apparari.
795 4066 860 4120 Et
899 4067 1005 4131 ubi,
1050 4067 1272 4137 inquies,
1321 4069 1557 4137 coarguit
1590 4070 1721 4122 eos?
1760 4069 1869 4124 lmo
1912 4087 2080 4139 quan-

499 4159 691 4210 donam
742 4156 840 4211 hoc
885 4156 1059 4212 facere
1092 4158 1362 4212 cessavit?
1411 4175 1591 4215 nonne
1631 4160 1858 4227 dicebat,
1905 4161 2081 4216 Nolite

498 4260 678 4318 putare
706 4251 821 4318 quia
848 4265 931 4302 vos
958 4261 1288 4303 accusaturus
1315 4267 1424 4303 sum
1443 4253 1582 4320 apud
1612 4239 1818 4306 Patrem
1848 4270 1864 4306 :
1893 4266 1964 4306 est
1995 4257 2080 4323 qui

497 4353 699 4394 πτερίδα(
722 4359 804 4395 vos
837 4342 1070 4411 Moyses;
1099 4353 1172 4408 et,
1201 4342 1308 4412 Ego
1338 4345 1545 4412 cognovi
1572 4359 1678 4405 vos,
1703 4346 1820 4412 quia
1849 4347 2080 4399 dilectio-

499 4454 612 4488 nent
642 4434 731 4487 Dei
763 4452 862 4486 non
905 4435 1131 4497 habetis;
1168 4445 1240 4498 et,
1293 4434 1557 4500 Quomodo
1600 4437 1806 4504 potestis
1852 4439 2074 4503 credere,

499 4528 581 4593 qui
626 4527 838 4594 gloriam
866 4526 928 4576 ab
953 4526 1234 4580 hominibus
1282 4527 1526 4594 accipitis,
1559 4537 1604 4580 et
1637 4529 1870 4597 gloriam,
1911 4547 2023 4598 quia
2046 4548 2077 4584 a

497 4615 604 4670 solo
633 4613 740 4666 Deo
770 4623 860 4675 est,
892 4631 990 4667 non
1019 4616 1282 4685 qucrritis?
1320 4615 1505 4670 Viden'
1535 4618 1802 4685 quomodo
1833 4633 1926 4688 per
1962 4635 2076 4673 om-

498 4709 582 4758 nia
611 4705 926 4766 ostenderit,
973 4706 1152 4758 odimn
1194 4706 1474 4759 adversum
1506 4723 1564 4761 se
1602 4722 1906 4780 susceptum
1953 4713 2077 4765 inde

497 4806 672 4850 ortum
704 4811 844 4856 esse,
876 4795 1016 4862 quod
1049 4797 1188 4862 ipsos
1218 4797 1381 4850 libere
1405 4797 1766 4866 redargueret,
1801 4815 1908 4854 non
1932 4804 2074 4870 quod

497 4887 774 4940 sabbatum
801 4885 1076 4938 solveret?
1101 4885 1207 4939 Cur
1243 4898 1417 4940 autem
1451 4887 1566 4940 illos
1596 4889 1658 4941 ad
1694 4889 1882 4943 festum
1915 4892 2076 4946 mittit

495 4979 680 5030 dicens
712 4976 809 5029 :8.
872 4975 967 5028 Vos
1013 4977 1262 5029 ascendite
1312 4977 1380 5028 ad
1423 4977 1554 5031 diem
1606 4982 1801 5042 festum,
1839 4998 1930 5050 ego
1975 5000 2074 5036 non

497 5068 763 5120 ascendam
789 5067 1005 5118 adhuc?
1039 5067 1103 5121 Ut
1134 5067 1376 5122 oStendat
1404 5083 1462 5124 se
1493 5085 1595 5124 non
1635 5072 1721 5124 illa
1761 5072 1980 5136 dixisse,
2015 5090 2074 5127 se

496 5157 780 5209 exettsandi
814 5157 894 5210 vel
925 5156 1171 5209 adulandi
1197 5171 1376 5222 causa,
1414 5159 1505 5212 sed
1532 5170 1586 5213 ut
1619 5163 1948 5229 permitteret
1977 5164 2074 5217 Ju-

496 5247 677 5300 daicos
708 5262 922 5301 servare
949 5248 1099 5302 ritus.
1122 5247 1228 5302 Cur
1249 5264 1376 5320 ergo
1397 5251 1652 5314 ascendit,
1679 5268 1798 5307 cum
1827 5255 2065 5320 dixisset,

498 5337 619 5390 Non
647 5338 953 5391 ascendam?
975 5335 1086 5392 Non
1113 5339 1245 5392 dixit
1266 5340 1603 5410 simpliciter,
1623 5342 1737 5397 Non
1755 5346 2069 5412 ascendam;

496 5428 586 5480 sed
605 5427 769 5485 addit.
799 5425 972 5490 Nunc,
1003 5428 1050 5480 id
1075 5439 1173 5490 est,
1199 5431 1501 5497 vobiscum;
1535 5433 1666 5499 Quia
1698 5444 1890 5504 tempus
1907 5454 2071 5491 meum

499 5516 716 5569 nondum
743 5518 1001 5586 impletum
1028 5529 1120 5571 est.
1152 5521 1306 5588 Atqui
1336 5523 1385 5574 in
1411 5523 1656 5590 proximo
1679 5524 1936 5579 Pascbate
1959 5544 2071 5582 cru-

494 5607 785 5676 Ciftgendus
809 5620 942 5663 erat.
974 5609 1079 5664 Cur
1107 5626 1234 5681 ergo
1260 5593 1506 5684 nen‘ipse
1541 5616 1819 5670 ascendit?
1848 5618 1900 5672 Si
1928 5623 2066 5675 enim

552 5717 633 5780 (a)
660 5719 788 5781 Quod
807 5732 921 5768 vero
943 5722 1142 5769 Jacobus
1174 5720 1321 5770 frater
1346 5725 1529 5772 Domini
1556 5738 1616 5773 ex
1639 5741 1844 5776 numero
1869 5728 2065 5781 fratrum

495 5791 591 5831 non
623 5779 928 5829 credentium
951 5782 1110 5841 fuerit,
1139 5785 1304 5833 nescio
1321 5799 1381 5834 an
1404 5786 1525 5836 alius
1543 5790 1779 5852 qniSpiatu
1803 5791 1999 5841 dixerit.

3696 390 3816 448 9.7-2

2221 505 2324 543 non
2358 490 2617 557 ascendit,
2637 493 2778 561 quod
2807 495 3041 548 nomium
3071 503 3276 564 tempus
3307 510 3468 562 esset,
3507 518 3609 558 non
3642 523 3820 575 opm-

2217 581 2359 633 tt-bat
2385 583 2604 636 omnino
2628 584 2941 638 ascendere.
2967 584 3161 638 Verum
3201 602 3303 640 non
3336 591 3451 642 ideo
3482 597 3724 649 ascendit
3755 606 3817 650 ut

2218 683 2505 737 pateretur,
2534 674 2628 729 scd
2669 686 2724 728 ut
2764 676 2885 731 illos
2921 677 3175 734 erudiret.
3217 680 3325 734 Cur
3352 683 3489 737 clam
3528 690 3817 743 ascendit?

2212 761 2342 814 Nam
2372 773 2577 832 poterat
2605 765 2777 833 palato
2801 766 3093 822 ascendere
3118 777 3171 821 et
3199 769 3250 822 in
3275 771 3451 825 medio
3481 775 3813 839 consismre,

2211 855 2606 926 violentumque
2647 858 2853 912 illorum
2909 861 3163 929 impetum
3213 877 3501 929 coercere,
3563 876 3621 921 ut
3661 886 3817 938 sa-pe

2213 947 2354 1000 fecit.
2379 948 2481 1003 Sed
2506 950 2717 1003 nolebat
2744 951 2791 1004 id
2817 951 3144 1020 frequentius
3171 952 3368 1010 facere.
3400 956 3530 1011 Nam
3554 959 3599 1012 si
3629 962 3814 1029 palam

2210 1038 2555 1104 ascendisset,
2588 1055 2879 1109 rursusque
2906 1043 3026 1096 illos
3052 1046 3200 1112 quasi
3229 1060 3402 1100 caecos
3423 1050 3811 1117 continuisset,

2209 1128 2535 1184 divinitatem
2569 1144 2721 1185 suam
2751 1133 2947 1186 elatius
2977 1134 3310 1191 exhibuisset
3337 1147 3460 1193 ante
3485 1150 3719 1211 tempus,
3750 1154 3808 1197 et

2209 1222 2376 1291 magis
2416 1222 2539 1277 inde
2569 1224 2860 1278 revelassct
2904 1241 3044 1281 eam.
3093 1227 3223 1282 Cum
3256 1245 3384 1283 vero
3435 1242 3683 1302 putarent
3729 1238 3805 1291 illi

2207 1309 2379 1377 ipsum
2411 1323 2554 1364 metu
2585 1311 2830 1375 detineri,
2878 1328 3064 1370 contra
3114 1319 3349 1373 ostendit
3388 1335 3447 1375 se
3486 1332 3540 1376 et
3573 1323 3800 1381 tidentcr

2203 1412 2258 1454 et
2288 1401 2578 1469 prudenter
2600 1418 2778 1473 agere,
2808 1415 2863 1460 et
2883 1421 3104 1475 gnarum
3135 1411 3390 1478 temporis
3410 1427 3515 1482 quo
3545 1429 3804 1484 passurus

2204 1502 2386 1557 esset;
2418 1495 2509 1548 illo
2536 1496 2872 1563 adveniente,
2903 1513 2961 1553 se
2991 1501 3130 1553 ultro
3151 1501 3538 1574 Jerosolymam
3571 1523 3802 1564 conces-

2203 1598 2385 1639 surum
2418 1602 2558 1641 esse.
2597 1589 2720 1642 Mihi
2750 1606 2911 1659 porro
2949 1592 3160 1648 videtur
3188 1595 3342 1663 illud,
3383 1595 3485 1652 Vos
3515 1603 3796 1670 ascendite,

2204 1674 2307 1730 hoc
2334 1677 2433 1731 sibi
2481 1679 2616 1734 velle
2645 1701 2657 1734 :
2685 1679 2762 1734 Ne
2797 1684 2993 1750 putetis
3019 1700 3106 1738 me
3136 1701 3230 1740 vos
3259 1702 3454 1757 cogere
3498 1702 3552 1745 ut
3585 1709 3801 1749 mecum

2202 1765 2350 1819 inviti
2382 1771 2644 1823 maneatis
2675 1787 2690 1826 :
2718 1785 2839 1824 cum
2857 1781 3034 1827 autem
3057 1775 3224 1840 addit,
3257 1776 3503 1832 Nondum
3529 1783 3800 1851 impletum

2200 1866 2270 1910 est
2299 1865 2492 1928 tempus
2522 1876 2707 1926 meum,
2740 1861 2839 1916 hoc
2865 1864 3185 1932 signiﬁcare,
3217 1868 3358 1936 quod
3398 1871 3603 1927 scilicet
3627 1889 3798 1944 apor—

2201 1955 2306 2001 teat
2339 1948 2486 2017 signa
2514 1951 2646 2015 fieri,
2683 1961 2736 2006 et
2756 1955 3042 2009 conciones
3073 1954 3278 2024 haberi,
3314 1960 3382 2014 ita
3415 1971 3471 2015 ut
3498 1978 3560 2017 ex
3595 1968 3800 2035 populo

2201 2038 2369 2091 multo
2395 2040 2570 2107 plures
2590 2043 2894 2110 crederent,
2919 2055 2975 2100 et
2997 2045 3243 2116 discipuli
3267 2051 3510 2108 videntes
3533 2068 3794 2111 constan-

2201 2128 2327 2182 tiam
2359 2130 2713 2202 fiduciamque
2739 2135 2971 2205 Magistri
3001 2139 3104 2202 sui,
3134 2149 3292 2211 atque
3319 2157 3410 2198 eos
3434 2161 3568 2214 quos
3598 2164 3792 2215 passus

2197 2228 2276 2273 est
2304 2223 2590 2287 cruciatus,
2617 2224 2882 2282 ﬁrmiores
2912 2230 3222 2289 evaderent.

2268 2312 2322 2365 5.
2366 2312 2661 2385 Benignitas
2705 2318 2894 2373 Christi
2938 2322 3387 2381 imitanda.—-Ex
3432 2342 3590 2398 supra
3632 2332 3798 2386 dictis

2200 2419 2360 2473 porro
2403 2409 2518 2475 ejus
2565 2408 2944 2481 benignitatem
2986 2423 3039 2468 et
3069 2419 3531 2474 mansuetudinem
3576 2424 3793 2478 edisca-

2199 2513 2316 2551 mus
2350 2515 2363 2550 :
2397 2498 2583 2554 Discite
2621 2519 2652 2555 a
2703 2521 2800 2572 me,
2831 2507 2952 2575 quia
2993 2509 3128 2562 mitis
3159 2526 3270 2564 sum
3313 2522 3362 2565 et
3398 2512 3608 2568 Immitis
3637 2519 3794 2571 corde

2198 2587 2425 2656 (Matth.
2463 2591 2548 2645 ll.
2579 2592 2688 2665 29)
2715 2611 2728 2648 :
2760 2611 3083 2667 omnemque
3114 2602 3458 2657 acerbitatem
3498 2609 3784 2662 exscinda-

2196 2693 2336 2733 mus.
2368 2680 2423 2734 Si
2464 2683 2584 2751 quis
2613 2687 2768 2740 nobis
2803 2687 3159 2757 insultaverit,
3211 2707 3308 2746 nos
3355 2694 3627 2752 lmmiliter
3662 2714 3787 2769 aga-

2196 2785 2347 2836 mus;
2381 2772 2424 2825 si
2463 2775 2583 2842 quis
2625 2775 2876 2833 ferociter
2914 2783 3100 2850 egerit,
3156 2784 3324 2851 ipsum
3364 2789 3710 2858 mitigemus;
3739 2795 3788 2849 si

2193 2863 2564 2933 momorderit,
2598 2869 2891 2926 traduxerit
2931 2883 2985 2927 et
3023 2874 3292 2945 deriserit,
3341 2895 3407 2933 nc
3445 2883 3786 2955 dejiciamnr,

2195 2970 2329 3010 neve
2358 2959 2527 3013 vicem
2556 2963 2853 3030 rependere
2874 2968 3133 3036 aggressi,
3176 2986 3272 3024 niis
3304 2975 3446 3042 ipsos
3474 2978 3786 3044 perdamus.

2193 3044 2328 3100 Fera
2360 3049 2556 3118 quippe
2596 3061 2678 3106 est
2719 3054 2816 3120 ira,
2852 3055 2960 3110 fera
2989 3060 3278 3114 vehemens
3303 3074 3355 3118 et
3379 3065 3598 3121 ardens.
3643 3071 3792 3125 Can-

2197 3146 2368 3192 temus
2412 3140 2591 3211 itaque
2643 3145 2796 3201 nobis
2839 3147 3032 3202 divinae
3079 3149 3368 3222 Scriptum
3416 3160 3673 3225 carmina,
3731 3177 3786 3219 et

2193 3226 2432 3284 dicamus
2466 3247 2478 3283 :
2507 3232 2669 3288 Terra
2691 3243 2745 3290 et
2772 3237 2907 3291 cinis
2928 3253 2985 3292 es
3012 3240 3162 3311 (Gen.
3196 3246 3246 3298 5.
3283 3247 3397 3320 19),
3431 3248 3567 3316 Quid
3601 3269 3785 3321 super-

2194 3320 2264 3372 tm
2292 3331 2424 3374 terra
2447 3333 2493 3376 et
2531 3324 2659 3378 cinis
2685 3324 2793 3392 (Ib.
2826 3329 3032 3384 13.27.
3062 3331 3220 3388 Eccli.
3260 3336 3346 3391 tt).
3379 3338 3433 3408 9)
3455 3341 3477 3393 ?
3502 3348 3577 3408 et,
3611 3320 3786 3410 Μιρες

2193 3421 2272 3464 tus
2303 3412 2412 3478 ἔγω,
2439 3415 2587 3467 ruina
2621 3426 2691 3470 est
2720 3416 2800 3470 illi
2827 3419 3016 3487 (Eccli.
3045 3422 3096 3476 1.
3137 3423 3227 3479 28.
3271 3425 3401 3491 22);
3435 3439 3509 3492 et,
3566 3431 3655 3485 Vir
3681 3436 3783 3487 ira-

2191 3503 2406 3568 cundus,
2442 3523 2540 3558 non
2570 3509 2824 3563 modestus
2853 3521 2924 3564 est
2964 3511 3143 3583 (Prov.
3175 3517 3261 3570 Η.
3305 3517 3419 3588 25).
3464 3521 3605 3577 Nihil
3636 3527 3784 3581 enim

2194 3597 2401 3664 turpius
2417 3598 2948 3672 furibundoaspectu,
2971 3606 3098 3660 nibil
3118 3607 3548 3680 ingratius.Quod
3566 3618 3608 3670 si
3627 3632 3784 3689 aspe-

2190 3697 2299 3753 Ctu,
2341 3690 2508 3744 muito
2533 3694 2699 3762 magis
2733 3694 2931 3750 animo.
2963 3700 3419 3763 Quemadmodum
3460 3709 3602 3763 enim
3635 3727 3785 3766 com-

2189 3789 2334 3836 moto
2359 3796 2515 3837 como
2541 3782 2698 3840 fauor
2725 3786 3016 3844 effunditur
3053 3809 3066 3845 :
3101 3793 3178 3848 sic
3201 3796 3384 3852 animo
3407 3798 3482 3854 ira
3512 3813 3780 3873 permoto,

2187 3874 2351 3928 multa
2381 3877 2585 3932 orietur
2615 3881 2886 3956 turpitudo
2909 3891 2963 3936 et
2991 3884 3256 3941 molestia.
3285 3888 3375 3954 At,
3410 3889 3634 3961 inquies,
3671 3913 3782 3954 non

2187 3963 2302 4019 fero
2341 3968 2725 4023 contumeliam
2751 3971 2819 4026 ab
2847 3973 3076 4030 inimicis
3119 3975 3342 4032 illatam.
3392 3979 3541 4036 Cur?
3570 4000 3778 4055 quaeso.

2186 4055 2317 4111 Nam
2349 4059 2393 4112 si
2422 4075 2548 4114 vere
2575 4060 2723 4126 dicit,
2754 4064 2913 4118 etiam
2941 4080 3123 4122 coram
3170 4068 3262 4124 illo
3290 4077 3574 4145 compungi
3612 4092 3782 4148 Opor-

2188 4157 2343 4213 tcret,
2386 4158 2438 4203 et
2464 4151 2688 4218 gratiam
2722 4155 2820 4222 ipsi
2850 4155 3082 4224 habere;
3129 4159 3208 4212 sin
3241 4176 3370 4216 vero
3415 4167 3690 4233 mentitur,
3726 4171 3780 4224 id

2185 4250 2488 4296 contemne.
2542 4243 2836 4312 Panpcrem
2892 4248 3086 4301 vocat?
3135 4249 3289 4305 Ride.
3348 4254 3636 4324 lgnobilem
3693 4264 3781 4317 vel

2186 4330 2403 4383 stultum
2434 4333 2702 4402 appellat?
2744 4335 3036 4404 lngemisee
3065 4355 3158 4409 pro
3185 4342 3295 4397 illo.
3326 4345 3478 4410 Nam,
3524 4348 3624 4414 Qui
3653 4352 3781 4406 dicit

2185 4423 2332 4489 fratri
2374 4438 2487 4489 suo,
2536 4423 2723 4492 Fatue,
2755 4445 2868 4481 reus
2912 4432 3005 4483 erit
3043 4433 3284 4501 gehenme
3308 4437 3439 4506 ignis
3469 4440 3686 4508 (Matth.
3718 4447 3775 4500 5.

2183 4510 2296 4580 22).
2330 4513 2386 4566 Si
2415 4517 2794 4571 contumeliam
2828 4519 3042 4587 inferat,
3074 4527 3247 4594 cogita
3279 4530 3599 4598 supplicium
3630 4536 3778 4604 quod

2182 4602 2354 4672 ipsum
2399 4615 2598 4671 manet,
2636 4623 2735 4662 nec
2782 4610 2945 4666 modo
2986 4613 3118 4667 iram
3146 4616 3443 4686 cobibebis,
3484 4624 3577 4678 sed
3608 4602 3775 4681 etiam

2182 4693 2442 4764 lacrymas
2489 4696 2752 4753 effundes.
2800 4701 2983 4772 Neque
3028 4707 3170 4760 enim
3215 4709 3451 4765 irritatur
3505 4717 3775 4788 quispiam

2183 4798 2364 4840 centra
2403 4791 2821 4860 febricitantem,
2854 4806 3119 4852 autacuto
3141 4802 3328 4857 morbo
3360 4805 3770 4873 inﬂammatum.

2182 4877 2273 4930 sed
2303 4881 2503 4934 similes
2550 4884 2694 4937 viros
2723 4885 3008 4942 miseratur
3041 4897 3095 4942 et
3141 4890 3403 4960 deplorat.
3457 4897 3774 4968 llujusmodi

2182 4979 2261 5021 est
2289 4971 2404 5023 irati
2433 4975 2662 5028 animus.
2680 4975 2782 5031 Sed
2805 4978 2847 5033 si
2878 4979 2956 5033 vis
2981 4990 3031 5036 te
3050 4983 3250 5047 ulcisci,
3273 4995 3411 5056 tace,
3437 5002 3488 5045 et
3508 5007 3774 5063 Opportu-

2181 5074 2300 5113 nam
2326 5062 2421 5131 ipsi
2447 5065 2655 5134 plagam
2677 5069 2903 5139 inﬂiges.
2929 5072 3020 5126 Sin
3048 5083 3423 5135 contumeliam
3447 5062 3773 5146 contumelia

2179 5150 2435 5220 dcpeltas,
2469 5157 2640 5224 ignem
2666 5163 3010 5216 succendisti.
3037 5167 3122 5230 At,
3153 5168 3378 5238 inquies,
3407 5174 3450 5227 si
3477 5187 3769 5249 taceamus,

2181 5243 2352 5311 pusilli
2385 5247 2546 5299 animi
2584 5264 2890 5317 arguemur.
2917 5253 3032 5308 Non
3064 5265 3112 5309 te
3144 5261 3318 5325 pusilli
3361 5267 3519 5320 animi
3548 5243 3770 5326 accusa;

2179 5332 2327 5399 bunt,
2356 5336 2448 5390 sed
2482 5339 2870 5410 philosophiam
2903 5357 3045 5401 tuam
3076 5351 3424 5409 mirabuntur.
3457 5358 3510 5411 Si
3544 5376 3672 5416 vero
3703 5380 3769 5419 ex

2177 5430 2491 5482 contumelia
2542 5432 2908 5499 intlammcris,
2963 5438 3139 5494 locum
3181 5443 3332 5499 dabis
3382 5452 3599 5515 putandi
3642 5469 3771 5510 vera

2177 5533 2293 5570 es~e
2319 5535 2437 5589 quin
2466 5523 2810 5592 objiciuntur.
2839 5529 2967 5593 Cur,
2999 5547 3202 5601 qumso,
3236 5538 3373 5592 ridet
3403 5540 3559 5598 dives
3594 5549 3683 5615 qui
3713 5565 3771 5603 se

2180 5626 2463 5677 pauperem
2492 5619 2744 5684 appellari
2771 5621 2915 5674 audit
2936 5624 2958 5675 ?
2979 5640 3154 5680 annon
3178 5630 3297 5698 quia
3325 5633 3438 5700 ipse
3466 5637 3563 5689 scit
3582 5653 3639 5692 se
3662 5657 3768 5695 non

2176 5715 2294 5754 esse
2321 5709 2643 5772 pauperem?
2673 5711 2742 5765 Ita
2771 5723 2823 5766 et
2849 5729 2946 5767 nos
2969 5717 3012 5769 si
3036 5717 3101 5770 de
3123 5725 3457 5776 contumeliis
3477 5726 3764 5794 rideamus,

2177 5792 2276 5847 boc
2319 5812 2685 5868 argumentum
2730 5806 2829 5859 crit
2868 5807 3181 5877 maximum,
3229 5827 3325 5868 nos
3363 5815 3482 5869 talis
3518 5819 3595 5871 rei
3641 5837 3766 5875 con-
