4024 6430
202 342 315 397 TI"

207 457 353 509 scius
380 445 535 502 nobis
561 453 665 494 non
688 444 829 488 esse.
864 421 943 479 Ad
968 420 1086 474 haec
1111 420 1388 483 quousque
1418 399 1692 458 hominum
1720 408 1813 450 ac-

1487 506 1582 509 νη-
1633 483 1785 509 n-_.:

207 483 353 509 Nl":
382 483 535 502 Ιινυιυ
561 483 665 494 ’,η--
692 483 769 488 --κ
792 483 799 484 κ

206 541 520 601 uisationes
558 517 896 585 metuemus?
938 518 1220 585 quousque
1248 506 1589 556 communem
1633 483 1817 543 Domi-

1081 600 1118 601 "
1330 590 1354 601 “
1388 587 1423 601 "
1547 581 1664 601 --κέ-μ-
1691 578 1817 601 Rha-..

206 578 520 601 βυρσιαν-ηρ..
560 578 682 585 -..νη
958 578 973 585 ⁷
1000 578 1003 582 ι

195 645 341 692 ³ιιιιιιι
367 625 749 696 despiciemus,
779 619 836 667 et
855 604 1004 664 carni
1037 590 1354 668 aﬂigemur?
1383 587 1513 643 Cum
1532 581 1667 636 enim
1689 578 1820 632 inter

211 741 298 780 ros
326 683 404 777 εεῖ
416 683 674 773 edntentio
713 714 760 760 et
790 693 1051 756 amtututio
1076 699 1122 744 ct
1152 683 1446 742 seditiones,
1495 686 1662 729 nonne
1701 683 1817 722 car—

688 796 807 853 Cor.
855 791 911 846 '5.
953 784 1043 854 '5)?
1085 780 1266 836 Simus
1309 785 1444 875 ergo
1479 761 1819 875 .spirituples,

215 847 357 870 ηιυεο
387 847 504 865 ωδε.
590 847 638 856 -.
693 847 773 853 --V
993 847 1002 854 Ι

215 907 356 962 hanc
387 847 738 956 deterrimam
779 884 948 939 feram
980 875 1273 930 fronemus.
1309 864 1450 918 Iram
1479 858 1618 912 inter
1645 858 1700 906 et
1739 847 1821 903 Iu-

1154 961 1163 962 ί
1484 951 1494 962 ο
1616 960 1639 962 -
1663 940 1819 962 11‘-“

217 940 356 962 nam.
387 940 737 956 υ....,....---.--,

217 1009 401 1053 rorem
447 989 652 1046 nullum
697 975 1027 1034 discrimen;
1074 961 1169 1019 sed
1211 951 1564 1026 temporarius
1607 940 1822 1014 quidam

218 1095 437 1147 drmon
467 1093 580 1146 est;
610 1079 720 1132 imo
758 1063 1090 1126 dmmoniaoo
1127 1053 1299 1126 pejor.
1325 1047 1458 1102 Nam
1494 1035 1826 1096 daemoniaco

216 1183 371 1238 venia
399 1128 584 1235 datur;
616 1160 906 1222 iracundus
941 1161 1122 1209 autem
1150 1143 1299 1202 mille
1327 1133 1601 1206 suppliciis
1636 1128 1828 1197 dignus

212 1217 464 1340 qui
502 1217 795 1328 se,spoute
838 1250 891 1304 in
935 1237 1188 1316 perniciei
1241 1227 1490 1288 barathra
1525 1217 1729 1290 dejicit,
1761 1222 1818 1268 et

961 1334 974 1340 ·
1000 1333 1011 1340 ·
1089 1329 1102 1340 ’
1239 1333 1410 1340 ua“
1447 1315 1570 1340 an...
1602 1306 1818 1340 ιηηςηςεε

217 1306 320 1329 ε...
412 1306 464 1322 ι..
502 1306 562 1320 ..ν
601 1306 626 1314 -
674 1306 788 1310 --η
935 1306 950 1316 _

217 1313 347 1419 ante
369 1306 604 1414 Futurum
625 1306 929 1419 gehennam
961 1333 1049 1388 hic
1085 1329 1195 1397 jam
1225 1333 1423 1394 pinnas.
1443 1315 1572 1371 dare
1602 1306 1828 1376 incipit:

1173 297 1241 357 IN
1280 286 1592 352 JOANNEM
1630 278 1861 339 HOMIL.
1903 275 2090 334 XLIX.
2131 272 2203 329 al.
2246 270 2475 329 Κιγιιιτ.

3425 249 3532 309 ρτι

1929 393 2055 450 dum
2085 393 2312 447 tumultu
2351 395 2610 462 perpetuo
2640 390 2695 438 ct
2720 387 2855 437 a‘stu
2899 371 3222 433 intolerabili
3254 367 3535 438 cogitatio.

1929 503 2055 543 num
2101 493 2258 540 nocte
2284 458 2478 550 dieque
2519 473 2841 545 cvagitatur.
2875 468 2945 526 Ut
2985 467 3165 535 itaque
3194 471 3249 517 ct
3278 458 3532 532 praesenti

1927 580 2188 652 supplicio
2218 585 2272 632 et
2301 549 2474 629 futura
2510 567 2742 624 vindicta
2772 577 2874 619 nos
2897 560 3215 619 liberemus.
3247 552 3352 608 hoc
3378 549 3536 621 pulso

1929 673 2094 730 animi
2141 667 2352 731 morbo,
2391 676 2609 720 omnem
2650 655 3001 715 exhibeamus
3039 642 3533 705 mansuetudinem,

1933 775 1990 822 ut
2017 761 2255 834 requiem
2291 753 2575 812 animabus
2605 747 2804 806 nostris
2829 740 3165 800 inveniamus
3193 743 3250 790 et
3286 733 3373 788 hic
3402 739 3456 786 et
3483 730 3535 783 iu

1931 871 2099 928 regno
2136 851 2425 913 calorum;
2479 842 2622 915 quod
2673 839 2881 896 utinam
2920 845 3111 890 omnes
3161 837 3532 895 assequamur.

1933 911 2100 1021 gratia
2145 955 2201 1000 et
2257 911 2584 1010 benignitate
2631 927 2843 988 Domini
2898 922 3068 980 nostri
3111 919 3242 976 Iesu
3295 911 3531 974 Christi,

1936 1002 2032 1114 per
2059 1052 2218 1110 quem
2272 1041 2329 1088 et
2377 1002 2499 1087 cum
2544 1040 2651 1097 quo
2692 1021 2838 1078 Patri
2885 1015 3055 1088 gloria
3105 1008 3374 1078 simulque
3422 1002 3540 1069 Spi-

3011 1105 3022 1114 .
3239 1098 3252 1114 .
3319 1111 3368 1114 _A
3400 1091 3511 1114 ,ΔΑ

1938 1091 2018 1114 1⁷⁷·
2064 1091 2158 1110 1"“
2562 1091 2575 1097 -

1937 1133 2060 1187 ritui
2092 1134 2299 1191 sancto,
2341 1135 2484 1178 nunc
2529 1126 2586 1172 et
2630 1126 2868 1183 semper,
2911 1117 2973 1164 et
3010 1105 3062 1160 in
3091 1098 3289 1158 sarcula
3315 1091 3544 1152 saculo-

1942 1243 2082 1286 rum.
2114 1227 2306 1280 Amen.

2058 1376 3547 1419 ___________.______._______.—-

1606 1465 1955 1534 HOMILIA
2000 1455 2232 1520 XLIX.

217 1654 350 1710 Cu.
383 1649 438 1703 7.
469 1660 523 1698 ν.
545 1641 602 1696 9.
634 1635 762 1692 Haec
788 1645 902 1684 cum
934 1620 1154 1678 discisset
1174 1613 1276 1668 illis
1300 1605 1528 1677 ,mansit
1576 1600 1630 1653 in
1679 1593 1825 1649 Gali-

299 1694 534 1796 ἷςέᾶίιὸξ
555 1694 626 1788 -Η
635 1739 652 1785 ι
680 1735 850 1781 autem
877 1713 1208 1772 ascenderunt
1245 1707 1428 1776 fratres
1470 1697 1600 1759 eius,
1634 1701 1752 1742 tunc
1781 1694 1828 1796 et

298 1835 409 1902 ipse
449 1821 673 1882 ascendit
722 1815 791 1869 ad
834 1811 967 1866 diem
1008 1807 1214 1876 festum,
1248 1775 1360 1849 non
1405 1783 1690 1854 manifeste,
1741 1775 1829 1831 sed

298 1921 447 1994 quasi
468 1920 521 1972 in
553 1910 774 1970 occulto.

302 1962 354 2072 Il.
380 2012 611 2069 Christus
641 2005 865 2057 humano
906 2005 1045 2047 more
1072 1987 1240 2041 viveras
1281 1975 1508 2033 homines
1543 1969 1722 2024 docere
1750 1962 1832 2017 iu-

228 2062 546 2164 tmditT't—Jur
570 2095 803 2154 Christus
822 2086 907 2155 qui
931 2081 1105 2155 putum
1131 2087 1324 2145 semper
1351 2062 1665 2164 loquebatur:
1697 2070 1834 2109 nunc

222 2203 280 2255 in
327 2195 525 2253 occulto
556 2148 1033 2256 toquituré-(iuze
1073 2170 1310 2222 humano
1349 2170 1500 2214 more
1546 2169 1575 2207 a
1618 2148 1833 2204 Christo

235 2331 734 2442 netnvcontlrment,
768 2365 862 2421 sed
893 2359 1055 2417 etiam
1084 2361 1143 2408 ut
1171 2364 1271 2406 nos
1300 2344 1365 2400 ad
1395 2343 1644 2397 virtutem
1679 2331 1835 2388 insti-

233 2485 408 2534 tuant.
452 2471 516 2528 Si
541 2467 684 2524 enim
710 2458 894 2517 omnia
922 2459 1194 2519 tamquam
1239 2441 1378 2496 Deus
1424 2433 1658 2493 fecisset,
1707 2437 1842 2494 quo-

1479 2523 1526 2534 ..
1611 2529 1623 2534 _
1722 2512 1838 2534 -ηε,

234 2512 408 2534 luas".
454 2512 513 2528 υ.
543 2512 684 2524 νισι---
717 2512 798 2517 --ἣν
1052 2512 1065 2519 '

234 2569 403 2626 "Itde
448 2567 732 2633 possemus
776 2563 894 2612 nos,
945 2557 1068 2597 cum
1119 2537 1327 2604 ingrata
1380 2523 1662 2582 accidunt,
1712 2512 1840 2586 quid

1174 2627 1220 2633 -.
1373 2619 1403 2633 Α,
1483 2616 1496 2633 ,
1530 2628 1582 2633 ﬂ
1613 2613 1660 2633 ευ
1695 2609 1815 2633 ,ΜΛ

236 2609 544 2717 facit-nd'um
572 2650 644 2704 sit
673 2637 955 2701 ediscere?
982 2642 1040 2687 ut
1075 2627 1225 2684 verbi
1274 2619 1442 2693 gratia
1483 2616 1586 2671 hoc
1613 2613 1664 2667 in
1695 2609 1840 2673 loco,

237 2753 282 2806 si
313 2744 518 2804 .Iuda-is
544 2751 732 2795 necem
771 2725 1117 2802 spirantibus,
1169 2719 1222 2772 in
1264 2710 1499 2768 medium
1545 2700 1845 2776 procedens

237 2842 426 2901 statim
468 2847 658 2891 eormn
706 2828 964 2895 impetum
1016 2810 1367 2871 coercuisset.
1411 2802 1466 2857 Si
1519 2800 1698 2868 itaque
1743 2793 1845 2847 hoc

240 2933 464 2991 assidue
495 2925 732 2982 fecisset,
762 2929 864 2970 nos
908 2911 960 2965 in
992 2904 1184 2962 eadem
1231 2895 1553 2956 incidentes,
1581 2903 1701 2943 cum
1737 2898 1842 2940 non

243 3034 528 3099 pus-scmus
573 3015 719 3070 idem
768 3001 1044 3078 prchtarc,
1091 2989 1363 3066 quomodo
1407 2986 1667 3042 sciremus
1718 2976 1845 3049 quid

1074 3090 1086 3099 ·
1249 3093 1261 3099 -
1340 3089 1379 3099 μ·
1434 3093 1496 3099 -..
1526 3071 1666 3099 ,ιιηιι
1696 3068 1845 3099 η..;,Ι-

241 3068 510 3191 :geudum
538 3104 720 3165 esset?
748 3068 926 3156 utrum
951 3090 1087 3149 mori
1110 3089 1402 3158 oporteret,
1432 3093 1499 3132 an
1525 3071 1668 3128 aliud
1694 3068 1846 3140 quid-

1277 3170 1457 3191 μυιιι
1506 3165 1635 3191 Ληε..
1689 3162 1846 3191 :..:.....

243 3162 388 3283 pli’am
421 3199 724 3276 providere,
772 3203 829 3245 ut
870 3197 1051 3242 sermo
1105 3170 1457 3248 procederet?
1505 3165 1640 3234 Quia
1689 3162 1848 3233 igitur

1123 3269 1198 3283 ’⁸-⁸
1290 3281 1298 3283 ~
1335 3282 1341 3283 ί
1396 3272 1576 3283 ----ι--ι.
1634 3251 1758 3283 ιι..ἶ,1
1793 3255 1845 3283 in

244 3251 368 3367 ξος,
401 3251 492 3368 (ιγυί
523 3293 634 3364 pari
658 3289 947 3368 [potestate
994 3269 1203 3345 ιιι-αξιιίιί
1243 3281 1349 3321 ιιοιι
1394 3272 1602 3317 sumus,
1632 3251 1760 3324 quid
1793 3255 1847 3306 in

246 3347 486 3451 medidm
513 3347 771 3454 i'ugrdssis
799 3354 1099 3428 faciendum
1132 3366 1278 3416 esset
1303 3370 1407 3410 non
1433 3347 1846 3406 didicissemus;

247 3487 365 3542 hare
395 3480 516 3537 ideo
535 3436 604 3530 al:
631 3472 724 3526 illo
753 3467 1030 3521 docemur.
1061 3454 1194 3510 Nam
1221 3450 1320 3513 ait,
1357 3443 1481 3498 Haec
1501 3456 1614 3494 cum
1643 3436 1849 3491 dixisset

245 3579 423 3639 Iesus,
451 3567 635 3624 mansit
662 3565 717 3617 in
756 3556 991 3612 Galitwu.
1047 3547 1115 3602 Ut
1158 3550 1326 3596 autem
1369 3532 1702 3590 ascenderunt
1743 3529 1850 3595 fra-

1147 3635 1173 3639 -_
1764 3614 1848 3639 HJ

249 3680 350 3724 tres
393 3615 526 3736 e'jns,
575 3667 696 3711 tunc
745 3659 790 3703 et
821 3649 929 3717 ipse
969 3635 1216 3696 ascendit,
1276 3646 1379 3684 non
1423 3624 1711 3694 manifeste,
1759 3614 1848 3671 sed

249 3756 397 3830 quasi
417 3706 476 3808 in
497 3706 715 3805 dccutto.
755 3706 898 3802 Haec,
937 3727 1284 3786 Ascenderunt
1316 3724 1500 3791 fratres
1530 3714 1661 3784 ejus,
1687 3706 1853 3778 signi-

1097 3819 1167 3830 η..
1268 3809 1519 3830 κ,,,,.ι-..,.
1584 3796 1853 3830 Ληηιηηιι,

251 3796 416 3907 :Icant
461 3843 636 3912 ipsum
682 3831 915 3889 noluisse
942 3838 1064 3879 cum
1097 3819 1199 3873 illis
1227 3809 1541 3867 ascendere.
1583 3796 1854 3870 Quamob-

1256 3905 1299 3912 "
1510 3909 1518 3912 -
1616 3893 1672 3912 Π·
1733 3889 1851 3912 ,ειμι-ι.

253 3956 381 4000 retn.
401 3936 472 3993 ibi
487 3889 720 3993 rmanet,
750 3932 923 3992 neque
969 3927 1091 3970 sese
1127 3905 1412 3963 manifeste
1442 3893 1702 3957 ostendit,
1733 3889 1858 3942 licet

253 3986 759 4090 illi—suaderent.
784 3986 1038 4069 cor-vero
1076 4003 1167 4075 qui
1210 3998 1383 4069 palam
1425 4003 1639 4056 semper
1667 3986 1855 4051 loque-

256 4126 437 4186 batur,
489 4129 632 4174 nunc
670 4108 819 4181 quasi
869 4105 921 4158 iu
952 4098 1166 4156 occulto
1217 4092 1269 4146 id.
1321 4087 1486 4158 facit?
1530 4081 1646 4137 Non
1699 4075 1853 4138 dixit,

257 4215 500 4277 Ucculto,
530 4207 649 4271 sed,
682 4169 842 4270 bimi
868 4198 922 4251 in
963 4190 1185 4248 occulto.
1229 4184 1318 4240 Sic
1368 4179 1511 4236 enim
1551 4169 1856 4243 Oportebat,

257 4298 715 4380 quemadmodum
746 4291 880 4355 dixi,
915 4297 971 4341 ut
994 4297 1093 4340 nos
1117 4280 1339 4335 doceret
1375 4274 1489 4338 haec
1517 4268 1728 4337 negotia
1767 4278 1858 4332 ge-

1087 4373 1159 4380 ··“’
1236 4369 1248 4380 '
1324 4368 1353 4380 γ·
1452 4374 1462 4380 -
1512 4363 1532 4380 ι’
1568 4356 1858 4380 -----...;ι...,.

261 4356 404 4458 dere.
437 4391 646 4463 Alioqui
679 4401 784 4442 non
817 4398 911 4453 par
940 4386 1056 4434 erat
1085 4373 1193 4429 illis
1235 4368 1385 4424 iratis
1414 4374 1470 4419 et
1512 4356 1863 4416 frementibus

264 4449 402 4550 ίᾷξιξ
436 4449 772 4556 comparere,
812 4449 906 4534 sed
947 4479 1066 4544 post
1109 4467 1253 4522 diem
1300 4462 1514 4517 Sestum.
1561 4456 1649 4509 II.
1690 4449 1863 4505 Judwi

263 4603 385 4658 ergo
409 4547 696 4652 qmrebant
719 4590 851 4635 eum,
879 4579 926 4624 et
948 4565 1199 4626 dicebant,
1229 4558 1327 4614 Ubi
1349 4564 1421 4609 est
1448 4551 1576 4606 ille?
1603 4547 1863 4603 Praeclara

265 4634 498 4734 coit-tein
538 4669 627 4724 die
679 4665 815 4721 festo
855 4656 1058 4730 opera!
1093 4652 1159 4708 ad
1206 4647 1409 4703 caulem
1456 4644 1769 4715 properant,
1811 4634 1866 4688 in

268 4771 406 4826 festo
431 4761 739 4821 consultant
767 4726 1037 4824 quomodo
1065 4745 1275 4814 capiant
1324 4740 1492 4793 illum.
1541 4733 1634 4788 Sic
1664 4739 1718 4786 et
1741 4726 1867 4781 alihi

268 4862 456 4916 dicunt
487 4870 503 4907 :
533 4849 669 4917 Quid
698 4820 904 4916 putatis,
943 4840 1063 4910 quia
1106 4852 1208 4889 non
1257 4831 1388 4886 venit
1414 4828 1482 4880 ad
1509 4826 1641 4878 diem
1681 4820 1868 4888 festum

269 4907 455 5021 {is}...
509 4907 596 4998 ιῖ.
641 4907 774 5009 δάν
815 4907 898 4990 Ει
926 4907 1012 4985 hic
1050 4926 1323 4986 dicebant,
1380 4917 1477 4973 Ubi
1520 4925 1590 4969 est
1633 4909 1764 4966 ille?
1792 4907 1876 4962 Ex

271 5000 446 5096 nimio
481 5033 607 5088 odio
653 5000 726 5084 ne
764 5024 1042 5081 nominare
1087 5014 1304 5086 quidem
1335 5011 1644 5081 dignantur.
1685 5000 1871 5068 Magna

271 5138 419 5187 certe
442 5124 564 5182 festi
595 5117 917 5180 reverentia,
950 5116 1136 5182 ingens
1176 5104 1379 5176 pietas!
1411 5100 1498 5154 die
1534 5096 1668 5151 festo
1700 5093 1874 5162 ipsum

274 5235 474 5292 capere
504 5216 773 5269 volebant.
800 5208 885 5263 12.
918 5205 984 5259 Ει
1012 5216 1244 5256 murmur
1281 5195 1497 5250 multum
1525 5198 1632 5244 erat
1659 5188 1719 5242 de
1739 5202 1798 5239 eo
1826 5185 1878 5238 in

279 5311 449 5368 turba.
481 5308 621 5363 Puto
641 5313 816 5357 autem
855 5299 974 5352 illos
1013 5296 1064 5349 in
1100 5292 1333 5346 furorem
1367 5294 1519 5340 actos
1544 5297 1573 5336 a
1612 5280 1749 5342 loco,
1791 5273 1878 5329 ubi

279 5405 494 5472 signum
529 5398 729 5452 factum
758 5391 948 5454 fuerat,
977 5398 1138 5455 atque
1173 5387 1541 5450 exasperatos,
1573 5387 1680 5426 non
1716 5372 1784 5423 ita
1814 5369 1882 5422 tle

285 5509 345 5550 re
369 5497 525 5562 gesta
566 5485 867 5554 indignatos
897 5493 1037 5541 esse,
1063 5484 1122 5528 ut
1153 5473 1411 5527 timebant
1459 5481 1526 5520 ne
1554 5462 1680 5533 quid
1710 5458 1885 5514 simile

291 5589 485 5643 iterum
518 5581 735 5634 iaceret.
782 5573 1121 5630 Contrarium
1150 5579 1312 5636 porro
1352 5559 1566 5621 accidit,
1611 5555 1693 5608 vel
1738 5550 1886 5607 inviti

288 5680 495 5736 clarum
535 5674 709 5744 ipsum
751 5665 1120 5724 reddiderunt.
1178 5657 1400 5723 Quidam
1449 5651 1717 5712 dicebant,
1770 5645 1890 5717 quia

291 5770 453 5825 tonus
480 5740 574 5834 est,
605 5761 716 5829 alii,
763 5757 902 5824 Non,
946 5754 1032 5808 scd
1079 5749 1271 5806 seducit
1319 5743 1509 5799 turbas.
1566 5740 1710 5796 Illam
1763 5745 1891 5808 puto

1938 1584 2103 1639 fuisse
2131 1573 2491 1634 multitudinis
2519 1569 2863 1642 opinionem;
2892 1563 3052 1618 aliam
3089 1575 3219 1616 vero
3246 1556 3557 1629 principum

1936 1685 1994 1730 et
2016 1669 2357 1726 ‘sacerdotum
2389 1682 2403 1718 :
2437 1678 2561 1718 nam
2591 1654 2910 1716 calumniari
2940 1652 3006 1707 ad
3039 1651 3254 1730 illorum
3289 1646 3546 1701 invidiam

1937 1775 1992 1821 et
2036 1761 2330 1834 nequitiam
2371 1754 2700 1830 pertinebat.
2745 1748 2956 1806 Seducit
3002 1720 3236 1806 turbam,
3281 1739 3551 1813 inquiunt.

1937 1831 2242 1926 Quomodo.
2269 1850 2494 1925 quasso?
2515 1845 2791 1916 Numquia
2817 1843 2966 1912 signa
2991 1838 3230 1904 simulat,
3251 1849 3358 1890 non
3390 1831 3552 1888 facit?

1939 1944 2456 2023 Atquizcontrarium
2486 1937 2819 2011 experientia
2845 1934 3023 1990 docet.
3058 1931 3147 1987 I3.
3180 1926 3351 1983 Nemo
3381 1934 3560 1979 tanien

1941 2019 2114 2115 palam
2153 2037 2456 2113 loquebatur
2503 2036 2566 2089 de
2604 2033 2695 2086 illo
2744 2036 2951 2101 propter
2990 2034 3179 2078 metum
3223 2019 3549 2074 Judworum.

1944 2139 2107 2194 Vides
2137 2133 2337 2204 ubique
2361 2129 2650 2200 optimates
2673 2130 2984 2191 corruptos,
3009 2115 3218 2187 plebem
3252 2126 3381 2166 vero
3402 2117 3550 2164 recte

1942 2203 2287 2288 sentientem,
2321 2220 2415 2276 sed
2456 2232 2564 2274 non
2610 2212 2890 2285 praditam
2941 2222 3006 2263 ea
3043 2203 3365 2259 fortitudine
3391 2213 3553 2270 quam

1943 2317 2261 2394 oportebat?
2291 2315 2377 2370 M.
2408 2310 2530 2366 1am
2559 2317 2730 2362 autent
2760 2304 2842 2358 die
2863 2303 2992 2373 festo
3019 2297 3295 2361 mediante,
3325 2288 3553 2346 ascendit

1944 2379 2114 2473 Iesus.
2161 2420 2208 2464 et
2250 2407 2478 2462 docebat.
2531 2395 2878 2469 Exspectalio
2925 2389 3244 2445 attentiores
3294 2379 3552 2438 reddidit.

1947 2505 2080 2562 Nam
2106 2503 2195 2575 qui
2241 2498 2508 2571 prioribus
2535 2492 2726 2549 diebus
2766 2484 3081 2559 qurrehaut
3122 2494 3244 2535 eum
3289 2475 3549 2536 dicentes,

1953 2597 2052 2654 Ubi
2102 2567 2174 2649 est
2215 2567 2341 2646 fite?
2398 2595 2620 2658 repente
2667 2581 2816 2636 illum
2865 2575 3132 2637 videntes,
3183 2567 3556 2623 animadverte

1950 2686 2222 2762 quomodo
2249 2654 2486 2745 adstant,
2541 2685 2596 2733 et
2635 2676 2941 2744 loquentem
2988 2665 3300 2724 observent,
3338 2665 3447 2712 tam
3477 2654 3553 2710 illi

1951 2747 2040 2855 qui
2069 2783 2288 2843 bonum,
2318 2788 2476 2847 quam
2506 2769 2594 2826 alii
2620 2766 2712 2839 qui
2740 2764 2936 2820 malum
2961 2758 3109 2815 illum
3141 2753 3393 2810 dicebant
3422 2747 3554 2804 :sed

1953 2878 2029 2932 illi
2079 2883 2136 2928 ut
2184 2870 2458 2942 quidpiam
2505 2863 2635 2919 lucri
2688 2863 3063 2930 reportarent,
3121 2850 3555 2915 mirarenturque

1954 2970 2163 3038 ipsum;
2193 2936 2282 3017 alii
2318 2936 2387 3014 ut
2423 2950 2947 3025 comprehenderent
2991 2954 3048 3001 et
3091 2948 3369 3012 caperent.
3420 2936 3574 2990 Illud.

1953 3033 2154 3122 autem,
2186 3053 2397 3112 Seducit
2435 3052 2655 3112 turbam,
2702 3059 2799 3116 per
2823 3039 3122 3098 doctrinam
3174 3033 3402 3090 scilicet.
3448 3044 3574 3085 nou.

1955 3151 2317 3218 intelligentes
2341 3141 2468 3214 quid
2492 3139 2699 3195 diceret
2731 3153 2744 3190 :
2773 3133 2903 3189 illud
2930 3145 3080 3197 vero,
3111 3127 3309 3192 Bonus,
3337 3139 3367 3178 a
3390 3122 3559 3193 signis

1953 3214 2478 3299 diceba'tur.Setlato
2527 3231 2707 3298 itaque
2739 3226 2950 3280 illorum
2994 3221 3176 3276 furore
3225 3219 3298 3273 ita
3343 3214 3556 3278 institit,

1957 3343 2015 3390 ut
2038 3332 2201 3388 verba
2230 3343 2327 3384 sua
2356 3325 2642 3394 diligenter
2668 3318 2939 3382 audirent,
2983 3327 3157 3382 neque
3193 3308 3428 3378 amplius
3471 3307 3559 3359 in-

1954 3421 2156 3495 dignati
2186 3431 2346 3474 aures
2370 3415 2737 3472 obstruerent.
2769 3406 2908 3476 Quid
2937 3402 3202 3466 docuerit,
3231 3415 3336 3455 non
3379 3406 3562 3452 narrat

1955 3489 2315 3588 evangelista;
2364 3509 2415 3564 id
2460 3505 2635 3562 solum
2683 3502 2812 3558 dicit
2851 3497 2994 3570 quod
3038 3493 3356 3551 mirabiliter
3382 3491 3452 3546 sit
3479 3489 3561 3544 lo-

1956 3582 2175 3686 quutus,
2207 3608 2350 3680 quod
2379 3607 2526 3676 ipsos
2550 3597 2888 3661 dcmulserit,
2922 3602 2979 3649 et
3008 3590 3230 3647 mutarit
3255 3605 3268 3640 :
3301 3594 3447 3642 tanta
3474 3582 3559 3638 di-

1957 3675 2169 3763 ctorum
2195 3675 2363 3756 virtus
2379 3675 2515 3753 erat.
2535 3692 2638 3762 Qui
2667 3705 2797 3746 vero
2812 3685 3085 3751 dicebant,
3107 3680 3320 3738 Seducit
3341 3675 3563 3741 turbam,

1959 3796 2146 3854 mutati
2170 3795 2281 3863 jam
2309 3787 2732 3847 admirabantur,
2777 3779 3006 3849 ideoque
3048 3775 3127 3830 sic
3164 3769 3561 3842 loquebantur:

1962 3891 2047 3946 15.
2086 3858 2353 3954 Quomodo
2381 3881 2474 3934 scit
2504 3878 2697 3938 literas,
2728 3872 2815 3943 qui
2845 3886 2946 3924 non
2973 3864 3192 3921 didicit?
3219 3858 3410 3917 Viden‘
3431 3872 3567 3927 quo-

1963 3978 2123 4036 modo
2149 3971 2558 4029 admirationem
2603 3979 2790 4021 eorum
2831 3957 3065 4028 nequitia
3097 3956 3313 4026 plenam
3341 3951 3567 4005 demon-

1962 4069 2138 4126 stret?
2169 4066 2284 4122 Non
2331 4065 2473 4117 enim
2505 4058 2635 4114 dicit
2665 4057 2811 4125 ipsos
2838 4049 3138 4107 doctrinam
3171 4046 3394 4100 miratos
3423 4055 3566 4102 esse,

1967 4165 2052 4218 vel
2082 4161 2224 4215 dicta
2256 4155 2538 4211 admisisse
2571 4170 2583 4205 :
2615 4148 2710 4205 sed
2741 4157 2967 4207 tantum,
2996 4139 3356 4199 Mirabantur;
3389 4132 3438 4186 id
3463 4141 3566 4194 est,

1967 4255 2023 4310 iu
2050 4264 2322 4321 smporcm
2351 4244 2665 4301 deciderant
2689 4239 2953 4299 dicentes,
2984 4231 3139 4288 Unde
3160 4229 3236 4285 illi
3268 4224 3424 4282 hmo?
3444 4239 3567 4280 cum

1967 4363 2034 4403 ex
2065 4318 2401 4400 dubitatione
2431 4337 2531 4392 tali.
2576 4332 2881 4405 perspicere
2916 4324 3234 4382 debuissent
3275 4318 3404 4376 nihil
3452 4320 3573 4388 puri

1972 4437 2205 4495 hominis
2235 4435 2288 4489 in
2333 4432 2427 4488 illo
2473 4429 2658 4484 luisse.
2694 4424 2893 4480 Verum
2925 4419 3048 4491 quia
3078 4419 3180 4472 hoc
3211 4415 3286 4470 illi
3329 4410 3575 4468 conﬁteri

1972 4530 2250 4596 nolebant,
2275 4525 2370 4581 sed
2403 4523 2736 4578 mirabantur
2764 4515 2966 4579 solum,
2984 4509 3108 4566 audi
3129 4507 3256 4579 quid
3287 4505 3376 4561 ille
3397 4503 3574 4558 dicat:

1979 4626 2066 4680 I6.
2109 4620 2229 4675 Mea
2270 4616 2501 4672 doctrina
2529 4628 2630 4665 non
2665 4618 2738 4664 est
2782 4622 2913 4660 utea.
2945 4603 3153 4658 Rursus
3182 4611 3370 4654 eorum
3399 4595 3577 4664 suspi-

1975 4714 2118 4771 cioni
2144 4706 2458 4780 respondet,
2484 4702 2551 4758 ad
2583 4703 2797 4757 Patrem
2845 4696 2967 4752 illos
3009 4692 3304 4755 abducens,
3348 4696 3407 4743 ut
3454 4686 3580 4741 imle

1978 4811 2084 4868 illis
2109 4809 2382 4865 silentium
2413 4808 2655 4875 imponat
2681 4819 2704 4856 ε.
2730 4800 2820 4855 I7.
2864 4796 2928 4852 Si
2955 4793 3068 4865 quis
3099 4790 3313 4875 potuerit
3341 4786 3583 4840 uolunta-

1979 4917 2079 4960 tem
2103 4905 2226 4974 ejus
2246 4905 2433 4974 facere,
2473 4903 2737 4970 cognoscet
2783 4894 2848 4946 de
2877 4872 3136 4953 doctrind,
3169 4895 3343 4940 utrum
3381 4897 3446 4937 ea:
3480 4879 3585 4934 Deo

1981 4999 2062 5061 sit,
2090 4969 2158 5048 an
2179 4969 2270 5064 ego
2295 5009 2331 5046 a
2355 4969 2548 5061 meipso
2575 4988 2776 5057 loquar.
2809 4969 2922 5039 [Ioc
2943 4988 3048 5044 est,
3074 4974 3400 5046 Nequitiam,
3428 4972 3582 5032 iram,

1985 5085 2237 5142 invidiam
2264 5081 2472 5152 ejicite;
2502 5093 2708 5134 necnon
2737 5074 2918 5129 odium
2947 5068 3088 5140 quod
3129 5074 3316 5121 contra
3353 5078 3442 5117 me
3470 5061 3590 5116 sine

1987 5190 2145 5232 causa
2172 5172 2509 5242 suscepistis,
2537 5177 2593 5225 et
2619 5165 2752 5223 nihil
2791 5160 3048 5232 impediet
3074 5158 3201 5228 quin
3250 5153 3600 5224 cognoscatis

1992 5267 2155 5322 verba
2185 5278 2303 5320 mea
2329 5277 2456 5318 vere
2491 5260 2582 5317 Dei
2614 5273 2754 5314 esse.
2791 5255 2940 5310 Nune
2970 5252 3086 5305 lucc
3114 5264 3209 5303 vos
3242 5245 3478 5301 tenebris
3508 5242 3591 5296 of-

1992 5358 2243 5418 fundunt.
2265 5366 2318 5410 et
2345 5365 2552 5410 rectum
2583 5349 2722 5420 apud
2760 5362 2856 5402 vos
2877 5342 3138 5415 judit-ium
3167 5343 3516 5409 pervertunt;
3550 5335 3594 5384 si

1996 5453 2110 5507 haec
2135 5449 2442 5510 eliminatis,
2477 5461 2584 5500 non
2617 5441 2745 5498 illud
2790 5435 3087 5510 patiemini.
3119 5431 3224 5488 Sed
3252 5446 3360 5485 non
3406 5429 3475 5481 ita
3517 5425 3596 5478 Iu-

1996 5552 2194 5616 quutus
2222 5549 2324 5604 est,
2352 5553 2420 5594 ne
2461 5537 2620 5591 nimis
2661 5534 2782 5588 illos
2812 5526 3236 5602 perstringeret;
3266 5535 3451 5576 verum
3481 5516 3600 5572 haec

2000 5637 2181 5694 omnia
2207 5630 2585 5694 subindicavit,
2613 5641 2734 5684 cum
2756 5625 2981 5688 diceret,
3009 5619 3110 5689 Qui
3140 5617 3261 5689 facit
3291 5616 3598 5669 uoluntatem

2002 5733 2134 5800 ejus,
2164 5735 2427 5796 cognoscet
2468 5723 2529 5775 de
2557 5720 2809 5784 doctrina,
2851 5725 3016 5770 utrum
3047 5727 3112 5765 ea:
3139 5709 3247 5764 Deo
3276 5709 3362 5774 sit,
3404 5720 3471 5760 an
3506 5719 3600 5770 eqs
