4054 6444
550 248 649 304 ὲῖῖἱ

544 386 573 417 η
605 367 790 430 "mimo
819 363 1033 430 [or/oar;
1063 361 1110 412 id
1143 371 1241 422 est,
1279 361 1411 417 Nunt
1457 363 1685 413 .‘IIII'HIIIII
1725 362 1868 428 quid,
1900 374 1982 414 aut
2020 377 2111 413 ιιοι

545 474 686 519 mm,
711 466 799 508 aut
827 456 1148 507 contrarium
1181 453 1467 519 proferam.
1498 453 1624 506 Nam
1659 455 1804 513 illud,
1833 457 1869 504 Α
1904 456 2110 523 meipso,

542 562 750 612 semper
779 544 844 598 ad
891 544 989 600 hoc
1033 544 1277 609 refertur,
1306 545 1445 613 quod
1489 544 1611 596 nihil
1643 554 1822 611 pt'ﬂ‘lCt
1862 545 2109 613 placitum

534 638 648 700 eius
682 638 902 699 loquar;
935 636 1027 688 sed
1071 637 1246 688 omnia
1288 653 1404 704 quas
1438 637 1592 689 Pater
1622 636 1747 699 vult,
1794 636 1903 688 luec
1933 647 1985 690 et
2014 653 2112 705 ego

536 726 671 778 \olu.
709 725 770 779 Si
803 728 914 795 quis
942 726 1243 779 voluntatem
1287 728 1394 796 ejus
1423 728 1590 796 faciat,
1640 738 1899 796 (agnoscet
1927 729 1986 781 de
2026 731 2110 780 do-

474 875 477 878 _
532 817 712 869 ctrina.
747 818 880 884 Quid
912 819 1010 871 sibi
1060 819 1169 871 vult
1217 819 1361 881 illud,
1413 817 1474 872 Si
1521 819 1632 882 quis
1669 821 1967 871 voluntatem
1999 822 2108 886 ejus

530 910 682 973 faciat
707 908 802 962 ?Id
820 921 919 971 cst,
945 909 998 964 Si
1025 911 1140 978 quis
1158 909 1364 962 virtutis
1389 911 1455 961 sit
1472 919 1696 972 amator,
1715 909 1977 964 dictormu
2001 910 2104 964 vim

527 1014 843 1067 i-ognOscet;
876 1003 918 1053 si
967 1001 1084 1069 quis
1127 1001 1251 1054 velit
1299 1001 1590 1070 prophetiis
1633 1002 1926 1066 attendere,
1975 1018 2102 1055 num

527 1089 817 1143 secundant
847 1106 936 1144 eas
963 1093 1166 1159 loquar,
1191 1107 1377 1146 necne.

596 1181 650 1237 2.
687 1182 947 1247 Quomodo
978 1183 1140 1235 dicere
1165 1184 1376 1252 potuerit
1401 1181 1630 1237 Christus
1656 1184 1878 1238 eamdem
1909 1185 2101 1239 doctri-

522 1289 636 1322 nam
665 1289 768 1323 esse
795 1283 838 1324 et
869 1289 966 1325 non
995 1289 1101 1327 esse
1129 1291 1290 1326 suam.
1325 1274 1622 1343 Ilypostasis
1648 1276 1750 1328 alia
1777 1276 1967 1342 Putris,
1997 1281 2102 1334 alia

525 1361 665 1415 Filii.
691 1393 758 1402 ——
780 1363 1057 1427 Quomodo
1077 1380 1168 1418 sua
1193 1380 1309 1418 esse
1337 1375 1524 1434 potest,
1553 1376 1604 1419 et
1631 1383 1731 1418 non
1761 1381 1853 1420 sua
1873 1367 1895 1419 ?
1915 1368 2098 1436 Neque

521 1456 662 1507 eiiiui
687 1454 835 1517 dixit,
865 1455 1109 1508 Doctrina
1142 1456 1253 1508 haec
1284 1473 1387 1508 non
1413 1466 1492 1509 est
1517 1473 1629 1510 mea
1656 1475 1668 1521 ;
1694 1459 1784 1512 sed
1807 1475 1926 1514 cum
1952 1463 2097 1528 prius

519 1561 689 1598 meam
723 1546 961 1610 dixisset,
983 1556 1037 1600 et
1065 1547 1160 1600 sibi
1194 1549 1459 1615 propriam
1490 1549 1721 1614 fecisset,
1749 1561 1871 1606 tunc
1898 1553 2092 1617 intulit,

517 1636 639 1689 Non
671 1649 741 1690 est
773 1655 900 1690 mea.
935 1638 1211 1702 Quomodo
1245 1649 1414 1706 potest
1450 1640 1674 1707 idipsmn
1705 1657 1823 1696 csse
1861 1661 2011 1697 suum
2040 1656 2094 1699 et

515 1743 619 1780 non
660 1729 846 1781 suum?
884 1727 987 1783 Sua
1012 1771 1024 1794 ,
1057 1730 1324 1798 quianon
1365 1731 1411 1784 id
1452 1733 1669 1786 edoctus
1707 1734 1952 1802 dicebat;
1987 1755 2089 1794 nou

512 1837 603 1875 Sim
629 1864 641 1886 ,
673 1823 792 1890 quia
825 1822 1061 1877 doctrina
1095 1823 1268 1877 Patris
1293 1835 1428 1878 erat.
1462 1826 1739 1892 Quomodo
1767 1844 1896 1898 ergo
1923 1830 2086 1896 dicit,

514 1911 696 1964 Onmia
727 1929 837 1978 qua?
861 1924 976 1966 sunt
1006 1913 1178 1967 Patris
1206 1933 1314 1968 mea
1343 1927 1457 1969 sunt
1476 1960 1489 1980 ,
1525 1927 1570 1970 et
1602 1935 1714 1987 qua:
1743 1937 1884 1985 utea,
1920 1921 2090 1977 Patris

511 2001 685 2067 (Jottn.
724 2005 807 2055 17.
841 2003 968 2073 10)?
996 2004 1047 2058 Si
1075 2007 1214 2058 enim
1247 2007 1364 2074 quia
1396 2007 1566 2061 Patris
1591 2016 1703 2072 est,
1735 2009 1853 2063 ideo
1880 2027 1983 2065 non
2007 2023 2088 2067 est

511 2104 593 2146 tua
617 2135 629 2155 ,
666 2095 854 2148 fzilsum
895 2104 977 2150 est
1023 2097 1184 2158 illud;
1229 2098 1362 2158 ideo
1387 2115 1612 2168 namque
1642 2112 1724 2154 tua
1759 2117 1877 2156 esse
1905 2104 2081 2158 debet.

504 2187 607 2241 Sed
643 2188 806 2252 illud,
845 2187 963 2241 Non
1003 2203 1074 2242 est
1113 2207 1254 2254 mea,
1287 2207 1434 2244 suam
1463 2202 1517 2245 et
1547 2193 1720 2257 Patris
1761 2196 2080 2250 voluntatem

506 2294 660 2330 unam
685 2295 803 2332 esse
829 2281 1081 2347 majorem
1109 2281 1158 2334 in
1179 2282 1390 2336 modum
1414 2284 1645 2338 declarat
1669 2301 1682 2348 ;
1707 2301 1768 2339 ac
1790 2287 1832 2339 si
1855 2287 2077 2354 diceret,

501 2367 639 2421 Nihil
683 2369 836 2423 habet
877 2371 1174 2437 diversum,
1205 2374 1356 2442 quasi
1400 2376 1618 2429 alterius
1657 2388 1817 2431 esset.
1860 2377 2078 2435 Etiamsi

501 2464 640 2512 enim
677 2462 976 2530 bypnstasis
1013 2465 1081 2517 sit
1114 2465 1234 2530 alia,
1266 2467 1342 2519 sic
1371 2466 1577 2535 quttur,
1607 2469 1682 2521 sic
1712 2485 1831 2536 agn,
1867 2487 1934 2524 tte
1963 2473 2075 2525 cxi-

498 2553 743 2605 stimctur
770 2553 911 2607 aliud
952 2570 979 2607 a
1021 2555 1209 2618 Patre,
1243 2557 1335 2610 sed
1379 2557 1515 2610 idem
1554 2559 1724 2626 ipsum
1755 2562 1894 2627 quod
1927 2563 2079 2616 Pater

498 2643 652 2706 facit,
683 2653 736 2698 ct
773 2646 852 2713 agi
891 2655 942 2699 ct
978 2647 1099 2699 diei.
1147 2646 1545 2701 Deindealimn
1595 2652 1808 2704 adducit
1857 2653 2071 2722 syllogi-

493 2751 663 2789 smum
690 2779 704 2801 ,
738 2737 820 2790 cui
852 2740 1141 2792 contradici
1192 2751 1438 2808 nequeat.
1477 2743 1707 2795 humano
1736 2753 1789 2797 et
1818 2756 2073 2799 c0usucto

492 2829 737 2895 exemplo
785 2831 986 2882 nixum.
1027 2831 1300 2895 Quodnam
1353 2833 1477 2886 illud
1510 2835 1630 2888 est?
1667 2836 1750 2889 18.
1789 2838 1885 2904 Qui
1925 2855 1955 2889 a
1991 2855 2072 2891 se-

491 2919 601 2981 ipso
628 2919 872 2985 loquitur,
899 2922 1152 2987 propriam
1181 2922 1394 2989 gloriam
1423 2926 1618 2990 quierit.
1647 2926 1699 2979 Id
1723 2937 1822 2991 est,
1851 2930 1937 2996 qui
1962 2931 2071 2982 vu't

491 3010 588 3062 sibi
625 3012 888 3077 propriam
921 3020 1155 3066 statuere
1191 3013 1521 3076 doctrinam,
1555 3017 1681 3070 nihil
1713 3019 1851 3071 aliud
1884 3030 2066 3088 optat,

489 3119 645 3170 quam
679 3115 733 3156 ut
763 3105 861 3158 sibi
891 3106 1112 3173 gloriam
1140 3105 1259 3159 hinc
1287 3111 1455 3175 pariat
1481 3110 1515 3161 ³.
1545 3109 1598 3165 Si
1621 3123 1798 3165 autem
1822 3129 1920 3182 ego
1947 3117 2068 3168 nolo

489 3195 613 3246 mihi
644 3195 864 3261 gloriam
908 3211 1091 3261 parcre
1116 3238 1130 3261 ,
1168 3214 1263 3249 cur
1309 3200 1574 3268 propriam
1621 3201 1917 3258 doctrinam
1954 3217 2066 3259 Sta-

486 3297 633 3337 tuere
663 3286 856 3354 cupio?
889 3287 989 3352 Qui
1017 3304 1046 3339 a
1073 3289 1334 3357 semetipso
1363 3290 1613 3358 loquitur;
1647 3292 1694 3345 id
1724 3303 1824 3355 est,
1853 3295 1951 3361 Qui
1983 3297 2064 3349 di-

485 3394 689 3430 versum
722 3379 987 3446 quidpiam
1019 3393 1070 3434 et
1101 3382 1199 3434 sibi
1237 3385 1503 3451 proprium
1540 3385 1711 3450 affert,
1747 3387 1866 3442 ideo
1897 3389 2066 3458 loqui-

483 3479 565 3520 tar
588 3479 641 3520 ut
663 3471 878 3535 gloriam
903 3471 999 3523 sibi
1035 3483 1198 3540 paret.
1226 3475 1277 3528 Si
1302 3486 1477 3529 autem
1506 3492 1603 3545 ego
1633 3493 1813 3547 qumro
1839 3481 2059 3548 gloriam

481 3559 592 3622 ejus
614 3559 700 3626 qui
727 3561 867 3613 misit
895 3577 999 3626 me,
1024 3578 1118 3616 cur
1143 3565 1242 3615 alia
1268 3565 1460 3619 docere
1483 3569 1678 3621 velim?
1702 3569 1886 3624 Viden’
1914 3573 2057 3624 illum

479 3650 703 3712 quadam
746 3650 812 3703 de
855 3666 1012 3705 causa
1058 3655 1234 3708 dicere
1276 3672 1334 3710 se
1384 3657 1511 3710 nihil
1558 3674 1585 3712 a
1627 3662 1803 3730 seipso
1848 3664 2059 3718 facere?

477 3743 729 3806 Quantam
763 3742 849 3796 illa
881 3758 1038 3798 causa
1074 3747 1196 3800 est?
1224 3747 1286 3803 Ut
1314 3749 1596 3804 crederent
1623 3768 1680 3807 se
1706 3770 1807 3806 non
1833 3756 2056 3824 gloriam

475 3833 609 3900 apud
641 3835 850 3904 vulgum
881 3848 1114 3906 captare.
1141 3841 1476 3910 Quapmpter
1498 3858 1617 3896 cum
1649 3845 1862 3899 lmmilia
1890 3849 2058 3916 loqui-

475 3936 577 3986 tur,
610 3925 714 3995 Ego
745 3927 910 3981 Patris
935 3932 1146 3999 gloriam
1167 3949 1354 4001 qurere,
1385 3934 1572 4003 inquit,
1605 3946 1655 3989 ιιι
1685 3938 1927 3992 ostendat
1954 3941 2100 3996 illis.

473 4016 687 4084 ubique,
719 4032 778 4070 se
809 4033 912 4071 uOn
944 4036 1184 4088 quaerere
1219 4023 1459 4088 gloriam.
1493 4025 1602 4078 Cur
1630 4037 1804 4081 autem
1835 4029 2051 4085 humilia

472 4111 732 4177 loquatur,
769 4112 948 4164 multa:
975 4122 1092 4166 sunt
1129 4131 1302 4169 causa'
1329 4134 1343 4180 ;
1378 4127 1498 4185 puta
1521 4160 1534 4183 ,
1567 4134 1631 4173 ne
1663 4122 1924 4189 ingenitus
1955 4141 2052 4192 pu—

470 4209 608 4253 tetur
634 4218 752 4256 esse
776 4245 788 4266 ,
831 4221 896 4257 ne
944 4205 1050 4258 Deo
1086 4207 1454 4269 adversarius,
1480 4220 1543 4282 nt
1571 4226 1783 4264 eat-nem
1818 4215 2054 4271 induisse

467 4295 734 4361 rredatur,
765 4309 816 4350 ut
849 4298 1138 4352 infirmitati
1172 4301 1472 4355 auditorum
1502 4306 1760 4370 c0ns,nlat,
1787 4316 1842 4359 ut
1870 4308 2051 4363 mode-

466 4385 621 4437 stiam
662 4389 853 4440 Sectari
900 4397 951 4442 et
993 4388 1299 4457 jactantiam
1331 4392 1512 4462 fugere
1541 4395 1746 4450 doceat.
1791 4397 2048 4456 Sublimia

465 4492 588 4530 vero
619 4478 861 4546 loquendi
893 4497 991 4532 una
1021 4484 1190 4536 solum
1220 4486 1513 4552 reperiatur
1535 4502 1714 4551 causa,
1745 4506 1934 4558 nempe
1958 4508 2050 4546 na—

466 4582 596 4621 tura:
629 4574 953 4637 prmstantia.
983 4573 1085 4628 Sed
1118 4577 1161 4629 si
1191 4578 1309 4640 quia
1341 4579 1500 4644 dixit,
1538 4597 1596 4635 se
1624 4592 1748 4638 ante
1778 4585 2045 4641 Abraham

462 4662 645 4725 fuiSse,
671 4661 854 4717 offensi
881 4676 1021 4730 sunt,
1049 4684 1154 4734 quo
1181 4685 1284 4722 non
1315 4672 1701 4739 prorupissent,
1731 4677 1772 4728 si
1800 4677 2046 4732 sublimia

460 4768 674 4820 semper
712 4755 1028 4810 audissent?
1058 4759 1143 4812 19.
1189 4760 1372 4814 Nonne
1417 4764 1616 4834 Moyses
1647 4769 1782 4820 dedit
1811 4771 1944 4824 vobis
1976 4774 2047 4825 le-

457 4861 565 4911 gem
587 4887 601 4908 ,
639 4858 684 4897 et
721 4863 862 4900 nemo
897 4866 960 4901 ea:
997 4851 1130 4903 vobis
1170 4855 1291 4922 facit
1329 4857 1525 4924 legem?
1554 4857 1688 4923 Quid
1717 4877 1793 4912 me
1823 4866 2046 4930 quceritis

457 4937 780 5003 inter/icere?
806 4940 973 5004 Quam
1001 4946 1455 5011 consequentiam.
1485 4950 1609 5017 quid
1638 4966 1921 5007 commune
1952 4955 2047 5008 ba-

460 5027 586 5078 bent
619 5027 730 5081 haec
760 5046 879 5082 cum
915 5035 1338 5099 prmeedeutibus
1368 5039 1579 5092 verbis?

530 5115 759 5172 Christus
794 5138 845 5173 se
885 5128 1126 5196 (aqualem
1169 5126 1272 5180 Deo
1303 5137 1348 5180 et
1378 5126 1524 5182 Patri
1555 5131 1691 5186 dicit.
1724 5166 1793 5174 —
1823 5136 1936 5188 Duo
1968 5139 2039 5192 illi

455 5211 678 5264 crimina
712 5213 1075 5276 intentabant;
1107 5220 1270 5283 aliud,
1296 5222 1436 5289 quod
1465 5223 1741 5277 sabbatum
1775 5230 1998 5284 solveret
2025 5250 2036 5298 ;

457 5305 616 5364 aliud,
651 5307 788 5374 quod
828 5309 990 5362 Deum
1025 5311 1228 5364 I‘auem
1265 5314 1488 5381 dicurct,
1519 5333 1681 5387 seque
1727 5319 1832 5373 Deo
1859 5341 2038 5391 :equa-

462 5394 561 5445 lem
608 5395 820 5451 faceret.
855 5401 1003 5466 Quod
1045 5405 1182 5454 enim
1225 5420 1326 5458 non
1361 5425 1422 5460 ex
1458 5409 1668 5462 illorum
1701 5413 2033 5482 suspicione,

461 5486 547 5539 sed
575 5503 637 5542 ex
683 5492 888 5558 propria
919 5498 1176 5549 sententia
1207 5499 1281 5552 sic
1309 5501 1652 5571 loqueretur:
1687 5515 1736 5557 at
1773 5523 1873 5560 non
1904 5510 2037 5564 sicut

469 5684 475 5690 _
523 5623 534 5648 ‘
573 5620 621 5702 in
654 5622 814 5670 Morel.
845 5622 1038 5698 legitur,
1058 5628 1138 5696 qui
1162 5629 1254 5679 vult
1278 5644 1307 5679 α
1331 5635 1580 5696 semetipso
1608 5638 1734 5702 ter/ii
1758 5641 1877 5691 tri/rit
1899 5643 1966 5691 ali
1985 5646 2032 5693 at

459 5690 652 5734 Itilt'lttlll
679 5696 820 5745 quant
846 5690 957 5737 inde
979 5690 1180 5750 giarium
1205 5705 1442 5758 consequi.
1499 5690 1506 5696 ’
1665 5690 1674 5702 ’
1797 5690 1800 5691 ν
1952 5690 1960 5691 ί
1985 5721 1995 5730 ·

1324 247 1376 297 S.
1420 247 1694 300 Jl),\.\'.\‘l‘5
1732 246 2199 302 CIIIIYSOS'I'UMI
2246 247 2556 300 AHCIllI-Zi‘.
2599 251 3135 309 (IUXS'I'ANI'iNOI'.

3714 266 3789 318 9.7

2226 363 2312 414 alii
2346 365 2513 427 multi,
2547 366 2637 417 sed
2670 367 2817 432 «piasi
2853 369 3123 432 proprium
3155 371 3252 422 sibi
3284 381 3329 422 et
3364 373 3616 428 eximium
3649 377 3699 429 id
3732 377 3788 430 di
3812 407 3826 417 -

2223 464 2388 515 reret,
2416 455 2535 507 hinc
2558 456 2728 521 palam
2754 465 2854 509 est.
2885 457 3028 509 Multi
3053 474 3194 527 stupe
3223 471 3427 524 patrem
3450 481 3603 517 suum
3630 469 3826 522 dixere

2225 544 2388 598 Detnn
2425 565 2437 598 :
2468 549 2690 614 exempli
2723 563 2900 612 causa,
2932 550 3064 602 Deus
3086 569 3214 604 unus
3245 557 3428 606 creavit
3457 574 3567 620 nos,
3599 573 3648 611 et
3673 575 3830 627 pater

2220 653 2351 690 unus
2372 648 2442 688 est
2467 640 2686 690 omnium
2716 651 2942 694 nostrum
2966 643 3117 710 (Mal.
3152 645 3206 697 2.
3240 647 3364 713 IO);
3399 665 3495 703 nec
3528 665 3824 720 pmplerea

2221 729 2444 794 populus
2473 731 2690 796 :cqualis
2728 731 2836 782 Deo
2877 743 3010 786 erat.
3042 737 3380 805 Quapropter
3419 757 3523 794 non
3564 744 3820 800 offende-

2216 817 2409 870 bantur
2427 833 2546 872 cmn
2576 819 2688 873 luec
2709 822 2972 876 audirent.
3000 825 3065 880 Ut
3083 841 3208 894 ergo
3230 843 3349 883 cum
3369 831 3479 886 dice
3493 847 3610 888 rent
3634 837 3817 905 ipsum

2213 923 2276 959 ex
2312 909 2415 960 Deo
2447 923 2549 962 non
2583 925 2732 974 esse,
2771 912 2912 980 ipsos
2943 922 3346 984 smpecorrexit
3369 962 3384 985 ,
3417 933 3472 978 et
3499 924 3567 980 de
3597 929 3814 985 sabbati

2212 997 2472 1052 solutione
2512 1015 2631 1054 sese
2670 1002 2908 1059 defendit
2938 1024 2949 1060 :
2984 1008 3052 1060 ita
3085 1009 3125 1061 si
3159 1026 3221 1063 ex
3267 1012 3477 1069 illorum
3516 1019 3809 1086 opinione,

2213 1105 2316 1141 non
2348 1106 2411 1143 ex
2441 1107 2532 1144 sua
2566 1096 2828 1148 sententia
2859 1095 2960 1152 hoc
2989 1100 3186 1153 dictum
3217 1102 3422 1170 fuisset,
3453 1109 3808 1177 corripuisset

2211 1179 2346 1232 haud
2370 1181 2528 1234 dubie
2553 1183 2688 1246 illos,
2710 1185 3056 1257 dixissetque,
3082 1190 3187 1244 Cur
3210 1209 3292 1248 me
3316 1198 3511 1262 putatis
3534 1203 3804 1268 mqualem

2206 1286 2325 1324 esse
2356 1272 2508 1348 Deo?
2538 1274 2652 1328 Non
2685 1291 2799 1329 smn
2832 1281 3072 1348 :cqualis.
3112 1282 3303 1338 Verum
3335 1289 3461 1341 nihil
3491 1289 3802 1359 bnjusmodi

2203 1360 2368 1426 dixit,
2401 1364 2507 1418 imo
2547 1369 2782 1421 ostendit
2821 1369 2871 1421 iu
2913 1375 3257 1439 sequentibus
3284 1392 3343 1430 se
3376 1395 3500 1432 vere
3533 1385 3803 1450 :equalem

2206 1452 2301 1504 insi
2334 1469 2469 1508 esse.
2505 1455 2634 1510 Illud
2668 1459 2808 1512 enim
2836 1501 2849 1522 ,
2885 1460 3032 1514 Sicut
3070 1461 3226 1518 Pater
3261 1470 3468 1521 susritat
3496 1486 3725 1527 mortuos
3758 1488 3803 1528 et

2203 1544 2416 1610 viviﬁcat
2436 1587 2450 1608 ,
2488 1548 2559 1600 sic
2599 1558 2644 1600 et
2691 1549 2854 1602 Filius
2876 1567 2896 1614 ;
2922 1563 2972 1606 ct
2993 1595 3007 1618 ,
3043 1553 3108 1608 L't
3137 1574 3305 1610 omnes
3332 1561 3670 1630 honori/irent
3703 1568 3800 1619 Fi-

2202 1634 2342 1702 lium,
2369 1648 2422 1689 ut
2448 1643 2783 1708 honorificam
2811 1644 3016 1699 Patrem
3041 1666 3058 1711 ;
3087 1658 3161 1711 et,
3194 1650 3362 1718 Opera
3387 1673 3497 1722 qna'
3517 1659 3627 1725 ipse
3649 1662 3797 1724 facit,

2198 1726 2304 1778 hare
2333 1739 2376 1780 et
2407 1727 2573 1782 Filius
2611 1734 2842 1786 similiter
2879 1739 3002 1802 ,"vcit
3031 1755 3048 1789 .·
3081 1741 3192 1794 hcce
3221 1745 3395 1796 omnia
3430 1751 3796 1815 a-qualitatem

2195 1819 2532 1874 confirmant.
2562 1823 2634 1875 De
2657 1825 2772 1894 lege
2794 1844 3000 1897 quoque
3021 1832 3116 1890 ait.
3147 1833 3321 1886 Nolite
3341 1848 3518 1904 putare
3539 1845 3659 1906 quia
3685 1849 3797 1898 veni

2195 1909 2386 1962 solvere
2412 1911 2569 1981 legent
2610 1928 2695 1966 aut
2737 1919 3004 1985 ῃιόρΙιρΙιιδ
3038 1923 3248 1992 (Matt/1.
3283 1928 3336 1980 5.
3383 1930 3492 2000 I7).
3536 1933 3622 1987 Sic
3655 1940 3797 1992 solet

2194 2000 2360 2052 malas
2404 2005 2740 2072 suspiciones
2790 2026 2854 2061 ex
2898 2015 3164 2068 mentibus
3193 2019 3444 2074 evellere.
3482 2024 3578 2078 llic
3607 2041 3794 2083 autem

2191 2094 2546 2160 :cqualitatem
2570 2114 2688 2152 cum
2719 2101 2875 2156 Patre
2905 2122 3006 2158 non
3036 2109 3192 2161 modo
3220 2127 3322 2166 non
3357 2116 3512 2181 tollit,
3539 2119 3630 2172 sed
3659 2138 3793 2175 con—

2191 2183 2386 2239 lirmat.
2436 2188 2611 2255 Quare
2655 2194 2778 2246 alibi
2831 2195 3130 2252 dicentibus
3182 2204 3316 2269 illis,
3371 2205 3522 2262 Facis
3568 2213 3792 2279 tcipsum

2189 2274 2373 2338 Deam,
2405 2283 2765 2350 SIISpit-iunem
2798 2304 2901 2339 non
2932 2290 3157 2358 depulit,
3193 2295 3299 2346 imo
3334 2314 3507 2352 veram
3541 2306 3792 2369 probavit.

2189 2367 2269 2419 bis
2299 2371 2474 2423 Verbis
2506 2390 2518 2424 :
2553 2371 2618 2426 Ut
2645 2386 2813 2428 autent
2844 2382 3012 2434 sciatis
3041 2385 3158 2451 quia
3189 2397 3480 2454 potestatem
3510 2393 3657 2445 liabet
3693 2396 3788 2447 I"i~

2187 2458 2284 2510 lius
2303 2460 2517 2515 hominis
2534 2465 2818 2519 dintitteadi
2840 2483 3042 2537 peccata
3063 2475 3112 2526 in
3137 2486 3288 2540 terra,
3314 2482 3435 2534 dicit
3457 2489 3742 2556 paralytiro
3768 2509 3786 2544 :

2187 2549 2330 2605 Tolle
2363 2555 2660 2622 grabbatum
2689 2571 2861 2625 tutan,
2899 2574 2942 2615 et
2969 2567 3172 2620 ambula
3201 2571 3413 2639 (Matth.
3447 2577 3497 2628 9.
3532 2549 3784 2646 6).'Illut!

2183 2643 2342 2710 igitur
2373 2649 2511 2712 quod
2547 2651 2690 2716 prius
2719 2653 2916 2707 dictum
2946 2669 3046 2721 ρει,
3075 2663 3376 2726 Confirmat,
3406 2671 3547 2737 quod
3582 2689 3784 2740 nempe

2179 2739 2436 2805 :cqnalem
2471 2757 2526 2795 se
2558 2744 2713 2797 faciat
2745 2746 2854 2799 Deo
2881 2766 2893 2812 ;
2929 2755 3268 2823 ostenditque
3294 2775 3352 2813 se
3380 2778 3482 2814 non
3513 2780 3632 2819 esse
3668 2767 3784 2820 Deo

2178 2829 2562 2900 adversarium,
2588 2837 2679 2889 sed
2706 2839 2912 2904 eadem,
2938 2860 3055 2909 qua:
3081 2838 3167 2899 ille
3190 2849 3335 2914 dicit,
3360 2852 3558 2918 dicere,
3584 2860 3778 2913 eadem

2176 2919 2408 2985 docere;
2456 2924 2668 2981 demum
2717 2929 2783 2982 de
2828 2933 3032 2987 sabbati
3080 2939 3342 2994 solutione
3386 2947 3495 3013 agit
3537 2949 3773 3006 dii-ens:

2179 3009 2364 3066 Nonne
2391 3014 2594 3085 Moyses
2624 3021 2760 3072 dedit
2791 3025 2924 3076 vobis
2951 3024 3126 3094 legem,
3159 3041 3205 3082 et
3236 3049 3378 3086 nemo
3409 3052 3471 3089 ea:
3497 3040 3631 3092 vobis
3660 3059 3774 3094 ser-

2168 3114 2253 3155 vat
2273 3105 2466 3174 legem?
2487 3111 2561 3163 Ac
2583 3112 2625 3164 si
2645 3113 2848 3168 diceret
2873 3133 2885 3167 :
2914 3117 3018 3171 Lex
3042 3126 3248 3189 statuit,
3273 3125 3385 3180 Non
3410 3132 3652 3195 occides;
3675 3150 3774 3189 vos

2172 3205 2346 3251 autem
2371 3201 2633 3268 occiditis,
2660 3214 2818 3260 etme
2848 3217 2901 3259 ut
2925 3208 3056 3279 legis
3081 3223 3531 3284 transgressorcm
3550 3239 3772 3279 accusa-

2176 3286 2284 3339 tis?
2309 3289 2416 3342 Cur
2441 3302 2616 3345 autem
2649 3296 2797 3361 dixit,
2836 3298 3039 3355 Nemo?
3070 3305 3200 3370 Quia
3243 3323 3428 3362 euntes
3456 3317 3770 3388 quatiebant

2172 3393 2291 3431 cum
2326 3380 2646 3437 interficere.
2684 3387 2828 3455 ligo,
2862 3391 3067 3460 inquit,
3099 3397 3141 3448 si
3175 3398 3344 3463 legem
3378 3403 3546 3465 solvi,
3582 3407 3632 3458 id
3666 3409 3696 3459 [ι
3719 3411 3769 3463 ei

2168 3479 2225 3520 ut
2256 3469 2524 3527 hominem
2553 3493 2824 3533 servarem
2854 3500 2866 3542 ;
2894 3500 2987 3537 vos
3009 3497 3183 3540 autem
3212 3491 3274 3541 ad
3305 3496 3498 3546 titulum
3529 3499 3769 3554 inferen-

2167 3562 2293 3615 dunt
2317 3568 2521 3619 solvitis
2551 3569 2714 3622 illam.
2752 3573 2970 3628 Etiamsi
3003 3583 3418 3647 transgredi-rer,
3452 3589 3500 3640 id
3529 3592 3592 3644 ad
3623 3596 3768 3646 salu-

2169 3666 2273 3709 tem
2303 3658 2458 3725 facio,
2485 3677 2656 3730 neque
2678 3678 2952 3734 oporteret
2973 3688 3055 3724 me
3079 3689 3106 3724 a
3133 3675 3299 3738 Vobis,
3325 3680 3411 3745 qui
3439 3682 3487 3733 iu
3513 3687 3767 3750 gravibus

2167 3747 2307 3800 illam
2338 3755 2793 3822 trausgredimiui,
2823 3759 3073 3815 incusari.
3108 3764 3238 3817 Nam
3271 3774 3411 3836 quod
3443 3788 3536 3824 vos
3569 3777 3761 3840 facitis,

2166 3839 2294 3907 legis
2325 3847 2536 3897 eversio
2567 3863 2785 3915 prorsus
2818 3860 2915 3905 est.
2956 3853 3154 3909 lleinde
3183 3859 3342 3913 etiam
3371 3861 3628 3926 decertat,
3663 3869 3767 3921 etsi

2166 3931 2311 3999 plura
2337 3937 2463 3989 olim
2488 3939 2863 4008 disseruisset;
2894 3945 2985 3998 sed
3012 3956 3135 4001 tunc
3160 3952 3458 4016 sublimius,
3490 3968 3542 4010 et
3568 3973 3764 4017 secun-

2162 4024 2286 4078 dum
2317 4027 2627 4098 dignitatem
2658 4050 2807 4088 suam
2831 4053 2847 4100 ;
2875 4054 3013 4092 nunc
3038 4053 3215 4096 autem
3247 4046 3516 4100 humilius.
3543 4051 3766 4118 Quare?

2160 4119 2293 4184 Quia
2327 4125 2539 4179 nolebat
2572 4136 2677 4179 tam
2720 4128 3028 4198 freipicnter
3068 4135 3186 4189 illos
3224 4153 3544 4208 exasperare
3571 4163 3583 4205 ;
3615 4165 3762 4206 nunc

2160 4226 2291 4265 vero
2330 4215 2407 4268 ira
2449 4216 2888 4284 incemlebantur,
2926 4234 2977 4277 et
3013 4225 3064 4278 iu
3103 4229 3302 4284 cuidem
3345 4239 3760 4302 processissent.

2159 4303 2494 4376 QuaprOptcr
2533 4312 2728 4365 insistit
2755 4323 2812 4367 ut
2847 4331 3031 4372 eorum
3063 4321 3274 4376 sedaret
3302 4327 3538 4382 animmn
3561 4373 3573 4394 ,
3610 4333 3760 4389 hisco

2158 4398 2365 4454 duobus
2393 4412 2546 4457 utens
2578 4406 2770 4470 iuodis,
2803 4418 2850 4459 et
2888 4409 3091 4465 facinus
3117 4429 3412 4484 coarguens
3443 4421 3523 4474 his
3554 4425 3751 4487 verbis,

2159 4491 2295 4554 Quid
2326 4511 2402 4546 me
2428 4499 2650 4563 quati-itis
2675 4499 2993 4566 interﬁcere?
3017 4512 3071 4557 et
3098 4508 3340 4563 modeste
3369 4513 3572 4567 addens
3592 4557 3605 4577 ,
3647 4516 3757 4570 Ilo~

2157 4585 2359 4650 minem,
2389 4587 2473 4654 qui
2504 4591 2758 4643 veritatem
2785 4594 3018 4664 loquutus
3046 4614 3178 4664 sum,
3207 4611 3259 4653 et
3288 4605 3577 4659 ostendens
3607 4609 3750 4675 illos,

2155 4694 2274 4731 cum
2307 4680 2503 4734 cmtlcm
2538 4683 2764 4748 spirent,
2794 4701 2898 4738 non
2923 4687 3117 4743 debere
3145 4690 3212 4744 dc
3239 4691 3355 4745 aliis
3380 4679 3641 4760 judicare.
3670 4701 3753 4758 'I'u

2154 4784 2280 4822 vero
2311 4771 2436 4823 mihi
2470 4774 2781 4828 consideres
2811 4778 2992 4841 velim,
3022 4796 3180 4847 quam
3211 4783 3279 4834 sit
3308 4783 3522 4840 humilis
3549 4789 3749 4846 Christi

2155 4860 2515 4931 interrogatio,
2545 4880 2702 4931 quam
2736 4869 3031 4922 truculenta
3066 4872 3275 4926 illorum
3300 4881 3624 4944 responsio:
3656 4883 3748 4936 ‘20.

2152 4949 2470 5006 Danuouiam
2511 4955 2663 5011 [tabes
2691 4975 2709 5011 :
2737 4961 2847 5028 quis
2878 4970 2924 5012 te
2951 4965 3128 5030 qaa'rit
3159 4966 3481 5035 interﬁcere?
3512 4970 3747 5028 Verbum

2153 5045 2241 5099 ira:
2273 5056 2326 5100 ct
2357 5048 2550 5101 furoris
2571 5092 2583 5113 ,
2615 5053 2884 5121 animique
2927 5056 2979 5108 in
3025 5057 3403 5125 impudentiam
3434 5067 3573 5129 acti,
3604 5071 3746 5135 quod

2153 5137 2511 5207 inexspectato
2557 5145 2716 5198 modo
2765 5146 3244 5217 redarguerentur,
3279 5163 3333 5206 ct
3373 5171 3430 5208 se
3467 5157 3747 5214 lacessitos

2148 5243 2412 5300 putarent.
2447 5235 2512 5289 Iit
2538 5238 2678 5290 enim
2713 5238 2944 5294 latrones
2975 5243 3024 5295 in
3054 5246 3255 5297 insidiis
3279 5257 3517 5314 cantant,
3545 5250 3742 5307 deinde

2146 5334 2207 5378 ut
2236 5327 2549 5395 imparatum
2582 5333 2994 5398 aggrediantur,
3029 5337 3241 5389 silentio
3283 5354 3392 5391 rem
3438 5353 3695 5409 peragunt
3728 5363 3739 5396 :

2147 5419 2213 5470 ita
2246 5428 2298 5472 et
2335 5420 2523 5474 JUfIiCI.
2571 5421 2687 5491 Ipse
2736 5440 2895 5488 vero,
2937 5429 3133 5480 omissa
3182 5446 3301 5497 repr
3341 5431 3628 5495 bensiune,
3676 5449 3740 5485 n2

2147 5513 2564 5581 impudentiores
2598 5515 2875 5577 redderet.
2906 5518 2972 5570 de
3003 5520 3206 5574 sabbati
3234 5538 3442 5575 rursum
3473 5523 3745 5579 solutione

2145 5619 2262 5657 sese
2293 5615 2499 5675 purgat,
2533 5623 2593 5660 es
2630 5610 2741 5676 lege
2773 5625 2891 5662 eum
2924 5611 3026 5663 illis
3052 5613 3349 5678 disputans.

2219 5699 2266 5752 5.
2305 5699 2364 5752 lit
2400 5701 2514 5752 vide
2553 5717 2708 5771 quam
2759 5703 3064 5770 prudenter.
3098 5705 3234 5760 Nihil
3267 5708 3459 5764 mirum
3483 5749 3495 5773 ,
3531 5710 3734 5779 inquit,
