4054 6432
235 379 337 434 377

234 520 278 572 si
313 518 445 571 mihi
474 532 579 574 non
609 533 813 572 morem
845 516 1048 589 geritis,
1076 515 1292 586 quando
1321 531 1391 572 ne
1419 515 1593 585 legem
1624 513 1843 584 quidem

233 608 460 674 auditis,
489 619 546 665 et
570 625 729 681 quam
753 623 782 661 a
806 607 988 680 Moyse
1015 606 1194 662 datam
1219 606 1440 676 putatis,
1463 621 1580 660 eam
1608 605 1840 659 violatis.

235 698 380 756 Nihil
408 717 540 772 ergo
567 717 787 767 novum,
811 701 855 755 si
884 699 1062 755 verbis
1087 699 1222 754 meis
1247 714 1354 752 non
1381 697 1678 754 attenditis.
1709 697 1844 764 Quia

236 793 381 846 enim
410 792 690 854 dixerant,
726 790 898 862 Moysi
935 790 1172 860 loquutus
1197 799 1271 844 est
1303 787 1474 852 Deus,
1505 789 1639 842 hunc
1676 799 1844 842 mrtem

237 887 490 939 nescimus
518 884 653 938 unde
679 885 746 937 sit
767 883 948 952 (Joan.
983 883 1036 938 9.
1063 883 1180 953 29),
1206 883 1440 938 ostendit
1465 884 1596 952 ipse,
1623 881 1842 952 Moysen

234 982 302 1035 ab
331 981 437 1036 illis
463 980 852 1036 contumeliose
884 979 1122 1032 habitum
1146 997 1159 1032 :
1186 993 1308 1032 eum
1340 977 1432 1033 ille
1461 977 1633 1046 legem
1665 977 1844 1030 dedis-

235 1084 316 1128 set
343 1117 358 1138 ,
389 1089 549 1142 quam
582 1071 682 1142 ipsi
711 1088 817 1126 non
853 1071 1123 1126 audirem.
1149 1070 1241 1125 21.
1276 1068 1449 1125 Unum
1481 1085 1611 1137 Opus
1637 1070 1734 1140 feci
1753 1110 1769 1132 ,
1797 1079 1844 1122 et

233 1183 410 1221 omnes
437 1165 715 1218 miramini.
741 1164 1125 1221 Animadverte
1154 1162 1428 1232 quomodo
1449 1161 1538 1216 ubi
1571 1175 1692 1215 sese
1715 1176 1844 1229 pur-

231 1273 363 1325 gare
387 1265 680 1326 oporteret,
709 1266 763 1309 et
791 1254 1030 1309 oblatum
1054 1255 1256 1308 crimen
1281 1253 1583 1316 confutare,
1618 1252 1706 1305 ille
1737 1266 1842 1304 non

233 1348 454 1404 l'atretn
495 1357 919 1411 commemoret,
953 1345 1048 1401 scd
1087 1361 1370 1416 personam
1409 1360 1562 1399 suam
1605 1344 1840 1397 inducat.

236 1441 417 1496 Unum
445 1445 582 1510 opus
598 1443 714 1512 feci.
740 1440 870 1496 Vult
899 1441 1206 1503 ostendere,
1238 1442 1282 1494 si
1312 1456 1417 1495 non
1447 1441 1679 1504 fecisset,
1716 1449 1845 1494 tunc

233 1533 414 1599 legem
444 1534 670 1588 solutam
700 1533 805 1588 diei
838 1535 1094 1602 potuisse,
1125 1543 1178 1588 et
1208 1533 1371 1587 multa
1401 1547 1523 1588 esse
1552 1533 1842 1587 observant

230 1626 480 1696 dPguiora
507 1667 522 1691 ,
566 1641 725 1696 quam
777 1626 949 1696 legem
989 1642 1002 1679 :
1041 1625 1389 1697 lloysemque
1434 1635 1620 1680 contra
1672 1625 1841 1695 legem

229 1716 548 1770 mandatum
570 1717 866 1784 accepisse,
890 1716 1031 1785 quod
1057 1716 1175 1786 lege
1196 1716 1408 1786 dignius
1432 1724 1596 1770 esset.
1627 1716 1844 1785 Dignior

227 1810 435 1879 quippe
477 1808 701 1864 sabbato
740 1809 1081 1864 circumcisio
1116 1818 1266 1869 erat.
1299 1811 1543 1880 quamvis
1573 1824 1635 1864 ea
1673 1825 1778 1862 non
1810 1823 1840 1862 a

229 1902 386 1973 lege,
421 1914 516 1958 sed
547 1919 576 1957 a
609 1903 850 1975 patribus
890 1903 1101 1958 inducta
1140 1903 1346 1958 fuisset.
1396 1901 1509 1974 Ego
1553 1919 1685 1958 vero
1727 1919 1841 1957 rem

228 1995 535 2065 digniorem
579 1996 966 2066 melioremque
1007 1995 1106 2050 feci
1133 2037 1146 2058 ,
1179 2009 1339 2065 quam
1379 1993 1451 2048 sit
1480 1995 1840 2050 circumcisio.

234 2086 408 2143 Porro
435 2103 539 2142 non
566 2087 811 2142 meminit
842 2088 1026 2158 legalis
1053 2087 1290 2142 mandati
1315 2103 1330 2152 ;
1363 2102 1558 2156 nempe
1587 2086 1730 2157 quod
1756 2101 1844 2140 sa-

229 2181 485 2236 cerdotes
508 2182 790 2237 sabbatum
815 2181 1294 2252 transgrediantur,
1317 2193 1371 2235 ut
1392 2182 1502 2252 jam
1525 2192 1649 2236 ante
1669 2181 1840 2236 dixit:

228 2273 329 2330 sed
370 2288 494 2328 eum
543 2274 732 2342 majori
776 2276 1095 2330 auctoritate
1145 2273 1400 2344 loquitur.
1447 2273 1576 2329 Illud
1625 2283 1839 2341 autem,

233 2361 526 2427 Miramini,
556 2365 606 2418 id
633 2374 736 2431 est,
773 2366 1077 2420 turbamini.
1106 2365 1239 2420 Nam
1263 2367 1307 2420 si
1335 2367 1506 2436 legem
1539 2368 1607 2422 ita
1634 2366 1841 2421 lirtnatn

230 2469 356 2508 csse
383 2455 738 2522 oportuisset,
768 2457 1107 2512 circumcisio
1135 2474 1240 2512 non
1273 2458 1360 2511 illa
1394 2459 1737 2528 prmstantior
1757 2473 1838 2513 es-

230 2556 312 2600 set
337 2563 351 2612 ;
383 2562 558 2618 neque
583 2548 824 2612 dixisset,
855 2563 915 2605 se
941 2551 1114 2619 majus
1139 2550 1412 2620 quidpiam
1443 2551 1654 2616 iecisse,
1682 2566 1841 2620 quam

229 2641 702 2695 circumcisionem
727 2657 743 2707 ;
773 2641 866 2697 scd
896 2657 958 2697 ex
991 2643 1312 2698 auctoritate
1344 2643 1586 2698 conlutat
1621 2659 1716 2698 eos
1755 2643 1843 2698 di-

231 2746 364 2787 cens
389 2750 402 2784 :
431 2731 523 2788 23.
553 2731 616 2787 Si
636 2734 1070 2789 circumcisionem
1100 2735 1282 2805 accipit
1309 2736 1479 2790 homo.
1510 2735 1696 2792 Vidcn'
1718 2747 1844 2794 tunc

233 2824 474 2879 maxime
501 2834 646 2880 stare
691 2824 900 2895 legem,
932 2841 1055 2880 cum
1094 2827 1262 2897 ipsam
1295 2827 1487 2881 solvit?
1512 2827 1690 2882 viden’
1716 2828 1844 2883 sab-

235 2916 344 2970 bati
386 2916 716 2972 solutionem
762 2932 882 2972 esse
930 2917 1060 2987 legis
1101 2919 1572 2985 observationem;
1607 2921 1678 2975 ita
1712 2920 1844 2976 utsi

235 3025 343 3062 non
377 3007 566 3064 fuisset
592 3009 828 3064 solutum
869 3009 1193 3075 sabbatum,
1236 3010 1406 3080 legem
1449 3012 1582 3066 solvi
1621 3028 1845 3069 necesse

235 3101 434 3156 fuerit?
467 3102 648 3172 Itaque
674 3102 848 3172 legem
875 3118 975 3173 ego
1004 3106 1230 3159 lirmavi.
1259 3105 1374 3160 Non
1403 3106 1557 3170 dixit,
1587 3106 1713 3161 Mihi
1741 3107 1845 3163 ira~

233 3193 448 3249 seimini
473 3236 486 3258 ,
519 3194 663 3266 quod
697 3210 809 3252 rem
837 3196 1248 3253 circumcisione
1279 3199 1537 3268 majorem
1571 3199 1794 3257 fecerim
1829 3221 1843 3257 :

234 3285 330 3342 sed
370 3302 486 3342 rem
517 3296 722 3342 tantum
753 3304 1066 3358 exponens,
1093 3289 1353 3359 judicium
1395 3293 1524 3362 ipsis
1560 3297 1844 3364 permisit,

235 3395 367 3435 num
417 3381 587 3449 magis
633 3381 934 3436 necessaria
979 3383 1047 3442 sit
1089 3383 1290 3453 integra
1327 3384 1556 3438 hominis
1595 3387 1802 3440 curatio
1827 3428 1843 3456 ,

235 3487 400 3542 quant
430 3473 791 3527 circumcisio.
828 3472 897 3530 Ut
921 3475 1133 3544 signum
1163 3477 1390 3545 accipiat
1426 3476 1588 3552 homo
1617 3477 1746 3532 nihil
1779 3480 1846 3535 ad

235 3566 603 3621 valetudinem
630 3567 947 3634 conferens,
981 3569 1064 3624 lex
1093 3570 1336 3635 solvitur,
1376 3573 1583 3640 ittquit;
1617 3581 1674 3626 ιιι
1701 3581 1848 3630 lauto

235 3663 431 3718 morbo
456 3662 734 3728 liberetur,
766 3662 1154 3727 iudignamtni?
1182 3663 1273 3718 24.
1305 3663 1481 3718 Nolite
1495 3666 1738 3735 judicare
1762 3683 1844 3720 se-

235 3753 464 3806 cundum
499 3753 704 3822 faciem.
737 3752 873 3820 Quid
903 3762 986 3807 est
1004 3794 1020 3818 ,
1049 3754 1341 3808 Secundum
1368 3756 1554 3824 [aciem
1573 3757 1601 3811 2
1620 3756 1697 3812 Ne
1722 3757 1843 3826 quia

235 3846 452 3917 Moyses
480 3846 533 3900 in
563 3847 768 3914 majore
797 3847 938 3916 apud
971 3861 1063 3901 vos
1093 3847 1490 3904 existimatione
1518 3859 1633 3916 est,
1663 3864 1692 3903 a
1725 3865 1847 3920 per-

235 3955 495 3994 sonarum
542 3939 800 4009 dignitate
851 3939 1116 3995 calculum
1171 3940 1396 4007 feratis;
1450 3941 1544 3998 sed
1589 3958 1617 3996 a
1665 3957 1844 3998 rernnt

238 4041 475 4086 natura:
511 4029 639 4084 illud
678 4047 910 4102 namque
954 4042 1036 4087 cst
1072 4031 1216 4101 juste
1250 4032 1514 4102 judicare.
1545 4032 1656 4089 Cur
1684 4049 1846 4089 nemo

236 4123 462 4195 Moysen
493 4124 788 4179 incusavit?
807 4141 904 4180 cur
929 4141 1087 4180 nemo
1109 4127 1315 4181 obstitit
1332 4128 1541 4197 jubenti
1566 4128 1699 4183 solvi
1722 4129 1848 4183 saba

236 4215 423 4268 ltatum
454 4231 552 4284 pro
593 4227 862 4287 pra-cepto
891 4218 1227 4274 extrinsecus
1258 4219 1360 4289 legi
1390 4219 1616 4274 addito?
1645 4218 1844 4275 Verum

237 4305 329 4360 ille
359 4305 563 4376 patitur
604 4317 926 4378 pra-eeptum
966 4307 1096 4364 illud
1142 4310 1259 4380 lege
1297 4325 1390 4365 sua
1431 4311 1644 4382 dignius
1681 4326 1841 4375 esse;

1672 4451 1923 4459 ...ο-*οισ-

1351 372 1417 430 ΙΝ
1454 367 1770 430 JOANNEM
1812 366 2045 431 IIOMIL.
2093 368 2155 424 L.
2197 372 2267 427 al.
2311 371 2495 428 XLIX.

3458 381 3562 436 278

1954 500 2306 560 praeceptum,
2341 491 2579 562 inquam,
2609 507 2638 547 a
2671 493 2787 562 lege
2816 510 2921 548 non
2953 494 3141 559 latum,
3176 496 3271 551 sed
3299 500 3565 556 extrinse-

1950 597 2048 639 cus
2085 585 2342 650 allatum;
2369 587 2512 657 quod
2541 595 2624 641 est
2657 588 2841 656 utique
2871 589 3068 641 mirum
3100 605 3112 640 :
3144 602 3239 641 vos
3264 599 3442 645 autem
3474 593 3564 661 qui

1952 691 2058 730 non
2085 678 2217 731 estis
2247 676 2604 747 lcgislatores.
2634 676 2776 732 ultra
2807 676 3026 732 modum
3053 678 3227 748 legettt
3256 680 3564 736 vindicatis.

1953 771 2150 826 Verum
2177 772 2284 827 llde
2307 772 2521 843 dignior
2546 772 2697 827 vobis
2726 782 2810 827 est
2848 771 3080 843 Moyses,
3107 774 3197 840 qtti
3228 773 3398 845 legem
3428 776 3566 831 solvi

1951 864 2195 934 praecipit
2238 863 2310 918 ob
2355 871 2683 933 praeceptum
2733 879 2839 919 non
2881 864 3070 934 legale.
3103 866 3239 919 Cum
3278 883 3406 937 ergo
3435 868 3566 924 dicit

1951 962 2122 1009 totum
2173 954 2489 1018 hominem,
2539 954 2780 1010 declarat
2829 956 3300 1011 circumcisionem
3357 971 3563 1028 partem

1953 1058 2158 1102 tantum
2192 1046 2513 1103 valetudinis
2541 1060 2684 1103 esse.
2727 1047 2794 1101 Et
2825 1063 2944 1118 qua:
2981 1057 3064 1103 est
3093 1050 3298 1103 sanitas
3326 1051 3562 1104 cireum-

1949 1140 2171 1195 cisionis
2191 1140 2215 1195 ?
2239 1140 2447 1206 Anima,
2477 1141 2668 1210 inquit,
2693 1139 2871 1194 omnis
2893 1156 3010 1208 qua
3033 1157 3132 1194 non
3160 1142 3562 1208 circumciditur,

1950 1233 2366 1287 exterminabitur
2396 1231 2561 1302 (Gen.
2595 1233 2682 1287 ΓΙ.
2720 1233 2842 1303 Η),
2886 1231 3002 1303 Ego
3042 1247 3172 1288 vero
3217 1248 3320 1286 non
3368 1235 3562 1303 partim

1948 1341 2150 1397 aegrum
2183 1325 2363 1390 modo,
2399 1326 2492 1380 sed
2527 1335 2694 1381 totum
2724 1336 3038 1394 corruptum
3074 1325 3351 1380 suscitavi.
3388 1325 3569 1380 Nolite

1949 1435 2070 1490 ergo
2094 1419 2336 1491 judicare
2363 1419 2643 1474 secundum
2674 1421 2878 1490 faciem.
2908 1420 3020 1476 Hoc
3049 1431 3296 1491 putemus
3325 1437 3431 1476 non
3461 1421 3566 1475 illis

1951 1521 2156 1567 tantum
2185 1512 2386 1567 dictum
2418 1513 2601 1572 fuisse.
2633 1512 2728 1569 sed
2761 1512 2914 1568 nobis
2938 1529 3175 1583 quoque,
3207 1529 3273 1568 ne
3299 1513 3403 1567 ulla
3429 1514 3480 1568 in
3506 1530 3564 1568 re
3605 1559 3617 1577 ,

1945 1605 2207 1674 justitiam
2238 1621 2669 1676 eorrumpamns,
2700 1605 2794 1660 sed
2830 1621 2927 1675 pro
2968 1607 3056 1660 illa
3089 1609 3267 1660 omnia
3300 1621 3560 1677 agamus;

1950 1714 2018 1752 ne
2045 1697 2389 1754 attendamus
2419 1716 2485 1753 an
2513 1715 2716 1770 pauper
2740 1717 2807 1752 an
2836 1699 2994 1755 dives
3024 1701 3144 1770 quis
3168 1701 3238 1756 sit
3257 1741 3272 1765 ,
3305 1714 3404 1755 nec
3437 1715 3563 1770 per-

1949 1804 2110 1845 sonas
2131 1830 2146 1854 ,
2179 1790 2273 1844 sed
2303 1805 2390 1845 res
2419 1791 2786 1859 exploremus.
2819 1789 2942 1844 Non
2973 1791 3286 1844 misereberis
3306 1833 3320 1857 ,
3356 1791 3524 1859 inquit
3546 1831 3560 1847 .

1949 1881 2189 1951 pauperis
2213 1881 2266 1935 in
2290 1881 2489 1951 judicio
2511 1881 2707 1952 (Exod.
2738 1881 2829 1937 25.
2861 1883 2941 1950 3).
2965 1882 3102 1950 Quid
3132 1881 3233 1936 sibi
3263 1884 3373 1936 vult
3395 1882 3563 1936 illud?

1947 1973 2027 2029 Ne
2057 1973 2341 2044 l'rangaris,
2377 1976 2567 2044 inquit,
2601 1990 2669 2030 ne
2696 1974 2947 2040 ueretris,
2983 1975 3028 2029 si
3073 1991 3274 2045 pauper
3299 1977 3366 2030 sit
3397 1975 3444 2031 is
3471 1976 3559 2046 qui

1949 2067 2104 2122 laesit.
2146 2067 2299 2133 Quod
2333 2068 2376 2122 si
2409 2070 2626 2138 pauperi
2662 2085 2767 2124 non
2799 2069 3184 2142 ignoscendum
3212 2113 3228 2136 ,
3261 2071 3433 2126 multo
3459 2070 3560 2125 nti-

1951 2175 2050 2215 ttus
2075 2159 2247 2214 diviti.
2277 2160 2402 2215 [huc
2430 2176 2594 2231 porro
2617 2162 2741 2217 dico
2768 2178 2875 2217 non
2911 2161 3182 2232 judicibus
3212 2172 3436 2227 tantum,
3466 2163 3560 2220 scd

1948 2261 2003 2306 et
2027 2252 2299 2316 omnibus,
2325 2269 2391 2307 ne
2414 2269 2664 2324 umquam
2685 2253 2774 2324 jus
2802 2254 3051 2320 violetur,
3075 2255 3169 2309 sed
3193 2255 3562 2325 incorruptum

1950 2359 2166 2414 semper
2195 2355 2461 2400 servetur.
2504 2345 2719 2416 Diligit,
2753 2346 2958 2417 inquit,
2996 2346 3252 2418 justitiam
3287 2344 3560 2400 Dominus.

1952 2435 2054 2503 Qui
2080 2446 2248 2492 autem
2273 2439 2438 2508 diligit
2466 2439 2804 2509 iniquitatem,
2835 2439 2938 2493 odit
2960 2440 3186 2492 animam
3213 2455 3357 2491 suam
3386 2437 3559 2504 (Psol.

1952 2532 2038 2588 l0.
2069 2531 2148 2600 6).
2183 2531 2261 2587 Ne
2286 2575 2299 2597 ,
2331 2547 2517 2604 quasso
2537 2573 2552 2595 ,
2584 2534 2792 2587 animas
2823 2541 3034 2587 nostras
3073 2531 3198 2587 odio
3230 2530 3524 2586 habeamus
3545 2572 3558 2591 ,

1951 2640 2052 2680 nec
2075 2625 2410 2694 iniquitatem
2437 2625 2743 2696 diligamus.
2772 2625 2909 2680 llinc
2931 2635 3076 2681 certe
3101 2641 3289 2695 parum
3320 2628 3400 2680 vel
3429 2626 3562 2679 nihil

1953 2716 2084 2772 lucri
2117 2731 2256 2772 nunc
2288 2717 2649 2787 percipimus;
2685 2717 2778 2773 sed
2813 2719 2864 2772 in
2894 2717 3072 2772 l'uturo
3111 2733 3361 2787 magnum
3391 2717 3565 2772 aderit

1950 2807 2205 2863 damnum
2233 2811 2269 2863 ¹.
2311 2809 2420 2864 ltno
2451 2826 2520 2864 ne
2550 2809 2634 2864 hic
2661 2826 2873 2880 quoqtte
2904 2811 3184 2880 iniquitate
3213 2818 3394 2863 nostra
3424 2810 3565 2862 l'rue-

1951 2915 2092 2953 mur.
2124 2899 2352 2966 Quando
2382 2902 2526 2955 enim
2560 2917 2682 2956 cum
2725 2901 2864 2956 mala
2908 2901 3237 2956 conscientia
3273 2899 3323 2953 in
3355 2899 3564 2956 deliciis

1952 3006 2267 3058 versamur,
2300 3007 2480 3046 annon
2528 2994 2630 3048 hoc
2672 2994 2943 3048 cruciatus
2983 3004 3036 3047 ct
3084 2991 3404 3063 supplicium
3443 2991 3565 3046 est?

1953 3083 2247 3154 Diligamus
2285 3102 2413 3154 ergo
2446 3087 2710 3155 justitiam
2758 3097 2812 3142 et
2859 3103 3150 3157 numquam
3203 3086 3340 3141 hanc
3386 3085 3558 3154 legem

1955 3176 2237 3262 violemus.
2266 3177 2402 3246 Quid
2436 3180 2580 3234 enim
2614 3179 2818 3234 fructus
2839 3195 2904 3234 ex
2935 3177 3035 3232 hac
3063 3177 3168 3231 vita
3191 3179 3445 3247 consequi
3471 3192 3565 3247 po-

1954 3270 2211 3335 terimus,
2250 3272 2353 3324 nisi
2394 3271 2520 3327 ltinc
2545 3287 2667 3325 cmn
2714 3274 2909 3326 virtute
2954 3271 3406 3338 migrat-erimus?
3435 3272 3563 3340 quid

1954 3362 2064 3416 i'lic
2093 3362 2249 3416 nobis
2283 3363 2747 3431 patrocinabitur?
2776 3378 2844 3417 an
2875 3363 3144 3425 amicitia,
3176 3378 3242 3416 an
3275 3364 3522 3432 cognatio
3548 3405 3563 3428 ,

1954 3469 2020 3508 an
2067 3454 2280 3524 gratia?
2321 3453 2526 3523 Ecquid
2570 3455 2797 3524 gratiam
2838 3454 3126 3524 cujuslibet
3156 3453 3321 3509 dico?
3360 3454 3413 3509 Si
3454 3453 3568 3510 Noe

1956 3561 2160 3616 patrem
2193 3545 2486 3601 habeamus
2510 3587 2525 3612 ,
2559 3547 2603 3600 si
2643 3546 2835 3602 Jobum
2864 3588 2878 3611 ,
2911 3547 2955 3600 si
3003 3545 3274 3601 Danielem
3296 3589 3312 3610 ,
3351 3547 3401 3600 id
3433 3548 3565 3604 nihil

1959 3638 2114 3692 nobis
2141 3636 2410 3706 proderit,
2442 3637 2486 3692 si
2517 3648 2694 3692 nostra
2725 3651 2825 3691 nos
2851 3651 3013 3706 Opera
3045 3636 3293 3704 prodant.
3327 3637 3431 3693 Sed
3461 3651 3564 3693 una

1957 3742 2094 3798 opus
2137 3729 2397 3783 habemus
2428 3730 2664 3794 virtute;
2698 3727 2813 3784 hzrc
2859 3744 2958 3784 nos
2996 3743 3215 3784 servare
3253 3730 3448 3799 poterit
3512 3740 3568 3786 et

1957 3817 2027 3875 ah
2055 3830 2257 3875 a‘tcrno
2304 3821 2424 3892 igne
2467 3822 2719 3877 liberare.
2763 3821 2889 3876 llzee
2929 3837 3027 3876 nos
3054 3823 3227 3877 mittet
3256 3823 3307 3876 itt
3342 3839 3563 3893 regnum

1958 3913 2251 3979 cmlot-um;
2281 3914 2424 3984 quod
2453 3915 2655 3970 utinam
2699 3930 2890 3970 omnes
2933 3930 3330 3986 consequamur
3350 3958 3365 3983 ,
3395 3919 3562 3984 gratia

1957 4013 2011 4058 et
2043 4004 2368 4075 benignitate
2400 4006 2608 4060 Domini
2649 4006 2814 4060 nostri
2856 4005 2984 4061 Jesu
3011 4006 3246 4072 Christi,
3281 4023 3374 4075 per
3402 4023 3562 4077 quem

1957 4106 2012 4149 et
2037 4113 2157 4152 eum
2189 4112 2296 4167 quo
2322 4097 2463 4152 Patri
2491 4098 2684 4167 gloria,
2714 4113 2928 4168 unaque
2949 4107 3134 4153 saneto
3156 4097 3398 4167 Spiritui,
3422 4114 3564 4154 nunc

1957 4199 2007 4245 et
2040 4205 2272 4258 semper.
2299 4201 2349 4244 et
2381 4192 2431 4244 in
2463 4191 2658 4246 sarcula
2687 4191 3030 4244 steculortnn.
3056 4192 3251 4244 Amen.

2023 4281 2127 4393 ﬂllynu
2149 4281 2256 4332 aliis
2281 4283 2544 4346 legitur....
2573 4281 2704 4333 lucri
2719 4295 2846 4333 nunc
2870 4281 3185 4344 percipinms,
3213 4281 3300 4331 scd
3326 4281 3376 4331 iu
3398 4283 3564 4343 futuro

2023 4358 2059 4393 η
2130 4358 2234 4393 nus.

1954 4357 2234 4407 penounus.

1673 4501 2022 4567 HOMILIA
2082 4504 2154 4565 L.

235 4617 370 4674 Car.
403 4617 455 4670 7.
485 4633 535 4671 v.
557 4616 648 4672 25.
682 4615 931 4670 Dicebant
984 4635 1104 4689 ergo
1131 4622 1339 4689 quidam
1383 4637 1447 4675 e1:
1467 4619 1804 4693 Jerosolgmis
1830 4639 1850 4678 :

318 4708 509 4763 Nonne
538 4709 618 4761 hic
641 4719 714 4763 est
741 4726 890 4779 quem
910 4723 1144 4781 quwrunt
1178 4713 1498 4780 interﬁcere?
1522 4712 1613 4767 26.
1641 4712 1706 4767 Et
1736 4731 1850 4769 ecce

317 4803 493 4870 palam
517 4799 740 4870 loquitur
759 4843 775 4865 ,
805 4811 852 4856 ct
881 4803 1014 4856 nihil
1033 4804 1079 4856 ei
1106 4804 1300 4857 dicunt.
1335 4805 1600 4873 Numquid
1626 4822 1738 4860 vere
1761 4823 1851 4861 co-

315 4905 598 4967 gnouerunt
629 4894 904 4964 principes,
945 4897 1066 4966 quia
1105 4897 1187 4950 Itic
1213 4909 1285 4952 est
1317 4914 1427 4952 uere
1446 4897 1722 4955 Christus?
1756 4899 1848 4954 27.

319 4989 429 5044 Sed
451 4990 586 5041 hunc
609 4988 793 5042 scimus
817 4989 949 5042 unde
975 4991 1060 5045 sit.

319 5128 380 5183 l;
405 5123 474 5180 In
498 5127 685 5181 diuinis
706 5126 990 5195 Scripturis
1021 5127 1150 5182 nihil
1176 5137 1360 5184 temere
1379 5132 1603 5201 positum
1646 5162 1716 5174 —
1749 5131 1844 5188 Ni-

249 5221 320 5274 hil
348 5220 399 5274 in
431 5219 630 5275 divinis
673 5219 968 5291 Scripturis
1021 5232 1226 5278 temere
1268 5226 1501 5294 positum
1555 5236 1677 5290 est;
1730 5237 1855 5281 sunt

247 5313 394 5366 enim
424 5310 659 5380 Spiritus
680 5313 848 5368 sancti
877 5313 1043 5366 dicta.
1087 5313 1450 5381 Quamobrem
1485 5318 1664 5371 omnia
1697 5333 1855 5372 accu-

250 5415 365 5459 rate
388 5405 775 5473 disquiramus.
805 5405 887 5460 Ab
916 5421 1018 5460 una
1049 5409 1247 5476 quippe
1284 5407 1518 5463 dictione
1547 5419 1716 5464 totutn
1748 5427 1853 5464 sze-

251 5512 320 5566 pe
347 5511 568 5549 sensum
599 5496 878 5562 discimus,
912 5507 969 5551 ttt
996 5499 1157 5553 etiam
1197 5515 1341 5553 nunc
1383 5501 1669 5571 contingit.
1702 5502 1855 5556 Multi

250 5592 384 5644 enim
415 5606 479 5642 ea:
507 5589 956 5660 Jcrosolymitanis
983 5593 1256 5646 dicebant:
1299 5592 1419 5647 Non
1465 5595 1547 5648 hic
1588 5604 1661 5649 est
1707 5613 1856 5664 quem

254 5690 488 5753 qna-runt
513 5682 797 5751 inter/icere
825 5683 849 5736 ?
880 5684 945 5737 Et
968 5701 1081 5738 ecce
1107 5686 1277 5755 palam
1311 5687 1554 5756 loquitur,
1577 5697 1625 5741 et
1653 5689 1782 5742 nihil
1811 5692 1856 5743 ei

252 5774 452 5824 dicunt.
498 5772 607 5825 Cur
657 5771 1095 5846 Jerosolymitani
1152 5779 1560 5832 memorantur?
1611 5778 1858 5835 Ostendit

255 5864 586 5934 evangelista
609 5879 702 5920 eos
728 5867 981 5935 maxime,
1004 5868 1090 5938 qui
1119 5877 1193 5924 tet
1215 5869 1378 5940 signis
1393 5870 1594 5941 dignati
1624 5871 1852 5938 fuerant,

1964 4605 2204 4658 omnium
2233 4604 2572 4658 miserrimos
2599 4619 2721 4658 esse
2744 4643 2761 4668 ,
2801 4604 2891 4674 qui
2923 4619 3045 4660 cum
3077 4605 3373 4662 divinitatis
3401 4608 3568 4678 ipsius

1959 4696 2171 4765 signum
2233 4694 2527 4749 maximum
2591 4696 2890 4763 vidissent,
2958 4706 3126 4751 totum
3185 4708 3566 4768 cormptorutn

1961 4787 2264 4857 principum
2289 4787 2496 4856 judicio
2519 4788 2889 4843 remittebant.
2915 4790 3110 4844 Annon
3146 4792 3440 4845 maximum
3492 4796 3566 4847 si-

1961 4895 2126 4948 gnum
2149 4889 2284 4943 erat,
2316 4880 2457 4950 quod
2489 4881 2748 4945 furentes,
2779 4881 2984 4937 caedem
3011 4884 3302 4952 spirantes,
3334 4885 3570 4939 circum-

1962 4983 2265 5037 currautes,
2291 4983 2450 5042 atque
2478 4975 2784 5031 interllcere
2810 4987 3121 5045 qumrentes
3143 5017 3158 5041 ,
3216 4992 3338 5033 cum
3397 4980 3570 5049 ipsum

1967 5082 2078 5134 pra:
2107 5067 2354 5120 manibus
2385 5077 2674 5132 tenerent,
2707 5066 2890 5123 statim
2914 5071 3297 5139 quiescerent?
3321 5073 3441 5143 quis
3466 5072 3570 5128 hbe

1966 5156 2222 5211 fecisset?
2245 5158 2364 5227 quis
2396 5167 2604 5213 tantum
2635 5159 2876 5214 furorem
2903 5163 2982 5216 sic
3012 5163 3571 5219 exstinxisset‘tAtta.

1965 5263 2087 5301 tuen
2115 5257 2236 5318 post
2267 5258 2342 5302 tot
2372 5249 2543 5318 signa,
2577 5250 2699 5304 vide
2720 5251 3002 5305 stultitiam
3025 5261 3080 5305 et
3102 5254 3358 5308 furorem.
3388 5252 3574 5309 Nonne

1965 5341 2047 5394 hic
2062 5353 2133 5396 est
2150 5359 2293 5410 quem
2319 5354 2552 5409 quan-unt
2569 5343 2888 5408 interﬁcere?
2911 5343 3042 5399 Vide
3058 5346 3328 5414 quomodo
3349 5361 3406 5400 se
3432 5348 3576 5416 lpSlIS

1948 5434 2347 5488 condemnem.
2372 5434 2533 5498 Quem
2556 5445 2789 5503 quwrunt
2817 5436 3122 5504 interﬁcere,
3143 5437 3410 5506 inquiunt,
3429 5448 3477 5490 et
3493 5439 3573 5490 ni-

1967 5526 2042 5578 hil
2058 5527 2105 5578 ci
2125 5526 2322 5580 dicunt.
2354 5527 2464 5581 Nec
2486 5529 2647 5582 modo
2662 5529 2792 5582 nihil
2811 5531 3017 5595 dicunt,
3037 5529 3130 5583 sed
3145 5545 3318 5599 neque
3334 5531 3506 5598 palam
3523 5540 3567 5584 et

1966 5617 2134 5674 libere
2162 5621 2468 5689 loquentem
2504 5620 2755 5691 ipsosque
2800 5631 3210 5690 eanperantem
3253 5623 3566 5689 reprimunt.

1965 5707 2239 5781 Numquid
2261 5727 2373 5764 vere
2388 5721 2750 5782 cognoverunt,
2782 5713 2902 5782 quia
2931 5714 3012 5766 hic
3037 5723 3110 5766 est
3134 5711 3382 5766 Christus.
3412 5711 3575 5767 Vobis

1968 5813 2146 5858 autem
2181 5805 2310 5873 quid
2341 5806 2557 5862 videtur
2581 5807 2603 5860 ?
2629 5823 2792 5877 quam
2816 5806 2884 5863 de
2905 5806 2998 5860 illo
3031 5805 3184 5860 fertis
3211 5806 3574 5860 sententiam?

1968 5893 2341 5966 Cuntt'atiutn,
2378 5900 2642 5972 inquiunt.
2671 5900 2796 5958 ldco
2826 5900 3081 5956 dicebant
3117 5917 3124 5949 :
3166 5899 3272 5955 Sed
3302 5899 3434 5952 hunc
3468 5899 3568 5952 sci-
