4054 6446
584 323 683 378 27‘)

584 458 690 492 mus
710 439 840 492 unde
866 437 947 490 sit.
973 435 1015 489 Ο
1044 433 1329 504 nequitiam
1361 433 1374 486 !
1407 448 1439 482 o
1467 428 1944 484 contradictionem
1973 426 1988 479 !
2043 423 2158 479 Non

583 545 699 583 cum
733 528 1050 599 principibus
1090 524 1354 579 calculum
1410 522 1582 576 ferunt
1605 563 1618 585 ,
1649 519 1741 574 sed
1790 519 1950 574 aliam
1978 531 2166 571 eorru-

583 632 721 689 ptam
745 617 966 672 efferunt
990 615 1306 669 sententiam
1334 613 1552 666 stultitia
1574 625 1669 663 sua
1685 609 1920 679 dignam.
1938 607 2160 670 Scimus,

582 709 842 780 inquiunt,
869 706 999 760 unde
1023 707 1082 759 sit
1107 719 1124 759 :
1166 703 1394 759 Christus
1423 712 1588 754 autent
1615 716 1729 753 cum
1758 699 1944 752 venerit
1969 738 1983 761 ,
2018 713 2161 750 nemo

580 803 698 855 sciet
724 799 859 853 unde
878 801 962 853 sit.
998 796 1154 867 Atqui
1187 796 1454 865 principes
1479 793 1643 846 veSIri
1675 790 1985 859 interrogati
2007 787 2158 842 dieeo

581 892 706 944 haut
729 933 743 956 ,
779 893 832 944 in
859 890 1171 943 Bethlehem
1204 885 1550 940 nasciturum.
1583 883 1648 936 Et
1673 896 1882 935 rursum
1913 879 2024 944 alii,
2045 877 2158 930 Nos

576 986 762 1038 scimus
781 984 898 1055 quia
928 982 1091 1051 Moysi
1112 981 1344 1046 loquutus
1371 985 1442 1030 est
1487 975 1626 1029 Deus
1649 991 1667 1040 ,°
1698 975 1830 1026 hunc
1858 980 2023 1024 autem
2069 986 2158 1024 nc-

576 1079 761 1130 scimus
787 1075 920 1128 unde
939 1075 1001 1126 sit
1026 1073 1045 1145 (
1061 1071 1214 1125 Joan.
1238 1071 1293 1125 9.
1315 1069 1384 1123 29
1403 1071 1441 1134 ).
1476 1067 1758 1121 Ehriorum
1785 1063 1943 1119 verba
1971 1061 2154 1116 consi-

576 1167 704 1220 dera
722 1169 761 1218 ¹.
814 1166 1176 1232 Rursumque,
1201 1160 1422 1214 Numea:
1448 1157 1663 1212 Galilwa
1692 1157 1821 1210 venit
1867 1155 2095 1209 Christus
2119 1153 2150 1233 A?

576 1275 742 1311 annon
771 1274 832 1310 ex
861 1255 1148 1309 Bethlehnn
1173 1254 1280 1307 vico
1302 1253 1328 1305 ?
1355 1251 1538 1306 Viden'
1566 1250 1838 1306 ebriorum
1865 1244 2155 1300 calculum?

576 1350 804 1413 Scimus,
833 1348 1140 1405 nescimus;
1191 1360 1256 1399 ex
1318 1341 1629 1396 Bethlehem
1663 1340 1808 1393 venit
1862 1335 2150 1397 Christus;

574 1437 802 1490 Christus
831 1445 997 1488 autem
1021 1451 1136 1486 cum
1164 1433 1370 1497 venerit,
1400 1446 1543 1483 nemo
1568 1430 1687 1482 sciet
1717 1428 1849 1480 unde
1892 1427 1975 1480 sit.
2015 1423 2152 1492 Quid

578 1529 675 1581 hac
706 1527 966 1581 dictorum
989 1540 1158 1593 pugna
1191 1521 1526 1576 manifesuus
1553 1519 1575 1572 ?
1629 1519 1682 1572 ιιι
1711 1533 1870 1570 unum
1898 1516 2155 1583 respicie-

576 1621 720 1681 baut,
753 1628 898 1671 utne
926 1616 1224 1670 crederent.
1274 1613 1410 1680 Quid
1445 1627 1571 1682 ergo
1615 1610 1679 1665 ad
1713 1611 1828 1664 haec
1857 1609 2102 1664 Christus
2130 1609 2153 1661 ?

571 1710 660 1764 ‘28.
707 1709 768 1762 Et
800 1726 876 1762 me
898 1709 1072 1771 nostis,
1113 1717 1159 1759 et
1189 1706 1321 1758 unde
1349 1707 1444 1759 sint
1474 1704 1648 1757 scitis:
1681 1713 1725 1757 et
1755 1719 1787 1754 a
1810 1703 2000 1771 meipso
2050 1717 2150 1754 non

572 1800 701 1864 veni,
720 1799 808 1851 sed
829 1809 898 1850 est
919 1813 1060 1850 verus
1079 1798 1162 1865 qui
1191 1796 1322 1848 misit
1362 1811 1458 1860 me,
1512 1810 1656 1862 quem
1695 1809 1780 1847 vos
1821 1792 2037 1846 nescitis.
2085 1791 2152 1846 Et

573 1905 803 1955 rursum,
838 1889 898 1942 Si
924 1904 999 1940 me
1014 1888 1226 1950 sciretis,
1256 1896 1301 1939 et
1334 1884 1540 1938 Patrem
1569 1900 1734 1937 meum
1760 1883 1972 1938 sciretis.
2001 1883 2148 1950 Quo-

572 1981 730 2034 modo
761 1995 888 2050 ergo
913 1979 1042 2033 dicit
1073 1993 1164 2032 eos
1193 1987 1246 2031 et
1267 1978 1462 2044 ipsum,
1485 1986 1536 2028 et
1568 1975 1709 2028 unde
1737 1975 1806 2028 sit
1837 1988 1997 2027 nosse
2028 1989 2043 2038 ;
2094 1981 2147 2027 et

569 2070 690 2123 alibi
718 2111 732 2134 ,
761 2083 858 2122 nee
885 2070 1054 2138 ipsum
1083 2082 1261 2129 nosse,
1295 2081 1393 2119 nec
1411 2066 1622 2119 Patrem
1646 2063 1800 2117 ?Non
1830 2078 2012 2117 secum
2043 2079 2144 2131 pu-

567 2171 722 2225 gnat,
754 2159 892 2212 absit
917 2175 930 2222 ;
984 2157 1077 2212 sed
1108 2156 1264 2210 valde
1289 2156 1387 2210 sibi
1416 2163 1647 2208 constat.
1677 2154 1751 2208 De
1771 2153 1875 2206 alia
1912 2154 2147 2222 loquitur

565 2249 864 2318 cognitione
893 2289 908 2313 ,
951 2262 1072 2301 cum
1106 2247 1254 2311 dicit,
1281 2245 1396 2299 Non
1448 2245 1650 2310 nostis,
1697 2244 2143 2313 quemadmodum

564 2355 683 2393 eum
713 2339 840 2392 dicit
870 2353 884 2392 :
916 2337 1040 2391 Filii
1071 2336 1190 2391 Heli
1218 2377 1232 2400 ,
1265 2336 1362 2405 filii
1373 2319 1665 2406 pestilentes
1688 2376 1702 2399 ,
1735 2336 2004 2390 nescientes
2029 2335 2142 2389 Do-

563 2433 752 2483 minum
800 2431 877 2500 (1.
904 2431 1030 2500 Reg.
1053 2431 1108 2484 2.
1137 2429 1246 2500 12);
1270 2445 1331 2483 ac
1377 2444 1588 2484 rursum
1616 2469 1630 2492 ,
1666 2427 1832 2482 Israel
1858 2439 2025 2482 autem
2066 2447 2145 2483 me

561 2539 660 2574 non
681 2523 908 2592 cognovit
928 2521 1082 2589 (lsai.
1109 2522 1161 2574 1.
1187 2521 1262 2590 5).
1299 2520 1361 2573 Ut
1389 2532 1440 2573 et
1471 2519 1666 2572 Paulus
1692 2518 1766 2570 ait
1789 2533 1801 2571 :
1832 2518 2143 2586 Conﬁtentur

559 2631 611 2666 se
637 2629 780 2666 nosse
799 2611 994 2674 Deum,
1022 2612 1168 2682 factis
1189 2621 1356 2663 autem
1387 2619 1570 2680 negant
1589 2608 1717 2675 (Tit.
1749 2609 1799 2662 1.
1822 2610 1930 2676 16).
1958 2609 2142 2663 Poiest

559 2721 684 2774 ergo
704 2705 792 2774 qui
828 2706 946 2767 scit,
981 2707 1207 2758 nescire.
1244 2703 1354 2756 lloc
1383 2700 1733 2770 itaquedicit:
1765 2699 1816 2754 Si
1850 2715 1934 2754 me
1963 2716 2141 2755 nosse-

559 2797 644 2858 tis,
679 2796 888 2849 sciretis
918 2810 1002 2848 me
1024 2809 1142 2847 esse
1160 2793 1352 2846 Filium
1389 2791 1498 2846 Dei.
1550 2789 1684 2843 Illud
1724 2798 1902 2844 autem
1928 2830 1943 2855 ,
1992 2789 2140 2844 Unde

556 2887 670 2946 sint,
697 2900 798 2938 non
823 2885 998 2938 locum
1031 2884 1116 2937 hic
1141 2881 1382 2939 denotat.
1403 2891 1459 2935 ut
1479 2881 1648 2950 liquet
1677 2895 1740 2934 ex
1763 2880 2133 2949 sequentibus:

558 2975 623 3026 lit
651 2993 680 3025 ιι
707 2976 895 3042 mcipso
918 2991 1016 3027 non
1037 2976 1168 3038 veni,
1199 2973 1287 3026 sed
1309 2988 1450 3025 verus
1468 2981 1536 3025 est
1560 2973 1643 3040 qui
1669 2972 1801 3024 misit
1827 2986 1906 3023 me
1933 3011 1948 3034 ,
1989 2988 2136 3040 quem

557 3084 640 3119 ros
679 3067 897 3119 nescitis.
926 3067 1020 3120 llic
1041 3065 1275 3135 loquitur
1299 3065 1366 3118 de
1393 3063 1683 3132 ignorantia
1715 3063 1962 3130 operibus
1985 3078 2134 3117 com-

558 3161 775 3225 probata
803 3199 816 3222 ,
865 3159 932 3212 de
981 3173 1084 3226 qua
1127 3157 1324 3210 Paulus
1366 3156 1526 3208 dicit:
1576 3154 1892 3222 Confitentur
1918 3172 1972 3209 se
1992 3173 2136 3209 nosse

557 3251 715 3304 Deum
745 3292 759 3314 ,
793 3249 941 3320 factis
961 3260 1124 3302 autent
1147 3256 1348 3317 negant.
1392 3247 1574 3316 Neque
1618 3249 1759 3301 enim
1806 3247 2122 3317 ignorantiae

557 3353 828 3414 peceatum
862 3351 997 3404 erat,
1027 3341 1121 3394 sed
1171 3341 1418 3408 nequitia:
1445 3349 1498 3394 et
1528 3339 1678 3392 mala:
1708 3341 2014 3394 voluntatis.
2066 3341 2132 3395 Et

556 3451 674 3487 eum
721 3434 820 3487 hoc
850 3433 1085 3493 scirent,
1143 3432 1386 3499 ignorare
1438 3429 1705 3482 volebant.
1745 3429 1850 3483 Sed
1887 3445 2128 3498 quamam

557 3526 667 3578 lucc
685 3521 1104 3592 consequentia?
1130 3520 1398 3590 quomodo
1426 3528 1480 3573 ut
1510 3520 1630 3573 illos
1658 3520 1916 3582 confutet,
1943 3521 2129 3574 eadem

555 3631 674 3680 qua:
705 3612 801 3681 ipsi
833 3612 1068 3681 loquitur
1093 3611 1117 3662 Ἰ
1144 3611 1272 3664 Nam
1305 3625 1425 3662 cum
1460 3609 1534 3662 illi
1564 3609 1822 3672 dicerent,
1858 3608 2010 3662 Hunc
2039 3626 2132 3662 au-

558 3716 654 3756 tem
672 3703 858 3755 scimus
881 3703 1014 3754 unde
1033 3701 1125 3766 sit,
1158 3700 1414 3765 subdidit,
1445 3699 1511 3752 Et
1541 3717 1617 3754 me
1638 3701 1794 3753 scitis.
1823 3700 1956 3768 Quid
1989 3703 2128 3755 enim

555 3793 802 3847 dicebant
829 3792 900 3845 illi
925 3793 946 3845 ?
972 3807 1036 3845 au
1065 3791 1204 3861 quod
1230 3789 1540 3846 nescirent?
1571 3791 1680 3844 lmo
1707 3806 1832 3845 vero
1856 3792 1952 3860 ipsi
1982 3792 2131 3847 dice-

556 3885 705 3949 bant,
757 3885 976 3938 Scimus.
1013 3883 1205 3938 Verum
1239 3897 1359 3938 eum
1407 3883 1650 3938 dicereut
1695 3899 1754 3938 se
1802 3885 1941 3940 scire
1989 3886 2128 3941 unde

556 3986 718 4038 esset,
740 3976 868 4030 nihil
898 3976 1037 4030 aliud
1071 3975 1462 4046 signiﬁcabant,
1487 3991 1644 4044 quam
1674 3977 1821 4030 illum
1855 3978 1925 4032 de
1986 3988 2127 4033 terra

553 4082 673 4121 esse
702 4078 756 4121 et
798 4067 926 4120 labri
955 4069 1138 4120 lilium.
1184 4067 1276 4121 llle
1319 4082 1450 4120 vero
1490 4066 1540 4119 in
1570 4067 1731 4121 cados
1756 4067 1995 4136 erigebat
2036 4084 2129 4124 eos

550 4157 754 4220 dicens,
781 4157 937 4211 Scitis
960 4158 1098 4211 unde
1116 4157 1236 4218 sim;
1272 4157 1320 4211 id
1349 4167 1450 4222 est,
1495 4156 1608 4210 Non
1639 4158 1779 4213 unde
1819 4159 2131 4227 suspicanti-

551 4250 604 4302 ni
629 4250 776 4315 veni,
805 4248 896 4302 sed
927 4253 1065 4303 unde
1093 4251 1135 4302 is
1162 4249 1250 4318 qui
1284 4249 1432 4301 misit
1460 4263 1565 4301 me.
1595 4247 1726 4302 Cum
1753 4249 2061 4311 dieitenim,
2085 4251 2129 4300 Α

551 4343 743 4409 meipso
774 4357 875 4394 non
894 4341 1023 4404 veni,
1059 4341 1158 4394 hoc
1185 4339 1504 4402 subindicat,
1545 4341 1687 4408 ipsos
1717 4357 1906 4409 nempe
1941 4342 2078 4395 scire
2113 4384 2127 4408 ,

555 4433 696 4501 quod
725 4447 753 4484 a
778 4431 935 4485 Patre
964 4433 1158 4484 tnissus
1184 4431 1348 4496 esset,
1384 4432 1482 4484 etsi
1510 4433 1559 4484 id
1593 4447 1695 4485 nou
1725 4433 2125 4488 conﬁterentur.

557 4520 760 4588 Duplici
783 4536 910 4590 ergo
941 4521 1098 4574 modo
1139 4521 1256 4573 illos
1282 4520 1543 4578 confutat.
1578 4521 1755 4574 Primo
1781 4538 1840 4576 ea
1885 4539 2002 4592 qum
2043 4538 2128 4576 se-

553 4623 703 4667 creto
734 4613 1106 4680 loquebantur,
1137 4613 1188 4665 in
1218 4613 1449 4666 medium
1496 4624 1693 4668 etcum
1722 4615 1955 4669 clamore
2005 4631 2130 4685 pro-

549 4706 672 4766 tert,
708 4711 764 4755 ut
793 4703 911 4756 illos
935 4702 1266 4770 pudefaeiat;
1295 4704 1486 4758 deinde
1512 4715 1742 4758 mentem
1772 4706 1978 4758 illorum
2003 4722 2129 4775 ape-

551 4795 637 4855 rit,
669 4809 730 4846 ac
753 4794 794 4846 si
818 4794 1016 4848 diceret
1041 4813 1053 4846 :
1080 4794 1192 4848 Non
1221 4795 1462 4860 abiectus
1489 4811 1643 4859 sum,
1684 4812 1787 4850 non
1819 4799 1932 4851 sine
1969 4813 2126 4851 causa

550 4884 708 4946 veni;
742 4883 848 4937 Sed
882 4899 1026 4936 verus
1047 4894 1118 4936 est
1147 4885 1234 4953 qui
1277 4887 1409 4939 misit
1456 4902 1566 4947 me,
1603 4903 1747 4954 quem
1777 4904 1864 4940 vos
1903 4890 2124 4944 nescitis.

551 4975 686 5038 Quid
717 4975 979 5044 signiﬁcat
1007 4975 1132 5028 illud
1158 5017 1171 5039 ,
1212 4974 1371 5029 Verus
1392 4977 1712 5046 cstquimlsit
1736 4979 1854 5031 me?
1881 4979 1934 5031 Si
1968 4996 2129 5036 verus

552 5077 630 5120 cst
654 5105 669 5130 ,
713 5068 764 5119 in
808 5069 1034 5122 veritate
1059 5084 1141 5120 me
1166 5069 1305 5122 misit
1335 5087 1346 5120 :
1376 5071 1417 5122 si
1449 5087 1605 5123 verus
1630 5081 1729 5134 est,
1761 5072 2002 5140 sequitur
2032 5087 2126 5126 ve-

551 5172 668 5211 rum
704 5157 849 5210 illum
877 5173 996 5212 esse
1024 5160 1110 5226 qui
1143 5160 1335 5213 missus
1358 5161 1471 5215 luit.

621 5248 675 5299 2.
708 5247 826 5300 Alio
847 5264 1056 5316 quoque
1080 5251 1237 5303 modo
1272 5253 1318 5303 id
1352 5257 1557 5320 probat,
1593 5256 1823 5322 prapriis
1859 5257 1974 5308 illos
1995 5273 2119 5309 ver-

549 5340 628 5392 bis
655 5339 890 5408 capiens.
925 5339 1056 5407 Quia
1088 5343 1227 5394 enim
1248 5344 1512 5408 dicebant,
1547 5344 1774 5399 Christus
1797 5365 1910 5399 cum
1940 5350 2121 5415 veniet,

548 5450 690 5485 nemo
711 5434 829 5484 sciet
856 5436 987 5486 unde
1003 5435 1065 5486 sit
1090 5476 1103 5496 ,
1157 5435 1278 5488 hinc
1308 5437 1538 5490 ostendit
1582 5454 1640 5492 se
1661 5440 1933 5493 Christum
1977 5457 2114 5496 esse.

548 5525 676 5578 Nam
703 5526 798 5593 ipsi
835 5526 982 5589 illud,
1043 5525 1204 5579 Nemo
1235 5529 1374 5593 sciet,
1429 5531 1718 5583 secundum
1769 5531 2120 5585 dilTerentiam

614 5617 630 5646 ⁸
669 5614 906 5684 ιιὶοιιοοιιιι
925 5616 995 5664 sic
1023 5615 1224 5684 etlertur
1246 5620 1368 5679 apud
1395 5619 1571 5668 Savil...
1607 5640 1626 5665 ‹ι
1647 5621 1770 5670 hunc
1790 5630 1948 5670 autent
1973 5623 2121 5671 nesci-

549 5688 662 5743 mus
679 5680 800 5724 unde
820 5680 876 5725 sit
896 5695 920 5743 η
934 5717 941 5724 .
971 5696 992 5721 ι
1017 5680 1197 5743 Scimus
1222 5684 1346 5730 unde
1370 5687 1458 5743 est,
1477 5688 1520 5732 et
1544 5695 1776 5734 nescnmts
1799 5684 1925 5734 unde
1950 5693 2016 5734 est
2051 5704 2071 5730 ν
2106 5699 2116 5732 :

552 5747 578 5785 ι
591 5739 709 5786 brici
725 5751 802 5786 um
825 5740 962 5788 verba
986 5739 1256 5789 considera.

1320 319 1375 372 S.
1415 313 1689 372 JOANNiS
1726 307 2196 366 CllllYSOS'l‘OMl
2246 311 2557 370 ARCHIEP.
2581 315 3114 372 CONSTANTINOP.

3759 316 3867 368 ιιιιο

2277 427 2515 484 locorum
2543 430 2892 499 loquebantur
2918 447 2932 494 ;
2979 441 3033 484 et
3063 431 3183 483 hinc
3226 430 3316 483 ille
3351 431 3586 484 ostendit
3615 447 3675 485 se
3703 429 3862 483 Clari-

2270 531 2409 574 stum
2440 537 2580 587 esse,
2621 524 2741 590 quia
2769 537 2796 575 a
2821 523 2979 576 Patre
3008 522 3212 577 venerit
3239 540 3252 586 ;
3297 532 3351 577 et
3380 521 3576 592 ubique
3599 525 3859 577 testiﬁca-

2271 623 2356 666 tur
2379 614 2546 668 Patris
2575 615 2933 684 cognitionem
2963 614 3063 668 sibi
3092 613 3194 668 soli
3238 625 3576 683 competere,
3630 615 3823 668 dicens
3843 656 3859 678 ,

2270 703 2393 758 Non
2421 706 2557 773 quod
2581 705 2787 759 Patrem
2814 708 2927 776 quis
2956 707 3106 770 vidit,
3129 707 3227 759 nisi
3245 707 3330 772 qui
3354 715 3428 759 est
3455 721 3487 757 a
3522 704 3696 757 Patre.
3721 705 3860 770 Qui-

2269 794 2368 848 bus
2385 795 2562 848 verbis
2589 793 2638 848 in
2669 796 2801 849 iram
2828 795 3254 850 coneitabantur.
3292 795 3423 849 Nam
3453 810 3574 849 cum
3617 796 3856 863 diceret,

2268 885 2388 939 Non
2411 889 2566 940 nostis
2591 904 2724 950 cum,
2750 895 2944 940 etcum
2970 888 3260 947 evinceret.
3285 888 3430 956 ipsos
3447 888 3586 941 scire
3604 887 3852 956 quidem,

2263 977 2356 1031 sed
2384 979 2734 1048 ignorantiam
2763 980 3015 1034 simulare
3036 1021 3050 1044 ,
3073 980 3192 1048 jure
3219 980 3362 1048 ipsos
3391 979 3665 1034 mordebat
3697 990 3757 1033 et
3779 981 3855 1032 ir-

2262 1068 2478 1123 ritabat.
2498 1069 2586 1124 50.
2615 1068 2917 1136 Qum-ebant
2934 1085 3054 1140 ergo
3070 1087 3180 1124 eum
3206 1070 3603 1139 apprehendere,
3635 1081 3682 1123 et
3706 1088 3856 1123 nemo

2262 1159 2394 1211 misit
2417 1159 2470 1212 in
2497 1157 2640 1212 illuni
2660 1177 2867 1213 manum
2885 1201 2899 1224 ,
2922 1162 3041 1230 quia
3073 1161 3299 1215 nondum
3328 1172 3530 1215 venerat
3557 1161 3689 1215 hora
3719 1163 3852 1230 ejus.

2264 1249 2449 1304 Videu'
2471 1252 2592 1305 illos
2618 1252 2958 1307 invisibiliter
2974 1251 3261 1316 cohibitos,
3295 1262 3350 1306 et
3375 1252 3588 1307 illorum
3634 1255 3854 1307 cccrci-

2262 1349 2370 1393 tum
2391 1342 2666 1396 furorem?
2690 1340 2800 1396 Cur
2832 1359 2960 1397 vero
2985 1359 3094 1397 non
3124 1343 3294 1407 dixit,
3326 1345 3468 1413 quml
3501 1345 3855 1399 invisibiliter

2257 1444 2352 1484 eos
2372 1431 2681 1493 dctinuerit,
2711 1433 2829 1498 sed,
2865 1433 3013 1499 Quod
3057 1434 3281 1486 nondum
3321 1433 3531 1487 venisset
3556 1433 3849 1505 horaejus.

2262 1522 2483 1576 Volebat
2509 1525 2832 1593 evangelista
2863 1523 3099 1578 humano
3155 1524 3544 1593 humilioreque
3570 1525 3735 1579 modo
3767 1527 3851 1579 lo-

2257 1613 2364 1678 qui,
2399 1621 2454 1664 ut
2487 1611 2647 1665 homo
2672 1613 2829 1666 etiam
2858 1629 2978 1668 esse
3003 1625 3299 1682 putaretur.
3319 1614 3450 1681 Quia
3474 1616 3614 1670 enim
3650 1615 3853 1686 ubique

2257 1701 2506 1755 sublimia
2529 1703 2680 1768 dicit,
2712 1705 2831 1758 ideo
2849 1703 2963 1759 haec
2990 1705 3113 1758 hinc
3139 1706 3261 1759 inde
3280 1706 3482 1760 inserit.
3508 1707 3850 1762 Cumautent

2255 1791 2402 1858 dicit,
2435 1794 2505 1846 Ab
2536 1797 2646 1864 ipso
2671 1813 2804 1860 sum,
2829 1812 2932 1850 non
2969 1796 3206 1866 loquitur
3232 1809 3284 1850 ut
3317 1801 3596 1867 propheta,
3627 1799 3716 1868 qui
3745 1799 3852 1854 hoc

2255 1885 2542 1953 acceperit,
2567 1886 2658 1940 sed
2677 1886 2818 1955 quod
2847 1887 2996 1942 illum
3018 1889 3214 1954 videat,
3248 1905 3307 1941 ae
3337 1904 3456 1942 cum
3482 1891 3596 1958 ipsi»
3627 1892 3714 1943 sit.
3748 1891 3846 1949 ‘29.

2258 1973 2392 2028 Novi
2428 1977 2614 2040 illum,
2656 1979 2836 2048 inquit
2865 2021 2880 2045 ,
2933 1982 3050 2050 quia
3089 1981 3152 2033 ab
3181 1981 3289 2049 ipso
3319 1998 3450 2033 sunt.
3502 1981 3684 2036 Vitleu'
3737 2001 3848 2052 quo

2253 2075 2407 2134 pacto
2430 2068 2530 2124 hoc
2580 2071 2772 2139 ubique
2814 2071 3020 2138 probet,
3055 2072 3092 2123 Α
3120 2074 3307 2138 meipso
3335 2090 3434 2126 non
3471 2075 3598 2137 veni,
3630 2083 3704 2135 et,
3745 2076 3849 2141 Qui

2252 2161 2386 2214 misit
2407 2177 2484 2213 me
2513 2178 2656 2215 verus
2681 2175 2753 2217 est
2780 2164 2806 2216 .9
2833 2164 2880 2217 id
2904 2165 3255 2228 contendens,
3297 2181 3412 2219 nea
3467 2167 3576 2221 Deo
3631 2167 3850 2222 alii-nus

2249 2260 2483 2317 putatur.
2540 2254 2604 2307 Et
2631 2255 3029 2332 animadverte,
3065 2267 3260 2323 quanta
3309 2258 3381 2309 sit
3440 2257 3492 2310 in
3545 2259 3848 2313 humilibus

2250 2343 2425 2397 verbis
2454 2344 2673 2399 utilitas.
2707 2345 2833 2399 Post
2869 2345 3000 2410 hare,
3035 2346 3226 2415 inquit,
3256 2347 3407 2400 multi
3431 2347 3714 2400 dicebant:
3746 2349 3808 2402 51
3829 2389 3842 2400 .

2251 2433 2479 2489 Christus
2530 2453 2645 2490 cum
2691 2439 2914 2502 venerit,
2984 2438 3227 2508 numquid
3277 2439 3425 2507 plura
3469 2439 3613 2507 signa
3661 2441 3841 2508 faciet,

2246 2543 2396 2595 quam
2424 2544 2537 2597 qua:
2562 2528 2642 2581 hic
2683 2529 2850 2598 facit?
2885 2528 3013 2595 Quae
3063 2530 3264 2599 signa?
3315 2531 3473 2599 Atqui
3530 2532 3627 2584 tria
3682 2541 3845 2585 erant

2245 2620 2417 2686 signa,
2448 2619 2577 2684 vini,
2611 2621 2906 2688 paralytici,
2941 2629 2994 2673 et
3025 2620 3118 2673 ﬁlii
3149 2621 3317 2690 reguli
3349 2637 3362 2672 :
3415 2621 3654 2691 nihilque
3694 2623 3839 2676 ultra

2245 2712 2480 2764 narravit
2506 2713 2849 2780 evangelista.
2877 2712 3030 2768 Unde
3054 2713 3241 2782 liquet,
3266 2723 3319 2765 ut
3342 2729 3486 2781 smpe
3509 2715 3616 2766 dixi
3639 2755 3654 2777 ,
3689 2714 3842 2782 ipsos

2243 2805 2405 2858 multa
2435 2806 2778 2875 pranuittere.
2811 2806 2937 2858 dum
2982 2822 3042 2858 ea
3096 2815 3376 2859 recensent
3429 2823 3547 2874 qua:
3599 2809 3842 2874 maligne

2244 2898 2512 2967 principes
2543 2897 3004 2951 machinabantur.
3033 2897 3360 2964 Quaerebam
3380 2913 3508 2966 ergo
3553 2899 3700 2950 illum
3733 2916 3837 2966 ειν.

2244 2987 2583 3057 prehendere
2627 2999 2678 3043 et
2722 2989 3044 3042 interliccre.
3087 2987 3488 3054 Quinam?Non
3517 2989 3837 3054 multitudo,

2240 3096 2358 3149 qua:
2386 3080 2739 3149 principatum
2767 3095 2871 3132 nou
2896 3078 3200 3144 allectabat,
3232 3094 3328 3132 nec
3353 3079 3546 3133 invidia
3573 3081 3839 3149 corripie-

2239 3170 2428 3236 batur;
2460 3171 2552 3226 sed
2581 3171 2908 3226 sacerdotes.
2965 3170 3139 3225 Turba
3171 3172 3313 3224 enim
3348 3171 3527 3240 populi
3568 3171 3787 3225 dicebat
3815 3188 3830 3225 :

2239 3263 2465 3316 Christus
2495 3279 2609 3316 cum
2628 3267 2831 3328 venerit,
2864 3263 3108 3329 numquid
3140 3263 3287 3331 plura
3316 3263 3461 3331 signa
3491 3263 3640 3332 faciet
3673 3264 3698 3315 ?
3725 3263 3831 3315 At-

2240 3362 2414 3408 tamen
2442 3355 2554 3408 hmc
2577 3354 2709 3409 ﬁdes
2737 3370 2864 3409 sana
2895 3370 2999 3408 non
3023 3363 3172 3416 erat,
3217 3353 3312 3408 sed
3359 3363 3413 3406 ut
3444 3353 3581 3407 Solet
3628 3355 3834 3409 intimae

2237 3444 2404 3513 plebis
2432 3459 2571 3498 esse.
2599 3444 2728 3497 Illud
2759 3445 2920 3507 enim,
2957 3442 3081 3498 Cum
3111 3445 3334 3508 venerit,
3382 3461 3484 3496 non
3521 3453 3639 3498 erat
3693 3461 3822 3500 crc-

2237 3538 2478 3591 dentium
2505 3539 2646 3590 hunc
2667 3550 2786 3591 esse
2832 3536 3126 3591 Christum.
3161 3537 3263 3589 Aut
3294 3538 3359 3588 ita
3395 3536 3678 3591 dicendum
3710 3548 3830 3602 est;

2238 3639 2328 3681 aut
2361 3628 2495 3681 forte
2519 3628 2568 3680 in
2593 3642 2855 3682 concursu
2885 3627 3082 3696 populi,
3107 3643 3227 3681 cum
3251 3627 3518 3696 principes
3553 3645 3648 3696 pro
3682 3630 3828 3684 virili

2236 3719 2521 3774 ostendere
2551 3720 2849 3775 niterentur
2875 3720 3046 3789 ipsum
3074 3735 3178 3773 non
3204 3735 3325 3773 esse
3351 3719 3646 3786 Christum,
3671 3722 3834 3778 dixe-

2236 3813 2301 3865 rit.
2337 3811 2488 3864 tut-ha
2518 3829 2531 3865 :
2567 3812 2831 3864 Ponamus
2860 3827 2964 3864 nou
2994 3826 3117 3864 esse
3141 3810 3431 3876 Christum,
3479 3829 3604 3864 num
3630 3815 3831 3870 melior

2240 3905 2343 3956 erit
2368 3901 2651 3954 Christus?
2679 3901 2746 3956 Ut
2775 3917 2987 3970 semper
3020 3900 3150 3966 dixi,
3180 3901 3418 3955 inﬁmum
3454 3903 3642 3972 vulgus
3665 3945 3680 3968 ,
3714 3913 3829 3962 nm

2237 4011 2262 4046 a
2308 3995 2571 4057 doctrina,
2595 4011 2700 4047 non
2731 4010 2758 4048 a
2787 3994 3159 4057 concionibus.
3192 3996 3284 4048 sed
3309 4012 3335 4046 a
3368 3996 3536 4065 signis
3561 3997 3823 4055 allicitur.

2234 4089 2322 4142 '52.
2349 4089 2629 4141 Audierant
2655 4087 2904 4142 Pharisaei
2929 4090 3123 4140 turbam
3147 4099 3567 4154 murmurantem,
3592 4100 3638 4142 et
3669 4093 3827 4146 mise-

2234 4180 2643 4240 runlministros,
2675 4190 2726 4230 ut
2759 4179 3193 4248 appro/tenderent
3229 4195 3364 4231 cuiu.
3401 4179 3589 4234 Viden‘
3611 4183 3825 4238 sabbati

2236 4271 2551 4326 solutionem
2575 4271 2850 4324 obtentum
2881 4271 3040 4325 fuisse
3065 4271 3087 4323 ?
3113 4270 3262 4337 Quod
3295 4282 3470 4325 autem
3498 4273 3617 4328 illos
3645 4277 3828 4330 aerios

2235 4363 2551 4424 mordebat,
2609 4362 2710 4416 hoe
2783 4372 2916 4415 erat.
2984 4361 3079 4414 llic
3129 4363 3269 4415 enim
3333 4378 3454 4417 cum
3499 4365 3628 4419 nihil
3674 4367 3826 4436 quod

2234 4454 2642 4507 criminarentur
2666 4453 2946 4517 haberent,
2979 4452 3090 4506 sive
3118 4451 3369 4518 indictis,
3400 4455 3513 4509 sive
3543 4455 3593 4508 in
3621 4459 3816 4525 gestis,

2235 4554 2451 4614 propter
2477 4545 2685 4598 turbam
2729 4545 2981 4599 volebant
3027 4545 3173 4599 illum
3230 4546 3655 4614 apprehendere.
3713 4549 3827 4605 Nec

2233 4637 2499 4691 audebant
2549 4637 2844 4706 perieulum
2874 4637 3230 4704 suspicantes,
3262 4638 3353 4690 sed
3386 4639 3664 4694 ministros
3714 4642 3822 4694 mi-

2234 4736 2417 4782 serunt
2473 4727 2560 4795 qui
2626 4735 2913 4781 tentarent.
2976 4725 3020 4780 O
3070 4728 3374 4781 violentiam
3413 4726 3425 4778 l
3471 4743 3504 4782 ο
3533 4728 3819 4786 furorem!

2231 4821 2346 4874 sive
2399 4821 2574 4888 potius
2604 4862 2618 4880 ,
2658 4834 2690 4874 0
2733 4819 3034 4872 insaniam!
3093 4819 3222 4874 Cum
3276 4819 3324 4871 id
3371 4820 3468 4886 ipsi
3513 4837 3656 4890 sa-pe
3703 4833 3823 4876 ten.

2237 4921 2479 4972 lassent,
2536 4927 2633 4965 nec
2687 4913 3024 4979 potuissent,
3084 4912 3345 4964 ministris
3401 4928 3512 4978 rem
3565 4920 3820 4966 commit-

2236 5013 2350 5056 lunt
2381 5042 2396 5068 ,
2446 5002 2609 5055 furori
2665 5003 2950 5070 animoque
2977 5017 3075 5054 suo
3100 5012 3299 5054 temere
3331 5000 3687 5069 indulgentes.
3723 5005 3820 5057 Αι-

2233 5096 2320 5162 qui
2378 5095 2544 5147 multa
2590 5095 2738 5160 juxta
2799 5094 3054 5161 piscinam
3118 5093 3370 5161 loquutus
3425 5103 3550 5156 est,
3616 5103 3671 5146 ct
3738 5095 3818 5147 ni-

2235 5185 2302 5237 hil
2360 5187 2462 5237 tale
2516 5183 2684 5236 moliti
2734 5191 2895 5247 sunt;
2953 5182 3046 5236 sed
3093 5184 3418 5249 qttznsierunt
3457 5223 3472 5246 ,
3531 5199 3637 5236 non
3699 5196 3819 5239 tcn-

2235 5284 2428 5328 larunt.
2463 5275 2555 5330 llic
2587 5290 2714 5327 vero
2757 5291 2868 5327 rem
2904 5277 3044 5328 ferre
3086 5291 3190 5327 non
3224 5286 3488 5343 possunt:
3523 5290 3644 5329 cum
3680 5277 3822 5331 futu-

2233 5384 2346 5420 rum
2397 5377 2539 5420 C‘Sﬂl
2591 5377 2644 5418 ιιι
2699 5367 2848 5419 tttrba
2927 5378 3251 5420 occurrent.
3297 5367 3432 5432 Quid
3487 5384 3613 5437 ergo
3653 5369 3816 5423 (Ilu-i-

2230 5461 2379 5515 stus?
2409 5461 2495 5513 53.
2530 5460 2707 5510 Adhuc
2735 5459 2986 5512 modicum
3009 5469 3200 5526 tempus
3233 5460 3480 5511 vobiscum
3509 5477 3641 5511 sum.
3676 5459 3816 5513 Cum

2233 5562 2409 5622 posset
2441 5553 2712 5605 auditores
2750 5560 2803 5605 ct
2847 5552 3060 5603 flectere
3089 5559 3137 5602 et
3170 5558 3395 5610 terrere,
3427 5551 3582 5602 verba
3619 5553 3821 5617 profert

2235 5647 2527 5699 humilitate
2571 5645 2755 5712 plena,
2788 5659 2847 5696 ac
2877 5645 2917 5697 si
2950 5642 3149 5694 diceret
3180 5658 3191 5692 :
3223 5640 3328 5693 Cur
3367 5658 3447 5695 me
3481 5643 3785 5696 intct‘lit‘i‘rc
3808 5687 3821 5708 ,

2234 5756 2327 5794 cur
2372 5738 2613 5807 persequi
2648 5735 2920 5806 qua-ritis?
2951 5733 3211 5789 Modicum
3249 5741 3582 5802 exspectate,
3618 5744 3673 5788 et
3703 5735 3824 5789 sine
