4054 6466
212 446 308 502 231

217 571 362 617 tanto
393 562 577 612 vestro
605 557 802 609 conatu
843 563 930 602 tne
969 540 1287 614 capiendum
1330 535 1574 592 oli'eram.
1616 527 1821 585 Deinde

209 669 280 708 ne
306 650 430 720 quis
457 657 801 704 comnmnem
830 639 934 693 dici
963 643 1191 691 mortem
1217 631 1570 686 arbitraretur
1595 624 1678 679 his
1702 636 1823 678 ver-

215 745 295 799 bis
313 713 340 808 ,I
372 742 557 796 Adhuc
591 735 852 791 modicum
890 741 1089 801 tempus
1110 725 1365 782 uobiscum
1393 737 1506 776 sunt
1527 719 1546 789 (
1568 732 1689 772 nam
1718 713 1822 770 hoc

215 831 541 907 putabant);
572 829 713 883 hanc
742 825 1047 895 opinionem
1080 829 1140 874 ut
1165 824 1465 878 amoveret,
1498 811 1670 880 ipsum
1701 813 1822 875 post

211 895 443 982 mortem
480 895 612 976 nihil
640 925 984 989 Operaturmn
1024 925 1178 974 esse,
1209 903 1444 962 subdidit
1477 919 1491 957 :
1520 901 1608 956 δι.
1643 897 1706 953 Et
1733 895 1822 951 ubi

209 1033 324 1072 sum
353 1031 450 1086 ego
472 1055 486 1079 ,
520 1028 609 1066 sos
639 1027 741 1065 non
773 1005 977 1078 potestis
1004 1000 1191 1057 venire.
1231 997 1287 1052 Si
1327 1005 1508 1050 autem
1552 992 1607 1048 in
1647 996 1821 1045 morte

207 1121 500 1164 niausnrns
530 1112 676 1165 erat,
709 1101 786 1156 ire
816 1113 946 1153 sane
977 1093 1276 1166 potuissent
1304 1104 1319 1144 :
1347 1101 1416 1143 eo
1447 1096 1675 1153 namque
1699 1095 1819 1134 om-

208 1215 307 1254 nes
337 1199 652 1268 migrantus.
681 1189 991 1260 Simplicior
1012 1186 1190 1255 itaque
1215 1175 1502 1236 multitudo
1528 1173 1611 1228 his
1641 1170 1821 1225 verbis

205 1263 564 1350 ﬂectebatur;
601 1283 834 1339 ferocior
867 1277 1123 1342 timebat;
1155 1271 1449 1329 studiosior
1486 1267 1554 1322 ad
1593 1263 1819 1319 audien-

201 1381 338 1435 dum
384 1377 704 1450 properabat
727 1416 741 1438 ,
772 1371 916 1444 quod
958 1384 1145 1440 parum
1182 1371 1491 1435 superesset
1522 1356 1778 1428 temporis
1801 1396 1817 1422 ,

202 1487 310 1527 nec
353 1484 572 1538 semper
616 1475 839 1536 possent
881 1462 970 1517 tali
1015 1459 1119 1514 frui
1159 1456 1422 1512 doctrina.
1464 1451 1574 1508 Nec
1613 1457 1818 1504 tanttnn

203 1562 366 1623 dixit,
397 1560 496 1614 llic
516 1573 656 1619 sum,
682 1556 798 1622 sed,
835 1552 1103 1608 Vobiscum
1125 1565 1237 1604 sum
1259 1563 1280 1612 ;
1306 1547 1355 1601 id
1383 1555 1485 1609 est,
1509 1542 1609 1599 etsi
1639 1554 1820 1609 perse-

203 1652 471 1726 quamini.
498 1651 599 1707 etsi
629 1647 932 1718 exagitatis,
965 1658 1031 1698 ne
1056 1640 1322 1696 tantillum
1352 1634 1569 1707 quidem
1595 1630 1819 1687 cessabo

203 1746 365 1801 vobis
391 1742 725 1815 proSpicere,
749 1747 804 1792 et
826 1750 946 1806 qua:
968 1734 1033 1788 ad
1064 1732 1291 1788 salutem
1315 1737 1549 1784 vestram
1575 1728 1821 1794 spectant

201 1837 526 1908 praedicare.
558 1832 627 1888 Et
652 1831 784 1886 vado
809 1831 875 1882 ad
913 1843 1029 1882 eum
1052 1825 1138 1897 qui
1165 1824 1302 1878 misit
1329 1837 1427 1876 me.
1459 1819 1586 1875 llaec
1616 1828 1822 1872 terrere

201 1941 458 2000 mterant
488 1936 543 1982 et
569 1939 790 1995 angere.
825 1922 955 1977 Nam
995 1919 1110 1976 fore
1140 1926 1197 1972 ut
1234 1915 1353 1987 ejus
1395 1927 1500 1983 ope
1545 1911 1821 1981 indigeant

204 2021 473 2093 pradicit.
507 2016 758 2098 Quteretis
783 2030 898 2080 me,
929 2010 1139 2082 inquit;
1173 2024 1279 2064 non
1319 2006 1492 2062 solum
1534 2018 1641 2058 non
1677 2000 1816 2056 obli-

199 2091 489 2168 viscemini
514 2149 531 2174 ,
561 2091 654 2163 sed
685 2106 846 2162 etiam
877 2102 1126 2170 Qucretis
1155 2115 1235 2154 me
1258 2141 1273 2162 ,
1305 2107 1352 2153 et
1393 2113 1496 2152 non
1533 2091 1817 2150 invenietis.

200 2205 269 2260 Et
318 2202 540 2257 ubinam
588 2198 920 2270 quaesierunt
964 2209 1087 2252 eum
1133 2189 1342 2249 Judazi?
1396 2189 1591 2244 Narrat
1647 2185 1819 2241 Lucas

200 2294 362 2366 (Cap.
383 2293 476 2348 εδ.
506 2292 626 2357 49),
652 2289 904 2346 mulieres
931 2287 1079 2342 illum
1109 2285 1419 2356 planxisse;
1452 2290 1506 2337 et
1536 2288 1595 2334 ut
1625 2278 1818 2334 verisi-

198 2386 337 2442 mile
360 2395 465 2448 est,
491 2384 644 2439 multi
675 2382 762 2437 alii
794 2381 1046 2437 luxerunt
1074 2393 1222 2442 eum,
1253 2390 1318 2431 ac
1348 2381 1470 2445 post
1499 2372 1647 2428 urbis
1674 2370 1820 2426 exci-

199 2478 396 2543 dium,
435 2475 555 2546 ejus
603 2473 943 2544 prmaentiam
986 2478 1271 2540 optarunt,
1314 2465 1578 2522 recordati
1625 2478 1820 2532 nempe

194 2569 406 2627 Christi
433 2578 487 2626 et
519 2565 898 2622 miraculorum
929 2562 1066 2635 eius.
1091 2562 1219 2618 Hasc
1242 2569 1423 2616 autem
1447 2557 1629 2614 omnia
1652 2555 1816 2618 dixit,

203 2672 266 2719 ut
291 2676 390 2719 eos
415 2659 678 2715 alliceret.
710 2655 844 2713 Nam
873 2655 1016 2726 quod
1048 2669 1234 2725 parum
1276 2656 1585 2721 superesset
1613 2656 1821 2715 tempo-

200 2757 305 2821 ris,
333 2752 478 2826 quod
504 2751 937 2824 postdisccssum
958 2746 1208 2818 optabilis
1227 2743 1381 2809 foret,
1412 2757 1534 2797 cum
1556 2754 1660 2795 non
1682 2739 1820 2793 ultra

204 2857 401 2921 posset
425 2845 675 2910 inveniri;
700 2843 836 2910 lucc,
855 2843 1092 2912 inquam,
1115 2840 1317 2906 omnia,
1347 2847 1405 2892 ut
1427 2838 1527 2908 ipsi
1553 2836 1823 2890 hazrerent

204 2941 440 2999 suadere
457 2937 862 3011 paterant.Nam
875 2937 920 2993 si
939 2937 1170 2992 futurum
1189 2951 1294 2989 non
1312 2941 1450 2998 erat,
1474 2938 1532 2985 ut
1546 2929 1663 2999 ejus
1677 2943 1820 2999 prm-

206 3037 384 3093 scntia
401 3034 657 3105 aptabilis
687 3040 860 3096 esset,
885 3029 1016 3084 nihil
1039 3028 1168 3099 ipsis
1186 3042 1435 3097 magnum
1463 3024 1648 3079 dicere
1668 3021 1818 3078 vide-

209 3131 387 3186 batur.
416 3128 674 3192 Rursum,
697 3127 742 3180 si
765 3122 1011 3194 optabilis
1035 3121 1207 3176 futura
1224 3121 1340 3190 ejus
1365 3115 1649 3188 prmsentia
1675 3124 1818 3180 erat,

203 3223 284 3278 ita
307 3233 364 3277 ut
384 3229 562 3276 tamen
582 3217 806 3274 inveniri
826 3225 1028 3285 posset,
1049 3213 1099 3268 id
1119 3229 1224 3268 non
1248 3211 1317 3265 ita
1337 3211 1460 3265 illos
1477 3208 1819 3264 turbavisset.

282 3319 340 3376 5.
385 3315 584 3373 lterum
632 3313 678 3369 si
729 3312 898 3367 multo
946 3321 1193 3382 tempore
1242 3324 1484 3381 praesens
1533 3322 1822 3362 mansurus

205 3412 428 3477 fuisset,
457 3407 634 3478 supini
669 3405 895 3462 fortasse
923 3405 1244 3461 evasissent.
1273 3401 1425 3456 Nunc
1453 3409 1634 3454 autem
1667 3398 1823 3452 lllttii-

209 3518 320 3573 que
351 3502 474 3557 illos
499 3499 736 3567 exagitat
771 3505 826 3551 et
853 3503 1039 3551 terret.
1065 3493 1200 3549 illud
1229 3506 1355 3547 vero
1375 3533 1390 3556 ,
1433 3487 1579 3544 Vada
1605 3490 1673 3542 ad
1709 3505 1822 3541 cuin

143 3644 148 3648 .
209 3595 298 3664 qui
320 3593 458 3646 misit
487 3607 586 3654 me,
615 3588 856 3646 declarat
885 3587 1014 3642 nihil
1042 3586 1222 3641 damni
1252 3584 1488 3639 futurum
1517 3598 1584 3638 ex
1617 3581 1824 3636 insidiis

213 3699 445 3748 eorum,
477 3689 533 3737 et
574 3695 634 3736 se
661 3679 964 3735 voluntarie
1009 3692 1310 3748 passurum.
1343 3677 1458 3730 Duo
1496 3676 1658 3745 igitur
1688 3690 1825 3743 pra:-

211 3778 372 3841 dixit,
415 3786 471 3832 et
496 3788 557 3830 se
593 3773 753 3844 paulo
783 3783 903 3842 post
945 3771 1215 3826 abiturum
1243 3811 1259 3834 ,
1285 3777 1341 3824 ct
1385 3769 1504 3823 illos
1533 3767 1600 3823 ad
1629 3783 1688 3823 se
1717 3783 1824 3822 non

215 3880 477 3926 venturos
501 3881 624 3922 esse
654 3882 670 3918 :
697 3864 839 3936 quod
869 3871 1017 3918 certe
1046 3878 1150 3916 non
1181 3859 1282 3915 fuit
1312 3860 1560 3915 humana:
1589 3860 1784 3914 mentis
1807 3900 1824 3925 ,

215 3972 276 4018 ut
301 3969 535 4017 mortem
561 3972 714 4014 suam
743 3956 1084 4027 pnndiceret.
1113 3954 1247 4009 Vide
1276 3967 1508 4024 namque
1527 3952 1654 4022 quid
1684 3952 1829 4008 dit-at

219 4052 389 4109 David
419 4070 434 4108 :
463 4049 662 4106 Notum
696 4048 780 4119 {ac
806 4049 953 4112 mihi,
985 4045 1224 4112 Domine,
1254 4047 1410 4114 finem
1430 4061 1622 4110 meum,
1649 4054 1695 4098 et
1731 4062 1829 4099 nu-

216 4159 419 4198 merum
454 4157 708 4195 annorum
736 4155 964 4194 meorum
998 4137 1110 4208 quis
1139 4147 1213 4192 est
1233 4179 1248 4204 ,
1281 4147 1337 4192 ut
1361 4138 1520 4192 sciam
1547 4137 1670 4207 quid
1701 4137 1828 4192 desit

215 4235 391 4308 mihi(
424 4233 568 4290 Psal.
595 4234 686 4290 38.
717 4232 753 4288 5
774 4231 813 4303 ).
853 4230 908 4286 Id
955 4230 1194 4301 profecto
1217 4244 1377 4285 nemo
1416 4229 1584 4285 novit.
1617 4229 1694 4283 Ex
1724 4243 1830 4283 uno

218 4337 402 4382 autem
432 4324 668 4380 alterum
695 4321 1068 4378 confirmatur.
1099 4320 1212 4390 Ego
1240 4335 1369 4375 vero
1395 4329 1525 4391 puto
1554 4320 1606 4374 id
1635 4328 1690 4374 et
1727 4318 1829 4375 mi-

225 4420 420 4476 nistris
459 4415 797 4490 amigmatice
821 4414 925 4471 dici
952 4457 968 4482 ,
997 4423 1053 4470 et
1079 4415 1353 4470 ministros
1398 4421 1678 4483 spectare,
1725 4427 1832 4482 quo

222 4509 462 4567 maxime
487 4509 610 4563 illos
649 4509 924 4572 alliceret;
954 4505 1249 4562 ostendens
1276 4521 1337 4560 se
1365 4506 1506 4560 scire
1531 4519 1629 4560 cur
1653 4505 1832 4559 venis-

222 4614 381 4668 sent;
421 4615 486 4657 ac
524 4601 568 4654 si
598 4599 834 4664 diceret,
863 4599 1180 4668 Exspectate
1211 4597 1483 4668 paulisper
1503 4639 1522 4665 ,
1553 4605 1608 4653 et
1645 4596 1828 4652 abibo.

223 4697 316 4752 55.
364 4690 615 4749 Dicebant
659 4706 780 4763 ergo
806 4689 980 4745 Judwi
1031 4691 1162 4744 inter
1203 4705 1304 4748 se:
1337 4688 1450 4759 Quo
1499 4689 1666 4744 iturus
1713 4689 1835 4744 est?

226 4786 470 4845 Tametsi
498 4785 576 4841 illi
602 4785 694 4856 qui
718 4783 1098 4840 desiderabant
1122 4791 1180 4839 ut
1204 4783 1378 4839 abiret
1398 4824 1414 4849 ,
1445 4782 1686 4852 nihilque
1727 4798 1833 4836 non

229 4879 505 4951 agebant,
547 4887 606 4932 ut
633 4891 703 4932 ne
742 4875 880 4931 ultra
919 4875 1166 4930 viderent
1203 4890 1358 4939 eum,
1387 4890 1492 4928 non
1522 4874 1838 4929 debuissent

231 4973 334 5028 hoc
359 4984 646 5042 qumrere;
674 4968 767 5024 sed
795 4969 976 5024 dicere
996 5009 1011 5032 ,
1042 4967 1348 5023 Gaudemus
1373 4965 1516 5035 quod
1553 4966 1714 5022 abeas
1743 4983 1756 5018 :
1785 4977 1840 5021 et

231 5063 446 5138 quando
473 5062 580 5119 hoc
604 5062 744 5118 erit?
771 5061 878 5117 Sed
900 5061 986 5116 his
1013 5060 1188 5116 verbis
1211 5059 1584 5125 movebantur,
1611 5069 1666 5114 et
1690 5061 1758 5113 ab
1777 5075 1839 5115 se

234 5166 419 5211 mutuo
443 5169 510 5209 ac
536 5154 701 5208 stulte
727 5162 1001 5224 quaerunt,
1031 5168 1141 5223 quo
1169 5153 1344 5208 iturus
1373 5163 1538 5208 esset.
1577 5151 1840 5224 Numquid

231 5249 286 5302 in
331 5247 701 5320 dispersionem
740 5246 968 5316 gentium
989 5245 1016 5300 2
1039 5244 1178 5312 Quid
1209 5255 1293 5299 est
1317 5286 1331 5311 ,
1366 5242 1429 5299 1η
1473 5244 1840 5316 dispersionent

236 5341 467 5413 gentium
486 5339 515 5393 .’
543 5337 636 5394 Sic
661 5348 852 5408 gentes
876 5338 1142 5393 vocabant
1164 5338 1358 5404 Judzni,
1385 5339 1507 5410 quia
1537 5339 1734 5409 ubique
1761 5339 1842 5394 di-

239 5446 442 5502 spersa:
465 5438 640 5494 erant,
665 5439 719 5484 et
739 5430 907 5486 libere
927 5429 1436 5487 commiscebantur.
1463 5432 1612 5486 lianc
1631 5447 1844 5502 quoque

240 5535 295 5580 ct
316 5523 391 5580 illi
415 5529 602 5592 postea
631 5520 980 5592 ignominiam
1002 5522 1144 5592 passi
1173 5531 1299 5577 sunt
1325 5541 1340 5577 :
1367 5538 1491 5579 nam
1512 5523 1610 5594 ipsi
1632 5540 1844 5594 quoque

241 5614 506 5686 dispersio
537 5615 772 5670 luerunt.
805 5613 946 5670 Olim
981 5625 1092 5670 tota
1122 5630 1255 5686 gens
1285 5616 1444 5672 simul
1475 5629 1662 5674 concta
1684 5629 1802 5674 erat
1826 5661 1843 5686 ,

245 5725 344 5766 nec
387 5707 519 5763 alibi
544 5709 785 5778 reperire
812 5718 928 5763 erat
964 5708 1248 5778 Judaeum,
1288 5725 1448 5781 quam
1481 5712 1534 5767 in
1563 5713 1846 5769 Palmstina

247 5810 476 5856 tantum.
508 5797 632 5854 Ideo
675 5798 848 5854 Judaei
892 5807 1078 5872 gentes
1110 5802 1373 5857 vocabant
1414 5802 1843 5875 dispersionem,

249 5893 640 5967 exprobrantes
679 5892 825 5961 illis,
873 5909 936 5949 ac
980 5893 1047 5950 de
1085 5907 1146 5950 se
1184 5895 1468 5967 magnillce
1528 5901 1841 5956 sentientes.

1247 423 1316 480 ΙΝ
1353 412 1672 480 ΙΟᾹΝΝΕΧΙ
1713 409 1942 466 llOillL.
1980 408 2041 463 L.
2077 414 2148 464 al.
2191 402 2379 460 XLIX.

3433 400 3540 457 232

1930 544 2070 615 Quid
2109 561 2238 614 ergo
2266 542 2366 598 sibi
2398 540 2510 596 vult
2542 538 2672 594 illud
2694 582 2707 601 ,
2746 538 2861 606 Quo
2888 554 2980 610 ego
3018 536 3148 592 vado
3167 577 3182 601 ,
3213 553 3296 591 vos
3320 553 3423 590 non
3444 557 3539 604 po-

1931 639 2070 692 testis
2097 637 2266 692 venire
2287 675 2301 698 ,
2330 634 2457 689 dum
2489 648 2613 688 cum
2653 631 2761 686 illis
2785 629 2957 686 Iudici
2989 629 3186 699 ubique
3232 644 3327 698 per
3354 627 3540 682 orbein

1931 740 2197 784 terrarum
2224 722 2751 782 connnisccrentur?
2778 722 2832 778 Si
2863 737 2994 792 ergo
3020 731 3211 790 gentes
3236 718 3543 790 signiﬁcare

1929 821 2208 882 voluisset,
2240 835 2347 874 non
2379 818 2625 881 dixisset,
2661 815 2776 882 Quo
2802 831 2904 868 non
2937 815 3144 884 potestis
3182 813 3369 867 venire.
3403 813 3542 868 Cum

1927 925 2108 968 autem
2134 913 2384 967 dixerunt
2410 951 2426 976 ,
2463 908 2606 964 Nam
2633 909 2687 962 in
2728 907 3096 977 dispersionem
3124 907 3348 976 gentium
3377 907 3546 959 itnrns

1926 1007 2040 1062 est?
2063 1019 2168 1059 non
2191 1005 2532 1065 addiderunt,
2559 1001 2627 1055 Et
2651 999 2956 1071 perditurus
2983 1013 3098 1065 eas,
3116 997 3234 1062 sed,
3267 996 3539 1051 Docturtrs.

1929 1097 2021 1153 Sic
2069 1099 2252 1152 sedata
2302 1105 2386 1152 est
2434 1095 2647 1149 illorum
2703 1093 2821 1158 ira,
2867 1101 2923 1145 et
2951 1089 3112 1144 dictis
3154 1087 3528 1143 crediderunt.

1928 1188 2062 1244 Nam
2085 1189 2128 1243 si
2154 1203 2260 1242 non
2280 1186 2657 1250 credidissent,
2689 1196 2795 1237 non
2827 1180 3105 1252 qumsiluri
3137 1183 3277 1234 inter
3301 1194 3361 1234 se
3385 1187 3541 1234 erant

1941 1280 2055 1352 ptld
2080 1280 2305 1336 diceret.
2336 1278 2534 1332 Verum
2561 1277 2676 1330 htec
2699 1275 2805 1329 illis
2833 1274 2973 1328 dicta
2994 1283 3176 1329 sunto.
3209 1271 3315 1327 Sed
3346 1270 3540 1328 timen-

1927 1373 2055 1428 dum
2076 1413 2092 1438 ,
2133 1387 2200 1426 ne
2225 1370 2380 1425 nobis
2409 1383 2626 1441 quoque
2666 1367 2753 1421 illa
2781 1373 3093 1435 competant
3117 1406 3132 1430 ,
3163 1363 3308 1435 quod
3337 1364 3425 1418 ubi
3456 1364 3547 1418 ille

1928 1474 2030 1530 est,
2063 1478 2129 1520 co
2153 1477 2253 1518 nos
2281 1478 2386 1518 non
2417 1462 2684 1532 pos~.imus
2713 1459 2884 1523 abire,
2908 1457 3049 1527 quod
3082 1458 3184 1511 tita
3209 1465 3388 1512 nostra
3415 1472 3545 1526 pec-

1927 1561 2060 1615 catis
2086 1562 2155 1616 sit
2189 1560 2364 1630 plena.
2400 1558 2477 1614 De
2522 1555 2802 1626 discipulis
2841 1555 2986 1608 enim
3029 1552 3144 1616 ait,
3199 1549 3328 1605 Volo
3364 1560 3418 1603 ut
3460 1550 3548 1604 ubi

1925 1670 2038 1708 sum
2069 1669 2163 1724 ego
2195 1694 2209 1718 ,
2241 1662 2289 1706 et
2321 1652 2400 1704 illi
2429 1651 2532 1703 sint
2559 1663 2755 1702 mecum
2781 1648 2798 1715 (
2824 1645 2982 1699 Joan.
3018 1644 3102 1698 l7.
3136 1642 3248 1704 24).
3285 1642 3361 1697 De
3392 1642 3547 1696 nobis

1926 1761 2056 1800 vero
2081 1747 2244 1800 timeo
2268 1759 2337 1799 ne
2364 1743 2700 1799 contrarium
2734 1739 2946 1793 dicatur
2969 1780 2984 1804 ,
3017 1735 3113 1792 Ubi
3143 1753 3234 1807 ego
3275 1751 3409 1793 sum.
3444 1751 3546 1788 non

1927 1840 2136 1911 potestis
2178 1839 2367 1892 venire.
2419 1836 2554 1890 Cum
2601 1834 2746 1890 enim
2792 1839 2980 1887 contra
3032 1831 3193 1901 quain
3239 1828 3548 1899 pnecipitur

1925 1948 2180 2004 agamus.
2214 1929 2488 2002 quomodo
2529 1927 2829 1998 poterimus
2856 1926 2947 1980 illo
2986 1923 3176 1980 abire?
3203 1922 3335 1976 Nam
3365 1922 3416 1976 in
3444 1921 3547 1975 hoc

1927 2027 2148 2090 sicculo,
2185 2026 2232 2080 si
2269 2025 2392 2095 quis
2422 2022 2580 2077 miles
2606 2037 2667 2077 ea
2698 2029 2816 2091 agat
2852 2035 2972 2090 quac
2995 2027 3181 2072 contra
3211 2017 3350 2081 regis
3375 2015 3550 2085 digni-

1929 2128 2092 2174 tatem
2121 2119 2248 2180 sint,
2275 2133 2382 2172 non
2412 2115 2610 2186 poterit
2636 2128 2818 2183 regem
2851 2111 3060 2178 videre,
3095 2109 3189 2165 sed
3219 2121 3546 2163 exauctora-

1928 2217 2015 2266 tns
2043 2219 2348 2265 extremum
2374 2211 2485 2262 luet
2509 2205 2856 2276 supplicium.

2001 2304 2231 2358 Avaritia
2254 2345 2270 2367 ,
2297 2301 2484 2372 rapina
2505 2299 2857 2367 injustitiaque
2891 2294 3170 2367 fugiendae.
3204 2291 3546 2362 Eleetnosyna

1924 2393 2332 2450 commendatur.
2361 2420 2434 2434 —
2460 2390 2518 2446 Si
2547 2405 2678 2460 ergo
2710 2389 3003 2459 rapiamus,
3037 2383 3278 2440 avaritia:
3319 2383 3540 2439 studea-

1929 2503 2072 2554 mus,
2105 2487 2300 2556 injuste
2326 2498 2570 2556 agamus.
2604 2482 2986 2553 percutiamus,
3009 2478 3410 2549 eleemosynam
3439 2492 3547 2531 non

1925 2594 2230 2652 erogemus,
2262 2595 2370 2634 non
2400 2577 2701 2647 poterimus
2730 2575 2822 2631 illo
2848 2573 3030 2635 abire;
3063 2571 3160 2627 sed
3191 2569 3243 2626 id
3275 2570 3545 2642 patiemur

1927 2673 2070 2745 quod
2103 2671 2400 2743 virginibus
2445 2670 2640 2726 accidit
2668 2687 2682 2722 :
2708 2682 2832 2738 quae
2874 2666 2940 2720 ad
2994 2665 3142 2719 illum
3189 2662 3396 2733 ingredi
3439 2677 3546 2716 non

1929 2772 2260 2836 potuerunt,
2299 2761 2394 2818 sed
2424 2769 2812 2824 recesserunt,
2849 2755 3134 2813 exstinctis
3161 2754 3498 2823 lampadith
3525 2795 3544 2821 ,

1931 2857 2034 2911 hoc
2063 2864 2146 2912 est
2172 2896 2187 2921 ,
2218 2853 2390 2927 gratia
2418 2852 2729 2908 deﬁciente.
2779 2849 3080 2905 Flammam
3110 2848 3312 2918 quippe
3356 2846 3501 2900 illaut
3529 2887 3545 2912 ,

1928 2963 2087 3018 quam
2115 2965 2143 3000 a
2175 2946 2406 3016 Spiritus
2433 2945 2607 3014 gratia
2646 2943 2829 2997 statim
2855 2939 3176 3010 accipimus,
3217 2939 3261 2992 si
3296 2937 3546 3000 velimus,

1928 3039 2294 3095 ardentior-em
2318 3036 2619 3100 efﬁcimus;
2646 3035 2731 3089 sin
2760 3032 3016 3096 nolimus,
3045 3031 3226 3084 statim
3250 3029 3395 3083 illam
3430 3044 3552 3098 por-

1927 3133 2137 3188 demus.
2170 3130 2263 3186 llla
2287 3139 2464 3185 autem
2487 3127 2773 3187 exstincta,
2799 3125 2932 3180 nihil
2961 3122 3106 3178 aliud
3127 3139 3288 3193 quam
3315 3122 3548 3177 tenebras

1931 3225 1983 3279 in
2013 3223 2212 3279 nostris
2243 3222 2498 3277 iusidebit
2521 3220 2733 3274 animis.
2759 3218 2909 3274 Sicut
2934 3217 3080 3274 enim
3108 3214 3338 3270 ardente
3360 3213 3543 3268 lucer-

1930 3332 1995 3371 na
2019 3357 2034 3382 ,
2065 3315 2231 3370 multa
2261 3314 2349 3367 lux
2378 3310 2630 3382 splendet
2663 3327 2678 3364 :
2709 3309 2787 3364 sic
2818 3308 2906 3362 illa
2939 3306 3193 3362 restincta
3221 3347 3236 3370 ,
3286 3303 3416 3358 nihil
3447 3303 3547 3358 nisi

1933 3407 2187 3462 tenebrm.
2214 3405 2338 3459 ideo
2355 3405 2428 3458 ait
2450 3420 2464 3457 :
2492 3400 2669 3456 Nolite
2687 3400 2925 3471 spiritum
2948 3399 3268 3469 exstinguere
3283 3397 3333 3469 (i
3349 3395 3546 3450 .Thess.

1931 3502 1984 3557 5.
2027 3501 2090 3556 l9
2114 3502 2153 3568 ).
2188 3498 2558 3568 Exstingnitur
2585 3503 2795 3560 autcm,
2823 3508 2948 3549 cum
2975 3493 3154 3547 oleum
3203 3506 3310 3545 non
3346 3489 3547 3550 habet;

1931 3593 2148 3666 quando
2193 3601 2356 3648 vento
2402 3590 2778 3646 vehementior
2826 3586 3073 3658 qundam
3126 3586 3210 3640 vis
3259 3582 3548 3647 insufﬂat;

1932 3684 2149 3757 quando
2187 3683 2564 3755 comprimitur
2591 3690 2646 3737 ct
2681 3689 3007 3735 coarctatur.
3040 3677 3130 3732 Sic
3158 3678 3306 3732 enim
3333 3676 3540 3731 exstin-

1931 3779 2113 3849 guitur
2157 3777 2314 3847 ignis.
2344 3773 2735 3844 Compriniitnr
2779 3781 2958 3826 autem
3008 3786 3038 3825 a
3086 3768 3542 3824 sollicitudinibus

1934 3868 2314 3930 saecularibus,
2348 3875 2404 3921 et
2431 3863 2798 3935 exstinguitur
2823 3877 2854 3916 a
2899 3862 3041 3916 mala
3085 3858 3550 3928 concupiscentia.

1935 3961 2015 4017 Ad
2049 3962 2164 4016 lucc
2206 3960 2340 4015 nihil
2387 3959 2531 4014 illam
2564 3959 2633 4013 ita
2679 3956 2975 4027 exsungnit
3001 3994 3018 4018 ,
3063 3964 3116 4009 ut
3152 3953 3512 4008 inhumanitas
3537 3991 3552 4012 ,

1935 4053 2246 4113 crudelitas.
2270 4050 2455 4121 rapina
2501 4049 2634 4104 Cum
2660 4057 2866 4112 autem,
2888 4047 3012 4101 oleo
3031 4044 3338 4110 deficiente,
3362 4057 3555 4112 aquam

1935 4147 2097 4201 etiam
2127 4143 2372 4214 frigidam
2402 4141 2735 4196 inl‘nntlimus
2760 4181 2776 4205 ,
2808 4139 2912 4195 hoc
2954 4148 3038 4194 est
3063 4135 3345 4193 avaritiam
3371 4175 3387 4202 ,
3431 4150 3554 4204 qua:

1939 4253 2038 4308 per
2068 4237 2318 4291 laesorum
2345 4233 2660 4290 mmstitiam
2693 4232 2903 4287 animas
2939 4230 3252 4299 exstinguit,
3284 4226 3429 4282 unde
3460 4242 3558 4296 pn-

1939 4337 2120 4384 terunt
2166 4327 2362 4381 iterum
2395 4322 2662 4380 accendi?
2709 4323 3058 4394 Migrahitnns
3100 4333 3230 4390 ergo
3278 4319 3558 4389 pulverem

1937 4421 2284 4488 cineremque
2311 4418 2538 4472 nmltmn
2562 4416 2839 4473 nobiscum
2869 4414 3105 4470 ferentes
3127 4412 3436 4481 fumumque
3459 4424 3560 4465 nos

1939 4521 2309 4575 accusantem,
2339 4509 2482 4580 quod
2513 4509 2790 4580 lampadas
2820 4506 3260 4562 exstinxerimus.
3286 4503 3386 4560 Ubi
3415 4505 3559 4557 enim

1943 4605 2122 4660 fumus
2150 4612 2235 4660 est
2257 4645 2272 4669 ,
2306 4602 2379 4657 ibi
2411 4616 2634 4659 necesse
2663 4610 2747 4657 est
2777 4601 3100 4655 exstinctum
3150 4598 3328 4668 ignem
3371 4596 3556 4650 fuisse.

1948 4696 2143 4752 Verum
2170 4695 2311 4750 absit
2341 4709 2409 4749 ne
2439 4693 2703 4764 quispiam
2737 4693 2875 4748 hanc
2905 4705 3093 4746 vocem
3132 4690 3335 4752 audiat,
3367 4687 3561 4741 Nescio

1944 4805 2057 4843 vos.
2070 4786 2425 4857 Quandonam
2447 4794 2622 4840 autem
2645 4785 2759 4839 haec
2779 4799 2884 4840 vox
2906 4783 3172 4850 audietur,
3198 4781 3301 4837 nisi
3323 4781 3412 4836 ubi
3436 4795 3561 4833 cum

1947 4893 2237 4952 pauperem
2265 4877 2533 4946 videmus,
2563 4876 2792 4948 perinde
2819 4876 2995 4932 affecti
3024 4891 3214 4932 sumus
3234 4917 3252 4941 ,
3279 4891 3345 4931 ac
3373 4875 3417 4929 si
3446 4890 3553 4928 non

1947 4977 2254 5032 videremus
2271 4976 2295 5028 ἲ
2315 4972 2543 5042 Quando
2572 4988 2672 5027 nos
2695 4971 2967 5027 Christum
2995 4972 3322 5026 esurientem
3348 4971 3564 5039 ignora-

1949 5070 2151 5134 bimns,
2186 5067 2451 5137 ignorabit
2479 5074 2534 5120 et
2556 5065 2642 5119 ille
2669 5078 2767 5118 nos
2793 5063 2914 5118 oleo
2936 5076 3160 5133 egentes
3185 5079 3197 5116 :
3223 5071 3275 5115 et
3306 5060 3427 5130 jure
3448 5076 3568 5128 qm-

1949 5162 2091 5218 dem.
2127 5160 2261 5214 Nam
2295 5160 2386 5229 qui
2421 5159 2682 5213 miserum
2710 5157 2964 5226 despicit,
2999 5171 3100 5211 nec
3126 5157 3278 5225 juvat
3311 5171 3375 5209 ex
3412 5154 3571 5207 bonis

1953 5258 2090 5318 suis,
2115 5252 2390 5327 quomodo
2416 5260 2622 5323 qumrct
2664 5252 2913 5319 accipere
2941 5265 3007 5304 ex
3037 5265 3146 5305 non
3175 5247 3328 5303 suis?
3357 5246 3562 5314 Quam-

1953 5349 2142 5403 obrem
2169 5388 2183 5411 ,
2219 5361 2350 5415 rogo
2372 5387 2388 5412 ,
2419 5345 2602 5400 omnia
2631 5342 2892 5399 faciamus
2918 5383 2932 5405 .
2959 5343 3139 5396 omnia
3170 5355 3482 5396 mnvcatttus
3515 5348 3574 5394 ut

1953 5440 2132 5495 oleum
2164 5438 2319 5493 nobis
2345 5453 2453 5493 non
2479 5437 2694 5492 deficiat
2720 5453 2736 5502 ;
2769 5435 2865 5490 sed
2895 5449 3152 5490 ornemus
3179 5433 3455 5503 lampades
3478 5473 3491 5487 .
3519 5441 3574 5485 ct

1953 5549 2075 5588 cum
2099 5545 2300 5601 sponso
2318 5531 2370 5584 in
2395 5529 2687 5582 thalamum
2718 5525 3082 5598 ingrediamnr
3114 5546 3124 5580 :
3151 5539 3312 5594 quem
3334 5538 3430 5576 nos
3452 5538 3571 5574 om-

1955 5640 2054 5680 nes
2083 5624 2297 5694 assequi
2329 5624 2648 5694 contingat,
2681 5622 2850 5692 gratia
2894 5630 2950 5675 et
2995 5619 3329 5688 benignitate
3362 5614 3573 5669 liontini

1957 5718 2126 5772 nostri
2144 5715 2269 5772 Jesu
2287 5712 2511 5780 Christi,
2543 5729 2637 5784 per
2658 5729 2819 5785 quem
2849 5721 2905 5768 et
2931 5727 3053 5767 cum
3084 5724 3190 5780 quo
3212 5708 3358 5764 Patri
3379 5708 3573 5778 gloria,

1957 5809 2224 5877 simulque
2249 5806 2469 5876 Spiritui
2502 5814 2693 5860 Sancto
2719 5848 2733 5874 ,
2767 5819 2911 5862 nunc
2937 5814 2993 5860 et
3020 5817 3239 5875 semper
3264 5843 3280 5869 ,
3312 5810 3368 5856 et
3396 5801 3447 5853 in
3476 5815 3578 5854 str-

1962 5901 2081 5955 cula
2105 5900 2445 5954 saeculorum.
2481 5898 2673 5952 Amen.
