4054 6440
586 434 691 488 εεξῒ

1297 437 1351 488 ς.
1393 436 1667 490 ,ΙΟᾹΝΧΧΞ
1691 436 2160 492 CllllYSOSTOlll
2201 439 2518 496 ARCHIEP.
2560 443 3090 503 CONSTAN‘TINOP.

3785 460 3884 511 RH

1742 573 3154 597 _____________________

2009 648 2340 709 llOMlLlA
2390 652 2488 711 LI.

581 798 707 848 εἶμι.
752 795 803 845 7.
846 809 895 846 v.
942 793 1027 848 57.
1067 793 1127 846 In
1180 795 1449 848 novissimo
1492 804 1660 845 autem
1691 793 1772 845 die
1818 809 2002 863 magno
2029 795 2164 862 festi-

653 887 834 946 t'itatis,
863 885 1024 938 stabat
1045 885 1219 950 Jesus,
1253 897 1298 939 et
1324 887 1571 940 clamabat
1592 887 1799 939 dicens:
1825 887 1886 940 Si
1911 888 2021 954 quis
2042 888 2165 952 sitit,

651 980 814 1030 venint
844 979 914 1030 ad
937 995 1014 1032 mc
1042 990 1085 1034 et
1112 980 1262 1032 bibat.
1293 979 1367 1051 (a)
1397 980 1483 1034 38.
1513 979 1612 1042 Qui
1633 980 1795 1031 credit
1829 981 1881 1032 in
1911 996 2008 1044 me,
2037 982 2168 1033 sicut

649 1070 768 1122 dicit
802 1070 1108 1140 Scriptura,
1142 1074 1357 1141 ﬂumina
1390 1073 1452 1126 de
1481 1083 1647 1126 ventre
1692 1072 1801 1141 ejus
1837 1073 1997 1140 ﬂuent
2023 1089 2168 1142 aqute

650 1164 795 1215 victe.

656 1255 707 1309 1.
741 1255 1006 1308 Auditores
1027 1255 1184 1310 divini
1211 1257 1345 1310 verbi
1371 1260 1592 1316 sitientes
1613 1281 1719 1319 esse
1755 1274 2045 1336 Oportet.—-
2064 1264 2163 1328 Qui

577 1347 642 1399 ad
663 1345 894 1400 divinam
916 1349 1175 1402 accedunt
1197 1351 1647 1421 medicationem,
1670 1369 1720 1411 et
1745 1359 1901 1413 fidem
1923 1367 2157 1420 servant,

578 1454 670 1494 eas
697 1440 986 1494 sitientium
1013 1441 1334 1497 desiderium
1365 1460 1473 1513 prae
1500 1461 1560 1500 se
1588 1447 1726 1503 ferre
1747 1459 1973 1519 oportet,
2004 1459 2163 1520 alque

583 1538 780 1582 tantam
829 1531 881 1582 in
935 1532 1128 1599 seipsis
1175 1533 1460 1591 incendere
1509 1539 2012 1606 concupiscentiam.
2072 1542 2162 1594 Sic

576 1620 718 1672 enim
745 1611 989 1688 poterunt
1010 1622 1146 1676 diota
1175 1627 1380 1679 cautius
1406 1629 1656 1683 retinere.
1684 1631 1814 1685 Nam
1838 1633 1924 1700 qui
1953 1632 2157 1698 sitiunt,

578 1720 853 1780 acceptum
884 1715 1128 1780 poculum
1161 1717 1506 1782 cupidissime
1536 1719 1805 1785 hauriunt,
1834 1736 1887 1777 et
1912 1725 1980 1777 ita
2013 1726 2158 1780 sitim

578 1802 782 1867 sedant.
823 1803 910 1859 Sic
937 1805 1112 1874 itaque
1139 1808 1225 1875 qui
1257 1809 1464 1864 divinos
1497 1814 1745 1868 hauriunt
1772 1831 2048 1870 sermones
2068 1859 2082 1882 ,
2113 1819 2157 1873 si

575 1893 814 1948 sitientes
843 1897 1114 1962 sorbeam,
1143 1915 1428 1970 numquam
1453 1905 1737 1959 cessabunt
1762 1908 1934 1962 donec
1957 1908 2157 1964 exhau-

571 1985 757 2038 serint.
795 1985 944 2051 Quod
973 1988 1113 2042 enim
1145 2005 1358 2060 semper
1379 2005 1622 2062 olzorteat
1651 1999 1800 2053 sitire
1832 2010 1884 2053 et
1914 2002 2118 2055 esurire
2138 2045 2152 2066 ,

569 2074 781 2140 dicitur,
813 2077 954 2132 Beati
981 2066 1314 2148 quidesuriunt
1354 2095 1401 2138 et
1446 2088 1620 2141 sitiunt
1639 2091 1892 2157 justitiam
1918 2092 1936 2164 (
1966 2091 2153 2147 Matth.

568 2166 621 2220 5.
653 2166 738 2229 6).
777 2169 838 2222 Et
869 2169 951 2223 hic
995 2173 1120 2225 dicit
1147 2174 1393 2230 Christus
1421 2219 1435 2241 ,
1471 2179 1534 2232 Si
1577 2183 1687 2249 quis
1712 2183 1849 2246 sitit,
1876 2186 2040 2237 veniat
2085 2187 2155 2239 nd

566 2273 645 2309 me
670 2269 716 2310 et
737 2259 908 2334 bibat;
936 2262 982 2314 id
1011 2275 1110 2328 (εει,
1137 2264 1412 2321 Neminem
1437 2272 1755 2326 necessitate
1784 2283 1870 2326 aut
1901 2275 1947 2327 vi
1969 2275 2147 2340 traho;

562 2348 653 2400 snd
686 2329 876 2419 siquis
901 2355 1078 2405 an'nno
1103 2368 1403 2426 promptus,
1433 2360 1475 2413 si
1503 2362 1621 2431 quis
1649 2363 1918 2418 desiderio
1939 2366 2149 2423 fervens

559 2440 662 2504 sit,
693 2438 832 2494 hunc
854 2459 954 2511 ego
986 2462 1139 2500 voco.
1175 2449 1243 2501 At
1269 2466 1364 2503 cur
1392 2454 1714 2522 evangelista
1746 2457 1823 2510 sic
1849 2460 2141 2526 expressit,

559 2531 623 2584 In
671 2536 934 2589 novissimo
961 2540 1041 2590 die
1083 2544 1312 2610 magno?
1340 2545 1546 2600 Etenim
1581 2551 1780 2617 primus
1830 2563 1883 2606 et
1928 2553 2146 2611 ultimus

556 2640 777 2693 magnus
800 2640 935 2695 erat,
965 2633 1124 2686 medii
1148 2647 1325 2690 autem
1345 2641 1521 2706 potius
1548 2642 1598 2694 in
1625 2641 1832 2696 deliciis
1856 2659 2141 2703 eonsume-

556 2713 765 2769 bantur.
811 2718 920 2793 Cur
949 2737 1077 2787 ergo
1123 2723 1192 2776 In
1223 2728 1497 2782 novissimo
1543 2731 1712 2786 dicit?
1755 2734 1886 2802 Quia
1936 2737 2029 2790 illo
2055 2739 2142 2793 die

548 2820 737 2862 ouines
761 2813 1171 2867 comenit-bzmt.
1204 2816 1257 2870 In
1289 2821 1463 2886 primo
1493 2837 1596 2876 non
1621 2825 1766 2878 venit
1795 2825 1903 2891 ille,
1932 2837 1984 2882 et
2013 2844 2136 2882 cau-

546 2911 658 2950 sam
685 2900 813 2953 dixit
846 2901 1113 2959 fratribus.
1147 2907 1251 2961 Sed
1279 2925 1376 2964 nec
1403 2912 1452 2965 in
1482 2915 1740 2984 secundo,
1771 2933 1870 2973 nec
1893 2919 1944 2973 in
1979 2923 2136 2976 tertio

541 2990 811 3058 quidpiam
842 2994 944 3046 tale
972 2995 1136 3061 dicit;
1166 3013 1232 3052 ne
1260 2999 1408 3054 irrita
1448 3003 1626 3058 forent
1661 3009 1820 3061 verba
1849 3051 1860 3068 .
1894 3010 2019 3063 dum
2054 3010 2133 3065 fu-

543 3089 716 3135 turum
739 3092 850 3138 erat
884 3095 940 3140 ut
966 3087 1037 3141 illi
1082 3089 1131 3142 iu
1165 3089 1372 3150 deliciis
1394 3105 1592 3152 essent.
1624 3097 1923 3156 Novissima
1948 3113 2128 3162 autem

538 3175 626 3228 die
653 3215 669 3238 ,
701 3180 913 3243 quando
944 3183 1265 3237 recedebant
1295 3187 1513 3243 domum
1543 3232 1556 3253 ,
1587 3191 1778 3247 viatica
1807 3196 1872 3249 ad
1901 3197 2127 3254 salutent

537 3263 629 3317 dat
657 3266 760 3319 illis
780 3309 792 3331 ,
835 3278 888 3322 et
926 3271 1118 3325 clamat
1146 3290 1159 3336 ;
1193 3285 1300 3329 tum
1330 3287 1386 3331 ut
1417 3278 1662 3336 ﬁduciam
1700 3296 1753 3336 et
1783 3287 2028 3353 loquendi
2060 3290 2129 3342 li-

534 3355 792 3410 bertatem
816 3363 1054 3415 ostendat
1082 3380 1094 3424 ;
1122 3375 1230 3418 tum
1252 3380 1306 3420 ut
1325 3379 1481 3425 tantae
1498 3375 1820 3429 multitudini
1843 3379 2122 3448 significet.

530 3462 590 3501 se
617 3448 682 3503 de
709 3451 968 3518 spirituali
1001 3466 1124 3523 potu
1157 3459 1430 3527 loquutmu
1472 3480 1622 3530 esse,
1658 3468 1947 3540 adjicitque
1976 3490 1988 3525 :
2017 3476 2124 3540 Qui

529 3541 686 3594 credit
723 3543 775 3594 in
809 3561 887 3598 me
909 3587 924 3611 ,
959 3548 1086 3601 sicut
1112 3550 1234 3604 dicit
1264 3551 1531 3624 Scriptura
1555 3598 1570 3622 ,
1616 3560 1829 3627 {Iuntina
1855 3567 1916 3615 de
1942 3577 2112 3620 uentus

526 3633 636 3695 eius
659 3634 817 3701 [luent
844 3652 989 3700 aqua:
1013 3641 1152 3694 viva.
1190 3641 1440 3699 Ventrem
1470 3663 1564 3702 eor
1590 3661 1777 3715 vocat;
1811 3664 1865 3704 ut
1894 3664 1947 3707 et
1976 3672 1988 3706 ι
2015 3658 2108 3712 Eibi

525 3724 618 3787 ait,
641 3723 874 3794 Etlcgem
890 3739 1028 3781 tuam
1051 3732 1101 3783 in
1125 3733 1288 3787 medio
1305 3739 1490 3790 ventris
1507 3741 1602 3792 mei
1622 3741 1692 3810 (b)
1719 3740 1889 3811 (Psal.
1913 3746 2001 3799 59.
2031 3747 2110 3817 9).

533 3813 598 3866 Et
643 3816 858 3870 ubinam
888 3818 1016 3872 dicit
1049 3821 1357 3892 Scriptura,
1406 3826 1651 3884 Flumina
1689 3835 1753 3886 de
1794 3846 1963 3890 centre
2005 3841 2112 3908 ejus

521 3910 678 3976 [luent
707 3928 855 3980 aqme
877 3913 1000 3967 circa
1021 3915 1046 3968 ?
1071 3915 1359 3987 Nusquam.
1383 3921 1519 3987 Quid
1545 3925 1645 3978 sibi
1671 3927 1779 3981 vult
1797 3945 1924 3998 ergo
1957 3932 2103 3997 illud,

525 3998 625 4063 Qui
654 4000 817 4053 credit
847 4003 897 4055 in
930 4019 1024 4068 me,
1054 4007 1182 4059 sicut
1209 4010 1329 4062 dicit
1357 4010 1670 4082 Scriptura?
1700 4017 1794 4072 Hic
1821 4021 2102 4090 interpun-

518 4091 748 4156 gcndmu
781 4103 899 4158 est;
931 4106 987 4148 ιιι
1023 4097 1147 4152 illttd
1179 4140 1193 4162 ,
1225 4099 1467 4156 Flumina
1494 4106 1556 4158 de
1582 4119 1749 4163 ventre
1773 4113 1883 4181 ejus
1907 4116 2067 4184 [luent
2087 4158 2102 4181 ,

515 4181 584 4234 sit
607 4180 802 4238 Christi
832 4191 1118 4243 sententia.
1157 4192 1289 4258 Quia
1330 4197 1471 4250 enim
1501 4202 1648 4255 multi
1682 4180 1965 4270 dicebant,
2002 4207 2100 4262 llic

513 4282 583 4325 est
615 4274 883 4343 Christus;
913 4289 966 4335 et
992 4281 1220 4338 Christus
1264 4303 1378 4341 cum
1417 4295 1601 4345 venerit
1627 4335 1640 4356 ,
1685 4300 1930 4365 nuntquid
1953 4301 2104 4368 plura

513 4364 662 4433 signa
687 4370 835 4438 faciet
879 4371 897 4442 (
922 4388 969 4426 υ.
996 4374 1086 4430 96.
1114 4387 1161 4430 et
1187 4377 1248 4432 5|
1278 4380 1335 4446 )?
1360 4385 1595 4438 ostendit
1622 4364 1873 4455 Oportere
1900 4403 2098 4447 rectam

513 4465 697 4511 tenere
728 4464 1080 4526 sententiam,
1116 4483 1287 4536 neque
1318 4469 1386 4522 ita
1430 4489 1496 4527 ex
1533 4475 1732 4545 signis,
1766 4487 1823 4531 ut
1866 4495 1930 4535 ex
1957 4481 2103 4536 Seria

509 4551 680 4613 ptui-is
711 4551 1035 4608 credendum
1064 4573 1206 4612 esse.
1244 4560 1389 4616 Multi
1414 4567 1556 4619 enim
1602 4584 1720 4623 cum
1759 4571 1907 4627 illum
1937 4576 2099 4630 mira-

507 4639 622 4693 t-ula
655 4640 898 4698 edentem
925 4659 1228 4714 cernerent,
1261 4669 1364 4706 non
1393 4659 1543 4724 quasi
1571 4658 1846 4718 Christum
1873 4668 2094 4736 recipie-

508 4730 633 4784 bant
663 4748 676 4795 ;
725 4735 835 4786 imo
867 4737 1058 4792 dicturi
1086 4751 1283 4806 erant,
1316 4744 1501 4802 Nonne
1530 4750 1819 4822 Scriptura:
1866 4757 2089 4826 dicunt,

501 4825 776 4879 Christum
823 4845 888 4882 ex
919 4834 1123 4885 ερηιίι..ε
1171 4836 1336 4890 David
1384 4851 1666 4899 venturum
1712 4850 1871 4903 esse?
1914 4849 1971 4905 ld
2000 4851 2090 4908 ille

502 4918 812 4987 frequenter
837 4924 1080 4978 versabat
1105 4968 1118 4986 ,
1152 4936 1214 4987 ut
1238 4932 1543 4990 ostenderet
1569 4951 1628 4991 se
1651 4937 1953 5008 huiusmodi
1993 4944 2088 4999 de-

506 5013 945 5068 monstrationem
975 5032 1078 5069 non
1108 5017 1294 5089 fugere
1325 5039 1338 5075 :
1369 5040 1658 5094 rursusque
1685 5031 1808 5086 illos
1839 5034 1905 5087 ad
1942 5035 2086 5091 Scri-

504 5110 684 5168 ptnras
732 5106 973 5160 remittit.
1017 5110 1275 5178 Superius
1312 5115 1453 5170 enim
1495 5117 1739 5176 dixerat:
1774 5123 2088 5183 Scrutamini

502 5191 820 5260 Seriptaras;
849 5207 902 5250 et
932 5214 1141 5254 rursum
1173 5218 1187 5255 :
1216 5203 1476 5274 Scriptum
1505 5221 1576 5263 est
1598 5216 1651 5266 in
1680 5218 1942 5283 prophetis
1968 5262 1982 5284 ,
2017 5219 2084 5273 Et

497 5293 640 5332 erunt
680 5299 848 5338 omnes
880 5287 1116 5345 docibiles
1148 5291 1242 5346 Dei
1259 5291 1436 5366 (Joan.
1471 5300 1521 5353 5.
1548 5301 1616 5356 59
1665 5313 1709 5357 et
1743 5307 1794 5360 6.
1824 5307 1929 5378 43)
1957 5324 1971 5372 ;
2006 5321 2078 5375 et,

498 5369 702 5442 Moyses
735 5389 820 5428 vos
861 5390 1101 5446 accusat;
1125 5383 1210 5440 hic
1238 5401 1396 5451 vero,
1426 5389 1570 5444 Sicut
1596 5393 1723 5448 dixit
1765 5397 2042 5467 Scriptura
2062 5443 2076 5467 ,

558 5548 630 5622 (q)
664 5548 717 5622 in
739 5552 903 5622 _\torel.
934 5567 1042 5622 gum
1066 5567 1336 5617 sequuntur
1356 5561 1562 5614 deerant
1589 5569 1631 5615 in
1670 5571 1830 5622 titulo.

562 5611 631 5669 (b)
664 5611 902 5662 Ηυιπςιίςρ
932 5611 1111 5676 legitur
1134 5611 1411 5697 ἱππεῖ-σπι,
1433 5611 1664 5680 assa.
1687 5611 1923 5682 tiscei‘um
1948 5650 2074 5686 meo-
2122 5677 2126 5681 .

488 5693 613 5735 rum,
637 5690 686 5730 ut
715 5688 856 5764 qutit
877 5689 1196 5758 Syanuut‘htts.
1216 5688 1376 5762 Aquila
1400 5706 1562 5742 autem
1582 5708 1630 5747 et
1655 5701 1933 5764 ‘l'heodotio,
1955 5718 2077 5764 quos

490 5752 711 5802 sequunr
760 5745 1080 5813 lib-wonymns
1101 5785 1112 5805 ,
1143 5753 1187 5798 in
1229 5745 1386 5803 ni‘dio
1410 5767 1585 5807 t‘t'ttlt'ts
1610 5745 1718 5809 mei.
1745 5769 1853 5809 LXX
1882 5745 1934 5812 et
1958 5745 2075 5813 ἶίιιο

491 5816 612 5861 gata.
640 5806 688 5852 in
714 5808 869 5855 "tW/li)
893 5806 1052 5857 carnis
1080 5813 1186 5859 mei.
1221 5815 1286 5861 litt
1312 5828 1379 5863 δε.
1403 5820 1616 5868 Patrinus
1641 5833 1802 5872 autent
1824 5824 1904 5873 alii
1932 5827 2070 5887 hanc,

491 5866 563 5887 r.|..
594 5868 636 5887 ΣΙ.
659 5883 713 5887 ....
747 5871 767 5887 ζ.
795 5880 802 5887 .
832 5885 864 5887 η.
907 5886 910 5887 ,
967 5883 974 5887 .
1018 5885 1024 5887 _

490 5866 564 5910 eln
593 5868 715 5912 illam
745 5871 1197 5931 iulcrpretutuunrtn
1225 5889 1511 5937 sequuntur.

2275 799 2489 864 ﬂumina
2511 806 2572 857 de
2593 819 2758 863 ventre
2780 815 2890 882 ejus
2915 819 3075 884 ﬂuent
3096 832 3110 892 (
3129 823 3285 882 Joan.
3393 833 3461 889 45
3484 832 3500 907 )
3525 857 3538 904 ;
3571 840 3880 896 ubertatem

2275 900 2330 943 et
2368 897 2576 962 copiam
2608 905 2790 969 gratiae
2819 911 3183 981 subindicans.
3235 936 3292 980 ut
3337 897 3671 1003 alibi'dicit,
3734 941 3883 996 Fons

2273 992 2419 1044 aqua:
2441 984 2666 1040 salientis
2696 990 2746 1042 in
2774 995 2921 1050 vitam
2947 1012 3185 1060 teter-nam
3215 1011 3233 1078 (
3254 1011 3390 1068 Ibid.
3419 1020 3472 1072 4.
3517 1025 3614 1093 14)
3640 984 3671 1091 ς.
3686 1029 3738 1082 id
3771 1045 3876 1092 ρει,

3222 1074 3230 1078 .
3521 1074 3538 1076 -
3561 1074 3577 1077 -
3595 1074 3611 1093 ι
3640 1074 3653 1091 ν
3687 1074 3735 1082 -ν
3773 1074 3784 1081 ·
3807 1074 3876 1092 ν’.

2275 1074 2493 1130 mtdtam
2517 1078 2732 1138 habebit
2751 1094 2997 1157 gratiam.
3019 1101 3156 1155 Alibi
3181 1104 3409 1175 dixerat,
3430 1117 3582 1170 vitam
3603 1132 3881 1188 a’lernam;

2279 1162 2362 1188 LL.
2390 1167 2436 1188 J:
2451 1171 2511 1188 ,κ
2808 1183 2819 1188 -

2278 1162 2363 1218 hic
2386 1167 2533 1234 dicit,
2564 1190 2750 1245 aquam
2772 1183 2952 1240 rivum.
2979 1188 3163 1247 Vivam
3188 1212 3339 1253 vocat
3363 1220 3481 1260 eam
3510 1225 3630 1277 qua:
3655 1230 3880 1285 semper

2278 1267 2528 1285 nn..n..s....
2595 1265 2646 1285 σν
2676 1269 2687 1280 ·
2724 1271 2752 1285 ’ν
2927 1278 2937 1285 ·

3529 1265 3539 1277 Ι
3692 1265 3752 1269 --κ
3783 1265 3797 1285 ,
3826 1265 3832 1268 .
3857 1265 3868 1270 -

2272 1267 2528 1322 operatur
2551 1303 2565 1328 ,
2595 1265 2824 1335 Spiritus
2852 1278 2994 1333 enim
3024 1287 3191 1352 gratia
3235 1304 3355 1346 cum
3403 1295 3456 1350 in
3500 1303 3741 1359 animum
3795 1311 3878 1362 in-

2270 1360 2453 1414 gressa
2482 1362 2537 1408 et
2563 1360 2790 1418 stabilita
2821 1366 3011 1437 fuerit,
3047 1376 3163 1442 plus
3190 1397 3346 1449 quam
3377 1387 3492 1442 fons
3522 1371 3698 1463 quivis
3744 1416 3876 1454 δυτι-

2273 1442 2433 1504 turit;
2465 1461 2637 1516 neque
2665 1467 2856 1521 cessat,
2891 1462 2972 1516 vel
2997 1480 3316 1542 evacuatur,
3352 1493 3524 1549 neque
3540 1442 3771 1546 desinit.
3808 1494 3878 1548 L’t

2268 1544 2397 1600 ergo
2424 1536 2581 1593 simul
2608 1554 2661 1597 et
2689 1563 2976 1620 numquam
3005 1557 3253 1630 deficere,
3281 1581 3334 1624 et
3359 1572 3702 1638 iueffabiliter
3724 1601 3874 1656 Ope-

2268 1627 2372 1656 ιιιι..ζ
2404 1628 2618 1656 Λημηι-.
2697 1638 2721 1656 ρ
2794 1652 2804 1656 -
3028 1651 3053 1656 _

2268 1627 2372 1677 rari
2403 1628 2660 1702 denotet,
2694 1638 2896 1698 fontem
2938 1658 2992 1701 et
3021 1651 3210 1710 fluvios
3251 1664 3515 1733 appellat;
3551 1687 3658 1727 non
3691 1627 3868 1733 littllltll

2267 1721 2485 1777 fluvium
2512 1767 2525 1788 ,
2573 1731 2666 1785 sed
2717 1735 3155 1802 innumerabiles.
3189 1752 3255 1806 Et
3301 1757 3406 1811 illic
3446 1764 3730 1821 salientem
3766 1787 3870 1839 pro

2267 1811 2553 1839 :.......l..--.-
2607 1822 2714 1839 sum
2779 1828 2813 1839 Α
2913 1831 2926 1839 .
2993 1835 3004 1839 -

2266 1811 2558 1872 inundaute
2587 1822 2738 1878 dixit.
2774 1828 2927 1894 Quod
2957 1835 3101 1891 clare
3123 1844 3381 1912 percipiet
3411 1851 3454 1903 si
3487 1854 3608 1921 quis
3639 1811 3870 1926 sapiim-

3124 1905 3135 1908 -
3276 1905 3285 1912 -
3505 1905 3519 1921 1
3568 1905 3605 1909 ⁷*
3639 1905 3834 1926 ”’“Ι’““””

2267 1905 2392 1959 tiam
2424 1908 2683 1981 Stephani
2709 1961 2724 1982 ,
2756 1919 2899 1976 Petri
2934 1926 3201 1997 linguam,
3238 1935 3380 1991 l'auli
3413 1943 3516 1995 vim
3548 1950 3870 2004 considera-

2263 2000 2431 2065 verit,
2469 2018 2574 2073 quo
2607 2020 2760 2074 pacto
2789 2014 2917 2068 nihil
2955 2034 3049 2072 eos
3083 2025 3258 2080 tulerit
3287 2071 3302 2094 ,
3337 2031 3466 2086 nihil
3497 2041 3815 2098 sustinuciit
3849 2063 3863 2109 ;

2262 2105 2367 2143 non
2401 2097 2712 2164 populorum
2743 2103 2910 2174 furor,
2942 2125 3046 2165 nou
3073 2124 3418 2185 tyrannorum
3447 2127 3720 2198 violentia,
3751 2152 3864 2191 non

2257 2182 2559 2243 dmmonum
2593 2193 2817 2264 insidia},
2851 2217 2954 2256 non
2978 2210 3302 2275 quotidianzu
3323 2229 3553 2285 mortes;
3582 2227 3676 2279 sed
3700 2231 3862 2296 quasi

2263 2275 2408 2296 ηωη,
2462 2295 2469 2296 ί
2728 2289 2739 2296 .

2262 2275 2479 2330 tlumina
2510 2297 2702 2353 magno
2726 2289 2926 2360 impetu
2955 2297 3192 2364 fluentia,
3229 2306 3306 2357 sic
3329 2313 3506 2363 omnia
3539 2329 3722 2370 secum
3757 2330 3862 2373 tra-

2253 2367 2446 2422 xerint.
2475 2372 2564 2427 59.
2599 2373 2724 2430 Haec
2745 2392 2912 2436 autem
2932 2386 3061 2441 dixit
3088 2391 3151 2444 de
3170 2394 3393 2464 Spiritu,
3422 2418 3568 2470 quem
3593 2415 3860 2476 accepturi

2250 2471 2394 2513 erant
2432 2465 2688 2522 credentes
2735 2471 2786 2526 in
2817 2491 2949 2531 eum.
2994 2478 3240 2539 Nondum
3281 2491 3414 2544 enim
3457 2507 3566 2548 erat
3615 2498 3857 2569 Spiritus

2248 2564 2470 2610 sanctus.
2519 2559 2799 2627 Quomodo
2839 2584 2967 2640 ergo
3015 2577 3285 2645 prOphetae
3319 2586 3743 2654 prophetarum,
3797 2607 3852 2650 et

2248 2642 2526 2702 innumera
2555 2654 2773 2712 edidere
2801 2663 3104 2721 miracula?
3134 2672 3377 2741 Apostoli
3410 2680 3550 2732 enim
3584 2699 3689 2738 non
3721 2687 3850 2756 Spi—

2246 2739 2371 2802 ritu,
2396 2743 2489 2796 sed
2513 2743 2628 2814 ejus
2651 2749 2844 2807 virtute
2863 2753 3126 2814 daemonia
3151 2739 3446 2832 eiecerunt,
3472 2783 3525 2825 ut
3549 2774 3662 2842 ipse
3685 2739 3847 2834 dit'Iit:

2244 2831 2307 2884 Si
2333 2849 2424 2903 ego
2466 2837 2518 2889 in
2552 2838 2821 2897 Beelzebub
2858 2849 3005 2916 ejicio
3036 2854 3308 2922 dtemonia,
3340 2863 3437 2926 ﬁlii
3465 2868 3613 2919 vestri
3641 2869 3692 2920 in
3738 2888 3848 2938 quo

2240 2925 2450 2993 ejiciunt
2486 2929 2716 2998 (Matth.
2749 2938 2834 2992 12.
2866 2942 2933 2995 27
2957 2943 2972 3010 )
2996 2947 3020 2998 '.’
3047 2946 3156 3002 Hoc
3191 2925 3367 3008 autem
3413 2958 3623 3015 dicebat
3669 2925 3847 3034 signi-

2238 3015 2425 3087 licaus,
2446 3036 2550 3077 non
2573 3040 2761 3084 onmes
2779 3028 2979 3103 Spiritu
2997 3049 3120 3095 ante
3137 3056 3372 3112 crucem,
3394 3050 3486 3106 sed
3505 3051 3618 3122 ejus
3635 3059 3844 3116 virtute

2234 3110 2457 3179 ejecisse
2483 3116 2765 3177 dmmonia.
2791 3124 2925 3183 Cum
2957 3146 3084 3201 ergo
3111 3135 3231 3212 illos
3254 3141 3511 3197 missurus
3534 3158 3670 3211 erat,
3707 3160 3842 3209 tunc

2237 3200 2388 3266 dixit,
2421 3207 2644 3277 Accipite
2670 3212 2924 3284 Spiritum
2940 3235 3194 3291 sanctum;
3221 3245 3284 3281 ac.
3314 3248 3526 3289 rursum
3545 3279 3557 3298 ,
3601 3236 3746 3294 Venit
3777 3245 3837 3298 in

2231 3309 2314 3347 eos
2332 3293 2554 3366 Spiritus
2569 3315 2791 3370 sanctus,
2811 3318 2859 3361 et
2870 3321 2988 3365 tunc
3003 3315 3147 3384 signa
3158 3319 3409 3386 faciebant
3430 3293 3586 3397 (latin
3612 3293 3835 3405 20.22);

2296 3386 2353 3439 2.
2394 3389 2525 3444 Cum
2553 3403 2729 3450 autem
2759 3402 2902 3455 misit
2923 3419 3036 3469 eos,
3066 3411 3344 3477 nou-dixit,
3374 3386 3527 3473 Dedit
3547 3422 3625 3475 eis
3652 3386 3836 3494 Spiri-

2227 3486 2337 3532 tum
2364 3493 2637 3551 sanctum;
2671 3490 2786 3554 sed,
2837 3492 2992 3549 Dedit
3018 3497 3089 3553 eis
3115 3511 3433 3572 potestatem,
3482 3512 3667 3567 dicens
3734 3515 3831 3571 Le-

2221 3586 2401 3638 prosos
2430 3578 2691 3644 mandate,
2739 3583 2993 3639 dteinonia
3038 3591 3224 3660 ejicite,
3271 3609 3496 3654 mortuos
3538 3607 3826 3673 suscitata;

2219 3667 2377 3731 gratis
2398 3669 2680 3736 accepistis,
2707 3676 2867 3742 gratis
2897 3680 3012 3733 date
3039 3681 3263 3752 (Matth.
3301 3689 3386 3744 l0.
3423 3692 3472 3745 1.
3506 3705 3552 3747 et
3579 3696 3658 3765 8).
3682 3667 3822 3753 Pro:

2219 3754 2397 3824 phetis
2425 3771 2602 3814 autem
2636 3765 2685 3816 in
2715 3769 2964 3825 confesso
3005 3776 3145 3843 apud
3195 3794 3386 3837 onmes
3427 3796 3512 3840 cst
3555 3787 3818 3858 Spiritum

2217 3861 2459 3905 sanctum
2492 3853 2655 3910 fuisse
2684 3859 2899 3927 datum;
2932 3867 3024 3920 sed
3050 3872 3220 3937 gratia
3266 3874 3352 3929 illa
3395 3888 3664 3935 contracta
3696 3899 3820 3941 erat

2215 3947 2268 3993 et
2295 3943 2498 4009 avulsa,
2529 3956 2688 4018 atque
2715 3951 2766 4004 in
2792 3962 2927 4009 terra
2957 3958 3192 4015 desierat
3217 3965 3285 4019 ab
3329 3967 3414 4022 illa
3454 3971 3560 4037 die,
3594 3990 3695 4043 qua
3725 3978 3816 4030 di-

2213 4039 2355 4085 ctum
2384 4032 2503 4096 fuit,
2539 4035 2860 4109 Relinquitur
2883 4046 3065 4102 domus
3091 4063 3256 4107 uestra
3286 4055 3485 4113 deserta
3520 4032 3680 4130 (ibid.
3715 4071 3810 4122 25.

2211 4120 2322 4190 53).
2362 4123 2425 4177 Et
2451 4136 2576 4182 ante
2606 4129 2746 4185 illam
2769 4134 2908 4189 diem
2927 4138 3038 4206 jam
3061 4144 3232 4198 rarior
3251 4160 3372 4203 esse
3392 4120 3648 4221 ccc-pcrat.

2212 4212 2291 4266 lus
2314 4217 2451 4284 apud
2479 4219 2598 4274 illos
2624 4225 2882 4295 propheta
2906 4243 3051 4299 erat;
3085 4251 3258 4308 neque
3284 4245 3449 4311 gratia
3479 4212 3689 4322 illorum
3721 4271 3814 4309 sa—

2207 4311 2312 4363 cris
2360 4317 2736 4383 prospiciebat.
2784 4322 2916 4378 Cum
2963 4327 3122 4396 igitur
3164 4331 3391 4400 Spiritus
3433 4320 3649 4397 sanctus
3688 4347 3806 4414 jmn

2206 4401 2413 4455 ablatus
2442 4416 2600 4469 esset,
2647 4409 2987 4485 futurumque
3016 4431 3159 4476 esset
3189 4433 3246 4478 ut
3279 4425 3479 4497 largius
3507 4432 3810 4493 eil‘rrndere-
3901 4451 3904 4454 ’

2208 4501 2310 4558 tur,
2332 4497 2482 4566 cujus
2499 4499 2623 4556 doni
2648 4507 2965 4577 principium
2991 4522 3112 4582 pest
3135 4532 3347 4574 crucem
3369 4524 3484 4590 fuit,
3515 4543 3620 4582 non
3639 4531 3807 4586 abun-

2201 4584 2412 4641 dantius
2435 4592 2612 4658 modo,
2638 4595 2732 4650 sed
2755 4598 2916 4654 etiam
2935 4617 3054 4657 cum
3079 4608 3371 4677 majoribus
3388 4613 3805 4679 charismatibns

2201 4678 2523 4746 (mirabilius
2548 4687 2746 4756 quippe
2776 4691 2980 4749 donum
3009 4695 3128 4763 fuit,
3161 4710 3215 4754 ut
3241 4716 3362 4757 cum
3389 4705 3535 4771 dicit,
3573 4678 3802 4771 Nescitis

2197 4772 2343 4839 cujus
2370 4775 2582 4841 spiritus
2605 4780 2715 4833 sitis
2742 4778 2889 4853 [Luc.
2914 4785 2968 4840 9.
3014 4787 3136 4860 55];
3165 4801 3218 4846 et
3258 4794 3471 4861 iterum,
3509 4800 3631 4858 Non
3664 4809 3800 4862 enim

2196 4866 2456 4932 accepistis
2476 4871 2709 4938 spiritum
2732 4877 3000 4942 servitutis,
3025 4883 3114 4934 sed
3134 4888 3398 4956 accepistis
3418 4893 3655 4960 spiritum
3670 4905 3800 4954 ndo-

2197 4956 2382 5022 ptionis
2404 4957 2581 5029 [Ιίοηι.
2614 4967 2666 5018 8.
2703 4965 2810 5038 ib].
2843 4968 2974 5024 Nam
3019 4985 3230 5031 veteres
3274 4981 3346 5034 illi
3375 4956 3588 5055 quoque
3616 4991 3795 5059 Spiri-

2197 5055 2305 5100 tum
2353 5051 2639 5117 habebant,
2678 5059 2772 5111 sed
2817 5061 2937 5118 aliis
2969 5081 3070 5118 non
3105 5051 3527 5139 impertiebant-2
3559 5051 3794 5150 apostoli

2194 5153 2322 5192 vero
2349 5141 2658 5200 innumeros
2690 5148 2781 5202 illo
2808 5153 3137 5226 replebant);
3176 5166 3425 5230 quoniam
3457 5168 3617 5237 igitur
3645 5174 3791 5229 illam

2188 5233 2411 5300 gratiam
2444 5242 2710 5306 accepturi
2734 5254 2888 5298 erant
2907 5245 3164 5316 (nondum
3183 5256 3323 5308 enim
3349 5233 3644 5335 dataerat),
3669 5267 3792 5320 ideo

2188 5323 2280 5384 ait,
2308 5324 2552 5382 Nondum
2579 5343 2687 5386 erat
2716 5335 2942 5405 Spiritus
2963 5352 3185 5396 sanctus.
3222 5346 3294 5401 De
3321 5346 3419 5404 hac
3441 5323 3788 5424 igitur'gratia

2188 5419 2513 5486 evmgelista
2555 5423 2786 5488 dicebat,
2833 5427 3079 5486 Nondum
3134 5447 3239 5489 erat
3288 5439 3516 5508 Spiritus
3554 5461 3785 5517 sanctus,

2188 5522 2381 5578 nempe
2426 5513 2614 5576 datus,
2660 5520 2779 5577 quia
2820 5521 2973 5576 Jesus
3015 5528 3240 5581 nondum
3296 5544 3402 5585 erat
3442 5536 3784 5608 glori/iratus,

2183 5601 2406 5668 gloriam
2431 5608 2708 5675 appellans
2731 5627 2968 5668 crucem.
2993 5617 3125 5684 Quia
3149 5622 3290 5675 enim
3319 5624 3519 5681 inimici
3543 5645 3783 5700 eramus,

2187 5708 2510 5762 peccatores,
2531 5704 2698 5770 gratia
2731 5707 2818 5759 Dei
2839 5709 3050 5778 privati,
3079 5712 3277 5770 inimici
3305 5717 3426 5783 Dei;
3459 5726 3628 5791 gratia
3654 5743 3786 5782 vero

2182 5798 2296 5840 erat
2328 5795 2776 5853 reconciliationis
2808 5801 3088 5870 indicium;
3120 5808 3317 5865 donum
3351 5825 3530 5868 autem
3561 5835 3664 5873 non
3689 5824 3792 5876 ini—

2182 5883 2332 5938 micis
2363 5896 2414 5939 et
2444 5891 2666 5958 perosi<,
2696 5894 2790 5948 sed
2819 5897 3002 5952 amicis
3033 5909 3085 5956 et
3114 5904 3350 5971 probatis
3400 5907 3584 5976 datur;
3623 5933 3777 5984 opma
