4054 6428
195 388 298 444 283

194 512 336 561 tehat
367 506 516 574 prius
557 516 656 571 pro
695 498 852 556 nobis
886 496 1069 554 oil‘erri
1112 495 1455 562 sacriﬁcium,
1489 504 1544 551 et
1571 494 1802 551 inimici-

194 601 319 652 liam
351 599 403 650 in
431 610 598 650 carne
625 592 784 657 SUlVi,
818 606 1023 662 nosque
1056 590 1146 646 Dei
1177 589 1378 645 amicos
1401 588 1566 655 efﬁci,
1595 597 1650 643 et
1679 597 1805 642 tunc

189 688 394 741 donum
423 685 692 756 accipere.
723 683 856 738 Nam
887 683 930 737 si
974 682 1076 736 hoc
1105 683 1156 736 in
1186 681 1542 752 promissione
1571 679 1804 736 Abrahae

192 780 388 831 factum
420 785 524 842 est,
578 777 745 831 multo
790 774 958 845 magis
1007 774 1060 828 in
1106 774 1297 843 gratia.
1343 771 1410 828 Et
1437 772 1540 827 hoc
1565 771 1799 828 declarat

190 869 389 923 l'aulus
417 869 501 923 his
531 868 744 922 verbis:
777 865 840 922 Si
869 867 1022 931 enim,
1049 867 1138 935 qui
1162 881 1226 919 ex
1247 865 1375 936 lege,
1404 864 1632 919 ha'redes
1657 873 1797 932 sunt,

185 966 457 1017 exinanita
478 973 556 1018 est
573 963 701 1030 ﬁdes
719 960 840 1016 :lea:
861 963 994 1015 enim
1016 961 1145 1014 iram
1164 969 1406 1031 operatur
1423 959 1601 1030 (Rom.
1630 959 1686 1016 4.
1709 961 1797 1017 14.

187 1055 312 1127 15);
348 1056 452 1112 hoc
499 1065 604 1120 est,
656 1055 910 1110 Promisit
942 1054 1083 1110 Deus
1123 1053 1354 1109 Abrahae
1379 1063 1434 1109 et
1461 1054 1799 1125 seminiejus

185 1150 439 1202 daturum
463 1159 521 1202 se
553 1157 752 1202 terram
782 1146 907 1202 :sed
930 1155 1154 1216 nepotes
1177 1145 1294 1216 ejus
1319 1146 1680 1217 promissione
1708 1147 1796 1202 illa

186 1242 393 1312 indigni
425 1241 595 1304 fuere,
625 1250 685 1296 et
714 1255 780 1296 ex
828 1242 1057 1312 propriis
1101 1241 1375 1297 laboribus
1419 1241 1636 1312 placere
1688 1257 1794 1298 non

182 1344 502 1405 potuerunt.
535 1333 830 1404 Propterea
850 1335 1063 1388 intravit
1082 1334 1237 1401 tides,
1263 1345 1349 1390 res
1381 1334 1570 1401 facilis,
1597 1343 1656 1389 ut
1675 1349 1798 1406 gra-

184 1430 313 1482 tiam
344 1426 668 1488 attraihctet,
695 1436 751 1482 et
776 1427 1034 1498 promissa
1066 1439 1171 1481 non
1187 1425 1524 1482 exciderent.
1551 1427 1636 1492 Et,
1667 1426 1795 1482 Ideo

180 1537 244 1574 ex
270 1520 396 1589 ﬁde,
429 1519 581 1586 dicit,
617 1530 672 1573 ut
700 1519 979 1574 secundum
1004 1519 1225 1590 gratiam
1245 1518 1330 1585 sit,
1348 1529 1503 1590 atque
1525 1519 1794 1590 promissio

179 1613 336 1680 ﬁrma
365 1613 431 1666 sit
464 1611 627 1682 (ibid.
669 1629 716 1665 υ.
756 1612 863 1682 l6).
902 1611 1024 1666 Ideo
1055 1611 1352 1667 Secundum
1392 1614 1634 1684 gratiam,
1665 1613 1793 1684 quia

181 1704 231 1757 id
259 1704 444 1760 labore
469 1704 778 1774 sudoreque
799 1718 896 1761 suo
918 1719 1023 1758 non
1045 1713 1311 1773 poterant.
1339 1701 1450 1760 Cur
1473 1709 1652 1760 autem
1669 1721 1790 1760 cum

179 1797 431 1863 dixisset,
465 1796 775 1852 Secundum
803 1795 1126 1865 Scripturas,
1176 1810 1282 1850 non
1328 1795 1511 1866 adjicit
1553 1798 1795 1851 testimo-

181 1889 370 1942 nium?
400 1887 532 1954 Quia
565 1896 816 1956 corrupta
855 1886 1066 1942 illorum
1096 1886 1363 1942 sententia
1400 1895 1536 1942 erat.
1567 1887 1655 1943 40.
1689 1888 1794 1942 Atii

180 1982 316 2035 enim
347 1981 604 2045 dicebant,
641 1979 742 2034 llic
772 1989 843 2034 est
872 1981 959 2034 ille
986 1980 1264 2049 propheta;
1291 1980 1377 2034 ιι.
1415 1979 1508 2032 alii
1537 1979 1788 2046 dicebant,

180 2072 400 2130 Seducit
444 2073 684 2138 turbam;
714 2073 825 2138 alii,
863 2071 982 2128 Non
1028 2090 1091 2126 ea:
1119 2071 1336 2126 Galilcca
1364 2072 1498 2126 venit
1536 2072 1786 2136 Christus,

180 2166 270 2222 42.
302 2167 392 2221 sed
417 2183 482 2220 ex
507 2164 804 2220 Bethlehem
830 2165 974 2231 vico,“
997 2165 1088 2218 alii
1110 2164 1368 2229 dicebant,
1411 2161 1647 2219 Christus
1674 2176 1790 2219 cum

178 2260 391 2324 venerit,
421 2275 566 2312 nemo
593 2259 687 2311 scit
717 2259 852 2310 unde
881 2257 943 2311 sit
961 2272 981 2320 ;
1011 2267 1066 2310 et
1101 2256 1330 2312 diversa:
1373 2263 1529 2310 erant
1580 2256 1791 2326 opinio-‘-

180 2365 301 2415 nes,
330 2359 389 2403 ut
419 2351 470 2403 iu
503 2349 656 2403 turba
703 2349 946 2404 conlitsa.
994 2349 1175 2418 Neque
1207 2348 1349 2402 cuitu
1381 2347 1540 2402 dictis
1570 2349 1790 2404 adhibe-

179 2441 310 2494 bant
339 2440 601 2505 animum,
634 2455 811 2509 neque
837 2438 1082 2494 discendi
1129 2437 1309 2508 cupidi
1337 2446 1512 2492 erant.
1551 2439 1672 2493 Ideo
1705 2438 1788 2496 his

176 2532 314 2588 nihil
357 2532 671 2603 reSpoudet,
724 2532 824 2587 etsi
874 2532 1140 2597 dicerent,
1185 2530 1454 2602 Numquid
1480 2548 1544 2587 ex
1572 2532 1789 2588 Gatitwa

176 2626 410 2680 Christus
428 2627 590 2689 venit;
614 2624 1000 2680 Natltanaelcttt
1028 2639 1157 2680 vero
1173 2623 1546 2680 vehementius
1563 2633 1617 2680 et
1633 2641 1791 2696 aspe-

175 2722 289 2774 rius
318 2721 614 2782 dicentcm,
648 2719 731 2772 Ea:
759 2718 1020 2774 Nasareth
1047 2729 1207 2790 potest
1237 2718 1438 2787 aliquid
1469 2719 1586 2773 boui
1614 2721 1789 2774 eaire?

175 2813 417 2866 laudavit
442 2822 498 2865 ut
529 2823 656 2866 vere
682 2810 993 2866 Israelitam.
1032 2811 1092 2866 Ili
1123 2812 1266 2866 enim
1299 2819 1354 2865 et
1375 2811 1464 2881 qui
1496 2810 1788 2866 Nicodemo

172 2905 448 2971 dicebant,
484 2905 736 2960 Scrutare
760 2915 805 2958 et
835 2903 967 2970 vide,
1008 2906 1129 2976 quia
1175 2921 1241 2959 ea:
1291 2903 1509 2958 Galihca
1538 2921 1640 2958 non
1680 2919 1789 2958 sur-

173 2999 305 3051 rra’it
345 2998 617 3067 ριόρΙιεια,
661 3010 769 3049 non
814 2995 1054 3051 discendi
1085 3011 1247 3050 causa
1293 2995 1570 3059 dicebant,
1603 2995 1697 3050 sed
1732 3006 1785 3050 ut

171 3092 488 3162 opiniouetn
520 3089 587 3144 de
617 3087 836 3144 Christo
891 3088 1198 3158 rejieercnt.
1257 3089 1350 3144 Ille
1401 3101 1551 3151 vero,
1600 3098 1786 3157 utpote

172 3185 415 3239 veritatis
435 3197 642 3243 amans.
663 3183 752 3252 qui
782 3190 959 3236 vetera
987 3181 1166 3236 omnia
1186 3189 1436 3235 accurate
1457 3191 1660 3247 nosset,
1684 3180 1786 3238 hoc

171 3277 422 3331 dicebat:
449 3275 520 3328 illi
548 3284 730 3329 autem
768 3288 932 3327 unum
964 3273 1138 3327 solum
1169 3272 1508 3342 spectabant,
1545 3285 1598 3326 ιιι
1629 3274 1781 3328 cvin-

169 3377 358 3424 cerent
391 3370 561 3437 ipsum
606 3378 710 3419 non
757 3379 877 3420 esse
917 3365 1212 3420 Christum.
1258 3365 1598 3434 Quapropter
1645 3365 1778 3434 ipsis

170 3461 304 3516 nlnl
355 3460 633 3515 revelavit.
668 3457 771 3527 Qui
820 3449 962 3512 enim
1011 3459 1283 3512 contraria
1317 3458 1692 3528 loquebantur,
1727 3468 1783 3514 et

169 3554 357 3616 modo,
394 3551 562 3606 Nemo
585 3551 681 3604 scit
711 3551 845 3603 unde
877 3551 1031 3613 renit,
1066 3550 1250 3616 modo,
1288 3548 1372 3602 Ex
1399 3547 1692 3602 Bethlehcm
1711 3567 1783 3604 re-

170 3647 266 3709 nit,
299 3642 582 3709 dicebant;
612 3642 830 3697 etiamsi
855 3640 1192 3705 didicissent,
1223 3640 1607 3694 contradictori
1641 3640 1780 3693 haud

169 3739 338 3792 dnhie
378 3746 554 3791 erant.
591 3737 718 3790 Esto
763 3738 930 3800 enim,
965 3734 1140 3788 locum
1175 3735 1504 3803 ignorarent,
1539 3733 1682 3803 quod
1715 3749 1781 3788 ex

172 3827 492 3887 Bcthleitcm
541 3837 706 3892 esset,
759 3828 881 3899 quia
927 3828 977 3880 in
1011 3825 1276 3880 Nazareth
1323 3835 1566 3880 versatus
1612 3825 1784 3880 fuerat

173 3924 444 3993 (quamvis
477 3922 580 3977 hoc
613 3921 764 3976 venia
813 3920 1030 3990 dignum
1062 3935 1167 3973 non
1198 3928 1371 3983 essct;
1425 3933 1598 3988 neque
1637 3919 1782 3974 enint

170 4021 241 4074 ibi
273 4027 434 4073 natus
459 4016 634 4089 erat);
671 4031 795 4070 num
826 4030 995 4085 genus
1025 4027 1242 4083 quoque
1271 4013 1607 4082 ignorabant,
1637 4012 1780 4082 quod

169 4121 317 4168 esset
338 4127 405 4168 ex
435 4111 598 4166 domo
619 4121 672 4164 et
699 4101 897 4162 familia
933 4107 1137 4162 David?
1161 4103 1449 4171 Quomodo
1477 4122 1608 4175 ergo
1635 4107 1783 4160 dices

170 4204 323 4270 haut,
356 4204 539 4258 Annon
578 4218 642 4256 ea:
667 4202 855 4256 semine
885 4199 1052 4254 David
1079 4202 1211 4253 venit
1240 4198 1510 4252 Christus?
1541 4198 1644 4253 Sed
1681 4199 1780 4253 hoc

170 4298 263 4351 illo
290 4295 454 4351 modo
481 4297 736 4368 obtegere
777 4291 1050 4355 volebant,
1093 4305 1156 4345 ac
1200 4290 1569 4345 fraudulenter
1599 4290 1780 4344 Omnia

171 4391 550 4460 loquebantur.
579 4387 684 4443 Cttr
705 4391 881 4441 autem
904 4400 1007 4440 non
1031 4393 1379 4440 accesserunt
1401 4384 1592 4438 dicturi
1615 4405 1626 4438 :
1647 4385 1780 4438 Cum

169 4493 366 4538 Ca-lera
397 4481 576 4536 omnia
608 4478 959 4540 admiremur,
983 4476 1280 4545 iubeasque
1301 4476 1444 4530 Credi
1468 4475 1560 4530 tibi
1589 4490 1776 4529 secun-

169 4574 297 4628 dum
322 4573 653 4641 Scripturas,
683 4569 768 4623 die
795 4584 892 4624 cur
923 4569 1216 4636 Scriptura:
1255 4567 1440 4621 dicant
1466 4584 1532 4621 ex
1562 4567 1782 4622 Bethle-

171 4667 293 4721 hem
327 4665 600 4720 Christum
640 4677 760 4718 esse
793 4670 1106 4724 venturum;
1143 4668 1196 4713 tu
1234 4667 1412 4713 autem
1455 4676 1519 4712 ex
1561 4659 1778 4714 Galilaea

171 4757 408 4813 venisti?
441 4758 510 4811 At
541 4755 672 4810 nihil
707 4755 898 4808 horum
925 4753 1202 4815 dixerunt,
1236 4768 1421 4805 verum
1447 4752 1627 4806 omnia
1662 4768 1777 4806 ma-

168 4852 316 4922 ligno
342 4849 528 4904 animo
549 4847 1022 4903 eausiticabautur.
1065 4845 1218 4912 Quod
1263 4845 1406 4898 enim
1437 4845 1645 4899 discere
1673 4862 1777 4900 non

170 4951 482 5015 quaererent
528 4950 621 4996 aut
649 4941 863 5002 vellent,
895 4942 1074 4993 statim
1104 4938 1371 5008 significat
1402 4940 1729 5008 evangelista
1761 4958 1774 4994 :

173 5040 256 5094 ιι.
288 5038 517 5106 Quidam
547 5036 775 5089 volebant
806 5034 1184 5103 apprehendere
1201 5049 1337 5095 eum,
1361 5033 1451 5086 sed
1477 5050 1623 5087 nemo
1646 5035 1778 5087 misit

173 5150 320 5204 super
359 5131 512 5185 illaut
542 5146 746 5182 manum
795 5147 957 5178 sinmt.
991 5128 1121 5180 Nam
1153 5129 1251 5179 etsi
1304 5127 1433 5179 nihil
1466 5127 1630 5187 aliud,
1677 5127 1779 5181 hoc

172 5226 360 5280 saltem
415 5223 536 5276 illos
590 5236 954 5290 compuugore
1003 5220 1326 5272 «lulittissvt:
1373 5218 1466 5272 St'tl
1502 5234 1608 5272 non
1655 5228 1779 5273 sunt

169 5316 505 5388 eoinpttncti,
541 5326 595 5369 ttt
626 5315 701 5368 ait
733 5315 991 5383 propheta
1028 5331 1040 5366 :
1082 5313 1324 5382 Dissipati
1355 5322 1492 5376 stmt,
1525 5327 1616 5365 nec
1643 5329 1781 5365 catu-

172 5411 344 5480 puntti
371 5406 544 5466 (Psal.
578 5407 663 5462 54.
699 5407 810 5472 15).

237 5505 292 5559 5.
337 5502 557 5558 Malitia!
583 5501 867 5555 character.
913 5494 1114 5552 Malitia
1148 5497 1448 5551 Iudaeorum
1475 5498 1600 5566 ipsis
1627 5497 1778 5552 exitio

172 5599 283 5667 fuit.
335 5595 581 5648 Inimicos
628 5593 880 5664 quomodo
922 5592 1101 5645 ulcisci
1140 5602 1391 5659 oporteat.
1434 5591 1631 5645 Malunt
1677 5610 1778 5646 non

173 5689 328 5753 malo,
357 5685 452 5742 sed
477 5686 607 5738 bono
635 5685 867 5737 sanatur.
889 5713 961 5722 —
993 5683 1304 5752 llujnsmodi
1336 5686 1478 5739 cnim
1507 5693 1591 5739 est
1621 5685 1776 5738 mali-

175 5781 274 5832 tia:
309 5778 516 5834 nemini
566 5777 676 5829 vult
728 5777 944 5840 cedere,
998 5792 1160 5829 unutn
1213 5778 1388 5831 solum
1435 5780 1675 5846 re~picit,
1723 5790 1779 5833 ut

176 5886 300 5927 sum
331 5869 546 5943 perdat,
577 5869 663 5921 cui
695 5868 992 5920 insidiatur.
1019 5868 1123 5921 Sed
1150 5869 1274 5932 quid
1309 5870 1430 5923 dicit
1462 5871 1776 5941 Scriptura?

509 5967 780 6028 Parnm“
830 5970 873 6029 (Β
889 5989 944 6027 n.
1002 5970 1064 6029 Li
1083 5973 1162 6032 Χ.

1346 385 1414 442 lN
1450 381 1767 442 JOANNEM
1808 379 2046 439 llOMlL.
2086 379 2174 437 LI.
2213 380 2287 437 al.
2330 380 2392 435 Ι..

3423 391 3528 452 288

1920 492 2028 558 Qui
2039 492 2172 563 {odit
2197 496 2395 564 foveam
2411 485 2666 562 proximo,
2687 493 2741 548 in
2757 506 2872 550 eum
2885 497 3072 551 incidet
3087 499 3116 567 (
3119 497 3273 554 Prov.
3297 499 3389 558 26.
3409 504 3527 578 27).

1911 582 2066 650 Quod
2099 593 2226 640 tunc
2253 586 2414 640 etiam
2443 585 2690 657 contigit.
2720 586 2800 642 illi
2845 603 3077 660 namque
3106 591 3280 660 ipsum
3320 593 3523 650 interfi~

1911 689 2036 731 cere
2065 675 2338 743 volebant,
2370 684 2425 731 ut
2453 677 2894 748 praedicationem
2923 681 3244 739 abolerent:
3272 684 3368 742 sed
3390 700 3526 744 con-

1912 766 2135 821 trarium
2160 768 2364 823 evenit.
2417 768 2740 826 Praedicatio
2790 787 3023 844 namque
3050 789 3146 846 per
3171 776 3373 836 Christi
3403 796 3528 852 gra-

1910 857 2039 912 tiam
2071 858 2246 924 ﬂoret,
2280 859 2492 914 illorum
2523 876 2654 917 vero
2683 863 2864 918 omnia
2893 866 3158 921 evstincta
3195 880 3322 924 sunt
3349 881 3401 926 et
3429 880 3524 942 pe-

1907 947 2139 1015 rierunt,
2169 957 2331 1020 atque
2354 949 2428 1006 illi
2455 954 2649 1021 patria,
2689 953 2940 1011 libertate
2970 965 3024 1012 et
3053 958 3201 1013 cuitu
3241 977 3341 1016 suo
3369 965 3523 1021 exci-

1910 1039 2124 1108 Jcrunt,
2157 1051 2320 1113 atque
2341 1044 2488 1098 omni
2524 1043 2780 1102 felicitate
2809 1048 3024 1117 privati,
3057 1051 3200 1106 servi
3235 1063 3293 1108 et
3321 1057 3520 1124 captivi

1906 1125 2032 1190 facti
2060 1144 2206 1190 sunt.
2233 1136 2360 1193 ilzec
2385 1149 2510 1193 cum
2548 1140 2804 1202 sciamus.
2833 1152 3127 1216 numquam
3153 1147 3273 1204 aliis
3303 1149 3524 1203 insidie-

1903 1241 2044 1295 mur,
2077 1230 2229 1299 gnari
2274 1245 2373 1285 nos
2421 1242 2610 1288 contra
2643 1236 3007 1306 nosmetipsos
3035 1238 3268 1310 gladium
3296 1257 3517 1314 acuere,

1901 1326 1957 1375 et
1978 1320 2379 1389 profundiorem
2410 1323 2566 1380 nobis
2597 1325 2839 1397 infligere
2862 1329 3091 1400 plagam.
3112 1329 3220 1388 Sed
3248 1342 3300 1389 te
3325 1334 3521 1406 aliquis

1901 1412 2056 1481 itcsit,
2091 1424 2148 1471 et
2175 1418 2256 1474 vis
2283 1419 2430 1475 illunt
2460 1421 2681 1478 ulcisci?
2711 1422 2788 1478 Ne
2814 1424 3114 1494 ulciscaris,
3147 1433 3201 1483 et
3230 1428 3309 1485 sic
3331 1429 3515 1488 ulcisci

1901 1511 2126 1577 poteris.
2176 1511 2232 1566 Si
2281 1512 2583 1581 ulciscaris,
2614 1525 2726 1571 ncn
2760 1517 3060 1575 ulcisceris.
3093 1519 3202 1577 Nec
3229 1529 3383 1592 putes
3412 1525 3516 1581 hoc

1899 1600 2128 1672 aenigma
2161 1618 2304 1673 esse,
2339 1607 2433 1662 sed
2466 1624 2651 1664 verum
2683 1620 2787 1666 est.
2818 1610 3104 1680 Quomodo
3129 1625 3182 1669 et
3207 1624 3313 1687 qua
3351 1619 3518 1674 ratio-

1900 1693 2005 1750 ne?
2029 1697 2163 1763 Quia
2192 1697 2239 1754 si
2261 1713 2370 1755 non
2408 1700 2706 1770 ulciscaris,
2739 1705 2906 1760 Deum
2940 1706 3039 1777 ipsi
3078 1707 3352 1765 inimicum
3378 1721 3510 1767 eon-

1897 1785 2105 1854 stituis;
2128 1789 2173 1844 si
2198 1789 2496 1860 ulciscaris,
2518 1809 2625 1849 non
2650 1793 2801 1850 item.
2825 1795 2982 1862 Nam,
3009 1796 3146 1859 Mihi
3163 1800 3405 1866 vindicta,
3420 1819 3513 1872 ego

1897 1878 2192 1945 retribuam,
2220 1880 2349 1936 dicit
2378 1881 2827 1957 Dominus(Rom.
2845 1885 2932 1942 l2.
2960 1888 3052 1944 {9.
3091 1888 3246 1944 Deut.
3273 1892 3364 1948 52.
3392 1886 3499 1964 55).

1897 1967 2028 2024 Nam
2060 1971 2106 2026 si
2135 1987 2325 2028 servos
2353 1975 2652 2034 habeamus
2676 1979 2767 2050 qui
2785 1990 2976 2036 mutuo
3003 1983 3271 2048 rixentur,
3296 1999 3394 2042 nec
3411 2002 3513 2042 no-

1896 2059 1978 2116 bis
2009 2061 2302 2120 ulciscendi
2326 2077 2510 2138 partes
2535 2070 2859 2136 concedant,
2891 2072 2986 2128 sed
3015 2073 3154 2130 sibi:
3185 2078 3290 2133 etsi
3313 2080 3515 2149 stepi'ns

1897 2163 1996 2207 nos
2024 2166 2236 2226 rogent,
2269 2174 2376 2226 non
2410 2160 2574 2216 modo
2603 2175 2712 2217 non
2738 2162 3075 2232 ulciscimur,
3107 2166 3204 2223 sed
3235 2170 3398 2225 etiam
3429 2171 3514 2226 in-

1894 2242 2202 2313 diguanmr,
2231 2254 2288 2303 ct
2315 2250 2566 2320 fugitivos
2589 2254 2975 2326 mastigiasque
3005 2268 3293 2314 voeamus:
3328 2259 3509 2331 Opor-

1892 2337 2040 2392 tebat
2067 2340 2240 2406 enim,
2266 2341 2527 2411 dicimus,
2558 2352 2619 2402 ut
2651 2351 2828 2403 totum
2872 2349 3030 2406 nobis
3063 2351 3342 2422 deferrrs;
3386 2359 3504 2423 sed,

1889 2429 2020 2500 quia
2071 2433 2306 2503 teipsum
2349 2436 2499 2494 uitus
2546 2454 2628 2504 es,
2666 2455 2734 2495 ne
2777 2441 3089 2496 moleSIiaut
3139 2446 3277 2500 ultra
3313 2464 3502 2518 crees;

1893 2520 2065 2576 multo
2092 2524 2261 2594 magis
2289 2524 2449 2591 Dcus,
2478 2527 2568 2599 qui
2595 2529 2872 2600 praecepit,
2904 2537 2963 2585 ut
3007 2530 3108 2587 sibi
3157 2534 3334 2589 omnia
3360 2547 3510 2591 com-

1893 2611 2250 2680 mitteremus,
2284 2615 2335 2670 id
2359 2617 2601 2674 dicturus
2629 2629 2731 2675 est.
2763 2620 3046 2688 Quomodo
3075 2622 3367 2681 absurdum
3400 2642 3507 2684 non

1893 2700 2076 2773 fuerit,
2096 2722 2220 2761 cum
2247 2723 2274 2761 a
2306 2710 2479 2765 servis
2512 2713 2716 2767 nostris
2740 2711 2880 2769 hanc
2906 2711 3307 2786 philosophiam
3336 2728 3391 2776 et
3418 2720 3509 2778 ob~

1893 2798 2139 2868 sequium
2169 2801 2474 2872 exigamus,
2518 2804 2750 2861 Domino
2793 2823 2898 2862 non
2931 2823 2993 2864 ea
3025 2812 3351 2882 concedere,
3384 2824 3508 2889 qua:

1893 2891 2141 2948 volumus
2164 2909 2194 2949 a
2225 2897 2401 2953 servis
2433 2899 2635 2954 nostris
2663 2901 2892 2957 concedi
2920 2905 3136 2963 nobis?
3176 2906 3304 2963 llaec
3345 2919 3508 2980 porro

1890 2982 2036 3052 dico,
2065 2987 2206 3057 quod
2237 2987 2308 3043 ita
2337 2993 2572 3062 prompti
2605 2994 2722 3050 sitis
2743 2993 2810 3050 ad
2831 2995 3091 3052 ultionem
3115 3000 3504 3070 expetendam.

1891 3073 2025 3130 Nam
2059 3091 2183 3133 eum
2213 3080 2304 3150 qui
2355 3097 2484 3138 vere
2514 3083 2929 3154 philosoivhatur
2961 3088 3011 3143 id
3045 3090 3226 3147 facere
3259 3108 3366 3150 non
3406 3094 3506 3153 de-

1889 3176 1997 3236 cet,
2035 3159 2132 3226 sed
2173 3171 2335 3228 debet
2383 3173 2473 3229 ille
2520 3185 2738 3246 peccata
2782 3175 3058 3236 dimittere
3088 3190 3144 3236 et
3171 3183 3508 3255 condonare,

1889 3260 2101 3315 etiamsi
2131 3279 2239 3320 non
2272 3279 2464 3335 magna
2488 3275 2868 3336 expectaretur
2899 3282 3058 3327 mcrc.
3080 3283 3129 3339 Β,
3162 3275 3506 3343 peccatorum

1893 3371 2086 3425 nempe
2116 3359 2384 3413 remissio.
2431 3359 2563 3414 Nam
2606 3361 2652 3415 si
2695 3361 2922 3419 damnas
2977 3377 3338 3440 peccatorcm,
3387 3385 3508 3437 cur,

1890 3463 2093 3517 qna-so,
2128 3450 2243 3520 ipse
2277 3468 2488 3522 peccas,
2520 3465 2568 3510 et
2599 3456 2652 3510 ιιι
2679 3456 2868 3513 eadem
2889 3451 3214 3520 laberislTe
3239 3465 3362 3535 quis
3377 3481 3511 3524 con-

1893 3541 2106 3595 tumelia
2147 3537 2360 3598 affecit?
2391 3539 2469 3601 Ne
2497 3549 2880 3604 contumeliam
2913 3553 3203 3622 rependas,
3245 3565 3303 3611 ut
3333 3569 3401 3614 ne
3442 3559 3509 3613 il-

1892 3630 1995 3684 lam
2029 3631 2121 3688 tibi
2154 3634 2252 3703 ipsi
2282 3636 2499 3691 inferas.
2545 3637 2852 3695 Percussit?
2883 3641 2961 3697 Nc
2999 3648 3350 3714 reperetuias,
3384 3653 3508 3722 quia

1891 3725 2023 3779 nihil
2059 3725 2181 3782 inde
2215 3727 2458 3784 utilitatis
2491 3733 2776 3802 percipies.
2807 3734 3040 3791 Mmrore
3070 3732 3152 3792 all-
3177 3740 3288 3794 cit?
3314 3720 3510 3798 Nevi-

1889 3829 2006 3869 ccm
2039 3816 2261 3884 referas,
2295 3821 2418 3891 quia
2448 3822 2580 3878 nihil
2605 3824 2727 3878 inde
2753 3825 2906 3894 lucri,
2934 3827 3028 3883 sed
3062 3829 3143 3885 illi
3165 3831 3357 3890 similis
3383 3853 3501 3891 eva-

1888 3908 1992 3963 dts.
2027 3911 2117 3966 Sic
2145 3912 2294 3968 illum
2322 3911 2551 3973 fortasse
2580 3918 2630 3972 in
2666 3920 2923 3988 pudorem
2947 3923 3225 3992 conj‘cies,
3254 3931 3298 3983 si
3321 3932 3505 3988 omnia

1891 4015 2174 4061 tuanstn-tc
2206 4005 2376 4072 feras;
2411 4009 2490 4064 sic
2519 4009 2571 4064 in
2607 4011 2878 4078 ruborem,
2931 4014 2999 4068 ita
3055 4027 3111 4070 ut
3163 4017 3297 4072 iram
3328 4022 3503 4078 sedet.

1890 4093 2060 4150 Nemo
2082 4096 2279 4151 malum
2307 4099 2448 4155 maio
2471 4107 2647 4162 sanat.
2677 4103 2770 4157 sed
2796 4104 2936 4160 bono
2967 4106 3186 4162 malum.
3213 4108 3338 4167 llaec
3363 4114 3505 4183 apud

1888 4188 2118 4257 gentiles
2149 4191 2391 4245 nonnulli
2440 4193 2909 4265 philosophantur.
2957 4198 3067 4254 Nos
3112 4215 3242 4271 ergo
3284 4204 3498 4276 pudeat,

1888 4280 2031 4348 quod
2064 4281 2240 4335 stultis
2284 4279 2574 4352 gentilibus
2618 4295 2880 4356 qhantum
2906 4288 2971 4342 ad
3005 4289 3398 4362 pltiiosOpItiam
3431 4299 3507 4353 si-

1891 4388 2009 4427 mus
2039 4373 2342 4430 inferiores.
2369 4375 2520 4459 Multi
2554 4393 2742 4432 eorum
2767 4380 2962 4449 injuria
2990 4378 3192 4450 allecti,
3219 4401 3377 4459 atquo
3396 4391 3508 4447 anio

1890 4479 1980 4518 mo
2008 4464 2277 4526 tuier'ttnt;
2309 4457 2462 4522 multi
2496 4469 2795 4525 calumnias
2828 4487 2934 4526 non
2969 4457 3383 4547 propulsarent;
3417 4482 3504 4537 itt-

1890 4555 2148 4612 sidiautes
2188 4558 2452 4614 beneficio
2491 4560 2808 4616 affecerunt.
2851 4564 3284 4640 Titucmlumque
3309 4583 3395 4628 est
3437 4591 3507 4632 no

1888 4650 2107 4720 quidam
2136 4665 2200 4706 ex
2237 4649 2340 4704 illis
2369 4654 2491 4707 vita:
2522 4653 2768 4710 instituto
2792 4657 2950 4713 nobis
2980 4664 3384 4728 lii-instantiores
3415 4683 3507 4724 re-

1891 4744 2188 4813 periantur,
2235 4754 2289 4798 et
2332 4745 2456 4800 hinc
2511 4763 2608 4803 nos
2651 4751 2870 4819 gravius
2900 4753 3222 4823 supplicium
3267 4771 3504 4815 maneat.

1888 4833 2020 4890 Nam
2050 4835 2095 4891 si
2129 4851 2228 4892 nos
2258 4838 2345 4906 qtti
2379 4837 2638 4908 Spiritum
2668 4843 2998 4912 accepimus,
3028 4848 3116 4916 qtti
3151 4862 3376 4919 regnum
3407 4869 3506 4908 ex-

1885 4937 2213 4998 spectamus,
2238 4930 2327 5000 qui
2363 4945 2457 4999 pro
2491 4931 2745 4986 curiarum
2777 4938 3002 5005 praimio
3034 4937 3496 5012 philosophamur,

1885 5026 1976 5094 qui
2004 5025 2308 5095 gehennam
2334 5042 2439 5081 non
2473 5028 2866 5099 tintemuquui
2891 5032 3064 5102 angeli
3087 5048 3207 5088 esse
3225 5035 3504 5104 jubetnur.

1886 5118 1975 5186 qui
2009 5118 2390 5188 mysteriorum
2423 5119 2712 5189 participes
2760 5129 2972 5190 sumus,
3017 5140 3124 5180 non
3161 5127 3282 5184 illos
3310 5131 3506 5185 virtute

1885 5209 2232 5280 attingamus,
2265 5225 2426 5280 quam
2458 5224 2858 5282 consequemur
2887 5216 3097 5270 veniam
3120 5218 3178 5272 ίτ
3206 5220 3416 5276 Etenim
3457 5221 3504 5277 si

1886 5301 2105 5360 Juda-os
2133 5318 2392 5372 superare
2423 5312 2670 5359 tenemur
2712 5305 2877 5375 (Aisi.
2922 5309 3115 5379 inquit,
3165 5310 3505 5367 abundaverit

1878 5398 2084 5466 justitia
2129 5406 2293 5448 vestra
2335 5396 2450 5465 plus
2480 5413 2633 5466 quant
2680 5400 2962 5452 scribarum
2994 5410 3041 5453 et
3093 5400 3498 5472 Phariueorum,

1887 5506 1986 5542 non
2005 5488 2260 5541 itttrobitis
2284 5488 2335 5540 in
2360 5502 2570 5558 regnum
2593 5489 2836 5542 calorum
2874 5490 3088 5563 [.llatth.
3117 5488 3169 5548 5.
3194 5493 3311 5567 20])
3329 5513 3342 5558 ;
3363 5496 3494 5548 utul-

1889 5592 1942 5637 to
1973 5584 2141 5654 magis
2178 5583 2433 5652 gentiles;
2464 5582 2507 5635 si
2543 5580 2866 5649 Phariszcos,
2901 5585 3070 5638 multo
3101 5588 3268 5656 magis
3312 5587 3499 5642 infitie-

1891 5678 1988 5731 ios.
2022 5677 2155 5730 Cum
2187 5677 2353 5742 enim,
2389 5673 2490 5728 nisi
2547 5675 2667 5730 illos
2715 5691 3052 5745 superemus,
3091 5695 3311 5748 regnum
3347 5682 3500 5737 nobis

1957 5880 1967 5908 ¹
2011 5874 2104 5927 Alii
2125 5881 2367 5934 inserunt,
2395 5887 2539 5938 quam
2565 5887 2696 5937 spem
2719 5887 2970 5941 possumus
2996 5876 3172 5928 habere
3195 5877 3220 5928 .’

3051 5982 3124 6044 18
