4054 6440
569 432 664 484 257

565 543 804 595 clausum
855 537 953 601 sit;
1007 536 1049 588 si
1096 531 1376 604 gentilibus
1409 527 1616 597 pejores
1662 525 1850 583 simus.
1883 521 2150 590 quomodo

568 635 668 689 hec
691 635 863 703 ipsum
885 642 1100 697 regnum
1122 621 1542 693 consequemur?
1564 619 1789 672 Omnem
1813 617 1990 684 itaque
2011 628 2151 667 accr-

569 726 811 786 bitatem,
841 723 994 785 iram,
1021 720 1250 772 furorem
1283 715 1574 783 cjiciamus.
1609 709 1800 762 Eadem
1819 709 2004 772 dicere,
2029 706 2151 758 mihi

565 815 762 886 quidem
786 829 884 866 non
914 811 1198 874 molestum,
1229 806 1361 859 vobis
1381 815 1546 858 autem
1567 810 1724 854 tutum
1755 798 1970 870 (Philip.
2005 797 2151 863 3.1).

568 885 698 959 Nam
749 902 939 957 medici
981 901 1168 954 eodem
1202 899 1316 969 ipso
1347 910 1487 963 saepe
1534 901 1752 945 utuntur
1796 887 2054 942 remedio.
2086 885 2152 939 Et

567 1009 663 1049 nos
692 1009 798 1047 non
829 993 990 1047 ﬁnem
1020 990 1272 1044 faciemus
1317 984 1503 1040 eadem
1531 981 1818 1043 claniaudi,
1853 991 2151 1033 memorano

572 1089 646 1150 di,
677 1085 924 1147 docendi,
961 1081 1227 1137 hortandi.
1257 1077 1387 1132 Nam
1417 1075 1578 1129 nmlta
1607 1083 1689 1128 est
1715 1071 2045 1126 smeularium
2073 1083 2153 1121 re-

1553 1216 1823 1227 κ--ι--υ-

598 1226 876 1238 ..ι’-

1307 420 1357 471 S.
1401 413 1675 471 JUANNIS
1709 405 2185 464 CIIIlYSOSTOMl
2226 401 2556 459 AllClllEl‘.
2581 403 3111 458 CONSTANTINOP.

2257 536 2374 574 rmn
2407 519 2579 587 turba,
2603 536 2719 592 qua:
2741 522 2789 573 in
2818 518 3009 574 horum
3037 516 3358 574 oblivionem
3382 522 3653 589 conjiciat,
3678 537 3743 576 ac.
3765 523 3886 577 do-

2256 614 2425 666 ctrina
2454 612 2712 680 frequenti
2741 622 2816 664 cst
2850 627 3004 680 Opus.
3034 610 3109 664 Ne
3140 625 3268 682 ergo
3295 611 3396 665 huc
3423 611 3456 665 ﬁ
3475 624 3552 665 ost
3566 631 3617 665 ra
3651 628 3882 667 conve-

2261 704 2490 767 niamus,
2516 717 2678 770 opera
2706 702 3055 756 cxhibeamus
3087 702 3244 765 bona,
3282 712 3336 755 ut
3364 703 3537 756 futura
3565 703 3703 755 bona
3724 719 3848 756 con
3868 731 3883 742 -

2241 809 2564 862 sequamur,
2610 794 2778 862 gratia
2825 801 2878 845 et
2910 793 3235 862 benignitate
3283 793 3492 846 Domini
3526 793 3694 846 nostri
3725 780 3882 847 Jésn

2254 887 2473 948 Christi,
2516 902 2609 954 per
2637 902 2794 954 quem
2839 894 2892 938 ct
2919 899 3039 939 cum
3072 900 3180 954 quo
3210 885 3352 939 Patri
3385 886 3550 954 gloria
3582 884 3884 954 simulque

2256 978 2474 1047 Spiritui
2507 987 2710 1042 sancto,
2747 992 2886 1031 nunc
2912 987 2964 1032 et
2991 992 3226 1049 semper,
3249 989 3301 1032 et
3331 979 3379 1031 in
3404 978 3598 1033 secula
3627 979 3884 1034 szeculn-

2259 1084 2396 1122 rum.
2427 1070 2617 1122 Amen.

1829 1210 2182 1227 ⁸.-

3757 404 3885 458 288

3207 1211 3867 1234 ".—_—-—i—-———-

1893 1281 2237 1343 HOMIIJA
2283 1283 2410 1345 Lll.

577 1442 701 1494 Car.
739 1442 791 1495 7.
825 1456 875 1494 ν.
906 1441 986 1495 i3.
1026 1440 1272 1492 Venerunt
1315 1453 1431 1508 ergo
1475 1434 1686 1489 ministri
1713 1432 1779 1484 ad
1803 1430 2067 1500 pontifices
2095 1437 2140 1480 et

650 1532 941 1586 Pliariscros
968 1574 979 1591 .
1009 1541 1052 1583 et
1080 1530 1314 1583 dixerunt
1341 1529 1411 1582 eis
1438 1528 1514 1581 illi
1545 1542 1562 1579 :
1599 1525 1770 1592 Quare
1799 1539 1896 1576 non
1928 1520 2151 1573 adduxi-

644 1626 733 1677 stis
758 1624 912 1677 cum?
942 1623 1027 1677 46.
1057 1621 1439 1691 Responderunt
1467 1620 1684 1672 ministri
1711 1633 1728 1670 :
1763 1615 2052 1682 Numquam
2080 1613 2150 1666 sic

645 1717 881 1784 loquutus
910 1723 979 1767 est
1005 1715 1154 1765 homo
1186 1722 1237 1764 ut
1279 1712 1358 1764 hic
1381 1711 1553 1765 homo.

634 1813 696 1862 ’1.
744 1808 959 1861 Veritate
1001 1807 1128 1859 nihil
1154 1805 1337 1859 clarius
1361 1845 1376 1870 ,
1421 1803 1550 1857 nihil
1594 1801 1890 1867 simplicius.
1921 1830 1992 1840 ——
2016 1797 2154 1852 Nihil

576 1901 795 1954 veritate
844 1899 1060 1962 clarius,
1109 1897 1239 1950 nihil
1283 1894 1592 1964 simplicius,
1641 1895 1742 1948 nisi
1786 1908 1882 1948 nos
1928 1892 2158 1958 maligne

576 2005 794 2060 agamus
821 2006 834 2044 :
863 1989 955 2044 sed
987 1989 1028 2043 si
1053 1989 1282 2058 maligne
1309 2001 1408 2042 nos
1425 2001 1690 2054 geramus,
1715 1985 1843 2039 nihil
1863 1985 2149 2038 difﬁcilius.

578 2086 715 2139 Ecce
741 2084 758 2138 l
784 2084 994 2137 harisaei
1028 2091 1080 2138 2t
1103 2081 1316 2146 scriba},
1341 2081 1428 2151 qui
1456 2080 1810 2148 sapientiores
1857 2093 1977 2132 esse
2008 2076 2155 2129 vidc-

576 2176 768 2229 bantur
823 2174 1062 2243 quicum
1095 2173 1308 2226 Christo
1337 2187 1549 2241 semper
1574 2179 1748 2233 erant,
1782 2169 1901 2237 quia
1937 2167 2158 2221 insidias

576 2267 648 2320 illi
677 2266 975 2328 struebant,
1010 2265 1131 2318 licet
1161 2262 1415 2317 miracula
1439 2261 1684 2316 viderent
1715 2303 1727 2325 ,
1761 2261 1885 2314 licet
1912 2258 2156 2325 Scriptu-

575 2373 661 2413 ras
683 2359 938 2428 legerent,
971 2356 1101 2410 nihil
1130 2355 1280 2421 lucri,
1312 2353 1406 2410 sed
1431 2354 1651 2408 multum
1674 2351 1851 2406 damni
1883 2351 2115 2404 tulerunt
2142 2366 2153 2400 :

576 2451 803 2513 ministri
837 2464 965 2503 vero
990 2490 1004 2514 ,
1035 2449 1135 2501 etsi
1167 2447 1271 2500 illis
1305 2445 1552 2500 omnibus
1583 2453 1852 2513 expertes,
1896 2457 2002 2496 una
2029 2456 2158 2494 con-

575 2544 729 2596 cione
757 2541 894 2610 capti
953 2549 1051 2594 unt
1082 2557 1094 2592 :
1128 2549 1183 2593 et
1206 2538 1294 2608 qui
1326 2537 1391 2590 ad
1422 2537 1572 2590 illum
1621 2534 1958 2589 vinciendqu
1991 2548 2156 2588 vene-

578 2642 718 2699 rant,
749 2631 1101 2686 admiratione
1128 2629 1290 2685 vineti
1322 2627 1614 2682 redierunt.
1643 2625 1759 2680 Non
1788 2624 2000 2679 illorum
2030 2640 2159 2694 pru-

579 2726 757 2779 dentia
784 2733 988 2778 tantum
1028 2719 1337 2776 admiranda
1365 2727 1482 2785 est,
1514 2716 1654 2786 quod
1679 2715 1844 2786 signis
1875 2729 1978 2768 non
2024 2728 2159 2782 opus

583 2814 895 2878 habuerint;
943 2813 1036 2867 sed
1065 2812 1222 2867 etiam
1262 2810 1404 2880 quod
1449 2809 1560 2862 sola
1590 2807 1830 2862 doctrina
1874 2806 2012 2873 capti
2058 2806 2164 2858 sint

580 2908 711 2973 (non
745 2903 994 2958 dixerunt
1023 2902 1186 2963 enim,
1215 2900 1381 2954 Nemo
1412 2913 1661 2967 umquam
1688 2905 1833 2951 tanta
1860 2895 2032 2950 edidit
2060 2896 2158 2947 mi-

580 2997 758 3050 racula
784 3011 798 3058 ;
827 2993 920 3049 sed
946 2992 1070 3062 quid
1088 2992 1113 3044 ἲ
1149 2991 1314 3045 Nemo
1357 3007 1597 3061 umquam
1625 2990 1697 3043 sic
1739 2989 1976 3057 loquutus
2005 2984 2111 3056 est)
2146 3003 2157 3035 :

583 3103 688 3142 non
717 3101 901 3142 eorum
923 3098 1053 3154 ergo
1078 3083 1354 3154 prudentia
1378 3083 1549 3137 solum
1576 3080 1906 3136 admirabilis
1937 3088 2038 3143 est,
2067 3079 2159 3132 sed

581 3182 741 3235 etiam
775 3160 1024 3249 loquendi
1055 3178 1270 3233 libertas
1294 3220 1308 3244 ,
1356 3175 1498 3246 quod
1531 3177 1646 3230 hanc
1691 3175 1754 3229 iis
1783 3174 1871 3244 qui
1917 3187 1976 3227 se
2001 3172 2164 3225 mise-

581 3282 724 3336 rant,
753 3271 1017 3336 dixerint;
1044 3268 1183 3340 quod
1206 3267 1489 3323 Pharisazis
1511 3268 1683 3336 ipsum
1710 3262 2161 3336 impugnantibus,

581 3365 669 3434 qui
703 3363 801 3416 hac
826 3362 894 3416 de
921 3376 1078 3417 causa
1104 3361 1234 3415 nihil
1255 3375 1358 3414 non
1381 3358 1624 3430 agebant.
1658 3357 1908 3411 Venerunt
1925 3356 2160 3417 ministri,

582 3466 629 3506 et
657 3455 828 3507 dicunt
872 3459 942 3507 eis
982 3451 1270 3516 Phariswi,
1324 3449 1496 3515 Quare
1537 3466 1638 3503 non
1682 3447 1967 3502 adduxistis
2007 3446 2166 3502 eum?

581 3543 734 3611 Quod
763 3542 1005 3597 venerint
1033 3583 1048 3608 ,
1082 3543 1240 3610 longe
1271 3540 1444 3609 majus
1483 3540 1612 3605 luit,
1645 3555 1800 3608 quam
1841 3538 1886 3592 si
1929 3539 2166 3592 mansis-

585 3646 704 3689 scut
731 3653 742 3688 :
771 3635 848 3687 sic
873 3633 1096 3701 quidem”
1123 3634 1333 3687 illorum
1372 3631 1614 3686 molestia
1646 3630 1853 3684 liberati
1901 3629 2125 3682 fuissent
2150 3645 2163 3693 ;

585 3726 676 3778 scd
708 3739 848 3778 nunc
877 3724 1069 3779 Christi
1097 3724 1372 3793 sapicntim
1402 3732 1522 3777 sunt
1548 3735 1844 3791 prmcones,
1879 3721 2166 3790 majorem-

585 3815 975 3885 que-exhibent
1024 3815 1293 3870 ﬁduciam.
1341 3814 1449 3869 Nec
1493 3813 1710 3877 dicunt,
1741 3813 1854 3867 Non
1901 3814 2165 3883 potuimus

588 3915 806 3975 propter
836 3905 1065 3971 turbam,
1096 3922 1215 3975 qua:
1250 3906 1397 3959 illum
1430 3906 1577 3971 quasi
1618 3905 1930 3973 prephetam
1973 3905 2119 3958 audit
2147 3921 2163 3961 :

585 3996 679 4050 sed
708 3996 872 4066 quid?
900 3995 1062 4048 Nemo
1090 4012 1326 4063 umquam
1353 3996 1424 4049 sic
1450 3996 1684 4062 loquutus
1705 4005 1796 4049 est.
1827 3996 1987 4066 Atqui
2014 4007 2160 4066 pote—

585 4096 705 4140 rant
729 4087 869 4140 illam
892 4087 1289 4140 excusationem
1313 4086 1505 4141 alierre
1529 4105 1543 4142 :
1570 4086 1667 4141 sed
1693 4097 1896 4142 rectum
1924 4089 2160 4142 auimmu

585 4193 692 4247 pra:
747 4193 804 4232 se
848 4177 1040 4232 lerunt.
1093 4178 1201 4232 lloc
1240 4178 1381 4232 enim
1427 4194 1530 4232 non
1579 4178 1953 4233 admirantium
2004 4180 2162 4234 modo

581 4280 694 4323 erat
726 4310 741 4335 ,
793 4269 884 4325 sed
935 4271 1093 4325 etiam
1145 4271 1538 4326 criminantium
1594 4271 1735 4343 quod
1785 4287 1845 4327 se
1899 4273 1964 4327 ad
2017 4274 2158 4327 illum

582 4362 852 4430 tigandutn
894 4362 1181 4427 misissent,
1215 4379 1372 4433 quem
1411 4364 1586 4432 potius
1636 4364 1821 4420 audire
1861 4365 2162 4434 Oportebat.

583 4457 740 4524 Atqui
770 4470 874 4509 non
904 4455 1138 4524 longam,
1158 4456 1250 4509 sed
1282 4455 1498 4509 brevem
1519 4455 1799 4509 audierant
1823 4457 2164 4510 concionem.

583 4546 728 4598 Mens
754 4547 894 4599 enim
945 4546 1152 4600 sincera
1189 4562 1296 4599 non
1331 4546 1502 4613 IOugis
1544 4561 1677 4614 opus
1711 4545 1872 4599 habet
1902 4549 2165 4600 Sermoni-

583 4640 701 4691 bus.
733 4638 896 4691 Tanta
925 4649 1004 4692 est
1030 4639 1107 4690 vis
1131 4637 1384 4691 veritatis.
1407 4636 1541 4703 Quid
1566 4651 1692 4706 ergo
1713 4637 1963 4690 Pbarisari
1989 4636 2162 4692 ?Cum

580 4729 864 4799 compung?
912 4729 1273 4798 Oportuisset.
1324 4729 1396 4781 illi
1427 4736 1611 4781 eontra
1644 4729 1720 4782 sic
1753 4729 1998 4781 incusant
2042 4745 2159 4794 eos,

579 4824 668 4874 47.
706 4819 972 4891 Numquid
997 4830 1042 4873 et
1072 4837 1154 4874 vos
1179 4820 1369 4874 seducti
1393 4821 1555 4874 estis“?
1585 4820 1770 4874 Adhuc
1800 4822 2166 4887 blandiuntur,

581 4929 680 4968 nec
719 4915 924 4983 asperis
983 4922 1196 4966 utuntur
1248 4914 1464 4979 verbis,
1529 4915 1677 4967 veriti
1727 4931 1793 4968 ne
1836 4917 2054 4968 omnino
2107 4931 2165 4969 se

580 5004 891 5059 desererent
918 5020 932 5070 ;
966 5003 1060 5056 sed
1085 5004 1311 5056 furorem
1343 5013 1513 5057 tatucu
1544 5005 1780 5059 iudicant
1809 5015 1863 5061 et
1901 5016 2056 5062 caute
2088 5007 2162 5060 Io-

577 5095 992 5168 quintium-Cum
1022 5097 1348 5165 oportuisset
1375 5098 1703 5167 interrogare
1747 5100 1872 5168 quid
1913 5100 2158 5162 dixisset.

577 5200 633 5244 cl
655 5189 940 5258 dicta-ejus
957 5187 1210 5242 admirari
1239 5229 1254 5252 ,
1286 5187 1335 5241 id
1368 5203 1471 5241 non
1503 5189 1701 5243 faciunt
1725 5230 1738 5254 ,
1761 5192 1910 5260 gnari
1935 5207 1993 5245 se
2024 5190 2162 5244 haud

579 5280 744 5333 dubie
793 5290 1004 5350 captum
1052 5279 1152 5344 iri;
1201 5279 1294 5334 sed
1340 5280 1654 5334 stultissimo
1690 5282 1806 5334 illos
1851 5292 2166 5351 argumento

581 5373 862 5438 ittqictunt.
894 5371 981 5423 48.
1015 5370 1136 5436 Cur,
1165 5371 1431 5440 inquiunt,
1456 5387 1601 5424 nemo
1625 5388 1688 5425 ea:
1714 5373 2024 5443 principibus
2050 5389 2161 5426 cre-

581 5463 713 5516 didit
747 5464 798 5515 in
823 5479 934 5516 eum
954 5463 977 5516 .’
1001 5462 1164 5525 Itane,
1183 5479 1382 5532 quaeso,
1409 5464 1678 5519 Christum
1706 5479 1944 5529 accusas,
1976 5474 2030 5520 et
2057 5482 2161 5520 non

581 5553 925 5608 incredulos?
952 5552 1039 5608 40-
1076 5553 1182 5608 Sed
1207 5553 1373 5618 turba,
1398 5571 1509 5624 qua:
1534 5572 1635 5607 non
1667 5557 1803 5608 novit
1827 5555 1985 5625 legem
2011 5598 2025 5622 ,
2050 5574 2161 5611 ma-

589 5648 758 5700 ledicti
788 5659 923 5702 sunt.
976 5647 1110 5702 llinc
1138 5649 1305 5718 magis
1339 5651 1620 5704 accusandi
1660 5654 1805 5716 estis,
1834 5654 1976 5721 quod
2009 5655 2159 5709 turba

573 5739 828 5794 credente
882 5755 975 5794 vos
1027 5739 1282 5795 increduli
1330 5743 1645 5796 manseritis.
1697 5745 1988 5813 Populares
2017 5749 2158 5803 enim

585 5837 637 5880 ut
668 5828 834 5898 legem
859 5846 1239 5895 cognoscentes
1283 5829 1507 5901 agebant
1539 5851 1550 5885 :
1585 5838 1848 5904 quomodo
1890 5857 2016 5908 ergo
2049 5859 2157 5897 :na-

2271 1424 2453 1481 ledicti
2484 1429 2648 1482 sunt?
2680 1429 2786 1484 Vos
2813 1432 2900 1500 qui
2932 1433 3100 1503 legem
3151 1450 3254 1489 non
3288 1438 3514 1491 servatis
3541 1481 3556 1504 ,
3589 1440 3882 1494 maledicti

2266 1517 2433 1581 estis;
2469 1534 2573 1570 non
2610 1519 2682 1572 illi
2711 1523 2799 1589 qui
2834 1522 2930 1590 legi
2980 1524 3366 1593 obsequuntur.
3418 1525 3534 1581 Non
3576 1531 3884 1598 Oportebat

2262 1605 2403 1659 enim
2432 1623 2459 1659 a
2488 1624 2592 1662 non
2627 1610 2969 1667 credentibus
2996 1615 3268 1669 criminari
3299 1631 3418 1669 eum
3445 1658 3458 1678 ,
3487 1618 3574 1674 cci
3605 1636 3710 1672 non
3741 1635 3880 1675 cre—

2263 1698 2476 1753 dobant.

2577 1702 2691 1756 Non
2712 1704 3019 1772 probandus
3051 1707 3135 1759 hic
3165 1708 3356 1762 modus
3387 1717 3495 1765 est.
3522 1710 3579 1763 N;
3628 1728 3655 1764 ’1
3685 1721 3741 1764 et
3774 1729 3883 1765 vos

2267 1806 2371 1846 non
2398 1794 2700 1849 credidistis
2734 1798 2856 1856 Deo,
2886 1809 2942 1850 ut
2973 1799 3167 1852 Paulus
3190 1801 3262 1853 ait
3298 1818 3310 1853 :
3350 1801 3485 1865 Quid
3527 1805 3661 1856 enim
3689 1806 3735 1856 si
3767 1823 3883 1858 non

2263 1887 2585 1941 crediderunt
2621 1887 2871 1956 quidam?
2922 1887 3187 1958 Numquid
3221 1892 3552 1946 incredulitas
3579 1911 3760 1947 eorum
3812 1898 3884 1960 ﬁ-

2264 1981 2377 2033 dem
2399 1979 2494 2033 Dei
2516 1980 2816 2034 cracunbit?
2847 1981 2986 2035 Absit
3018 1983 3206 2052 (Rom.
3237 1986 3286 2039 3.
3316 1985 3393 2055 3).
3425 1985 3555 2038 Nam
3588 1989 3884 2056 ριόιιιιιιῑεη

2265 2087 2477 2138 quoque
2529 2072 2672 2139 ipsos
2719 2085 2932 2141 semper
2989 2075 3310 2129 accusabant
3362 2075 3628 2142 dicentes,
3677 2079 3882 2132 Audite

2266 2163 2522 2230 principes
2550 2162 2930 2227 Sodomorum;
2950 2175 3024 2227 et,
3064 2163 3328 2235 Principes
3360 2169 3430 2221 tui
3459 2185 3560 2222 non
3604 2169 3882 2241 obtempe-

2264 2263 2380 2306 rant
2420 2255 2437 2321 (_
2462 2253 2586 2307 1δαὶ.
2623 2257 2668 2307 l.
2710 2255 2793 2308 10.
2829 2265 2874 2309 et
2903 2255 2974 2312 25
2995 2258 3048 2326 );
3080 2271 3142 2310 ac
3170 2274 3399 2323 rursum,
3433 2260 3616 2315 Annon
3641 2271 3879 2316 vestrum

2263 2354 2332 2397 est
2355 2361 2498 2398 .tosse
2515 2346 2808 2416 judicium(
2836 2347 2995 2400 Miclt.
3018 2349 3070 2402 3.
3110 2350 3128 2402 l
3160 2346 3213 2415 )i
3250 2351 3313 2404 Et
3336 2352 3532 2421 ubique
3565 2353 3872 2408 relicuum-

2267 2437 2368 2490 tius
2427 2437 2545 2492 illos
2585 2438 2874 2493 incessunt.
2915 2439 3049 2507 Quid
3103 2442 3302 2510 igitur?
3359 2444 3597 2500 Deumne
3649 2459 3881 2518 propte-

2267 2541 2354 2580 rea
2410 2529 2672 2598 quiSpiam
2715 2531 3030 2584 aecusahit?
3069 2536 3284 2602 Apage;
3348 2535 3561 2590 illorum
3600 2538 3700 2591 hoc
3759 2542 3880 2591 cri-

2267 2635 2388 2674 meu
2417 2631 2515 2674 est.
2563 2623 2804 2686 Quonam
2851 2631 3028 2677 autem
3071 2625 3175 2677 alio
3204 2626 3356 2693 signo
3399 2627 3516 2695 quis
3555 2629 3881 2698 deprehen-

2270 2711 2399 2765 dere
2450 2711 2614 2779 possit
2653 2728 2747 2766 vos
2779 2729 2882 2767 non
2933 2729 3254 2784 cognosci-rc
3283 2717 3472 2786 ,legem
3498 2760 3512 2780 ,
3568 2723 3709 2790 quod
3765 2740 3882 2777 non

2271 2802 2538 2856 credatis?
2586 2803 2716 2856 Cum
2771 2815 2950 2858 autem
3004 2807 3268 2862 dixissent
3320 2811 3589 2865 nominent
3660 2815 3882 2882 prioci-

2275 2907 2397 2962 pmu
2440 2893 2733 2962 credidisse
2763 2896 2814 2949 in
2858 2912 2980 2951 eum
3009 2939 3024 2962 ,
3080 2899 3170 2952 sed
3200 2915 3292 2954 eos
3318 2902 3406 2971 qui
3452 2901 3621 2972 legem
3653 2905 3880 2975 ignora-

2272 2983 2439 3048 bant,
2488 2986 2682 3041 merito
2728 2987 2847 3043 illos
2900 2991 3075 3060 arguit
3124 2990 3445 3047 Nicodenms
3482 2993 3564 3048 his
3619 2996 3803 3051 verbis
3867 3021 3881 3054 :

2273 3078 2361 3132 5|.
2393 3077 2666 3149 Numquid
2697 3080 2779 3134 lea:
2809 3092 2985 3135 nostra
3029 3084 3226 3150 iudicat
3253 3085 3537 3154 hominem,
3568 3088 3669 3141 nisi
3692 3091 3881 3144 astitit--

2271 3172 2337 3225 n't
2368 3172 2429 3225 ab
2458 3173 2568 3242 ipso
2599 3175 2782 3244 prius?
2810 3174 3051 3230 Ostendit
3081 3193 3176 3231 eos
3207 3193 3303 3233 nec
3326 3195 3507 3245 nosse,
3533 3196 3629 3236 nec
3649 3197 3883 3238 servare

2276 3262 2468 3333 legem.
2503 3264 2632 3318 Nam
2675 3266 2719 3319 si
2775 3265 2859 3321 lex
2904 3277 3049 3323 vetat
3104 3279 3426 3341 quemquam
3478 3272 3725 3338 interﬁci,
3772 3278 3883 3333 nisi

2276 3355 2419 3422 prius
2444 3355 2729 3421 audiatur;
2761 3357 2859 3427 ipsi
2893 3373 3018 3412 vero
3046 3370 3332 3430 antequam
3365 3361 3631 3430 aud'rent,
3663 3365 3713 3420 id
3744 3382 3873 3418 rno-

2275 3445 2537 3500 liebantur
2566 3464 2578 3500 :
2609 3457 3035 3518 transgressores
3084 3462 3207 3506 sunt
3240 3451 3388 3521 legis.
3439 3453 3505 3507 Et
3546 3456 3670 3525 quia
3712 3455 3882 3512 dice-

2273 3538 2402 3592 bant
2451 3539 2720 3594 neminem
2767 3540 3066 3611 principum
3116 3542 3408 3598 credidisse
3454 3545 3505 3598 in
3555 3561 3697 3610 eum,
3749 3547 3882 3602 ideo

2276 3631 2476 3686 indicat
2503 3633 2827 3703 evangelista
2866 3635 3036 3705 ipsum
3065 3651 3130 3690 ex
3157 3653 3342 3692 eorum
3376 3654 3599 3694 numero
3623 3654 3742 3694 esse
3766 3681 3786 3706 ,
3820 3651 3879 3697 ut

2274 3723 2517 3779 ostendat
2539 3727 2698 3780 etiam
2740 3728 3008 3796 principes
3040 3729 3090 3782 in
3131 3744 3252 3784 eum
3284 3731 3593 3788 credidisse.
3620 3732 3877 3791 Nondum

2273 3825 2452 3869 tamen
2497 3814 2548 3869 id
2576 3816 2754 3884 palam
2778 3859 2792 3883 ,
2816 3827 2879 3871 ut
2917 3819 3216 3886 decuisset,
3259 3823 3616 3880 exhibuerant
3637 3841 3660 3879 τ
3688 3839 3876 3883 erant-

2273 3921 2376 3977 que
2421 3906 2775 3965 nihilominus
2808 3911 3032 3968 Christo
3076 3913 3298 3970 addicti.
3335 3915 3470 3972 Vide
3498 3927 3675 3973 autem
3707 3937 3875 3989 quam

2275 4011 2435 4064 parce
2464 3999 2654 4069 arguit.
2687 3999 2802 4054 Non
2829 4001 2952 4055 dicit
2981 4003 3145 4068 enim,
3182 4004 3285 4060 Vos
3315 4016 3496 4062 autem
3521 4009 3681 4063 vultis
3711 4011 3868 4068 illum

2273 4089 2540 4157 occidere,
2575 4103 2627 4146 et
2660 4101 2860 4148 temere
2887 4093 3260 4150 condemnatis
3303 4097 3576 4153 hominem
3610 4110 3666 4155 ut
3699 4104 3874 4158 sedu-

2276 4189 2496 4235 ctorem.
2539 4182 2735 4236 Verum
2767 4198 2869 4238 non
2905 4185 2972 4238 ita
3005 4183 3156 4252 dixit,
3187 4187 3281 4242 sed
3321 4189 3648 4247 moderatius
3676 4192 3872 4265 ingen-

2272 4282 2376 4326 tem
2426 4273 2633 4328 illorum
2686 4275 2951 4343 impetum
3003 4278 3327 4346 cohibebat,
3385 4296 3591 4337 necnon
3651 4285 3875 4343 illorum

2271 4364 2775 4418 inconsiderantiam
2815 4377 2866 4421 et
2911 4370 3311 4438 sanguinarium
3351 4373 3610 4428 animum.
3649 4376 3772 4431 ldeo
3810 4355 3875 4435 in

2273 4456 2441 4527 legem
2492 4472 2794 4513 sermonem
2841 4464 3370 4534 convertit,-aitque
3420 4482 3434 4520 :
3486 4465 3604 4521 Nisi
3651 4472 3876 4527 audierit

2272 4549 2560 4618 diligenter,
2585 4561 2632 4602 et
2658 4552 2944 4621 cognoverit
2969 4555 3095 4623 quid
3117 4556 3292 4626 faciat.
3321 4554 3508 4626 Itaque
3539 4572 3642 4612 non
3675 4563 3873 4619 audire

2271 4647 2474 4693 tantum
2514 4650 2760 4710 oportet,
2787 4643 2880 4698 sed
2913 4644 3197 4713 diligenter
3225 4648 3412 4703 audire
3458 4664 3473 4702 :
3505 4649 3555 4704 id
3588 4652 3732 4705 enim
3761 4655 3869 4708 sibi

2270 4731 2383 4785 vult
2411 4732 2559 4798 illud,
2591 4732 2654 4786 Et
2680 4739 2964 4804 cognoverit
2988 4739 3110 4807 quid
3145 4740 3317 4809 facint,
3341 4742 3468 4811 quid
3499 4743 3645 4810 velit,
3681 4762 3874 4815 quare,

2268 4832 2323 4876 ct
2349 4839 2504 4893 quam
2532 4841 2643 4878 rem
2689 4837 2934 4896 spectet,
2977 4844 3043 4882 an
3073 4831 3137 4884 ad
3187 4833 3493 4901 reipublicae
3532 4838 3875 4895 eversionem

2272 4917 2453 4970 tendat
2493 4928 2550 4970 ut
2581 4919 2843 4973 inimicus.
2879 4921 3194 4977 Dubitautes
3224 4940 3353 4992 ergo
3395 4942 3515 4980 cum
3562 4928 3830 4986 dixissent
3856 4975 3871 4996 ,

2270 5010 2538 5064 neminem
2571 5011 2872 5080 principum
2898 5013 2949 5066 in
2974 5013 3146 5080 ipsum
3169 5015 3417 5082 credere,
3444 5032 3544 5072 nec
3571 5018 3871 5076 vehemen—

2272 5112 2352 5155 ter
2383 5117 2481 5157 nee
2505 5103 2730 5158 remisse
2757 5105 2807 5158 in
2841 5120 2962 5159 eum
2986 5104 3259 5160 feruntur.

2337 5196 2390 5250 2.
2422 5199 2676 5260 Quaenam
2725 5199 2841 5253 tunc
2863 5203 3250 5270 consequentia
3274 5245 3288 5269 ,
3337 5203 3429 5257 illo
3465 5204 3685 5262 dicente
3709 5250 3723 5272 ,
3758 5207 3871 5264 Lex

2268 5299 2442 5342 nostra
2471 5306 2572 5342 non
2591 5290 2794 5360 judieat
2814 5308 3138 5361 quemquam,
3171 5295 3526 5364 respondere.
3560 5298 3648 5352 52.
3689 5298 3744 5352 Ν
3749 5318 3868 5355 nm-

2267 5380 2389 5448 quid
2411 5392 2460 5433 et
2482 5391 2534 5433 tu
2555 5397 2618 5433 ea:
2639 5380 2853 5436 Gulilwa
2875 5400 2924 5436 es
2942 5383 2968 5436 .’
2991 5385 3120 5438 Cum
3151 5389 3479 5456 oportuisset
3502 5396 3644 5443 enim
3677 5405 3868 5448 osten-

2267 5470 2397 5526 dere
2441 5487 2500 5527 se
2528 5487 2634 5526 non
2669 5481 2869 5529 temere
2901 5489 2966 5529 eo
2999 5476 3210 5532 misisse
3250 5479 3336 5546 qui
3382 5479 3531 5533 illum
3587 5497 3864 5553 vocarent,

2267 5573 2317 5618 et
2352 5579 2456 5617 non
2493 5579 2628 5634 opus
2668 5579 2787 5620 esse
2819 5565 2991 5635 ipsum
3035 5566 3274 5638 alloqui,
3319 5573 3510 5626 acerbe
3557 5571 3868 5645 l'urioscque

2271 5666 2535 5724 reponunt
2561 5674 2572 5709 :
2603 5657 2846 5711 Scrutare
2867 5667 2913 5710 et
2938 5659 3053 5711 vide
3078 5699 3090 5723 ,
3113 5660 3238 5728 quia
3268 5677 3331 5715 ea;
3368 5661 3584 5717 Galiltca
3613 5669 3864 5734 propheta

2268 5768 2367 5803 non
2418 5751 2596 5820 surgit.
2626 5749 2762 5815 Quid
2809 5751 2952 5805 enim
3000 5751 3134 5806 dixit
3184 5753 3345 5809 homo
3387 5756 3517 5810 illc?
3547 5774 3673 5813 num
3722 5763 3861 5830 quod

2269 5842 2524 5912 propheta
2570 5841 2751 5898 esset?
2799 5841 2978 5912 Dixit,
3013 5859 3118 5900 non
3165 5844 3458 5915 iudicatum
3513 5866 3617 5906 nou
3690 5856 3860 5911 occidi
