4054 6430
187 391 287 450 289

184 514 455 578 ομοτῑεω.
483 500 564 558 llli
592 512 722 555 vero
750 491 1144 553 contumeliose
1167 530 1183 558 ,
1217 503 1280 545 ac
1308 488 1356 544 si
1384 484 1778 578 Scripturarum

184 612 406 670 prorsus
428 596 646 668 ignarus
671 597 838 656 esset,
867 586 984 642 lucc
1008 591 1298 656 reponunt,
1325 593 1390 636 ac
1418 579 1463 635 si
1497 577 1740 670 dicerent
1764 591 1778 628 :

191 667 354 755 Vade,
383 667 569 753 disce;
599 684 651 742 id
671 683 814 740 enim
839 679 942 738 sibi
969 678 1082 734 vult
1115 675 1268 743 illud,
1300 674 1545 730 Scrutare
1572 678 1617 725 et
1645 667 1776 723 vide.

1308 370 1374 428 IN
1412 363 1726 427 JOANNEM
1767 359 2001 420 llOMlL.
2042 359 2148 416 LII.
2182 362 2252 418 al.
2293 361 2380 420 LI.

3385 366 3491 427 290

1888 476 2064 544 judico
2090 492 2391 548 quamquam
2418 495 2436 532 :
2459 485 2508 533 et
2531 477 2576 532 si
2590 477 2793 551 judico,
2815 477 3070 550 judicium
3109 497 3274 536 meum
3321 496 3490 539 verum

1887 577 1980 624 est.
2011 569 2146 626 Nam
2171 569 2217 625 si
2239 569 2484 640 judicare
2521 571 2740 641 vellem,
2763 587 2831 630 ex
2856 573 3236 632 damnatorum
3267 591 3494 635 numero

1889 664 2123 719 essetis:
2156 662 2274 720 haec
2321 678 2453 722 vero
2481 680 2588 722 non
2614 665 2865 737 judicans
2890 667 3014 725 dice
3040 709 3055 736 ,
3085 669 3277 741 inquit.
3304 669 3493 746 Neque

184 753 495 851 Quidiergo
546 772 830 835 Christus?
867 771 1000 842 Quia
1047 768 1326 826 Galilmam
1368 774 1424 822 et
1460 762 1780 858 prophetam
2037 753 2166 820 dixi,
2199 753 2316 812 Non
2339 755 2588 828 judicans
2619 757 2773 858 dico,
2788 760 2935 831 quod
2959 761 3299 858 nonulidam,
3331 779 3419 858 me
3447 765 3493 820 si

187 846 404 948 gem?"
430 846 486 930 i'n
523 889 620 930 ore
647 869 938 927 versabant
967 910 983 933 .
1012 879 1205 922 omnes
1226 862 1294 918 ab
1327 859 1503 916 “neua
1526 855 1780 948 opinim
1884 846 2149 948 judieem,
2174 862 2276 904 vos
2296 862 2418 906 esse
2441 858 2723 948 capturum
2753 853 2901 926 (nam
2927 853 2974 908 si
3000 852 3324 948 judicarem,
3347 855 3496 926 jnste

187 944 497 1032 removens,
529 972 582 1020 et
605 961 899 1020 ostendens
919 974 980 1016 se
998 971 1103 1013 non
1119 968 1241 1011 esse
1265 966 1430 1006 unum
1450 965 1516 1003 ex
1546 944 1780 1017 prophe-

185 1061 280 1128 tis,
309 1058 406 1116 sed
430 1056 614 1113 mundi
642 1056 928 1111 Dominum
951 1093 967 1117 ,
987 1051 1062 1106 ait
1085 1048 1236 1120 (Cap.
1262 1045 1332 1115 8)
1368 1062 1382 1099 :
1416 1041 1503 1097 12.
1533 1039 1647 1111 Ego
1669 1053 1780 1092 sunt

183 1154 278 1208 tua:
301 1150 483 1206 mundi
505 1147 609 1221 (a).
632 1147 749 1203 Non
777 1144 1015 1202 Galilmze
1035 1183 1050 1206 ,
1083 1155 1189 1196 non
1217 1136 1534 1199 Ρειιιεδιίιιιη,
1561 1145 1666 1187 non
1683 1128 1784 1186 Ju-

181 1243 335 1299 (ια-ε.
362 1239 502 1309 Quid
525 1253 688 1310 porro
714 1235 883 1292 Judaei
904 1235 927 1290 ?
952 1235 1042 1292 15.
1067 1231 1151 1287 Tu
1172 1230 1237 1285 de
1265 1229 1425 1297 teipse
1444 1221 1784 1280 testimonium

185 1335 444 1408 perhibes,
491 1333 833 1388 testimonium
879 1340 1020 1385 tuum
1048 1342 1222 1381 verum
1251 1341 1352 1378 non
1396 1331 1487 1376 est.
1518 1321 1565 1376 Ο
1607 1314 1785 1372 stulti-

184 1427 357 1481 tiam?
385 1425 466 1481 Ad
503 1423 810 1493 Scripturas
837 1420 958 1476 illos
999 1432 1217 1488 semper
1253 1413 1451 1476 mittit,
1481 1420 1538 1467 et
1574 1408 1780 1472 dicunt,

183 1515 267 1572 Tu
293 1515 635 1572 testimonium
661 1514 891 1584 perhibes
925 1511 990 1565 de
1013 1510 1190 1581 teipse.
1216 1505 1368 1574 Quod
1395 1513 1573 1558 autem
1605 1498 1786 1572 perhi-

184 1607 304 1663 buit
350 1604 754 1663 testimonium?
809 1602 918 1673 Ego
969 1617 1083 1655 sum
1134 1603 1224 1653 tux
1289 1596 1488 1651 mundi.
1537 1594 1783 1664 Magnum

182 1700 414 1765 dictum,
441 1698 622 1769 utique
649 1711 922 1767 magnum.
954 1693 1061 1750 Sed
1087 1707 1192 1747 non
1219 1690 1372 1745 valde
1399 1689 1522 1744 illos
1550 1685 1786 1757 exagita-

187 1791 267 1844 vit
297 1831 312 1855 ,
345 1789 471 1860 quia
519 1802 619 1844 nec
645 1802 706 1842 se
727 1786 838 1856 jam
867 1784 1127 1856 teqttalem
1154 1779 1298 1838 Patri
1326 1779 1541 1836 dicebat
1563 1818 1578 1844 ,
1606 1791 1708 1832 nec
1727 1790 1786 1832 se

184 1881 388 1938 Filium
414 1880 534 1951 ejus
552 1892 674 1934 esse
703 1876 784 1933 vel
834 1877 1023 1936 Deum,
1052 1872 1147 1930 sed
1183 1873 1360 1930 lucem
1393 1879 1622 1925 tantum.
1651 1865 1785 1922 Illud

181 1987 404 2044 quoque
452 1979 630 2026 tamen
675 1977 919 2024 evenere
958 1965 1212 2022 volebant
1241 1980 1256 2017 :
1283 1977 1405 2017 nam
1436 1960 1609 2031 majus
1656 1957 1785 2014 illud

183 2073 328 2130 erat,
359 2078 523 2135 quam
551 2061 756 2128 dicere,
786 2060 886 2128 Qui
912 2060 1139 2129 sequitur
1175 2072 1275 2123 nte,
1303 2072 1404 2111 non
1426 2051 1705 2109 ambulabit
1732 2053 1786 2107 in

185 2157 428 2214 tenebris.
462 2155 659 2212 Lucem
686 2163 743 2211 et
769 2153 1018 2209 tenebras
1038 2151 1346 2222 Spirituales
1361 2149 1491 2205 dicit
1511 2164 1527 2215 ;
1557 2151 1659 2204 hoc
1677 2155 1784 2214 est,

184 2249 305 2307 Non
332 2259 514 2304 manet
537 2249 589 2303 iu
603 2262 808 2303 errore.
834 2244 931 2300 llic
955 2243 1305 2299 Nicodemum
1328 2241 1497 2296 allicit
1525 2249 1582 2296 et
1606 2238 1786 2310 erigit,

185 2353 373 2415 utpote
400 2343 490 2414 qui
521 2341 689 2397 libere
721 2339 972 2410 loquutus
992 2346 1156 2399 esset,
1183 2347 1345 2407 atque
1371 2335 1646 2390 ministros
1667 2333 1789 2388 lau-

184 2435 283 2491 dat
299 2433 444 2506 quod
464 2432 544 2488 ita
565 2447 626 2487 se
644 2429 929 2503 gesserint.
947 2426 1193 2484 Clamare
1219 2427 1363 2483 enim
1389 2425 1464 2500 (b)
1490 2425 1593 2480 hoc
1617 2422 1787 2496 signi-

187 2528 337 2596 licat,
382 2524 527 2598 quod
556 2522 786 2579 voluerit
825 2521 948 2577 illos
988 2520 1056 2576 ad
1096 2517 1422 2575 audiendum
1469 2516 1726 2572 inducere
1769 2529 1786 2569 :

187 2618 460 2690 simulque
504 2614 848 2682 subindicat,
889 2611 1011 2668 illos
1056 2610 1194 2668 clam
1248 2609 1406 2665 dolos
1460 2617 1692 2672 struere,
1735 2607 1790 2662 in

189 2709 432 2768 tenebris
460 2721 656 2778 nempe
681 2715 736 2762 et
762 2706 815 2761 in
845 2718 1032 2761 errore
1058 2743 1076 2772 ,
1105 2701 1202 2759 sed
1230 2702 1406 2759 lucem
1436 2715 1544 2756 non
1567 2715 1791 2770 snpera-

191 2813 348 2860 turos
375 2815 519 2858 esse.
544 2800 721 2870 Atque
735 2795 1028 2853 Nicodemo
1050 2794 1102 2850 in
1125 2802 1362 2851 mentem
1389 2800 1609 2849 revocat
1627 2790 1790 2846 verba

190 2896 284 2953 illa
331 2909 454 2967 qua:
503 2906 675 2963 nuper
716 2889 969 2945 dixerat:
1004 2885 1184 2942 Omnis
1230 2886 1318 2957 qui
1360 2882 1494 2940 male
1527 2891 1790 2954 operatur,

190 2989 300 3044 odit
324 2988 510 3053 lucem,
539 2993 590 3039 et
611 2999 713 3038 non
743 2983 873 3035 venit
897 2981 966 3035 ad
989 2980 1172 3044 lucem,
1204 2995 1268 3034 ne
1306 2994 1463 3048 opera
1491 2978 1604 3050 ejus
1626 2992 1794 3047 appa-

191 3087 336 3134 reant
361 3075 543 3148 (Joan.
577 3075 628 3130 5.
658 3073 782 3144 20).
818 3071 950 3140 Quia
980 3070 1256 3136 dicebant,
1288 3069 1563 3126 neminem
1591 3067 1792 3139 princi-

192 3184 319 3240 pum
353 3167 409 3223 iu
427 3180 551 3221 eum
580 3162 910 3228 credidisse;
943 3161 1067 3218 ideo
1093 3161 1207 3230 ait,
1244 3160 1347 3230 Qui
1373 3161 1507 3215 male
1531 3160 1659 3230 agit,
1688 3175 1792 3214 non

192 3261 326 3316 venit
351 3258 422 3313 ad
457 3256 653 3322 lucem,
683 3253 976 3310 ostendens
1015 3267 1122 3308 non
1161 3268 1230 3309 ex
1261 3252 1397 3309 lucis
1424 3251 1794 3309 imbecillitate

193 3352 323 3407 illud
369 3364 494 3408 esse
520 3388 536 3414 ,
566 3348 661 3405 sed
691 3365 759 3406 ex
801 3348 1013 3403 illorum
1044 3360 1296 3417 perversa
1329 3345 1625 3402 voluntate.
1675 3343 1790 3400 Re-

191 3441 509 3512 sponderunt
561 3449 609 3495 et
641 3439 882 3494 dixerunt
915 3437 965 3493 ei
986 3454 1006 3492 :
1037 3435 1114 3492 Tu
1138 3437 1202 3490 de
1241 3437 1401 3507 teipso
1440 3436 1783 3492 testimonium

193 3535 447 3604 perhibes.
499 3531 639 3601 Quid
680 3531 842 3604 igitur
882 3529 1008 3587 ille?
1043 3530 1129 3586 14.
1162 3526 1279 3584 Etsi
1325 3545 1418 3600 ego
1453 3529 1796 3585 testimonium

193 3626 432 3696 perbibeo
467 3624 534 3678 de
579 3625 791 3696 meipso,
847 3622 1189 3680 testimonium
1234 3637 1401 3677 meum
1447 3637 1618 3676 verum
1666 3629 1740 3676 est
1775 3636 1797 3677 :

191 3717 314 3787 quia
339 3716 448 3773 scio
481 3714 616 3769 unde
641 3715 788 3783 veni,
827 3724 878 3770 et
916 3729 1016 3784 quo
1044 3713 1213 3779 uado;
1239 3729 1326 3768 vos
1370 3721 1541 3768 autem
1587 3712 1795 3768 nescitis

193 3810 328 3865 unde
352 3809 520 3865 senio.
549 3806 702 3877 Quod
731 3807 880 3878 prius
897 3806 1129 3873 dixerat,
1157 3805 1260 3862 hoc
1288 3814 1568 3876 opponunt
1592 3805 1791 3874 Judaei,

194 3911 468 3975 tamquam
498 3900 766 3971 praecipue
783 3899 1008 3955 dictum.
1039 3898 1179 3968 Quid
1205 3913 1334 3970 ergo
1352 3897 1635 3954 Christus?
1662 3898 1794 3954 illud

195 3993 391 4051 evertit
440 4003 601 4064 atque
642 3991 910 4061 ostendit,
962 4007 1023 4049 se
1073 3991 1163 4048 illa
1210 3992 1506 4049 secundum
1556 3993 1796 4063 ipsorum

195 4087 506 4158 opinionem
534 4085 734 4142 dixisse
777 4084 892 4153 eis,
921 4085 1065 4157 quod
1112 4101 1235 4142 eum
1278 4086 1577 4156 simplicem
1622 4087 1802 4143 homi-

194 4193 318 4234 nem
346 4193 471 4234 esse
496 4178 905 4242 arbitrarentur.
932 4178 1117 4250 aitque
1147 4196 1160 4232 :
1184 4175 1298 4234 Etsi
1322 4196 1414 4250 ego
1455 4181 1796 4236 testimonium

197 4271 434 4337 perhibeo
457 4272 522 4326 de
543 4287 624 4325 me
641 4271 775 4344 ipso,
795 4287 967 4327 uer-um
991 4281 1069 4328 est
1094 4273 1433 4329 testimonium
1460 4291 1647 4342 meum,
1675 4275 1794 4346 quia

193 4364 298 4418 scio
319 4363 456 4417 unde
486 4361 650 4418 senio.
694 4361 832 4432 Quid
860 4362 966 4419 sibi
996 4364 1112 4419 vult
1136 4364 1282 4420 hoc?
1325 4366 1404 4421 Ex
1437 4365 1550 4422 Deo
1568 4381 1712 4434 sum,
1740 4375 1796 4423 et

196 4452 357 4521 Deus,
389 4463 444 4510 et
475 4451 639 4509 Filius
665 4452 784 4510 Dei.
817 4453 960 4512 Deus
986 4455 1088 4512 sibi
1112 4455 1216 4512 lide
1243 4456 1438 4529 dignus
1463 4460 1614 4514 testis
1653 4478 1665 4514 :
1699 4474 1795 4516 vos

137 4523 148 4533 ’
195 4559 324 4600 vero
349 4560 460 4600 non
488 4543 659 4601 nostis
684 4560 699 4612 ς
725 4554 920 4615 sponte
943 4553 1121 4601 vestra
1139 4523 1373 4618 maligne
1392 4549 1570 4619 agitis,
1593 4560 1647 4605 et
1669 4564 1787 4604 cun:

192 4635 383 4690 sciatis
407 4676 422 4698 ,
453 4635 665 4690 nescire
691 4634 959 4691 simulatis
995 4653 1012 4690 :
1041 4634 1133 4692 sed
1161 4636 1456 4694 secundum
1501 4637 1792 4695 humanam

192 4725 518 4782 sententiam
563 4725 885 4796 loquimini,
915 4725 1157 4800 nihilque
1202 4729 1437 4800 amplius
1488 4731 1794 4804 intelligere

193 4817 379 4882 voltis,
412 4831 574 4886 quam
603 4817 654 4874 id
682 4817 826 4889 quod
848 4826 1092 4889 apparet.
1124 4819 1212 4878 15.
1253 4819 1356 4876 Vos
1376 4825 1660 4878 secundum
1685 4841 1794 4880 car-

194 4926 306 4964 nem
321 4909 597 4981 judicans.
626 4907 698 4967 Ut
723 4909 1022 4966 secundum
1047 4925 1266 4969 carnem
1291 4913 1474 4970 vivere
1499 4956 1514 4981 ,
1546 4917 1687 4972 male
1715 4917 1795 4974 vi-

193 5016 320 5057 rere
347 5009 437 5057 est
467 5017 483 5055 :
514 5001 594 5057 sic
617 5001 916 5058 secundum
943 5017 1164 5059 carnem
1185 5003 1451 5074 judicare,
1475 5017 1559 5064 est
1591 5009 1792 5080 injuste

189 5091 452 5165 judicare.
482 5089 594 5164 Ego
635 5108 738 5147 που
747 5092 930 5164 judico
964 5110 1267 5166 qumquam
1293 5111 1314 5151 :
1337 5098 1423 5155 16.
1452 5108 1500 5154 et
1525 5101 1574 5155 si
1586 5101 1792 5170 judico,

193 5181 442 5246 judicium
479 5197 647 5238 meum
684 5198 857 5239 rerum
885 5193 980 5239 est.
1026 5184 1139 5242 Hoc
1157 5195 1260 5251 est,
1289 5185 1492 5258 lnjuste
1512 5190 1788 5260 judicatis.

194 5271 260 5327 Et
281 5273 328 5328 si
349 5271 552 5341 injuste
572 5271 900 5343 iudicamus,
927 5275 1195 5347 inquiunt,
1219 5292 1317 5334 cur
1340 5295 1444 5336 non
1473 5282 1793 5355 redarguis?

191 5379 287 5420 cur
313 5379 428 5420 non
463 5366 740 5438 castigas?
763 5382 862 5424 cur
890 5383 996 5424 non
1024 5371 1354 5429 condemnas
1375 5377 1398 5428 ‘t
1418 5375 1554 5446 Quia
1584 5395 1693 5435 non
1722 5382 1790 5439 ad

193 5457 293 5515 hoc
324 5457 447 5514 veni
471 5499 490 5528 ,
519 5458 712 5531 inquit.
755 5458 814 5516 ld
854 5461 1000 5518 enim
1049 5463 1315 5536 signiﬁcat
1345 5467 1473 5523 illud
1499 5486 1513 5524 :
1545 5469 1658 5543 Ego
1689 5489 1791 5528 non

252 5651 328 5724 (ις)
353 5649 442 5700 Ille
465 5656 616 5724 totam
647 5650 975 5724 demouere,
995 5653 1048 5703 in
1083 5654 1328 5708 adulterio
1358 5658 1673 5724 deprehensa
1716 5663 1792 5715 hl-

190 5713 389 5781 stnriutn
396 5713 740 5781 jmiull
757 5713 1138 5781 Chrysostomus.

151 5769 160 5785 '
224 5775 326 5850 A’tb)
353 5769 498 5833 llliul,
520 5771 734 5850 elutriare
753 5769 1121 5850 qumﬁidetur
1144 5783 1399 5850 respicere
1422 5785 1539 5837 illud
1572 5801 1678 5850 cap.
1707 5801 1791 5841 se-

191 5835 320 5901 ptimi
341 5835 674 5901 praedantis
697 5851 741 5886 ν.
768 5838 848 5898 37,
873 5848 918 5892 ct
941 5840 1180 5894 clamabat
1198 5835 1381 5896 dicens.

1890 952 1986 993 vos
2012 938 2474 1012 eondemnarcm)
2509 959 2524 997 :
2564 948 2622 997 at
2641 957 2786 999 nunc
2808 951 3018 1015 tempus
3040 943 3230 1016 judicii
3258 961 3364 1003 non
3385 955 3491 1004 est.

1890 1027 2152 1087 Futurum
2203 1046 2419 1104 quoque
2460 1032 2723 1104 judicium
2769 1033 3112 1105 subindieat,
3167 1050 3291 1095 cum
3340 1035 3494 1105 dicit,

1895 1123 2032 1190 Quia
2057 1124 2199 1180 solus
2229 1141 2332 1180 non
2370 1141 2505 1191 sunt,
2533 1126 2627 1181 sed
2645 1142 2739 1198 ego
2761 1138 2810 1182 et
2827 1128 2917 1199 qui
2935 1128 3071 1184 misit
3090 1145 3172 1185 me
3195 1128 3374 1185 Pater.
3398 1129 3496 1187 llic

1893 1227 2058 1284 porro
2088 1214 2283 1281 innuit,
2313 1229 2419 1270 non
2435 1230 2497 1273 se
2522 1216 2698 1273 solum
2721 1218 2868 1290 ipsos
2892 1218 3177 1288 damnare,
3199 1221 3294 1277 sed
3324 1222 3486 1278 etiam

1890 1305 2128 1361 Patrem.
2179 1305 2380 1363 Deinde
2432 1305 2536 1364 hoc
2567 1308 2671 1365 sub
2701 1308 2888 1366 umbra
2944 1310 3175 1383 quadam
3227 1312 3384 1383 dixit,
3439 1314 3502 1370 in

1891 1396 1969 1453 rei
2002 1397 2368 1454 testimonium
2415 1399 2678 1456 inducens
2722 1420 2736 1457 :
2781 1403 2870 1458 17.
2902 1400 2971 1458 1η
2998 1403 3109 1475 tege
3133 1414 3304 1461 autem
3329 1416 3496 1464 oestro

1891 1492 2139 1562 scriptum
2166 1500 2259 1560 est,
2279 1491 2498 1547 duorum
2531 1493 3154 1554 hominumtestimouium
3180 1516 3351 1555 verum
3368 1518 3496 1557 esse.

1987 1582 2042 1638 3.
2077 1580 2449 1639 Ha-reticorum
2476 1584 2712 1652 obiectio.
2734 1616 2810 1630 --
2827 1589 2965 1656 Quid
2994 1589 3080 1645 hic
3108 1589 3346 1647 dixerint
3383 1592 3495 1649 lue-

1891 1675 2088 1732 retici?
2130 1676 2269 1744 Quid
2324 1677 2447 1754 plus
2493 1678 2724 1745 habeat,
2769 1695 2932 1752 quam
2993 1681 3261 1752 homines,
3303 1686 3348 1741 si
3394 1686 3507 1744 hoe

1891 1767 2096 1824 dictum
2135 1755 2456 1839 simpliciter
2481 1769 2852 1841 accipiamus?
2878 1773 3034 1845 Apud
3075 1774 3326 1833 homines
3353 1779 3521 1836 enim-

1893 1857 2028 1914 ideo
2055 1857 2157 1916 hoc
2199 1866 2461 1915 statutum
2516 1860 2653 1932 fuit,
2688 1863 2815 1934 quia
2868 1879 3031 1922 nemo
3067 1867 3217 1922 solus
3257 1878 3342 1925 est
3394 1868 3503 1927 lida

1891 1951 2085 2023 dignus
2115 1971 2128 2007 :
2161 1953 2303 2024 apud
2333 1953 2501 2011 Deum
2531 1964 2713 2011 autem
2739 1957 3014 2026 quomodo
3056 1957 3161 2014 hoc
3204 1969 3352 2016 stare
3393 1975 3497 2031 po-

1894 2043 2101 2099 tuerit?
2120 2041 2227 2100 Cur
2247 2042 2450 2101 dictum
2472 2052 2592 2114 est,
2633 2045 2752 2103 Duo
2771 2045 2802 2100 τ
2827 2062 2954 2104 num
3003 2049 3130 2120 quia
3168 2049 3278 2106 duo
3325 2059 3455 2107 sunt
3484 2095 3496 2116 ,

1893 2136 1976 2192 vel
1992 2136 2115 2208 quia
2139 2135 2385 2195 homines
2396 2138 2680 2207 sunt,.ideo
2693 2147 2820 2197 sunt
2834 2138 2944 2196 duo
2959 2142 2982 2197 ?
3011 2140 3066 2198 Si
3080 2142 3204 2213 quia
3226 2142 3335 2199 duo
3349 2155 3498 2212 sum,

1892 2244 1991 2286 cur
2016 2245 2123 2286 non
2143 2231 2381 2304 confugit
2398 2231 2466 2287 ad
2486 2231 2774 2302 Joannem,
2803 2249 2906 2291 nec
2930 2233 3085 2301 dixit,
3105 2234 3497 2293 Testimonium

1893 2337 1996 2396 ego
2039 2322 2304 2395 perhibeo
2349 2324 2418 2382 de
2471 2326 2721 2397 meipso,
2772 2327 3026 2398 perhibet
3053 2343 3269 2400 quoque
3296 2330 3365 2386 de
3414 2345 3504 2387 me

1894 2413 2168 2472 Joannes?
2193 2430 2290 2472 cur
2311 2431 2417 2473 non
2439 2416 2507 2473 ad
2528 2417 2816 2489 angelum?
2839 2433 2942 2474 sur.
2957 2433 3066 2476 non
3086 2420 3153 2476 ad
3177 2422 3503 2492 prophetas?

1897 2520 2022 2562 nam
2064 2515 2319 2563 sexcenta
2365 2508 2472 2564 alia
2500 2509 2746 2579 proferre
2773 2521 2983 2582 poterat
3010 2513 3341 2569 testimonia.
3387 2513 3500 2572 Sed

1897 2614 2006 2657 non
2035 2599 2138 2660 hoc
2175 2607 2384 2656 tantum
2413 2603 2526 2657 vult
2553 2602 2883 2674 signiﬁcem,
2911 2604 3056 2676 quod
3095 2604 3197 2661 duo
3225 2606 3371 2672 sint;
3405 2607 3503 2662 sed

1895 2692 2059 2748 ctiam
2079 2690 2222 2763 quod
2248 2707 2319 2748 ex
2348 2693 2538 2750 eadem
2577 2694 2688 2751 sint
2712 2695 3035 2752 susbtantia.
3069 2696 3159 2753 l9.
3183 2697 3372 2753 Dicunt
3400 2698 3448 2754 ei
3485 2714 3504 2753 :

1901 2783 2028 2852 Quis
2070 2792 2144 2838 est
2189 2782 2350 2840 Pater
2399 2793 2516 2841 tuus
2537 2786 2576 2840 2·
2604 2784 2888 2858 Respondit
2929 2787 3083 2843 Jesus
3116 2803 3136 2843 :
3183 2787 3366 2860 Neque
3425 2805 3506 2845 me

1897 2875 2054 2942 scitis,
2085 2891 2245 2947 neque
2281 2876 2496 2933 Patrem
2522 2894 2714 2936 meum.
2760 2879 2893 2937 Cum
2923 2883 3073 2938 enim
3100 2882 3341 2940 scientes
3370 2891 3509 2940 tanta

1896 2983 2059 3040 quam
2088 2969 2245 3027 inscii
2277 2970 2712 3045 interrogarent,
2743 2976 2901 3047 quasi
2944 2986 3214 3034 tentantes
3235 2995 3397 3048 eum,
3438 2997 3507 3037 ne

1898 3063 2254 3132 responsione
2321 3063 2541 3135 quidem
2606 3065 2729 3123 illos
2783 3067 3056 3140 dignatur.
3119 3071 3248 3129 ldeo
3309 3073 3508 3131 clarius

1898 3150 2154 3224 deinceps
2182 3153 2516 3228 liberiusque
2541 3155 2802 3229 loquitur,
2833 3169 2996 3232 atque
3020 3177 3087 3220 ex
3133 3164 3303 3234 signis
3331 3180 3508 3237 exque

1899 3242 2147 3300 doctrina
2196 3248 2538 3317 sequentium
2581 3264 2643 3306 se
2691 3252 3059 3308 testimonium
3100 3256 3335 3327 accipit,
3363 3257 3506 3329 quod

1895 3335 2007 3406 jam
2029 3337 2207 3394 crucis
2232 3345 2447 3410 tempus
2492 3339 2823 3400 immineret.
2847 3342 2994 3412 Scio,
3021 3343 3229 3416 inquit,
3260 3347 3394 3403 unde
3420 3363 3510 3404 ue-

1906 3430 2090 3484 nerint.
2118 3429 2272 3500 Quod
2299 3430 2420 3488 illos
2445 3446 2554 3488 non
2578 3432 2736 3491 valde
2765 3436 2977 3502 movit;
3009 3451 3134 3495 cum
3161 3440 3370 3496 addidit
3409 3456 3508 3498 au-

1900 3531 2010 3579 tem
2037 3563 2054 3591 ,
2090 3523 2205 3592 Quo
2223 3539 2316 3596 ego
2357 3524 2506 3592 vado,
2536 3525 2708 3598 magis
2737 3526 2860 3584 illos
2885 3530 3183 3601 exterruit,
3215 3535 3368 3604 quasi
3396 3550 3504 3591 non

1900 3623 2049 3672 esset
2098 3614 2153 3671 in
2204 3623 2382 3673 morte
2431 3631 2839 3690 permansuros.
2881 3619 2990 3678 Sed
3034 3637 3132 3679 cur
3182 3639 3290 3682 non
3330 3625 3507 3695 dixit,

1902 3705 2046 3764 Deus
2087 3720 2247 3776 sum;
2294 3707 2391 3765 sed
2416 3751 2433 3775 ,
2475 3708 2600 3767 Scio
2636 3711 2774 3767 unde
2805 3713 2992 3769 ratio?
3031 3713 3259 3789 Semper
3287 3716 3507 3778 humilia

1899 3797 2221 3855 sublimibus
2245 3799 2530 3868 admiscet,
2562 3811 2617 3858 et
2647 3801 2764 3860 huc
2783 3805 2947 3862 etiam
2983 3807 3344 3867 suboccultat.
3373 3813 3508 3869 Cum

1899 3888 2130 3947 dixisset
2155 3893 2327 3960 enim,
2371 3893 2484 3967 Ego
2531 3897 2874 3954 testimonium
2914 3900 3153 3972 perhibeo
3193 3904 3260 3960 de
3293 3907 3506 3976 meipso,

1903 3981 2064 4055 idque
2088 3985 2454 4055 ostendisset,
2493 3986 2562 4043 ad
2591 3987 2874 4047 humiliora
2895 3993 3081 4060 venit;
3106 4007 3169 4050 ac
3195 3994 3240 4050 si
3261 3995 3505 4065 dixisset,

1898 4075 2024 4133 Scio
2048 4093 2079 4134 a
2104 4093 2213 4150 quo
2237 4079 2436 4136 missus
2481 4081 2605 4150 sim,
2654 4093 2708 4139 et
2737 4083 2805 4140 ad
2833 4100 2993 4156 quem
3028 4087 3242 4145 vatiam.
3274 4089 3364 4147 Sic
3401 4107 3508 4147 non

1902 4177 2153 4240 poterant
2177 4172 2569 4242 contradicere,
2596 4189 2719 4231 cum
2746 4177 3032 4248 audirent,
3073 4180 3143 4237 ab
3181 4197 3249 4238 eo
3283 4183 3506 4243 missum

1900 4275 2043 4328 esse,
2073 4271 2130 4318 et
2151 4261 2218 4319 ad
2248 4278 2373 4319 eum
2402 4267 2623 4322 reverti.
2644 4266 2788 4324 Nihil
2815 4271 2960 4326 enim
2979 4312 2997 4337 ,
3031 4271 3207 4343 inquit
3227 4317 3243 4342 ,
3276 4273 3396 4333 falsi
3427 4277 3507 4332 lo-

1900 4361 2100 4424 quutus
2139 4368 2281 4410 sum.
2328 4355 2455 4412 Inde
2497 4358 2657 4425 veni,
2704 4359 2830 4417 illuc
2874 4362 3144 4434 remigro,
3197 4365 3265 4420 ad
3317 4382 3505 4425 verum

1901 4447 2093 4503 Deum.
2120 4446 2228 4503 Vos
2255 4455 2436 4504 autem
2471 4449 2640 4506 Deum
2664 4467 2771 4508 non
2799 4455 2971 4510 nostis
3002 4473 3016 4512 :
3062 4455 3188 4514 ideo
3208 4459 3508 4518 sectandum

1900 4555 2120 4596 carnem
2143 4540 2420 4611 judicatis.
2453 4541 2588 4598 Nam
2622 4555 2744 4616 post
2787 4554 2868 4602 tot
2894 4548 3075 4604 audita
3114 4549 3309 4606 indit-ia
3339 4563 3396 4608 et
3421 4571 3503 4608 ar.

1900 4645 2156 4704 gumento
2187 4634 2367 4690 adhuc
2411 4634 2628 4704 dicitis,
2684 4636 2808 4693 Non
2833 4651 2908 4695 est
2940 4657 3085 4697 verus
3123 4659 3142 4698 :
3189 4652 3247 4700 et
3287 4643 3507 4717 Moysen

1902 4724 2008 4782 [ide
2030 4725 2250 4798 dignum
2276 4729 2496 4798 putatis,
2525 4736 2582 4784 et
2617 4727 2686 4785 de
2723 4727 2844 4788 aliis
2871 4742 2926 4788 et
2959 4732 3030 4790 de
3061 4750 3124 4792 se
3157 4735 3503 4808 loquentem;

1899 4815 2174 4874 Christum
2201 4834 2332 4875 vero
2359 4835 2467 4876 non
2504 4822 2652 4878 item.
2685 4821 2800 4879 Hoc
2845 4833 2928 4880 est
2955 4827 3255 4884 secundum
3285 4844 3506 4887 carnem
3615 4826 3620 4830 ’

1894 4909 2163 4981 judicare.
2181 4913 2290 4983 Ego
2302 4924 2468 4968 autem
2485 4915 2774 4986 nonjudico
2791 4933 3095 4989 quemquam
3109 4918 3292 4990 (Joan.
3313 4924 3368 4979 ὅ.
3385 4923 3505 4996 22).

1900 5002 2062 5074 Atqui
2092 5003 2257 5058 etiam
2286 5003 2454 5075 dicit,
2501 5003 2662 5061 Pater
2690 5008 2940 5062 mum»
2963 5010 3190 5080 judicat.
3243 5011 3354 5070 Cur
3377 5031 3511 5086 ergo

1901 5095 1990 5153 hie
2015 5095 2146 5153 dicit
2178 5113 2192 5152 :
2225 5094 2291 5150 Et
2328 5097 2374 5151 si
2399 5098 2579 5169 judico
2602 5139 2618 5164 ,
2659 5100 2919 5169 judiciqu
2956 5119 3122 5158 meum
3157 5105 3354 5174 justum
3393 5114 3504 5173 est,

1898 5192 2020 5260 quia
2045 5207 2148 5246 non
2175 5208 2290 5247 sum
2317 5192 2458 5246 satus
2479 5192 2506 5246 ?
2551 5192 2757 5249 Rursus
2801 5197 3099 5252 secundum
3143 5198 3359 5256 illorum
3391 5206 3506 5273 opi-

1899 5283 2116 5340 nionem
2167 5284 2429 5354 loquitnr.
2471 5285 2586 5342 lloe
2629 5296 2753 5354 est,
2797 5286 3070 5346 Iudicium
3101 5306 3283 5349 meum
3335 5295 3510 5352 Patris

1899 5387 2027 5432 est:
2061 5392 2238 5448 neque
2279 5378 2438 5433 aliter
2483 5394 2644 5450 quam
2692 5395 2794 5451 ego
2848 5381 3008 5439 Pater
3041 5383 3288 5455 judicat,
3333 5402 3508 5457 neque

1901 5467 2060 5524 aliter
2084 5483 2208 5539 ego,
2235 5484 2395 5540 quam
2419 5469 2598 5526 Pater.
2619 5472 2732 5527 Cur
2754 5489 2886 5529 vero
2911 5474 3127 5531 Patrem
3154 5458 3507 5534 memoravit?

1899 5559 2016 5618 Non
2065 5562 2325 5634 putabant
2372 5563 2449 5618 illi
2486 5562 2591 5620 ﬁde
2623 5563 2845 5637 dignum
2890 5567 3125 5635 Filium,
3179 5569 3283 5625 nisi
3334 5570 3507 5628 Patris

1901 5655 2270 5711 testimonium
2298 5657 2602 5727 accepisset
2637 5676 2651 5712 :
2695 5658 2932 5730 alioquin
2983 5660 3187 5716 dictum
3224 5662 3355 5719 illud
3397 5678 3502 5721 non

1900 5750 2163 5806 stetisset.
2193 5748 2348 5820 Apud
2374 5748 2626 5806 homines
2655 5751 2802 5806 enim
2837 5766 2958 5806 cum
2988 5752 3098 5808 duo
3121 5751 3191 5810 de
3221 5770 3283 5811 re
3327 5754 3497 5811 aliens

1906 5844 2273 5902 testimonium
2300 5843 2511 5913 lerunt,
2554 5852 2684 5900 tunc
2711 5846 3080 5903 testimonium
3106 5862 3291 5903 verum
3342 5846 3501 5906 habe-
