4054 6440
576 363 674 421 291

1297 356 1350 413 S.
1394 351 1670 411 JO.\t\'l\'lS
1707 345 2187 406 CllRYSOSTOMl
2222 342 2542 402 ARCHIEP.
2581 343 3116 401 CONSTANTINOP.

3765 342 3875 399 992

577 487 698 538 tur:
732 474 837 532 hoc
868 482 952 532 est
975 472 1138 538 enim,
1184 468 1318 525 duos
1350 464 1712 522 testimonium
1762 463 1919 517 ferre.
1951 461 2005 516 Si
2047 460 2169 531 quis
2263 458 2391 514 Sine
2423 459 2520 521 hac
2553 458 2695 512 enim
2725 457 2924 528 gloria,
2955 456 3046 510 illa
3074 454 3206 510 nibii
3235 465 3335 511 est.
3381 453 3505 510 Vide
3532 466 3616 521 tu,
3652 456 3872 526 inquit,

576 582 700 621 vero
718 566 783 625 de
802 582 861 622 se
879 563 1238 621 testimonium
1266 561 1418 624 lerat,
1439 574 1544 613 non
1573 558 1681 627 jam
1704 569 1812 611 uno
1828 564 1994 610 testes
2010 561 2153 608 sunt.

641 657 872 716 Christus
913 674 966 715 se
999 656 1141 711 Patri
1190 651 1666 709 consubstantialem
1712 648 1946 704 ostendit.
1971 675 2043 688 —-
2069 645 2155 700 Vi-

570 747 689 801 den‘
720 748 868 802 illurn
898 763 1002 802 non
1030 746 1131 806 alia
1160 745 1226 801 de
1253 758 1414 801 causa
1446 744 1546 796 hoc
1575 741 1796 806 dixisse,
1835 739 1937 794 nisi
1976 747 2036 793 ut
2065 753 2155 792 os-

571 840 815 901 tenderet
842 855 901 895 se
921 836 1430 894 consubstantialem
1452 848 1593 897 esse,
1618 841 1672 887 et
1698 848 1792 902 per
1811 831 2154 899 semetipsum

569 935 766 989 deinde
791 949 901 988 non
928 946 1085 1002 egere
1112 946 1171 985 se
1198 926 1641 984 aliovtestimonio
1665 942 1684 991 ;
1714 935 1876 994 utque
1905 922 2155 992 probaret

569 1042 629 1081 se
671 1026 801 1080 nihil
861 1025 1037 1081 mith
1092 1021 1311 1084 habere,
1367 1033 1525 1089 quam
1577 1013 1984 1071 Patrem?\’idc
2027 1027 2154 1083 ergo

567 1119 959 1172 auctoritatem.
990 1115 1072 1169 18.
1104 1112 1214 1182 Ego
1231 1127 1344 1166 sum
1362 1110 1445 1181 qui
1467 1107 1804 1162 testimonium
1829 1104 2060 1174 perhibeo
2093 1104 2153 1159 de

569 1209 762 1274 meipso
783 1247 798 1270 ,
829 1216 875 1259 et
917 1203 1254 1260 testimonium
1285 1200 1508 1270 perhibet
1559 1198 1622 1251 de
1650 1213 1729 1250 me
1770 1195 1857 1265 qui
1902 1194 2034 1247 misit
2075 1209 2156 1248 me

501 1360 508 1367 _
574 1299 747 1353 Pater.
776 1297 898 1352 Non
922 1295 970 1350 id
1000 1293 1266 1365 posuisset
1290 1291 1334 1347 si
1363 1289 1584 1344 minoris
1609 1287 1921 1342 substantia:
1944 1285 2150 1339 fuisset.

570 1391 777 1447 Deinde
793 1405 860 1443 ne
891 1387 1099 1450 muneri
1122 1398 1278 1439 causa
1310 1384 1368 1438 id.
1406 1382 1635 1452 positum
1667 1388 1820 1450 [uites
1844 1421 1861 1448 ,
1902 1377 2021 1433 vide
2056 1392 2153 1449 po—

568 1491 814 1538 testatem
837 1481 893 1534 in
916 1478 1059 1532 nullo
1080 1477 1370 1531 diversam.
1391 1472 1730 1527 Tcstilicatur
1750 1470 1910 1525 homo
1930 1484 2050 1522 cum
2078 1482 2146 1523 es

567 1589 624 1626 se
657 1571 757 1628 lide
787 1569 973 1639 dignus
1000 1576 1100 1632 est,
1132 1581 1235 1619 non
1267 1579 1388 1618 cum
1420 1562 1727 1617 testimonio
1755 1571 1870 1631 eget
1897 1577 1911 1625 ;
1943 1559 2152 1629 hocque

567 1666 618 1719 in
647 1663 825 1719 aliena
861 1676 961 1716 re:
994 1659 1045 1714 in
1090 1673 1147 1712 re
1179 1670 1307 1710 vero
1359 1669 1452 1709 sua
1482 1669 1602 1709 cum
1648 1654 1956 1710 testimonio
2005 1660 2147 1723 eget,

564 1770 670 1809 non
693 1753 803 1824 jam
831 1760 918 1808 est
940 1749 1044 1805 ﬁde
1067 1748 1276 1819 dignus.
1309 1747 1406 1802 llic
1432 1761 1561 1801 vero
1586 1755 1791 1800 contra.
1833 1744 1965 1798 Nam
2013 1744 2063 1797 in
2092 1759 2150 1798 re

563 1861 657 1902 sua
686 1845 997 1914 testiﬁcans,
1028 1850 1081 1897 et
1101 1855 1158 1895 se
1183 1840 1404 1895 alterius
1435 1838 1797 1893 testimonium
1832 1837 2028 1892 habere
2055 1836 2145 1890 di—

563 1951 712 2002 cens,
739 1951 797 1990 se
820 1934 921 1988 [ide
951 1933 1168 2003 dignum
1199 1945 1320 1986 esse
1339 1930 1488 1997 dicit,
1520 1928 1756 1998 undique
1778 1943 1930 1982 suam
1961 1937 2146 1982 osten-

565 2028 702 2082 dens
746 2025 1140 2080 auctoritatem.
1174 2021 1284 2078 Cur
1317 2022 1459 2076 enim
1505 2036 1624 2074 cum
1664 2019 1834 2084 dixit,
1879 2017 2001 2073 Non
2038 2035 2148 2072 sunt

561 2119 719 2183 solus,
748 2116 837 2170 sed
861 2131 950 2184 ego
979 2123 1025 2169 et
1051 2115 1134 2183 qui
1164 2113 1297 2166 misit
1321 2128 1398 2166 me
1425 2110 1621 2174 Pater;
1649 2121 1702 2166 et
1723 2150 1738 2174 ,
1773 2109 2003 2163 Duorum
2048 2111 2145 2163 ho-

561 2209 758 2264 minum
783 2205 1116 2265 testimonium
1143 2220 1320 2259 vertam.
1333 2212 1404 2257 est
1427 2220 1446 2268 ;
1469 2217 1574 2256 non
1603 2202 1783 2264 tacuit,
1809 2200 1901 2255 scd
1929 2201 2144 2269 adjecit,

560 2298 679 2370 Ego
703 2316 812 2356 sum
842 2300 927 2370 qui
959 2298 1296 2353 testimonium
1321 2295 1558 2366 perhibeo
1581 2295 1651 2349 de
1668 2295 1858 2365 meipso
1884 2295 1910 2349 ἱ)
1949 2297 2146 2350 Aucto-

562 2392 770 2447 ritatem
813 2391 994 2461 utique
1034 2389 1431 2444 demonstrans.
1481 2386 1545 2441 Et
1583 2387 1755 2456 primo
1788 2386 2020 2454 seipsum
2049 2401 2144 2454 po-

560 2485 666 2538 suit
695 2502 707 2539 :
741 2483 846 2554 Ego
875 2499 984 2536 sum
1008 2483 1102 2552 qui.
1116 2481 1453 2534 testimonium
1471 2479 1700 2549 perhibeo
1729 2478 1792 2532 de
1817 2479 2025 2547 meipso.
2053 2478 2148 2532 llic

561 2590 688 2630 vero
714 2574 947 2630 ostendit
975 2589 1034 2629 se
1077 2573 1282 2628 honore
1323 2586 1504 2642 parem
1535 2589 1549 2626 :
1579 2570 1818 2641 nihilque
1866 2570 1968 2624 illis
1997 2569 2148 2639 prod-

561 2681 701 2731 esse,
722 2665 960 2722 si'Deum
989 2665 1199 2720 Patrem
1226 2678 1286 2720 se
1308 2677 1467 2718 nosse
1492 2662 1689 2727 dicant,
1721 2662 1764 2716 si
1788 2676 1847 2715 se
1873 2661 2139 2730 ignorent,

556 2757 706 2828 cujus
731 2759 810 2813 rei
832 2773 1045 2813 causam
1075 2771 1194 2811 esse
1222 2755 1383 2819 dicit,
1435 2752 1574 2823 quod
1607 2767 1665 2808 se
1697 2766 2019 2823 cognoscere
2045 2767 2144 2810 no-

558 2849 678 2907 lint.
711 2851 847 2906 Dicit
873 2865 1002 2920 ergo
1030 2864 1134 2903 non
1170 2861 1326 2918 posse
1371 2846 1582 2901 Patrem
1625 2845 1876 2914 cognosci
1921 2845 2036 2900 sine
2061 2846 2142 2900 sui

556 2942 858 3014 cognitione
881 2981 896 3007 ,
925 2949 984 2996 ut
1014 2941 1092 2997 vel
1134 2941 1212 2994 sic
1233 2953 1326 2993 eos
1352 2938 1417 2992 ad
1445 2937 1524 2992 sui
1556 2936 1796 2992 notitiam
1825 2937 2142 2992 attraheret.

559 3034 698 3100 Quia
747 3033 927 3099 enim,
978 3033 1094 3101 ipso
1141 3031 1357 3095 relicto,
1405 3029 1620 3084 Patrem
1671 3042 1885 3097 semper
1941 3028 2147 3083 discere

557 3125 863 3195 qumrcbant
886 3166 902 3188 ,
935 3124 1012 3178 ait
1037 3141 1049 3175 :
1107 3123 1227 3177 Non
1273 3121 1477 3192 potestis
1505 3135 1652 3174 nosse
1679 3113 1885 3172 Putrem
1905 3121 2013 3173 sine
2043 3135 2142 3176 me.

555 3215 736 3286 ltaque
766 3215 853 3285 qui
882 3215 940 3268 iu
974 3213 1165 3268 Filium
1209 3212 1581 3282 blasphemant
1607 3225 1714 3266 non
1745 3211 1795 3264 in
1825 3210 1995 3280 ipsum
2023 3219 2141 3265 tan-

557 3316 689 3372 tutn,
720 3305 810 3360 sed
838 3313 891 3361 et
917 3305 968 3360 in
1000 3305 1211 3359 Patrem
1240 3303 1626 3373 blasphemant.

625 3397 678 3454 ὃ.
710 3396 837 3453 [Lee
866 3413 962 3452 nos
989 3409 1292 3463 caveamus,
1317 3403 1374 3450 ct
1402 3394 1593 3449 Filium
1620 3393 1980 3464 gloriﬁcemus
2010 3411 2022 3447 :
2053 3393 2140 3464 qui

555 3489 599 3544 si
632 3506 742 3544 non
767 3487 1006 3559 ejusdem
1032 3498 1174 3554 esset
1202 3497 1425 3552 naturai,
1451 3503 1554 3541 non
1589 3486 1658 3540 ita
1699 3486 1949 3556 loquutus
1979 3496 2140 3539 esset.

556 3582 778 3649 Quodsi
799 3591 1001 3635 tantum
1032 3581 1296 3647 docuerit,
1331 3579 1453 3634 licet
1481 3580 1705 3636 alterius
1728 3589 1870 3634 esset
1898 3577 2146 3632 substan-

557 3674 644 3730 tia:
664 3711 679 3737 ,
725 3681 905 3743 posset
929 3672 1191 3742 quispiam
1222 3685 1549 3744 cognoscere
1591 3672 1800 3727 Patrem
1825 3713 1840 3739 ,
1873 3680 1930 3726 et
1969 3671 2142 3741 ipsum

558 3767 849 3835 ignorare:
905 3779 1229 3834 rursumque
1270 3765 1357 3834 qui
1386 3764 1594 3818 l’atrem
1629 3773 1838 3828 nosset,
1889 3778 1997 3816 non
2023 3762 2145 3819 ideo

557 3856 753 3911 Filium
780 3865 1143 3926 cognosceret.
1173 3854 1362 3925 Neque
1382 3855 1520 3910 enim
1548 3855 1636 3925 qni
1662 3855 1811 3909 n0vit
1835 3855 2142 3923 hominem,

555 3949 703 4003 novit
727 3950 890 4003 etiam
932 3948 1200 4018 angelum.
1255 3947 1367 4002 lmo
1396 3989 1409 4012 ,
1440 3948 1681 4018 inquies;
1716 3963 1836 4001 nam
1867 3949 1953 4016 qui
1998 3947 2146 4003 novit

554 4048 851 4094 creaturam
880 4080 894 4104 ,
929 4040 1078 4093 novit
1099 4047 1153 4093 et
1176 4038 1363 4094 Deum.
1396 4038 1628 4093 Minime.
1663 4038 1811 4093 Multi
1860 4038 2001 4094 enim
2044 4054 2142 4093 no-

555 4139 678 4185 runt
704 4141 1000 4185 creaturam
1025 4172 1038 4195 ,
1072 4130 1178 4185 imo
1208 4144 1398 4185 omnes
1425 4129 1668 4185 homines
1687 4172 1702 4195 ,
1748 4130 1836 4198 qui
1867 4130 2048 4184 vident
2076 4130 2141 4184 il-

555 4224 692 4290 lam,
734 4231 788 4277 et
819 4223 981 4277 Deum
1012 4237 1116 4277 non
1158 4230 1372 4277 norunt.
1403 4221 1772 4277 Gloriliccmus
1800 4235 1928 4290 ergo
1952 4221 2142 4275 Filium

559 4314 685 4380 Dei,
734 4329 845 4369 non
871 4315 970 4368 bac
997 4313 1164 4384 gloria
1196 4321 1435 4378 tantum,
1485 4313 1579 4368 sed
1623 4314 1783 4370 etiam
1834 4327 1928 4383 per
1957 4328 2138 4382 opera.

2260 548 2480 603 Iudaeus
2506 549 2875 619 cognominaris
2895 589 2910 613 ,
2961 558 3006 600 et
3035 548 3087 600 in
3116 547 3225 617 lege
3252 549 3496 617 quiescis,
3532 559 3580 601 et
3625 549 3873 618 gloriaris

2262 643 2316 696 in
2346 640 2452 696 Deo
2484 642 2657 712 (Rom.
2697 640 2751 694 2.
2786 641 2897 708 l7).
2946 638 3047 704 Qui
3081 641 3238 694 alium
3278 642 3424 695 doces
3447 683 3463 709 ,
3501 641 3717 712 teipsum
3766 658 3870 694 non

2264 734 2413 787 doces
2434 737 2448 764 ²
2471 734 2494 787 2
2518 733 2674 804 quiin
2709 733 2814 804 lege
2840 731 3078 802 gloriaris
3096 773 3108 796 ,
3142 749 3230 801 per
3255 734 3380 802 legis
3408 736 3869 806 tsamgressiunem

2262 823 2426 880 Deum
2465 824 2738 882 inhonorus
2769 821 2928 893 (Ibid.
2976 838 3023 876 υ.
3063 821 3198 893 2i)?
3234 823 3362 878 Vide
3407 841 3475 878 ne
3519 841 3619 879 nos
3659 825 3760 894 ipsi
3813 824 3866 878 in

2260 925 2406 970 recta
2435 915 2536 969 lide
2563 914 2883 984 gloriantes,
2914 913 3056 983 quod
3087 914 3247 967 vitam
3291 914 3410 970 lidei
3440 925 3865 970 conseruaneam

2264 1024 2370 1062 non
2401 1008 2767 1070 exhibeamus,
2801 1007 2966 1061 Deum
2995 1006 3378 1060 inbonoremus
3399 1049 3412 1071 ,
3443 1005 3569 1060 dum
3611 1007 3674 1062 in
3699 1020 3864 1060 causa

2260 1111 2447 1152 sumus
2470 1098 2608 1168 quod
2630 1097 3050 1166 blasphemctur.
3081 1095 3203 1150 Vult
3219 1096 3363 1151 enim
3383 1097 3467 1151 ille
3487 1095 3863 1157 Christianum

2259 1203 2381 1243 esse
2438 1188 2713 1244 doctorem
2763 1187 2945 1253 orbis,
2999 1187 3356 1254 let-mentum,
3408 1188 3622 1256 lucem,
3664 1190 3858 1243 salem.

2259 1280 2395 1348 Quid
2421 1292 2500 1335 est
2532 1281 2658 1334 lux?
2695 1279 2810 1334 Vita
2841 1280 3158 1350 splendens.
3201 1281 3332 1334 nihil
3361 1281 3577 1339 obscuri
3625 1282 3854 1338 habens.

2257 1373 2370 1429 Lux
2405 1389 2510 1428 non
2537 1373 2636 1427 sibi
2668 1372 2810 1426 utilis
2832 1380 2914 1426 est
2936 1413 2950 1439 ,
2981 1380 3036 1428 ut
3067 1387 3239 1442 neque
3268 1372 3376 1436 sal,
3407 1387 3584 1442 neque
3615 1373 3857 1429 fermen-

2259 1475 2367 1520 tum
2394 1507 2409 1532 ,
2438 1464 2530 1519 sed
2558 1465 2677 1517 aliis
2703 1464 2984 1522 utilitatem
3011 1461 3259 1518 afferunt.
3288 1463 3362 1517 lta
3382 1479 3411 1516 a
3440 1463 3596 1518 nobis
3619 1479 3727 1519 non
3750 1467 3859 1520 uti-

2259 1557 2376 1610 litas
2402 1566 2602 1610 ttintum
2637 1565 2836 1623 nostra,
2865 1557 2959 1610 sed
2988 1565 3042 1610 et
3068 1555 3292 1610 aliorum
3317 1556 3565 1626 exigitur.
3599 1556 3689 1611 Sal
3713 1559 3857 1613 enim

2257 1649 2355 1702 nisi
2384 1649 2579 1703 Salsum
2613 1647 2834 1714 reddat,
2869 1664 2975 1702 non
3028 1656 3111 1705 est
3148 1649 3246 1703 sai.
3276 1649 3379 1704 Sed
3409 1649 3553 1704 aliud
3578 1650 3856 1722 quidpiam

2260 1739 2700 1810 deprehenditur.
2727 1740 2857 1794 Nam
2882 1740 2925 1794 si
2949 1756 3047 1796 nos
3067 1749 3209 1795 recte
3233 1741 3501 1809 vivamus,
3526 1743 3612 1797 alii
3639 1759 3857 1814 quoque

2257 1833 2391 1888 bene
2420 1848 2477 1887 se
2501 1840 2689 1902 gerent
2715 1849 2726 1884 :
2757 1832 2927 1887 donec
2951 1842 3130 1888 autem
3153 1840 3298 1887 recte
3327 1831 3584 1897 vivamus,
3616 1849 3724 1888 non
3752 1850 3854 1904 po-

2258 1925 2477 1978 terimus
2506 1923 2624 1977 aliis
2647 1922 2923 1992 prodesse.
2949 1921 3087 1976 Nihil
3117 1922 3342 1988 fatuum,
3368 1921 3498 1977 nihil
3523 1925 3685 1980 nioile
3710 1926 3851 1995 apud

2257 2031 2356 2070 nos
2382 2017 2469 2069 sit.
2502 2016 2655 2071 Tales
2687 2026 2812 2070 sunt
2835 2031 2920 2070 res
2948 2017 3234 2070 sreculares
3259 2057 3273 2082 ,
3305 2017 3437 2071 tales
3468 2017 3626 2086 hujus
3667 2020 3854 2074 mundi

2253 2108 2659 2164 sollicitudines.
2712 2109 2837 2163 Ideo
2883 2108 3113 2178 virgines
3154 2108 3312 2163 latute
3357 2119 3480 2164 sunt
3528 2112 3854 2180 appellate,

2251 2202 2376 2271 quia
2423 2201 2580 2256 fatuis
2612 2201 2770 2256 rebus
2823 2200 3171 2255 smeularibus
3217 2216 3436 2270 operam
3487 2201 3686 2256 dabant
3721 2222 3733 2257 :
3768 2203 3860 2261 hic

2251 2302 2657 2363 congregantes,
2687 2308 2785 2347 nec
2811 2292 3143 2362 deponentes
3166 2293 3250 2347 tibi
3283 2292 3551 2362 deponere
3577 2309 3674 2363 par
3713 2305 3857 2350 erat.

2251 2384 2566 2441 Timenduni
2613 2399 2740 2453 ergo
2773 2400 2839 2437 ue
2883 2383 3112 2453 idipsmn
3155 2382 3310 2438 nobis
3336 2387 3650 2455 contingat,
3707 2402 3858 2442 neve

2255 2477 2487 2531 sordidis
2533 2476 2702 2530 induti
2751 2477 2986 2532 vestibus
3038 2475 3293 2530 abeamus
3340 2477 3470 2546 illo,
3517 2478 3601 2531 ubi
3658 2494 3858 2534 omnes

2248 2567 2542 2637 splendidis
2570 2577 2694 2622 sunt
2725 2567 2911 2621 induti.
2942 2567 3079 2620 Nihil
3107 2568 3249 2621 enim
3278 2569 3548 2622 sordidius
3582 2580 3811 2639 peccato
3837 2611 3854 2636 ,

2249 2659 2380 2713 nihil
2408 2659 2689 2726 impurius.
2721 2659 3057 2727 Quapropter
3099 2659 3215 2725 ejus
3245 2668 3485 2714 naturam
3531 2659 3857 2717 describens

2251 2749 2507 2819 propheta
2536 2749 2798 2804 clamabat
2823 2768 2835 2801 :
2869 2747 3184 2802 Putruerwtt
3211 2759 3258 2802 et
3283 2760 3535 2818 corrupta:
3573 2761 3689 2804 sunt
3715 2752 3856 2805 cica-

2248 2841 2394 2896 trices
2420 2856 2542 2894 nica!
2569 2838 2742 2912 (μιαί.
2774 2842 2864 2896 57..
2895 2839 2970 2911 ti).
2999 2840 3054 2894 Si
3090 2841 3168 2893 vis
3197 2843 3395 2896 peccati
3443 2842 3688 2897 fauorem
3736 2843 3856 2898 edi-

2248 2951 2423 3003 scere,
2446 2945 2722 3006 postquam
2754 2936 3097 2990 counnissum
3120 2946 3203 2989 est
3230 2936 3383 2992 illud.
3412 2936 3687 2992 considere
3724 2952 3851 2990 euut

2245 3028 2356 3098 jam
2381 3043 2409 3082 a
2436 3027 2870 3098 concupiscentia
2895 3027 3028 3081 liber
3053 3044 3112 3082 es
3137 3068 3150 3088 ,
3178 3043 3298 3082 cum
3340 3028 3462 3098 igne
3483 3044 3588 3083 non
3619 3043 3855 3083 succen-

2248 3123 2421 3189 deris,
2453 3131 2576 3176 tunc
2604 3121 2865 3191 percipies
2895 3121 3028 3190 quid
3051 3123 3118 3174 sit
3146 3130 3441 3189 peccatum.
3485 3121 3620 3176 iram
3667 3122 3851 3192 cogita

2248 3230 2368 3271 cum
2399 3215 2714 3285 tranquillus
2745 3228 2838 3277 es;
2884 3214 3159 3267 aVaritiam
3184 3253 3200 3279 ,
3232 3229 3352 3268 eum
3395 3229 3587 3283 expers
3616 3229 3676 3269 es
3705 3215 3852 3270 illius

2247 3304 2489 3362 aﬂ'ectus.
2518 3305 2658 3360 Nihil
2683 3306 2912 3375 turpius,
2941 3303 3070 3358 nihil
3103 3304 3294 3359 Foedius
3321 3305 3501 3374 rapina
3527 3314 3580 3360 et
3599 3307 3850 3361 avaritia.

2248 3399 2373 3454 llscc
2405 3398 2715 3468 frequenter
2740 3397 2990 3461 dicimus,
3023 3411 3128 3450 non
3163 3405 3220 3450 ut
3248 3397 3400 3452 vobis
3425 3397 3724 3452 molestiam
3749 3413 3852 3469 pa-

2249 3492 2470 3557 riamus,
2503 3491 2594 3547 sed
2628 3501 2683 3545 ut
2710 3506 2962 3560 magnum
2992 3504 3056 3544 ac
3082 3489 3324 3544 mirabile
3347 3489 3619 3560 quidpiam
3667 3491 3853 3547 lucre-

2251 3601 2389 3639 tnur.
2411 3584 2541 3638 Nam
2569 3584 2678 3654 qui,
2714 3599 2772 3638 re
2798 3581 2964 3637 semel
2994 3582 3194 3649 audita,
3225 3597 3330 3636 non
3363 3584 3666 3654 corrigitur,
3710 3585 3855 3642 forte

2249 3678 2294 3732 si
2321 3676 2556 3731 secundo
2582 3670 2762 3729 audiat
2785 3715 2798 3738 ,
2826 3674 3230 3739 emendabitur;
3266 3675 3349 3729 vel
3381 3674 3592 3729 tandem
3615 3676 3664 3730 si
3689 3679 3854 3732 tertio

2251 3779 2548 3822 moneatur.
2586 3765 2798 3822 Utinam
2828 3773 3007 3818 autem
3031 3779 3217 3820 omnes
3253 3779 3281 3818 a
3318 3765 3474 3822 malis
3505 3767 3754 3821 omnibus
3779 3767 3854 3822 li-

2251 3860 2419 3916 berati
2462 3860 2657 3914 bonum
2697 3856 2894 3913 Christi
2926 3857 3146 3913 odorem
3195 3857 3524 3922 habeamus,
3563 3860 3649 3913 cui
3677 3860 3851 3930 gloria

2250 3969 2370 4008 cmn
2397 3953 2550 4007 Patre
2578 3961 2634 4007 et
2656 3953 2855 4021 Spiritu
2886 3963 3074 4006 sancto
3103 3993 3117 4018 ,
3153 3965 3294 4006 nunc
3323 3960 3376 4008 et
3420 3966 3651 4023 seraper,
3687 3962 3744 4009 et
3795 3955 3851 4011 io

2248 4045 2443 4102 smeula
2476 4045 2816 4101 swcmorum.
2847 4045 3039 4098 Amen.

2314 4200 2329 4229 ι
2364 4195 2492 4246 Editi
2515 4198 2713 4264 habent,
2734 4196 2939 4256 teipsmn
2962 4208 3054 4245 non
3065 4193 3308 4289 pudicas?
3325 4195 3412 4244 sed
3433 4195 3634 4254 savilius
3669 4197 3850 4264 logeno

2317 4273 2361 4289 π.
2389 4267 2518 4289 ηιιισιρ
2557 4264 2765 4289 Ιοιηεηαη
2793 4271 2880 4289 nms
2909 4257 3050 4289 Ληροε
3103 4265 3146 4289 οι
3176 4259 3401 4289 nni-nunc
3415 4265 3502 4289 \lcc
3547 4261 3618 4289 ein
3643 4261 3826 4289 I...I.....s

2248 4259 2363 4323 dum
2389 4257 2768 4323 putat,teipsn_m
2789 4271 2882 4323 non
2908 4257 3086 4308 doces?
3103 4265 3154 4308 et
3176 4259 3285 4320 quia
3300 4267 3402 4308 tres
3414 4265 3522 4309 Mss.
3547 4261 3618 4310 sic
3642 4257 3850 4323 habent,

2251 4321 2372 4370 hanc
2392 4319 2695 4369 restituimus
2715 4319 2997 4368 lectionem.

1894 4521 2230 4581 HOMILIA
2275 4521 2435 4581 Llll.

550 4671 680 4727 Cir.
712 4670 767 4726 8.
801 4685 850 4724 v.
903 4669 991 4724 9.0.
1032 4668 1151 4723 ﬂare
1187 4671 1332 4722 verba
1379 4668 1616 4737 loquutus
1663 4678 1731 4722 est
1758 4667 1906 4722 Iesus
1940 4668 1991 4720 in
2036 4685 2130 4737 ga-

628 4762 948 4832 sophylacio,
974 4760 1155 4814 docens
1187 4762 1236 4813 in
1280 4761 1464 4829 templo
1499 4775 1516 4811 :
1560 4770 1602 4812 et
1634 4775 1774 4813 nemo
1805 4761 2138 4830 apprehendit

627 4872 739 4910 eum
759 4897 772 4916 ,
806 4854 922 4923 quia
954 4854 1173 4906 nondum
1203 4862 1399 4906 venerat
1427 4852 1552 4905 [θοι-ιι
1581 4853 1709 4922 ejus.

626 4951 676 5003 1.
704 4947 747 5002 0
767 4946 1039 5001 Judaicam
1069 4946 1389 4999 dementiam
1413 4947 1426 4999 ε
1462 4947 1598 5001 Ante
1626 4945 1825 4999 Pascha
1851 4961 1970 4999 eum
1995 4962 2138 5013 qure-

550 5042 761 5104 rebant,
794 5048 952 5108 atque
996 5037 1048 5092 in
1079 5037 1253 5091 medio
1295 5038 1557 5107 positum,
1607 5046 1660 5091 et
1702 5053 1794 5106 per
1834 5053 1892 5091 se
1941 5048 1992 5091 ct
2047 5053 2140 5105 per

549 5133 682 5185 alios
705 5132 874 5200 ipsum
897 5130 1354 5199 comprehendere
1376 5145 1517 5199 smpe
1543 5131 1732 5183 frustra
1762 5138 2131 5193 tcntaveraut;

552 5235 726 5291 neque
756 5230 930 5275 tamen
962 5222 1040 5274 sic
1069 5221 1136 5274 de
1177 5221 1316 5274 illius
1342 5221 1539 5274 virtute
1569 5221 1845 5288 slupclacti
1875 5230 2017 5284 sunt,
2044 5220 2135 5274 sed

549 5317 599 5368 in
632 5313 830 5368 malitia
864 5315 1229 5382 perstiterunt.
1255 5315 1406 5381 Quod
1450 5315 1592 5368 enim
1623 5315 1672 5369 id
1712 5330 1923 5384 seraper
1961 5326 2133 5369 tenta-

549 5415 703 5470 rent,
737 5405 933 5460 indicat
963 5406 1047 5459 ille
1084 5425 1094 5459 :
1132 5404 1252 5457 Ilrrc
1281 5407 1512 5476 loquutus
1542 5415 1612 5458 est
1656 5407 1706 5458 in
1748 5406 2132 5476 gazOphylacio,

547 5500 731 5551 docens
761 5499 810 5551 in
843 5497 1028 5568 templo
1051 5540 1064 5563 ,
1099 5509 1141 5551 et
1172 5515 1313 5551 nemo
1339 5499 1670 5568 apprehendit
1692 5517 1824 5552 etinz.
1855 5498 1906 5552 lu
1939 5502 2134 5567 templo

550 5591 862 5660 loquebatur
893 5607 1041 5646 more
1085 5590 1317 5660 magistri
1345 5632 1356 5653 ,
1386 5592 1525 5658 quod
1558 5594 1723 5661 magis
1749 5594 1864 5646 illos
1900 5592 2134 5648 excitare

552 5679 821 5735 debuisset
854 5699 865 5734 :
901 5692 948 5734 et
976 5698 1036 5736 ea
1065 5681 1373 5752 loquebatur
1394 5682 1459 5737 de
1485 5683 1676 5750 quibus
1698 5683 2126 5747 oll'ettdcbantur,

555 5778 608 5822 et
646 5775 967 5830 accusabant
1000 5790 1162 5840 cuni,
1222 5775 1360 5846 quod
1409 5778 1634 5845 seipsun‘.
1687 5780 1942 5848 arqualcm
1993 5781 2127 5835 l'ati-i

2245 4670 2459 4724 laceret.
2490 4671 2620 4724 lllud
2671 4670 2850 4735 enim,
2910 4669 3141 4724 Duorum
3197 4672 3459 4725 hominum
3502 4674 3848 4732 testimonium

2244 4778 2411 4816 verum
2438 4773 2508 4817 cst
2532 4805 2545 4828 ,
2584 4763 2684 4818 hoc
2723 4763 3005 4832 signiﬁcat.
3039 4765 3286 4819 Attamen
3324 4763 3473 4831 Ηιεσ,
3523 4765 3729 4834 inquit,
3767 4772 3846 4822 lo-

2243 4854 2484 4924 qttebaiur
2523 4856 2572 4906 in
2617 4856 2838 4923 templo,
2869 4864 2923 4909 et
2950 4856 3099 4924 quasi
3154 4856 3424 4925 magister,
3481 4866 3525 4910 et
3567 4875 3712 4911 nemo
3750 4877 3848 4928 ap-

2243 4947 2392 5014 pro/ie
2450 4947 2500 4998 lit
2531 4963 2664 5018 enni,
2697 4949 2814 5015 quia
2842 4947 3065 4999 nondnn.‘
3098 4959 3297 5000 venerat
3331 4949 3455 4999 hora
3481 4949 3627 5018 ejus;
3658 4949 3708 5002 id
3736 4960 3843 5015 cst,

2243 5049 2447 5107 tempus
2482 5039 2730 5093 idoneum
2763 5057 2864 5092 non
2898 5050 3015 5092 erat
3042 5054 3146 5106 quo
3174 5040 3410 5108 cruciligi
3451 5041 3682 5093 volebat.
3731 5041 3837 5094 lla-

2241 5147 2345 5198 qne
2378 5140 2500 5183 tunc
2528 5146 2628 5182 non
2658 5132 2871 5184 illorum
2903 5131 3176 5198 potestatis
3210 5131 3323 5194 luit,
3362 5130 3452 5183 sed
3478 5130 3841 5200 dispensatio-

2242 5224 2322 5277 nis
2353 5224 2486 5291 eius.
2519 5223 2618 5292 Ipsi
2643 5225 2784 5277 enim
2813 5224 2919 5290 jam
2943 5224 3069 5276 olim
3095 5223 3364 5285 volebant,
3391 5240 3486 5276 nec
3516 5234 3837 5291 potuerunt;

2241 5333 2340 5372 nec
2370 5327 2494 5370 tunc
2529 5318 2864 5383 potuissent,
2899 5317 2996 5370 nisi
3027 5317 3139 5383 ipse
3183 5317 3532 5384 permisisset.
3567 5316 3656 5370 2i.
3696 5315 3840 5371 Dixit

2239 5426 2355 5479 ergo
2381 5415 2448 5461 eis
2495 5409 2673 5460 iterant
2699 5407 2851 5460 Jesus
2881 5423 2897 5460 :
2935 5409 3042 5476 Ego
3071 5408 3197 5460 vado
3225 5449 3237 5472 ,
3266 5417 3308 5458 et
3340 5409 3572 5475 quaeretis
3601 5425 3697 5460 me.
3729 5409 3838 5462 Cu"

2241 5503 2339 5555 hoc
2371 5501 2674 5568 frequenter
2701 5499 2868 5552 dicit?
2899 5499 2963 5552 Ut
2995 5499 3204 5551 illorum
3229 5499 3435 5551 animos
3467 5510 3837 5554 connuoverct

2237 5611 2299 5647 ac
2342 5603 2544 5661 pcrtcrr
2587 5590 2802 5645 iaceret.
2841 5591 2971 5645 Vide
3002 5607 3228 5661 namqtn:
3261 5601 3509 5659 quantum
3546 5593 3593 5643 id
3623 5605 3836 5659 pareret

2238 5685 2591 5738 iormidinem.
2625 5684 2752 5736 Nam
2784 5699 2902 5736 cum
2935 5683 3079 5736 illum
3106 5684 3407 5737 interﬁcere
3437 5685 3655 5746 vellent,
3692 5695 3745 5736 ut
3769 5685 3836 5738 ab

2236 5780 2321 5832 illo
2354 5796 2406 5830 se
2439 5787 2825 5840 exonerarent,
2871 5787 3115 5845 quarunt
3142 5792 3245 5846 quo
3284 5777 3432 5829 vadat
3471 5793 3481 5826 :
3517 5787 3715 5830 tantum
3766 5775 3832 5830 de
