4054 6428
232 491 294 531 re
323 475 414 530 tali
458 478 818 543 conceperant
862 470 1194 542 opinionem.
1251 468 1411 526 Aliud
1457 483 1673 540 quoque
1712 469 1836 526 illos

230 572 432 628 docere
474 565 719 631 volebat,
768 579 877 618 non
925 576 990 617 ex
1038 561 1278 634 ipsorum
1306 562 1556 617 violentia
1601 576 1716 618 rem
1768 562 1840 616 ita

229 662 346 716 lure
367 700 384 724 ,
414 659 511 714 sed
541 658 592 714 id
623 657 737 729 jam
781 656 988 726 pridem
1022 654 1421 725 pneliguratum
1450 668 1574 710 esse
1593 695 1609 718 ,
1659 663 1715 709 et
1757 653 1841 709 his

229 750 411 806 verbis
438 749 890 808 resurrectionem
923 746 1184 817 pra-dixit.
1232 746 1491 801 Dicebant
1534 760 1666 818 ergo
1697 762 1712 799 :
1742 745 1836 800 22.

230 840 507 916 Numquid
531 842 798 911 interﬁciat
823 841 1149 910 semetipsum
1168 841 1196 894 Ρ
1218 839 1356 906 Quid
1386 855 1517 910 ergo
1553 838 1838 896 Christus?

225 935 451 992 Illorum
479 944 538 990 ut
562 941 868 990 removeret
895 931 1280 1002 suspicionem,
1306 941 1364 988 et
1381 931 1699 987 ostenderet
1720 947 1836 987 rem

223 1025 378 1082 illam
405 1040 528 1082 esse
559 1033 860 1096 meatum,
886 1023 960 1078 ait
988 1042 1003 1082 :
1049 1023 1142 1082 23.
1193 1019 1296 1077 Vos
1335 1020 1571 1078 deorsum
1595 1024 1714 1078 estis
1735 1039 1756 1088 ;
1785 1023 1835 1078 id

220 1126 307 1174 est
332 1157 352 1184 ,
384 1116 530 1174 Nihil
561 1117 755 1172 mirum
785 1115 831 1171 si
867 1129 964 1170 vos
993 1114 1240 1171 homines
1271 1116 1515 1172 carnales
1544 1115 1668 1171 talia
1692 1117 1837 1187 cogi-

225 1209 354 1266 tatis
379 1250 398 1278 ,
445 1207 538 1279 qui
569 1206 702 1262 nihil
731 1207 1017 1279 spit-ituale
1056 1208 1363 1278 concipitis.
1393 1209 1465 1264 At
1502 1223 1604 1280 ego
1631 1223 1735 1264 non
1764 1209 1836 1264 si-

220 1301 352 1360 mile
379 1299 655 1372 quidpiam
685 1296 1026 1363 faciam;De
1067 1300 1305 1371 supernis
1353 1301 1487 1355 enim
1529 1317 1645 1355 sum
1679 1314 1701 1358 :
1746 1317 1835 1356 vos

217 1391 285 1448 de
304 1392 406 1447 hac
421 1393 613 1448 mundo
627 1393 766 1448 estis.
792 1391 889 1448 llic
917 1407 1132 1448 rursum
1159 1391 1459 1448 mtmdanas
1479 1389 1834 1464 carnalesque

216 1483 580 1554 cogitationes
611 1484 759 1539 dicit.
795 1482 948 1542 Unde
980 1482 1155 1554 palam
1209 1491 1292 1538 est
1346 1484 1513 1552 illud,
1565 1484 1678 1556 Ego
1729 1503 1833 1541 non

213 1591 329 1628 sum
357 1575 423 1629 de
444 1574 541 1628 hoc
567 1574 790 1640 mundo,
819 1590 926 1630 non
957 1573 1265 1646 signiﬁcare
1308 1573 1484 1645 ipsum
1528 1591 1635 1630 non
1670 1591 1829 1632 acce-

216 1667 365 1737 pisse
394 1682 650 1734 carnem,
693 1666 789 1722 sed
821 1665 1008 1738 procul
1038 1681 1161 1722 esse
1188 1667 1257 1723 ab
1302 1666 1518 1722 illorum
1563 1667 1826 1738 nequitia.

213 1759 432 1814 Etenim
456 1758 750 1831 discipulos
774 1774 838 1815 ex
863 1758 1063 1816 mundo
1082 1774 1191 1814 non
1218 1773 1340 1816 esse
1362 1761 1523 1826 dicit;
1558 1761 1829 1815 habebant

214 1862 400 1908 tamen
449 1853 527 1908 illi
557 1867 798 1909 carnem.
826 1851 1290 1921 Quemadmodum
1331 1853 1491 1921 igitur
1517 1854 1715 1908 Paulus
1740 1853 1826 1907 di-

210 1961 367 2011 cens,
398 1944 523 2001 Non
549 1947 670 2002 estis
690 1945 744 2002 in
769 1961 924 2002 carne
943 1943 1123 2016 (Rom.
1152 1945 1208 2000 8.
1233 1943 1312 2017 9),
1339 1962 1448 2003 non
1472 1947 1826 2015 incorporeos

210 2037 470 2110 intelligit
502 2055 515 2091 :
546 2041 626 2093 sic
657 2037 953 2108 discipulos
985 2051 1090 2092 non
1118 2051 1242 2092 esse
1270 2036 1340 2093 de
1368 2040 1472 2094 hoc
1519 2035 1742 2106 mundo,
1772 2038 1824 2094 id

210 2129 428 2188 illorum
460 2129 856 2202 philosOphiam
884 2128 1220 2186 testiﬁcatur.
1246 2129 1339 2186 24.
1369 2129 1494 2185 υἰπὶ
1512 2146 1633 2202 ergo
1661 2132 1820 2197 vobis,

207 2221 332 2292 quia
379 2222 424 2278 si
475 2239 578 2277 non
629 2223 950 2277 credideritis
992 2223 1113 2293 quia
1160 2237 1254 2293 ego
1303 2239 1418 2277 sunt
1439 2265 1456 2287 ,
1499 2223 1553 2277 in
1605 2223 1823 2293 peccatis

206 2313 391 2368 vestris
440 2314 750 2369 moriemini.
800 2312 934 2369 Nam
971 2313 1018 2368 si
1084 2311 1207 2368 ideo
1270 2314 1453 2380 venit,
1507 2323 1566 2369 ut
1612 2313 1824 2371 tolleret

207 2415 493 2478 peccatum
539 2405 763 2476 mundi,
793 2415 849 2464 et
901 2410 1086 2462 sinon
1141 2414 1317 2478 potest
1359 2407 1489 2463 esui
1540 2419 1818 2478 peccatum

204 2499 314 2557 nisi
354 2515 452 2571 per
481 2499 788 2565 lavacrum,
841 2515 1068 2557 necesse
1097 2509 1181 2555 est
1223 2516 1330 2556 non
1373 2500 1688 2556 credentem
1730 2517 1820 2556 ve-

205 2599 381 2647 terem
433 2590 636 2647 habere
686 2590 980 2647 hominem.
1036 2591 1169 2648 Nam
1228 2592 1320 2663 qui
1377 2577 1486 2647 non
1526 2593 1642 2648 vult
1695 2607 1819 2649 sese

202 2698 306 2756 per
353 2683 515 2740 tidem
567 2685 728 2740 morti
792 2683 1008 2741 tradere
1065 2694 1119 2739 et
1179 2686 1503 2754 sepulturae,
1559 2698 1685 2739 eum
1726 2700 1819 2741 ve-

202 2779 310 2837 teri
343 2777 566 2839 homine
602 2779 884 2844 morietur,
917 2786 974 2833 et
1027 2777 1122 2838 illo
1162 2777 1414 2849 migrabit
1467 2786 1814 2848 peccatorum

203 2885 399 2942 ptem
442 2869 692 2928 daturus.
759 2869 887 2930 Ideo
937 2869 1151 2926 dicebat
1201 2886 1215 2923 :
1271 2869 1376 2939 Qui
1441 2883 1545 2924 non
1610 2869 1813 2938 credit,

198 2964 312 3040 iam
349 2965 619 3036 judicatus
641 2974 751 3030 est,
783 2979 890 3022 non
933 2963 1106 3026 solum
1130 2964 1273 3035 quod
1304 2978 1411 3019 non
1458 2964 1670 3031 credat,
1718 2963 1816 3021 sed

198 3057 368 3115 etiam
405 3059 531 3128 quia
560 3071 686 3113 cum
754 3057 1026 3128 prioribus
1077 3058 1313 3128 peccatis
1361 3056 1494 3112 abit.
1554 3057 1816 3113 Dicebant

197 3169 378 3226 ergo:
407 3153 500 3214 25.
553 3153 600 3214 τ
603 3171 638 3210 tt
678 3155 791 3232 quis
823 3155 921 3211 es!
962 3155 1008 3212 0
1036 3154 1398 3212 dementiam!
1430 3155 1561 3212 Post
1605 3165 1810 3212 tantum

198 3255 462 3319 temporis
482 3288 498 3315 ,
533 3256 656 3320 post
675 3247 844 3324 signa
875 3257 929 3303 et
957 3245 1291 3317 doctrinam,
1325 3248 1664 3320 interrogant
1685 3289 1701 3316 ,
1730 3247 1812 3303 Tu

195 3339 310 3410 quis
329 3356 385 3396 es
401 3339 431 3393 ἓ
449 3339 587 3409 Quid
617 3339 778 3409 igitur
801 3339 1087 3396 Christus?
1104 3337 1432 3411 Principium
1450 3342 1535 3412 qui
1560 3349 1607 3395 et
1631 3341 1813 3410 loquor

195 3433 358 3490 vobis.
395 3433 508 3488 lloc
535 3442 641 3501 est,
675 3431 876 3504 lndigni
901 3433 1033 3489 estis
1055 3473 1073 3500 ,
1109 3433 1198 3504 qui
1221 3433 1386 3489 verba
1417 3447 1536 3489 mea
1557 3431 1808 3500 audiatis,

195 3524 396 3582 nedum
425 3524 646 3582 discatis
689 3525 812 3597 quis
848 3539 949 3594 ego
978 3525 1103 3580 situ.
1136 3525 1241 3581 Vos
1280 3524 1425 3582 enim
1470 3541 1558 3580 me
1594 3539 1812 3596 semper

194 3623 470 3672 tentantes
499 3615 817 3688 loquimini,
859 3615 1102 3689 nihilque
1125 3615 1288 3674 dictis
1313 3617 1448 3673 meis
1486 3616 1763 3673 attenditis
1793 3635 1807 3673 :

192 3719 252 3767 et
276 3707 362 3764 his
392 3709 460 3764 de
483 3708 644 3764 rebus
668 3707 921 3764 omnibus
947 3723 1093 3765 nunc
1117 3723 1415 3780 coarguere
1436 3709 1638 3780 possim
1659 3726 1674 3770 ;
1704 3709 1810 3764 hoc

190 3802 340 3859 enim
369 3800 642 3872 significat
671 3799 836 3868 illud,
871 3800 963 3856 26.
999 3799 1169 3855 Multa
1194 3800 1355 3855 habeo
1399 3801 1464 3856 de
1502 3800 1641 3855 vobis
1669 3801 1809 3871 loqui

189 3903 240 3948 et
288 3892 566 3965 judicare;
620 3906 721 3946 nec
763 3901 972 3948 tantum
1012 3891 1451 3962 reprehendero,
1504 3892 1600 3949 sed
1642 3892 1804 3949 etiam

190 3986 411 4057 punire.
463 3983 571 4041 Sed
598 3985 687 4056 qui
730 3985 877 4040 misit
915 3973 1035 4052 tne‘;
1079 3983 1183 4040 hoc
1207 3996 1310 4051 est,
1353 3985 1533 4050 Pater,
1571 3984 1672 4039 hoc
1697 4000 1804 4041 non

190 4080 328 4135 vult.
365 4077 492 4135 Non
519 4078 654 4133 enim
695 4079 808 4133 veni
856 4078 1098 4150 judicare
1145 4080 1391 4132 mundum
1412 4119 1427 4146 ,
1472 4079 1562 4134 sed
1605 4077 1804 4132 salvum

187 4174 379 4244 facere.
423 4171 548 4226 Non
595 4171 728 4226 enint
769 4172 902 4227 misit
924 4169 1062 4227 Deus
1093 4169 1285 4226 Filium
1311 4188 1497 4238 suunt,
1529 4181 1585 4225 ut
1605 4173 1806 4244 judicet

188 4265 478 4330 mundum,
523 4263 612 4319 sed
659 4273 712 4317 ut
742 4263 938 4319 salvum
986 4263 1144 4335 faciat
1192 4265 1440 4318 mundum
1497 4264 1796 4335 (Joatt.12.

186 4357 281 4414 47.
311 4367 359 4413 et
409 4358 464 4414 5.
501 4356 614 4429 I7).
660 4354 716 4413 Si
747 4372 879 4429 ergo
930 4356 1000 4412 ad
1052 4357 1153 4414 hoc
1184 4373 1272 4414 me
1298 4358 1475 4424 misit,
1529 4367 1584 4413 et
1635 4373 1800 4415 verax

187 4457 313 4515 est,
353 4448 481 4520 jure
521 4449 793 4504 neminem
850 4463 952 4519 ego
1004 4464 1147 4504 nunc
1185 4447 1393 4519 judico.
1445 4448 1553 4506 Sed
1600 4464 1663 4506 ea
1716 4451 1799 4506 lo-

188 4557 329 4614 quor
375 4557 500 4613 quae
558 4540 626 4596 ad
686 4541 917 4597 salutem
970 4549 1131 4606 sunt,
1179 4555 1288 4596 non
1358 4539 1428 4596 ad
1498 4543 1798 4613 reprehen-

188 4635 420 4691 sionem.
453 4633 582 4690 llaec
619 4647 783 4705 porro
809 4633 961 4703 dicit,
993 4649 1064 4690 ne
1093 4642 1281 4706 putent
1317 4633 1494 4706 ipsum
1514 4675 1532 4703 ,
1571 4650 1693 4691 cum
1721 4643 1801 4691 tot

188 4740 244 4787 et
292 4740 438 4788 tanta
493 4728 757 4797 audierit,
812 4744 921 4800 pm
973 4728 1342 4784 imbecillitate
1380 4743 1488 4784 non
1521 4744 1682 4800 posse
1713 4727 1796 4784 ul-

188 4825 392 4896 tionem
420 4820 653 4885 inferre,
685 4819 772 4877 vel
804 4835 993 4876 eorum
1015 4829 1250 4876 mentem
1273 4820 1659 4892 irrisionesque
1689 4837 1795 4876 non

187 4929 540 4987 Cognoscere.
573 4913 666 4968 27.
699 4911 792 4968 Illi
816 4923 985 4968 autent
1012 4915 1077 4970 de
1121 4913 1283 4970 Patre
1320 4931 1603 4970 sermonem
1621 4915 1797 4970 haberi

187 5023 288 5063 non
331 5007 719 5062 intellexerunt.
763 5007 808 5062 O
853 5006 1175 5062 stultitiam!
1227 5005 1344 5062 Non
1391 5005 1686 5062 desistebat
1727 5007 1798 5063 de

186 5101 345 5159 Patre
370 5101 559 5172 loqui,
590 5111 645 5157 et
673 5117 779 5157 nou
815 5102 1204 5174 intelligebant.
1242 5101 1445 5158 Deinde
1469 5117 1592 5158 cum
1620 5116 1797 5175 neque

184 5211 249 5253 ex
282 5205 363 5252 tot
405 5195 628 5266 signis,"
664 5210 838 5265 neque
867 5211 934 5250 ex
977 5194 1220 5250 doctrina
1263 5196 1383 5251 illos
1408 5201 1794 5266 pertraxisset,

186 5287 249 5343 de
270 5304 435 5345 cruce
462 5287 683 5344 demum
709 5289 961 5344 edisserit
987 5288 1072 5343 his
1097 5288 1276 5344 verbis
1311 5307 1324 5343 :
1351 5287 1445 5346 28.
1479 5289 1610 5345 Cum
1648 5290 1793 5344 exal-

187 5381 414 5436 taueritis
444 5379 492 5435 Ε
494 5381 639 5436 ilium
663 5381 901 5445 hominis,
925 5389 1046 5436 tunc
1074 5381 1384 5451 cognoscetis
1403 5383 1523 5452 quia
1547 5397 1638 5454 ego
1657 5399 1794 5448 sum,

182 5483 226 5529 et
247 5491 280 5528 a
303 5473 499 5545 mcipso
525 5491 626 5528 non
657 5474 858 5543 loquor;
884 5471 977 5528 29.
998 5481 1044 5527 et
1071 5472 1208 5544 quod
1221 5474 1307 5538 qui
1331 5489 1409 5528 nte
1438 5473 1574 5527 misit
1599 5489 1796 5528 mecum

184 5578 277 5634 est,
298 5576 348 5624 et
377 5583 482 5622 non
509 5568 713 5638 reliquit
737 5567 991 5623 mesolum
1015 5565 1197 5622 Pater.
1229 5565 1484 5622 Ostendit
1518 5581 1579 5622 se
1600 5567 1796 5624 merito

184 5661 413 5730 dixisse,
442 5659 766 5733 Principium
786 5662 873 5735 qui
899 5670 947 5717 et
975 5661 1154 5732 loquor
1174 5661 1336 5716 vobis.

251 5755 306 5814 2.
338 5753 524 5825 Usque
536 5755 676 5810 adeo
702 5772 809 5812 non
838 5755 1191 5812 attendebant
1219 5755 1284 5812 iis
1310 5771 1430 5827 qua:
1450 5756 1788 5812 dicebantur.

171 5845 656 5907 Cutuesaltavert'tis
686 5847 884 5904 Filium
910 5848 1148 5906 hominis.
1178 5847 1368 5907 Nonne
1394 5857 1523 5906 tunc
1543 5866 1630 5908 me
1659 5851 1788 5908 sub-

1317 353 1384 413 IN
1420 352 1737 412 JOANNEM
1780 352 2012 413 1101111..
2053 355 2190 414 LIII.
2233 359 2304 416 al.

2346 359 2463 417 LII.
3459 371 3568 432 291

1949 469 2059 524 lato
2088 472 2317 549 speratis
2341 489 2371 528 a
2404 489 2490 530 me
2520 474 2655 531 nihil
2686 476 2840 533 vobis
2867 478 3008 534 ultra
3054 481 3317 538 molestiae
3345 484 3564 544 allatum

1951 561 2056 617 iri?
2087 561 2200 635 Ego
2227 575 2408 621 autem
2429 566 2554 622 dico
2583 569 2758 637 vobis,
2788 568 2936 627 Tunc
2963 573 3204 630 maxime
3229 583 3564 648 cognoscetis,

1947 653 2067 721 quia
2091 669 2184 726 ego
2204 672 2337 722 sum,
2370 672 2467 728 per
2493 660 2667 730 signa,
2704 676 2800 731 per
2827 666 3308 734 resurrectionem,
3347 685 3444 740 per
3469 689 3566 727 ex-

1947 744 2170 838 cidium.
2192 746 2323 804 "tet:
2350 751 2552 822 quippe
2572 753 2757 810 omnia
2776 756 2895 827 ejus
2922 752 3218 830 potentiam
3244 766 3566 838 comproba-

1946 834 2096 893 bant.
2127 837 2313 912 Neque
2342 841 2478 898 dixit
2503 884 2518 910 ,
2563 845 2715 902 Tunc
2743 851 3087 920 cognoscetis
3113 853 3237 924 quis
3261 834 3386 911 sim:
3423 858 3560 915 Cum

1946 927 2209 995 videritis,
2245 932 2436 1004 inquit,
2470 951 2560 992 me
2583 938 2716 994 nihil
2746 955 2814 996 ex
2851 953 3027 999 morte
3061 960 3381 1015 passurum,
3413 950 3562 1007 Tune

1945 1024 2255 1090 cognoscetis
2287 1027 2408 1094 quia
2437 1045 2531 1100 ego
2551 1047 2664 1086 sunt
2695 1047 2714 1087 :
2745 1047 2940 1106 nempe
2961 1034 3210 1095 Christus
3235 1039 3408 1099 Filius
3442 1043 3556 1109 Dei,

1944 1113 2034 1183 qui
2079 1117 2260 1171 omnia
2305 1117 2421 1175 fero
2464 1130 2519 1176 et
2545 1122 2687 1179 duco
2710 1167 2725 1192 ,
2767 1141 2872 1182 nec
2899 1131 3206 1187 contrarius
3233 1132 3403 1192 Patri.
3433 1135 3561 1194 Ideo

1943 1204 2150 1273 adjicit,
2183 1207 2250 1263 Et
2274 1225 2306 1263 a
2335 1212 2528 1280 nteipso
2559 1215 2691 1270 nihil
2717 1217 2919 1286 loquor.
2955 1219 3249 1294 Utrumque
3278 1228 3423 1283 enim
3467 1244 3562 1286 co-

1941 1300 2235 1365 gnoscetis,
2265 1309 2319 1356 et
2347 1305 2642 1372 potentiam
2674 1323 2872 1374 meam,
2903 1320 2958 1366 et
2985 1327 3108 1368 eum
3137 1315 3295 1374 Patre
3322 1335 3560 1378 consen-

1941 1400 2086 1441 sutn.
2114 1387 2245 1446 Illud
2274 1394 2440 1458 enim,
2471 1396 2515 1450 Α
2542 1399 2735 1470 tneipso
2765 1401 2898 1457 nihil
2926 1403 3124 1474 loquor,
3158 1410 3404 1467 eamdem
3429 1428 3560 1471 esse

1940 1479 2296 1538 substantiam
2325 1485 2581 1554 denotat,
2610 1498 2666 1546 et
2692 1507 2752 1549 se
2781 1493 2915 1549 nihil
2946 1496 3082 1552 ultra
3113 1511 3397 1570 paternum
3426 1520 3557 1562 sen-

1938 1583 2058 1624 sum
2089 1571 2254 1645 loqui.
2287 1575 2566 1646 Quattdoa
2593 1583 2740 1638 cultu
2774 1596 2956 1642 vestro
2983 1590 3267 1658 excidetis,
3295 1610 3396 1651 nec
3425 1612 3554 1652 con-

1944 1661 2172 1718 cedetur
2198 1665 2350 1722 vobis
2370 1670 2602 1740 pristino
2631 1690 2782 1732 more
2810 1677 2986 1747 ipsum
3003 1681 3206 1748 colere;
3230 1694 3358 1742 tunc
3373 1685 3559 1746 scietis

1937 1749 2111 1820 ipsum
2158 1771 2245 1812 me
2281 1759 2463 1818 ulcisci
2493 1803 2508 1829 ,
2543 1765 2874 1837 indignatum
2914 1771 3175 1830 adversus
3210 1793 3306 1834 cos
3339 1781 3430 1852 qui
3469 1799 3560 1840 me

1937 1857 2046 1898 n0n
2082 1848 2366 1905 audierunt
2391 1868 2407 1918 ;
2435 1869 2500 1910 ac
2528 1857 2572 1911 si
2599 1857 2806 1915 diceret
2833 1875 2846 1914 :
2883 1861 2939 1917 Si
2967 1865 3178 1924 alienus
3205 1877 3260 1924 et
3286 1848 3396 1929 Deo
3424 1890 3556 1932 con-

1937 1938 2132 1994 trarius
2161 1955 2338 1998 essem
2358 1986 2373 2010 ,
2416 1961 2524 2003 non
2554 1960 2757 2008 tantam
2788 1953 2880 2010 ille
2919 1966 3111 2015 contra
3136 1976 3232 2018 vos
3262 1963 3396 2020 iram
3423 1981 3556 2024 cou-

1933 2029 2187 2129 ccpisset.
2215 2033 2329 2129 liae
2358 2045 2415 2092 et
2445 2037 2608 2096 Isaias
2637 2041 2798 2111 dicit,
2834 2044 2990 2102 Dabit
3016 2050 3205 2122 impios
3237 2071 3332 2123 pro
3372 2061 3550 2129 sepul-

1934 2128 2050 2221 tura
2078 2125 2188 2194 ejus
2210 2125 2365 2221 (lsgi.
2394 2131 2484 2188 55.
2517 2132 2572 2202 9)
2598 2150 2614 2200 ;
2645 2145 2701 2192 et
2726 2136 2910 2204 David,
2945 2139 3088 2196 Tum:
3116 2145 3352 2214 loquetur
3371 2125 3442 2204 ad
3465 2168 3552 2208 eos

1930 2212 1984 2264 in
2015 2212 2093 2267 ira
2122 2233 2217 2270 sua
2247 2217 2420 2290 (Psal.
2453 2223 2509 2278 2.
2544 2225 2600 2298 5)
2625 2243 2639 2292 ;
2671 2237 2727 2284 et
2757 2229 2875 2300 ipse
2895 2274 2910 2294 ,
2948 2232 3080 2289 Ecce
3106 2212 3422 2308 relinquetur
3450 2246 3552 2300 do.-

1931 2321 2043 2408 tut-t8
2067 2319 2250 2408 castra
2271 2313 2475 2408 deserta
2505 2317 2720 2390 (Matth.
2751 2323 2843 2378 23.
2873 2325 2998 2399 38);
3034 2327 3266 2400 idipsum
3293 2343 3345 2388 et
3372 2336 3424 2389 itt
3455 2352 3550 2408 pa-

1931 2396 2153 2493 rabolis,
2180 2401 2320 2471 Quid
2347 2407 2498 2476 faciet
2519 2409 2756 2468 dominus
2777 2396 3124 2489 vinearhujus
3141 2423 3384 2493 agricolis
3403 2396 3507 2482 illis
3525 2430 3553 2482 1‘

1929 2483 2102 2582 diales
2143 2493 2278 2549 male
2320 2498 2498 2567 perdet
2525 2499 2756 2575 (Matth.
2785 2505 2878 2561 21.
2921 2483 3106 2566 ιοξιι
3126 2483 3378 2582 ).’νὶ›.1υιι
3422 2535 3550 2575 eunt

1929 2577 2127 2682 ubique
2155 2584 2237 2682 sic
2263 2587 2427 2660 loqui,
2453 2593 2596 2662 quod
2627 2594 2701 2650 illi
2733 2597 2973 2656 nondum
2999 2577 3302 2662 crederent.
3325 2608 3477 2677 Quod
3501 2615 3546 2666 si

1928 2676 2073 2741 ipsos
2099 2676 2312 2746 perdat,
2347 2689 2405 2736 ttt
2436 2699 2625 2741 revera
2648 2689 2860 2758 perdet;
2897 2707 3019 2747 nam
3043 2696 3140 2763 ait,
3167 2676 3425 2756 Addueite
3449 2706 3552 2760 huc

1926 2779 2014 2819 eos
2041 2767 2129 2867 qui
2159 2783 2238 2867 me
2261 2771 2441 2827 nolunt
2467 2791 2700 2849 regnare,
2730 2790 2780 2835 et
2804 2782 3076 2854 interficite
3105 2787 3259 2860 (Luc.
3292 2793 3384 2849 I9.
3411 2794 3506 2867 27)
3529 2816 3545 2863 ;

1923 2869 2024 2948 cur
2053 2858 2184 2915 illttd
2213 2876 2320 2919 non
2351 2881 2532 2937 suum,
2561 2871 2659 2928 sed
2699 2872 2875 2932 Patris
2897 2893 3034 2948 opus
3060 2858 3186 2939 esse
3209 2883 3332 2940 dicit
3351 2889 3374 2942 τ
3395 2887 3458 2946 Ut
3482 2858 3544 2946 il;

1923 2945 2100 3006 lorum
2116 2967 2183 3045 se
2199 2953 2551 3016 imbecillitati
2573 2973 2918 3037 attctnpcrct,
2934 2945 3210 3045 simulque
3228 2945 3543 3040 Genitorem

1922 3055 2080 3100 suum
2113 3043 2366 3105 honoret.
2400 3051 2526 3108 Ideo
2552 3071 2658 3111 non
2704 3058 2863 3127 dixit,
2893 3043 3162 3136 Relinque
3200 3069 3422 3129 tiOmum
3453 3091 3542 3132 ve-

1921 3239 2114 3296 quens.
2145 3228 2279 3286 Cum
2493 3235 2648 3302 dicit,
2676 3237 2884 3306 Quoties
2911 3245 3052 3301 uolui
3073 3265 3383 3326 congregare
3401 3258 3540 3327 ﬁlios

1920 3329 2112 3421 uestros
2136 3363 2152 3390 ,
2186 3334 2233 3378 et
2261 3326 2496 3421 noluistis
2542 3329 2695 3402 (Luc.
2731 3334 2819 3391 l3.
2851 3337 2988 3408 34)?
3017 3341 3321 3417 deindeqtte
3349 3326 3498 3408 addit
3523 3396 3538 3421 ,

1921 3410 2278 3513 lielinquetur,
2310 3432 2370 3513 se
2398 3419 2749 3513 desolationis
2776 3438 3057 3488 auctorem
3087 3410 3348 3495 ostendit.
3377 3410 3534 3513 Quia,

1920 3505 2093 3604 inquit
2113 3550 2145 3604 ,Δ
2165 3508 2442 3570 beneﬂciis
2473 3514 2724 3574 noluistis
2761 3519 2830 3577 ad
2858 3524 3189 3583 credendum
3222 3505 3438 3604 induei',
3469 3505 3535 3595 ei

1917 3599 2185 3669 supplicio
2223 3607 2560 3674 cognoscetis
2589 3609 2713 3682 quis
2737 3625 2858 3668 sum
2898 3630 3022 3689 ego.
3053 3617 3118 3674 Et
3153 3619 3307 3677 Pater
3340 3599 3536 3685 mecum

1915 3690 2119 3792 est-Ne
2146 3703 2416 3766 putarent,
2445 3699 2598 3769 illud,
2631 3701 2732 3769 Qui
2758 3706 2897 3760 misit
2923 3724 3024 3776 me,
3051 3712 3317 3772 minorem
3359 3719 3534 3792 ipsum

1914 3780 2213 3880 declarare,
2237 3789 2407 3857 addit,
2444 3790 2650 3849 Mecum
2677 3805 2776 3852 est.
2809 3799 2969 3857 Aliud
2995 3803 3141 3860 enim
3172 3780 3535 3880 dispensatio-

1915 3875 2002 3974 nis
2023 3916 2038 3939 ,
2067 3878 2212 3934 aliud
2241 3880 2540 3940 divinitatis
2569 3896 2674 3943 est.
2718 3886 2789 3944 Et
2829 3907 2932 3947 non
2961 3895 3164 3968 reliquit
3207 3875 3288 3955 me
3324 3906 3490 3961 solum
3514 3949 3530 3974 ,

1912 3969 2052 4037 quia,
2081 3987 2195 4043 qua:
2216 3974 2406 4044 placita
2429 3987 2548 4032 sunt
2577 3979 2643 4046 ei,
2675 3981 2813 4050 facio
2831 4000 3046 4057 semper.
3079 3989 3315 4049 Rursum
3343 3998 3410 4053 ad
3434 3969 3532 4056 illi;

1913 4059 2126 4158 utiliora
2153 4061 2466 4158 descendit,
2499 4068 2634 4125 iIIttd
2661 4071 2979 4144 frequenter
3018 4089 3254 4139 tractans
3275 4088 3418 4158 quod
3448 4091 3531 4147 di-

1910 4151 2142 4218 cebant,
2188 4155 2360 4227 ipsum
2389 4174 2456 4215 ex
2487 4160 2596 4218 Deo
2640 4180 2748 4220 non
2786 4181 2910 4224 esse
2935 4209 2950 4237 ,
2983 4151 3378 4250 sabbatumque
3419 4202 3527 4240 non

1910 4260 2130 4346 servare
2159 4268 2172 4304 :
2205 4251 2327 4346 ideo
2347 4253 2496 4322 dicit,
2529 4256 2659 4324 Qua:
2677 4259 2868 4330 placita
2891 4275 3011 4319 sunt
3032 4269 3096 4334 ei,
3127 4272 3262 4340 facio
3281 4291 3481 4346 semper
3508 4297 3528 4334 :

1911 4337 2156 4398 indicans
2196 4345 2444 4414 placitam
2494 4349 2593 4419 ipsi
2633 4365 2754 4408 esse
2790 4353 3000 4412 sabbati
3048 4337 3399 4423 solutionem:
3435 4367 3526 4428 Sic

1908 4445 2031 4488 cum
2056 4434 2124 4490 ad
2167 4451 2385 4494 erucem
2428 4438 2720 4498 duceretur
2739 4486 2756 4512 ,
2785 4447 2860 4502 ait
2890 4465 2907 4502 :
2941 4448 3021 4506 An
3052 4457 3247 4521 putatis
3270 4460 3392 4530 quia
3418 4479 3524 4519 non

1907 4543 2115 4629 possunt
2141 4546 2322 4602 rogare
2346 4531 2558 4588 Patrem
2583 4551 2754 4592 meum
2775 4539 2802 4593 .9
2825 4540 2988 4612 Atqui
3020 4543 3122 4601 hoc
3147 4550 3322 4607 solum
3352 4553 3522 4629 dicto,

1911 4617 2073 4683 Quem
2093 4622 2319 4692 φωρ-ἰὼ
2335 4623 2361 4677 .’
2388 4626 2614 4695 supinos
2639 4627 2763 4684 illos
2791 4637 3104 4702 prostravit.
3135 4637 3246 4695 Cur
3261 4658 3390 4716 ergo
3414 4617 3524 4706 non

1906 4710 2060 4778 dicit,
2092 4714 2174 4768 An
2202 4714 2401 4786 putatis
2439 4731 2528 4773 me
2557 4732 2668 4774 non
2713 4735 2874 4792 posse
2899 4739 2996 4781 vos
3024 4729 3293 4797 perdere?
3325 4710 3445 4792 cum
3470 4739 3522 4796 id

1908 4803 2085 4874 reipsa
2133 4804 2626 4866 demonstraverit?
2653 4810 2874 4869 Illorum
2903 4811 3199 4875 infirmitati
3227 4838 3288 4879 se
3324 4807 3523 4884 attem-

1906 4905 2079 4968 perat.
2112 4899 2337 4957 Multum
2362 4904 2508 4960 enim
2537 4905 2762 4962 curabat
2787 4911 3100 4979 ostendere,
3129 4928 3190 4969 se
3217 4916 3348 4974 nihil
3373 4919 3522 4979 Patri

1905 4996 2237 5051 contrarium
2267 4994 2466 5053 facere.
2495 4998 2586 5055 Sic
2611 5007 2667 5055 et
2696 4997 2946 5058 hoc'loco
2977 5004 3215 5063 humano
3257 5026 3412 5067 more
3441 5015 3516 5071 lo-

1904 5087 2107 5160 quitur.
2138 5087 2208 5146 Ut
2235 5098 2415 5145 autem
2445 5089 2598 5157 illud,
2633 5090 2760 5146 Non
2787 5093 2990 5164 reliquit
3015 5113 3095 5152 me
3115 5101 3302 5170 solum,
3317 5103 3519 5169 dictum

1907 5180 2006 5237 luit
2031 5200 2044 5237 :
2071 5182 2151 5239 sic
2177 5191 2233 5238 et
2261 5182 2391 5238 illud
2411 5224 2427 5250 ,
2461 5185 2592 5252 Qua
2635 5186 2826 5256 placita
2853 5199 2972 5243 sunt
3014 5191 3062 5245 ei
3079 5231 3096 5258 ,
3139 5195 3276 5264 facio
3301 5213 3519 5270 semper.

1905 5273 1997 5329 50.
2027 5272 2155 5328 Han:
2179 5275 2270 5329 illo
2301 5273 2557 5343 loquente,
2587 5278 2738 5332 multi
2762 5280 3091 5336 crediderunt
3121 5301 3173 5338 tn
3205 5303 3341 5341 eum.
3385 5291 3519 5346 Cum

1904 5367 1972 5422 ad
2007 5368 2291 5424 humiliora
2328 5368 2640 5438 descendit,
2675 5386 2802 5429 tunc
2840 5375 2994 5430 multi
3025 5378 3396 5437 crediderunt.
3436 5386 3518 5440 An

1904 5465 2082 5520 adhuc
2123 5465 2428 5535 interrogas
2470 5480 2570 5521 cur
2613 5466 2890 5522 humiliter
2938 5468 3230 5541 loquatur?
3258 5477 3416 5546 Atqui
3465 5479 3516 5535 id

1905 5560 2188 5616 manifeste
2235 5557 2490 5614 indicavit
2529 5560 2863 5631 evangelista
2904 5560 3092 5617 dicens
3126 5583 3138 5618 :
3173 5563 3300 5619 Πιεε
3329 5569 3518 5625 illolo-

1903 5662 2104 5719 quente,
2131 5652 2278 5706 multi
2304 5651 2628 5706 crediderunt
2648 5653 2701 5706 in
2730 5668 2881 5717 cum;
2913 5663 3116 5709 tantum
3148 5672 3253 5712 non
3275 5661 3516 5720 clamans

1903 5765 1969 5804 ex
1990 5749 2149 5804 rebus
2176 5747 2306 5817 ipsis
2327 5766 2340 5801 :
2359 5746 2438 5802 Ne
2456 5746 2709 5814 turbaris,
2724 5748 2958 5812 auditor,
2978 5749 3021 5803 si
3045 5750 3171 5819 quid
3193 5753 3394 5810 humile
3414 5771 3512 5812 att-

1904 5843 2036 5904 dias.
2061 5844 2160 5912 Qui
2189 5840 2330 5897 enim
2350 5849 2474 5914 post
2490 5849 2688 5896 tantum
2703 5841 2999 5898 doctrinam
3025 5842 3261 5899 nondum
3276 5844 3523 5916 persuasi
