4054 6438
572 347 672 407 995

570 473 719 523 erant
744 465 914 534 ipsum
933 474 962 513 a
987 458 1144 513 Patre
1168 467 1306 516 esse,
1329 449 1522 504 merito
1544 444 1823 501 humiliora
1851 439 2148 534 audierunt,

572 568 629 610 ut
652 532 949 612 crederent.
983 547 1175 603 Ethznc
1190 544 1298 613 jam
1335 538 1579 595 defensio
1612 535 1945 606 pr;emittitur
1963 548 2059 602 pro
2088 532 2148 584 iis

573 664 688 719 qnze
701 655 878 717 postea
895 639 1409 697 humiliterdicturus
1421 628 2148 719 est.Credideruntergoinon

571 716 748 792 tamen
765 742 1020 804 quantum
1038 727 1336 801 oportebat,
1353 723 1445 778 sed
1467 730 1770 789 utcumque,
1789 717 1840 771 in
1856 716 2150 770 humilitate
2167 750 2170 753 -

568 830 849 884 verborum
876 823 1082 894 placide
1111 821 1480 876 consistentes.
1513 812 1666 882 Quod
1711 812 1853 867 enim
1879 824 1982 864 non
2025 823 2147 878 per-

568 923 760 977 fectam
829 917 1085 971 haberent
1154 912 1345 974 fidem,
1401 914 1664 962 monstrat
1717 901 2038 972 evangelista
2097 898 2146 950 iu

567 1013 950 1086 sequentibus,
997 1008 1083 1062 ubi
1125 1005 1222 1075 ipsi
1263 999 1638 1058 contumeliam
1694 995 1945 1051 inferunt.
1996 989 2148 1057 Quod

567 1085 744 1162 autem
796 1105 951 1161 iidem
992 1102 1092 1171 ipsi
1123 1105 1343 1163 esseut,
1390 1092 1640 1149 iudicavit
1685 1090 1767 1144 his
1808 1087 1981 1142 verbis
2013 1105 2026 1138 :
2057 1085 2144 1140 5|.

573 1200 773 1254 Dicebat
802 1211 919 1266 ergo
952 1192 1104 1248 Jesus
1137 1191 1205 1244 ad
1239 1206 1322 1243 eos
1359 1189 1444 1258 qui
1475 1185 1793 1239 crediderant
1822 1181 1865 1233 ei
1889 1178 2098 1237 Judrcos
2131 1193 2148 1230 :

569 1292 628 1345 Si
649 1306 732 1342 eos
755 1286 1035 1340 ntanseritis
1058 1286 1109 1337 in
1135 1297 1363 1337 sermone
1390 1295 1520 1344 meo;
1538 1274 1827 1332 ostendens
1853 1274 1995 1342 ipsos
2025 1285 2148 1324 non-

564 1381 688 1436 dum
721 1377 1022 1448 suscepisse
1051 1361 1348 1430 doctrinam
1375 1413 1388 1436 ,
1418 1370 1512 1426 sed
1541 1369 1697 1423 dictis
1724 1367 2003 1421 attendere
2034 1373 2148 1414 tau-

567 1482 699 1527 tutu.
731 1471 1064 1537 Quapropter
1115 1463 1483 1521 vehementius
1535 1460 1788 1529 loquitur.
1837 1456 1947 1512 Illic
2003 1453 2146 1509 enim

562 1562 877 1630 simpliciter
903 1558 1130 1621 dicebat,
1153 1555 1399 1621 Quwretis
1427 1569 1539 1616 me;
1571 1565 1709 1604 nunc
1740 1563 1865 1612 vero
1895 1546 2059 1609 addit,
2083 1543 2146 1596 In

566 1653 778 1722 peccatis
803 1650 975 1704 vestris
995 1647 1292 1701 moriemini.
1323 1645 1386 1698 Et
1407 1640 1675 1713 quomodo
1704 1640 1753 1694 id
1775 1640 1860 1692 fiat
1889 1637 2143 1702 ostendit,

562 1747 690 1811 Quia
715 1759 835 1798 cum
865 1757 930 1796 eo
961 1739 1234 1801 veneritis,
1266 1754 1367 1790 non
1404 1734 1645 1804 poteritis
1677 1747 1759 1786 me
1783 1746 1991 1800 rogare.
2021 1727 2145 1781 Ηίιτ

560 1853 671 1906 qua:
708 1837 885 1904 loquor
922 1836 973 1887 in
1013 1832 1220 1885 mundo.
1256 1829 1346 1884 llis
1375 1828 1610 1882 declarat
1638 1841 1696 1879 se
1721 1824 1830 1893 jam
1877 1823 2144 1876 exiturum

560 1927 624 1980 ad
655 1937 858 1996 gentes.
887 1925 1018 1980 Cum
1048 1938 1176 1976 vero
1195 1936 1298 1974 non
1323 1918 1518 1973 scirent
1543 1917 1712 1984 ipsum
1731 1913 1797 1968 de
1820 1913 1975 1968 Patre
2002 1911 2145 1980 prius

563 2021 838 2086 loqutttum
865 2030 985 2070 esse
1012 2054 1025 2079 ,
1059 2027 1268 2068 rursum
1296 2010 1364 2066 de
1392 2010 1486 2063 illo
1512 2007 1742 2077 loquitur
1766 2047 1780 2071 ,
1814 2015 1865 2058 et
1894 2018 2104 2058 causam
2123 2044 2138 2067 ,

556 2126 655 2164 cur
683 2107 949 2161 humiliter
979 2105 1226 2174 loquutus
1257 2103 1346 2166 sit,
1377 2100 1530 2153 affert
1557 2097 1903 2166 evangelista.

629 2201 682 2258 5.
711 2198 766 2253 Si
793 2197 870 2252 sic
891 2211 1018 2266 ergo
1043 2194 1347 2266 Scripturas
1369 2199 1620 2246 accurate
1645 2185 1869 2243 scrutari
1895 2187 2139 2254 velimus,
2187 2264 2192 2269 ξ

559 2307 663 2346 non
707 2287 1102 2358 perfunctorie,
1150 2286 1377 2340 salutem
1421 2281 1676 2352 consequi
1724 2280 2055 2351 poterimus;
2097 2280 2140 2333 si

558 2381 769 2435 assidue
797 2381 846 2433 in
873 2379 976 2433 illis
1005 2392 1280 2432 versemur
1300 2417 1316 2442 ,
1348 2384 1401 2428 et
1431 2375 1482 2428 in
1512 2389 1635 2428 vera
1664 2372 1909 2427 doctrina
1937 2382 1990 2425 et
2022 2372 2142 2426 vita:

558 2473 820 2543 probitate
848 2471 1205 2526 instituentur.
1237 2469 1314 2525 Ac
1359 2469 1484 2524 licet
1525 2467 1690 2521 durus
1731 2466 1801 2519 sit
1839 2466 2140 2535 quispiam,

559 2564 797 2628 immitis,
818 2562 1013 2628 mollis;
1047 2562 1169 2616 licet
1201 2559 1519 2630 prmcedcuti
1543 2568 1782 2628 tempore
1809 2557 1940 2612 nihil
1974 2557 2144 2612 lucra-

559 2666 641 2711 tus
671 2653 862 2718 fuerit,
897 2668 1036 2707 nunc
1080 2653 1269 2707 saltem
1327 2651 1572 2721 proficiet
1595 2690 1611 2716 ,
1641 2656 1694 2704 et
1723 2649 1952 2719 aliquam
1984 2690 1998 2713 ,
2041 2650 2142 2704 etsi

555 2763 668 2805 non,
688 2747 900 2806 sentiat,
927 2745 1202 2798 utilitatem
1225 2744 1496 2811 decerpet.
1516 2741 1646 2795 Nam
1669 2741 1712 2794 si
1738 2741 2139 2809 unguentariam

555 2840 821 2895 officinam
851 2837 969 2906 quis
997 2836 1182 2891 adiens
1203 2875 1216 2900 ,
1248 2835 1293 2888 si
1326 2836 1375 2888 in
1405 2834 1495 2887 illa
1526 2839 1769 2887 moretur
1789 2874 1804 2898 ,
1839 2832 1920 2885 vel
1945 2832 2140 2885 invitus

554 2947 772 2986 suavem
812 2930 1039 2999 aliquem
1081 2936 1437 2997 consequetur
1465 2925 1721 2989 odorem;
1760 2923 1929 2978 multo
1973 2921 2140 2992 magis

556 3027 644 3094 qui
673 3022 951 3076 ecclesiam
980 3019 1299 3089 frequentat.
1325 3018 1395 3074 Ut
1422 3018 1563 3073 cnim
1594 3031 1656 3072 ex
1685 3016 1886 3071 desidia
1913 3057 1927 3080 ,
1969 3015 2139 3084 negli-

557 3115 730 3182 gentia
763 3132 775 3168 :
805 3113 882 3166 sic
915 3127 979 3165 ex
1020 3110 1328 3181 operatione
1354 3149 1368 3175 ,
1409 3109 1572 3162 animi
1621 3107 1781 3162 ardor
1813 3108 2000 3161 oritur.
2032 3106 2139 3160 Etsi

555 3204 708 3258 malis
736 3203 808 3256 sis
835 3201 1128 3256 innumeris
1177 3200 1427 3268 refertus,
1457 3200 1556 3254 etsi
1586 3201 1842 3269 impurus,
1864 3199 1972 3252 noli
2003 3197 2139 3253 hanc

557 3297 722 3349 vitare
751 3293 1120 3362 frequentiam.
1153 3292 1287 3358 Quid
1314 3307 1471 3354 vero,
1507 3291 1686 3362 inquis
1706 3332 1721 3358 ,
1754 3304 1796 3344 St
1822 3291 2002 3344 audita
2031 3307 2135 3344 nou

558 3387 851 3456 exsequar?
881 3386 995 3441 Non
1029 3401 1211 3456 parum
1241 3386 1370 3440 lucri
1402 3394 1485 3441 est
1505 3425 1520 3451 ,
1551 3385 1596 3439 si
1628 3394 1679 3439 te
1709 3386 1962 3439 miserum
1996 3400 2134 3454 pra:-

554 3477 833 3543 dicavcris;
859 3493 962 3532 non
989 3477 1187 3532 inutilis
1215 3476 1299 3531 hic
1323 3478 1482 3531 timor
1505 3486 1605 3540 est,
1633 3492 1737 3532 non
1764 3476 2136 3546 intempestiva

558 3571 782 3628 formido
811 3589 822 3625 :
847 3571 891 3625 si
922 3553 1092 3626 solum
1122 3571 1464 3640 ingemueris,
1493 3570 1632 3640 quod
1655 3572 1832 3624 audita
1859 3585 1961 3624 non
1981 3586 2131 3625 exse-

553 3663 733 3729 quaris
760 3704 774 3728 ,
811 3661 1096 3731 aliquando
1134 3661 1203 3714 ad
1238 3661 1501 3730 agendum
1546 3671 1599 3717 te
1637 3662 1988 3730 comparabis.
2023 3662 2135 3716 Non

554 3762 730 3821 potest
761 3757 901 3807 enim
946 3753 1033 3822 qui
1076 3754 1240 3807 Deum
1283 3753 1574 3823 alloquitur
1597 3795 1610 3817 ,
1647 3753 1924 3823 ipsumque
1953 3755 2134 3822 audit,

555 3860 659 3897 non
690 3844 884 3912 aliquid
924 3843 1054 3898 lucri
1097 3845 1370 3914 consequi.
1405 3846 1592 3898 Statim
1631 3846 1776 3899 enim
1808 3862 1902 3901 nos
1930 3847 2134 3917 colligi-

555 3948 673 3991 mus
701 3948 992 4002 manusque
1021 3933 1307 4000 abluimus,
1341 3950 1461 3987 cum
1494 3935 1685 3989 librum
1717 3936 1959 4004 accipere
1983 3938 2135 3990 volu-

554 4041 692 4081 mus.
718 4023 903 4078 Viden‘
933 4033 1128 4093 quanta
1160 4028 1240 4079 vel
1272 4036 1397 4079 ante
1435 4025 1717 4080 lectionem
1743 4027 1952 4095 pietas?
1982 4028 2133 4095 Qttod

551 4119 594 4171 si
626 4116 906 4186 diligenter
934 4132 1233 4187 pergamus,
1256 4134 1498 4187 magnam
1522 4135 1802 4188 carpemus
1830 4121 2133 4176 utilitatem.

552 4209 732 4280 Neque
752 4210 893 4264 enim
922 4209 1021 4263 nisi
1051 4212 1224 4263 anima
1258 4212 1339 4280 pie
1365 4210 1575 4275 affecta,
1609 4227 1796 4265 manus
1820 4212 2095 4268 abluemus
2120 4232 2132 4266 :

1309 337 1366 394 S.
1407 328 1685 390 JOANNIS
1720 321 2192 384 CIIRYSOSTOBII
2236 322 2551 379 ARCIIIEP.
2594 323 3127 382 CONSTANTINOP.

3752 328 3857 383 296

2261 449 2314 494 ct
2346 439 2559 505 mulier,
2586 441 2628 493 si
2657 454 2762 494 non
2791 449 2972 508 operta
2996 439 3084 504 sit,
3109 437 3286 492 statim
3312 440 3489 494 velum
3513 443 3765 506 assumit,
3804 445 3853 496 iu

2257 539 2628 600 argumentum
2653 529 3155 599 pietatisinterioris
3187 545 3202 585 :
3231 529 3331 596 vir,
3366 531 3410 584 si
3441 541 3630 600 operto
3661 534 3728 587 sit
3757 551 3853 588 ca-

2257 624 2364 692 pite
2385 665 2398 685 ,
2431 622 2590 677 nudat
2616 630 2793 690 caput.
2827 619 3013 674 Videu‘
3038 619 3308 689 quomodo
3333 632 3588 676 externus
3634 623 3854 678 habitus

2256 713 2477 767 interna:
2514 713 2581 766 sit
2609 711 2819 781 pietatis
2848 710 3135 765 indicium?
3165 709 3289 766 Inde
3316 711 3514 767 sedens
3541 713 3606 766 ad
3635 715 3852 768 audien-

2252 804 2413 870 dum,
2440 804 2691 874 frequens
2739 803 3068 874 ingemiscit,
3108 816 3161 862 et
3203 805 3526 876 printer-itam
3555 807 3714 859 vitam
3749 805 3854 859 dn—

2253 909 2418 951 mnat.
2455 897 2742 968 Scripturis
2772 915 2900 970 ergo
2928 902 3161 955 animum
3185 897 3774 963 adhibeamus,dilecti,
3801 907 3856 952 et

2252 989 2438 1043 saltem
2467 990 2738 1060 evangelia
2767 991 3006 1045 studiose
3036 999 3346 1048 tractemus.
3378 992 3567 1046 Statim
3591 991 3733 1044 enim
3764 1001 3853 1043 at-

2251 1095 2354 1148 que
2378 1079 2567 1134 librum
2595 1082 2904 1151 aperueris,
2937 1083 3134 1137 Christi
3175 1098 3368 1138 nomen
3403 1082 3606 1138 videbis
3631 1125 3644 1148 ,
3676 1093 3731 1137 et
3761 1083 3850 1136 di-

2250 1183 2459 1226 centem
2506 1173 2653 1227 illum
2701 1173 2933 1232 audies:
2979 1174 3106 1230 Iesu
3148 1187 3315 1229 autent
3360 1177 3548 1231 Christi
3590 1177 3853 1247 generatio

2250 1263 2322 1316 sic
2352 1273 2476 1317 erat.
2509 1264 2634 1318 Cum
2655 1275 2782 1320 esset
2799 1267 3101 1337 desponsata
3115 1277 3275 1320 mater
3296 1269 3404 1337 ejus
3434 1268 3603 1321 Maria
3627 1268 3850 1338 Joseph,

2250 1353 2449 1408 inventa
2479 1365 2550 1409 est
2574 1357 2623 1410 in
2649 1367 2789 1410 utero
2818 1357 3004 1411 habens
3030 1360 3091 1411 de
3121 1359 3320 1429 Spiritu
3347 1370 3519 1413 sancto
3552 1359 3770 1418 (Matth.
3797 1364 3853 1416 l.

2251 1447 2363 1517 18).
2393 1448 2490 1515 Qui
2519 1459 2697 1505 autem
2731 1453 2845 1504 huic
2875 1451 3124 1518 audierit,
3153 1454 3330 1508 statim
3361 1454 3678 1524 virginitatis
3704 1471 3857 1509 anio~

2249 1553 2306 1593 re
2331 1541 2596 1608 capietur,
2643 1552 2850 1611 partum
2876 1545 3153 1599 mirabitur
3175 1587 3187 1609 ,
3217 1561 3245 1599 a
3272 1554 3410 1600 terra
3440 1549 3708 1618 migrabit.
3736 1548 3856 1604 Nec

2249 1646 2346 1701 pro
2375 1634 2583 1689 modico
2621 1635 2929 1690 habendum
2957 1646 3034 1690 est
3060 1678 3072 1700 ,
3107 1639 3149 1690 si
3183 1639 3264 1693 vel
3301 1640 3526 1707 carptim
3563 1639 3857 1708 obiterque

2252 1724 2444 1781 videris
2472 1726 2673 1794 Spiritu
2697 1739 2884 1783 saneto
2909 1729 3178 1798 dignatam
3201 1730 3491 1801 Virginem,
3521 1743 3575 1786 et
3595 1733 3855 1804 angelum

2253 1817 2419 1886 ipsam
2454 1819 2834 1887 alloquentem.
2879 1822 3002 1876 llaec
3044 1822 3219 1878 adhuc
3258 1825 3310 1877 in
3349 1824 3634 1893 superficie
3673 1835 3804 1883 sunt
3841 1844 3852 1880 :

2249 1909 2339 1962 sed
2367 1910 2410 1964 si
2442 1909 2552 1963 huic
2584 1912 2905 1979 speculando
2929 1929 3095 1984 usque
3118 1914 3168 1968 in
3198 1914 3360 1971 finem
3388 1931 3726 1987 perseveres,
3749 1934 3855 1973 sa:-

2247 2001 2448 2055 cularia
2469 2003 2649 2056 statim
2677 2003 2851 2057 omnia
2883 2019 3135 2075 respues,
3168 2015 3380 2062 terrena
3416 2010 3596 2062 omnia
3633 2009 3852 2065 deride-

2247 2093 2327 2147 bis
2359 2111 2370 2146 :
2403 2095 2447 2148 si
2473 2095 2622 2150 dives
2653 2096 2748 2162 sis,
2775 2097 2987 2152 divitias
3023 2099 3152 2152 nihil
3181 2113 3301 2154 esse
3327 2101 3511 2165 duces,
3544 2102 3630 2157 ubi
3659 2102 3854 2158 audies

2247 2184 2387 2238 illam
2420 2185 2552 2241 fabri
2591 2203 2811 2242 uxorem
2849 2189 2901 2243 in
2936 2189 3118 2244 humili
3140 2189 3337 2257 domo,
3374 2201 3594 2246 matrem
3633 2193 3851 2249 Domini

2247 2276 2438 2342 fuisse;
2464 2280 2504 2330 si
2536 2293 2736 2349 pauper
2757 2323 2771 2347 ,
2803 2280 2870 2336 de
2903 2292 3212 2351 paupertate
3241 2301 3345 2338 non
3369 2285 3658 2340 erubesees
3678 2329 3692 2351 ,
3722 2304 3852 2341 eum

2245 2367 2495 2424 didiceris
2522 2372 2828 2427 Creatorem
2853 2373 3036 2428 mundi
3062 2375 3371 2430 vilissimam
3396 2391 3576 2431 casam
3598 2394 3704 2431 non
3726 2394 3854 2433 eru-

2246 2458 2448 2515 buisse.
2482 2462 2605 2516 ll:ec
2631 2463 2671 2517 si
2700 2465 2902 2534 cogites
2921 2506 2936 2532 ,
2967 2481 3070 2520 non
3101 2468 3276 2537 rapies
3295 2510 3312 2534 ,
3345 2483 3448 2522 non
3476 2483 3670 2525 avarus
3701 2474 3812 2527 eris
3837 2515 3850 2536 ,

2249 2566 2354 2605 non
2380 2552 2430 2607 in
2458 2553 2626 2607 aliena
2659 2555 2939 2624 involabis;
2967 2558 3062 2613 sed
3086 2561 3262 2629 potius
3283 2564 3611 2633 paupertatis
3637 2577 3854 2621 amator

2247 2646 2372 2706 eris,
2404 2647 2720 2717 divitiasque
2743 2648 3009 2719 deSpicics
3041 2670 3054 2704 :
3080 2651 3203 2707 hinc
3230 2654 3366 2708 mala
3393 2656 3573 2709 omnia
3600 2658 3853 2711 elimina-

2245 2739 2346 2793 bis.
2385 2741 2586 2796 Rursus
2609 2758 2728 2796 cum
2755 2743 2951 2798 videris
2978 2743 3159 2800 Jcsum
3179 2745 3231 2801 in
3263 2749 3524 2818 praesepio
3544 2749 3850 2819 iacentem,

2246 2847 2350 2885 non
2385 2831 2520 2885 ultra
2561 2833 2774 2889 curabis
2806 2834 2916 2889 filio
2952 2843 3048 2890 tuo
3075 2846 3323 2892 ornatunt
3354 2854 3574 2894 aureum
3607 2841 3849 2896 circum-

2248 2939 2447 2992 ponere
2466 2965 2480 2989 ,
2508 2941 2610 2979 non
2641 2926 2834 2981 lectum
2863 2938 3084 2999 argento
3112 2929 3421 2986 decoratum
3452 2935 3600 2987 uxori
3631 2951 3850 3004 parare.

2245 3012 2338 3068 llis
2364 3015 2587 3084 abjectis
2613 3018 2777 3084 curis,
2803 3019 2911 3087 jam
2941 3035 3045 3074 non
3064 3022 3300 3077 avaritia:
3329 3024 3411 3078 vel
3442 3026 3641 3094 rapina:
3665 3029 3854 3084 stude-

2244 3103 2346 3160 bis.
2375 3105 2530 3160 Multa
2560 3108 2660 3160 alia
2699 3108 2822 3164 hinc
2868 3111 3012 3166 lucra
3059 3124 3384 3183 sequuntur,
3417 3131 3536 3186 qua:
3570 3135 3712 3174 nunc
3743 3137 3852 3174 non

2243 3215 2528 3270 possumus
2557 3204 2859 3273 singulatim
2895 3221 3220 3273 recensere;
3244 3209 3339 3264 sed
3364 3211 3534 3266 scient
3564 3213 3597 3267 ii
3630 3215 3722 3283 qui
3756 3232 3854 3270 ex-

2245 3293 2548 3362 perimento
2575 3296 2881 3354 didicerint.
2911 3301 3249 3369 Quapropter
3279 3318 3428 3374 rogo,
3458 3305 3624 3361 libros
3659 3306 3851 3375 hujus-

2243 3385 2386 3439 modi
2419 3386 2568 3440 vobis
2607 3390 2967 3458 comparctis,
3009 3391 3268 3446 librorum
3297 3408 3452 3449 sensa
3499 3399 3810 3465 percipiatis
3831 3443 3846 3466 ,

2243 3486 2402 3545 atque
2432 3477 2483 3531 in
2507 3480 2774 3535 mentibus
2804 3484 2997 3538 vestris
3024 3484 3359 3541 dcscribatis.
3387 3487 3555 3544 Judaei
3589 3506 3847 3564 namque,

2242 3568 2365 3637 quia
2396 3585 2498 3622 non
2531 3571 2767 3626 animum
2796 3573 3142 3642 adhibebant,
3166 3576 3301 3645 jussi
3332 3591 3456 3633 sunt
3489 3581 3653 3638 libros
3683 3587 3853 3641 maui-

2241 3660 2340 3715 bus
2372 3662 2680 3731 appendere
2706 3684 2717 3718 :
2745 3681 2840 3721 nos
2862 3678 3038 3722 autem
3072 3684 3175 3723 non
3203 3671 3253 3723 in
3277 3671 3545 3736 manibus,
3573 3675 3667 3730 sed
3697 3676 3851 3734 domi

2241 3751 2579 3822 deponimus,
2605 3771 2724 3810 cum
2754 3771 3025 3827 Oportcret
3056 3761 3107 3814 in
3136 3763 3298 3816 corde
3324 3779 3566 3821 exarare.
3588 3766 3677 3823 Sic
3698 3771 3851 3825 enim

2241 3845 2500 3901 abstersis
2545 3851 2668 3903 vit:e
2707 3852 2982 3917 sordibus,
3023 3853 3195 3909 futura
3237 3871 3629 3927 consequemur
3659 3861 3803 3916 bona
3837 3883 3849 3916 :

2242 3956 2361 4009 qu:e
2393 3943 2593 3995 utinam
2619 3944 3001 4012 adipiscamur,
3034 3948 3202 4018 gratia
3232 3958 3285 4003 et
3312 3951 3642 4020 benignitate
3672 3955 3852 4012 Domi-

2243 4033 2296 4086 ni
2327 4036 2492 4089 nostri
2539 4034 2664 4090 .lcsu
2706 4036 2904 4092 Christi
2939 4081 2951 4102 ,
2997 4056 3090 4108 per
3130 4056 3287 4114 quem
3325 4052 3376 4096 et
3414 4059 3670 4115 cumquo
3699 4047 3847 4104 Patri

2240 4125 2405 4195 gl.»ria
2433 4169 2446 4188 ,
2480 4128 2742 4197 simulque
2777 4130 2993 4196 Spiritui
3019 4142 3234 4197 sancto,
3269 4149 3410 4188 nunc
3440 4145 3490 4188 et
3519 4151 3764 4207 semper,
3793 4152 3852 4197 et

2244 4217 2296 4269 iu
2328 4219 2521 4271 smcula
2559 4221 2897 4274 smculoruni.
2935 4222 3124 4274 Amen.

550 4549 675 4604 Car.
694 4549 746 4602 8.
773 4564 823 4602 v.
848 4548 906 4602 5i
923 4586 935 4598 .
971 4544 1174 4600 Dicebat
1205 4559 1322 4613 ergo
1347 4541 1494 4596 Jesus
1516 4542 1581 4593 ad
1603 4559 1684 4600 eos
1704 4545 1788 4611 qui
1815 4545 2132 4600 crediderunt

621 4643 663 4693 ei
691 4640 899 4696 Judwos
929 4655 944 4692 :
977 4637 1033 4691 Si
1062 4653 1144 4689 vos
1173 4634 1453 4687 manseritis
1500 4634 1550 4684 in
1589 4649 1814 4686 sermone
1845 4651 1952 4688 meo
1974 4677 1986 4698 ,
2020 4653 2130 4690 vere

621 4735 856 4804 discipuli
900 4733 992 4784 mei
1019 4730 1155 4782 eritis
1177 4769 1190 4793 ,
1237 4727 1326 4781 5‘2.
1359 4736 1404 4779 et
1433 4728 1736 4795 cognoscetis
1767 4729 2022 4781 veritatem
2045 4772 2057 4794 ,
2083 4740 2127 4782 et

620 4829 798 4881 veritas
830 4822 1052 4876 liberabit
1084 4835 1190 4872 vos.

624 4923 674 4973 l.
719 4917 879 4970 Multa
908 4912 1059 4966 nobis
1087 4909 1336 4978 patientia
1379 4924 1510 4977 Opus
1540 4918 1644 4972 est,
1677 4908 1876 4962 dilecti.
1913 4910 2126 4964 Patien-

551 5017 619 5068 tia
646 5021 820 5065 autem
855 5019 979 5060 tunc
1008 5004 1319 5073 acquiritur,
1351 5017 1470 5054 cum
1497 5002 1744 5070 dogmata
1777 5002 1825 5053 in
1858 5003 2017 5055 corde
2044 5020 2128 5056 ra-

548 5107 696 5159 dices
718 5108 956 5171 egerunt.
983 5097 1049 5151 Ut
1071 5096 1209 5148 enim
1238 5109 1487 5162 quercum
1515 5094 1783 5160 profundis
1813 5095 2122 5149 instructam

551 5197 814 5252 radicibus
839 5193 1036 5262 qumvis
1067 5189 1207 5243 venti
1239 5187 1492 5240 violentia
1525 5201 1625 5237 non
1659 5187 1836 5239 evellit
1866 5207 1876 5238 :
1904 5189 1982 5242 sic
2012 5189 2126 5242 aui-

551 5306 688 5344 nuun
717 5285 896 5340 divino
922 5282 1179 5336 conﬁxam
1214 5282 1403 5332 timore
1430 5293 1587 5332 nemo
1615 5281 1808 5346 poterit
1837 5291 2081 5337 evertere
2108 5301 2120 5336 :

549 5382 710 5434 clavis
741 5377 882 5431 enim
913 5373 1130 5426 aflixum
1159 5386 1277 5423 esse
1305 5370 1533 5438 amplius
1579 5379 1658 5421 est
1680 5410 1691 5430 ,
1726 5387 1880 5437 quam
1915 5373 2121 5426 radica-

549 5486 657 5526 tunt
689 5486 821 5525 esse.
854 5468 907 5520 Id
938 5465 1247 5533 prettabatur
1289 5462 1538 5530 propheta
1562 5504 1574 5526 ,
1604 5461 1812 5532 Conﬁge
1840 5464 2016 5517 timore
2041 5476 2124 5519 tuo

548 5581 722 5618 carnes
753 5569 880 5612 tuens
912 5556 1075 5624 (Psul.
1121 5555 1234 5608 H8.
1269 5554 1410 5619 1‘20).
1440 5553 1527 5605 Sic
1554 5563 1604 5606 et
1629 5557 1903 5623 tuconlige
1929 5566 1982 5609 et
2005 5559 2122 5610 alli-

550 5676 611 5727 ga
632 5700 645 5719 ,
674 5655 820 5724 quasi
843 5655 995 5705 clavo
1019 5649 1178 5701 altius
1208 5648 1453 5715 impacto.
1482 5645 1548 5700 Ut
1570 5649 1708 5699 enim
1737 5649 1812 5701 sic
1841 5650 2012 5702 allecti
2040 5651 2122 5718 vix

553 5750 857 5818 capiantur,
892 5745 967 5797 sic
1012 5757 1162 5797 secus
1208 5739 1484 5808 compositi
1529 5749 1680 5810 captu
1730 5740 1945 5808 faciles,
1981 5743 2124 5798 nullo

2241 4554 2454 4621 negotio
2479 4554 2818 4622 dejiciuntur.
2844 4559 2993 4626 Quod
3022 4572 3143 4617 tunc
3171 4563 3342 4620 Judaei
3368 4569 3508 4637 passi
3529 4581 3676 4625 sunt.
3702 4573 3841 4629 Cum

2239 4647 2511 4702 audissent
2559 4651 2699 4702 enim
2744 4661 2796 4704 et
2837 4654 3191 4710 credidissent
3217 4699 3230 4722 ,
3265 4675 3451 4715 rursus
3477 4665 3648 4718 eversi
3685 4679 3836 4722 sunt.

2240 4738 2368 4791 Cum
2403 4755 2529 4809 ergo
2568 4742 2724 4797 tidem
2757 4745 2967 4800 illorum
2994 4748 3238 4804 Christus
3283 4752 3572 4810 ﬁrmiorem
3605 4759 3841 4817 reddere

2241 4830 2421 4895 vellet,
2454 4848 2520 4886 ne
2546 4833 2675 4886 ultra
2709 4834 2757 4887 in
2782 4837 2892 4890 sola
2917 4840 3200 4907 superficie
3228 4855 3468 4900 maneret
3493 4889 3505 4913 ,
3535 4849 3836 4906 vehemen-

2241 4922 2372 4973 tiore
2391 4937 2639 4981 sermone
2664 4926 2901 4981 animum
2923 4932 3159 5000 contigit.
3181 4932 3526 4993 Credentium
3547 4941 3690 4996 enim
3717 4957 3830 4999 erat

2240 5013 2683 5080 reprehensiones
2705 5020 2856 5074 facile
2880 5022 3108 5078 tolerare
3136 5041 3149 5077 :
3177 5027 3252 5080 illi
3282 5045 3408 5084 vero
3427 5035 3604 5088 statim
3640 5051 3811 5093 excan

2235 5101 2483 5157 duerunt.
2513 5105 2792 5172 Quomodo
2839 5110 2888 5163 id
2939 5114 3085 5181 agit?
3111 5115 3292 5171 Primo
3343 5120 3626 5178 hortatur:
3657 5128 3719 5182 Si
3746 5145 3831 5184 vos

2237 5197 2520 5247 manseritis
2551 5197 2603 5250 in
2630 5215 2862 5256 sermone
2894 5220 3000 5256 meo
3023 5246 3035 5268 ,
3070 5223 3179 5260 vere
3205 5209 3444 5281 discipuli
3471 5217 3568 5267 mei
3591 5220 3754 5285 eritis,
3785 5234 3834 5275 et

2235 5291 2415 5343 veritas
2442 5292 2666 5346 liberabit
2695 5311 2779 5350 ros
2797 5314 2815 5361 ;
2836 5312 2900 5352 ac
2921 5299 2964 5352 si
2984 5300 3220 5355 diceret:
3249 5305 3424 5360 Altam
3448 5308 3684 5364 facturus
3706 5329 3828 5367 sum

2235 5381 2565 5450 iueisiouem;
2595 5387 2688 5441 sed
2720 5403 2784 5442 nc
2811 5391 3172 5460 cxagitemini.
3208 5395 3319 5452 lino
3343 5413 3470 5453 vero
3502 5401 3584 5454 his
3613 5402 3827 5459 illorum

2233 5475 2538 5566 superbiam
2566 5482 2841 5548 repressit.
2870 5483 2910 5535 A
2939 5499 3066 5553 quo,
3091 5502 3294 5555 qtnrso,
3328 5490 3612 5549 liberabit?
3633 5499 3672 5550 Α
3703 5514 3825 5566 pec-

2234 5565 2388 5618 catis.
2420 5567 2550 5631 Quid
2585 5584 2712 5639 ergo
2754 5585 3067 5642 arrogantes
3108 5578 3224 5630 illi?
3254 5576 3352 5634 35.
3379 5583 3563 5638 Semen
3608 5565 3827 5645 Abraha-

2231 5673 2439 5720 sumus,
2467 5668 2510 5710 et
2559 5663 2745 5714 nemini
2789 5667 3079 5720 servirimus
3124 5686 3378 5739 umquam.
3424 5674 3613 5728 Statim
3643 5682 3825 5737 animo

2237 5747 2571 5821 deciderunt,
2608 5756 2726 5823 quia
2759 5759 2987 5811 terreni:-
3020 5760 3317 5816 inltiabaut.
3354 5765 3480 5818 Illud
3509 5810 3520 5822 .
3552 5769 3615 5822 Si
3649 5789 3834 5823 manse-
