4054 6486
432 516 490 575 in
508 528 745 574 sumne
766 526 905 579 aleo,
925 521 1012 569 est
1039 509 1329 567 indicantis
1357 508 1483 580 quid
1513 509 1568 563 in
1588 505 1754 562 corde
1774 518 1897 559 ver-

289 618 517 681 sarent,
540 617 598 668 et
621 607 849 668 scientia
877 607 1027 677 ipsos
1052 604 1349 662 credidisse
1374 601 1590 675 quidem
1612 642 1628 668 ,
1658 613 1767 655 non
1798 612 1898 653 au-

254 718 257 723 ‘
290 712 404 763 ιω
434 702 701 761 mansisse
725 702 783 758 in
813 699 943 757 ﬁde.
969 697 1039 754 Et
1085 711 1339 769 magnum
1368 693 1641 766 quidpiam
1672 690 1899 763 promit-

292 798 388 867 Iit,
433 796 582 869 ipsos
628 806 826 865 nempe
869 791 1164 863 discipulos
1208 789 1329 859 ejus
1380 778 1520 843 fore.
1572 786 1706 841 Cum
1753 783 1899 841 enim

291 888 540 946 nonnulli
569 903 739 959 nuper
762 885 1117 945 recessissem
1134 924 1149 949 ,
1185 883 1332 954 ipsos
1354 878 1709 937 subindicaus
1734 878 1897 943 dicit,

292 979 358 1037 Si
388 980 677 1036 metueritis
703 994 722 1031 :
751 991 875 1032 nam
903 975 976 1031 illi
1000 974 1305 1040 audierant,
1333 970 1697 1038 crediderant,
1737 975 1793 1023 et
1821 984 1901 1025 re-

292 1080 595 1137 cesserant,
609 1069 861 1141 quoniam
880 1082 986 1124 non
1009 1074 1342 1122 manserant.
1362 1063 1518 1119 Multi
1533 1062 1668 1117 enim
1683 1061 1902 1132 discipw

294 1164 467 1219 lorum
492 1163 605 1234 ejus
634 1162 868 1215 abierunt
892 1168 1048 1224 retro,
1079 1170 1125 1212 et
1144 1158 1262 1227 jam
1290 1172 1393 1211 non
1419 1172 1536 1210 cum
1557 1154 1649 1209 illo
1675 1152 1850 1224 palam
1880 1152 1898 1185 ί

293 1255 627 1310 ambulabant
659 1252 839 1327 (lana.
868 1251 923 1307 6.
969 1250 1084 1320 67).
1117 1249 1441 1321 Cognoscetis
1470 1248 1770 1314 veritatem;
1796 1245 1902 1303 hoc

292 1356 371 1401 cSl
395 1387 411 1410 ,
438 1361 554 1411 me;
580 1360 701 1400 nam
732 1341 844 1413 Ego
869 1359 981 1397 sum
1000 1342 1204 1395 ueritas.
1231 1339 1452 1395 Judaica
1475 1338 1693 1410 quidem
1717 1338 1899 1392 omnia

294 1445 455 1506 typus
473 1445 661 1498 erant;
692 1434 971 1490 veritatem
1003 1442 1183 1487 autem
1213 1446 1242 1485 a
1272 1446 1357 1485 me
1378 1430 1627 1494 discetis,
1656 1444 1777 1499 qua}
1803 1444 1899 1484 vos

292 1544 320 1579 a
350 1528 587 1597 peccatis
632 1526 901 1581 liberabit.
931 1522 1395 1592 Quemadmodum
1445 1522 1590 1577 enim
1624 1522 1728 1576 illis
1754 1522 1903 1576 dice-

292 1617 405 1685 bat,
432 1617 497 1672 In
523 1618 741 1690 peccatis
765 1617 944 1671 vestris
973 1615 1296 1680 moriemini;
1323 1615 1400 1671 sic
1426 1624 1483 1671 et
1513 1614 1599 1669 bis
1626 1612 1784 1679 dixit,
1810 1613 1901 1667 Li-

292 1711 485 1765 berabit
514 1727 622 1766 vos.

365 1801 601 1857 Servitus
628 1799 1035 1871 peccati—Non
1057 1799 1226 1867 dixit,
1252 1799 1520 1856 Liberabo
1547 1814 1643 1855 vos
1672 1814 1701 1853 a
1728 1799 1901 1855 servi-

293 1901 437 1953 tute.
469 1891 567 1947 sed
602 1891 709 1947 hoc‘
730 1891 841 1946 illis
872 1891 1278 1962 intelligendum
1312 1890 1553 1961 reliquit.
1599 1889 1738 1957 Quid
1769 1904 1900 1961 ergo

293 1984 405 2039 illi?
436 1983 622 2039 Semen
652 1983 872 2038 Abrahae
913 1999 1125 2051 sumus,
1168 1991 1213 2037 et
1253 1983 1440 2037 nemini
1467 1982 1763 2037 seruiuimus
1794 1998 1901 2035 unt-

289 2092 466 2145 quam.
495 2074 656 2146 Atqui
684 2077 730 2130 si
762 2074 1146 2146 indignandum
1175 2074 1393 2139 fuisset,
1427 2074 1497 2130 de
1528 2074 1689 2145 priori
1716 2074 1899 2144 utique

289 2174 643 2235 oportuerat,
674 2181 797 2222 cum
825 2165 997 2233 dixit,
1042 2163 1368 2238 Cognoscctis
1396 2165 1658 2220 veritatem
1684 2208 1699 2232 ,
1727 2175 1783 2220 et
1815 2165 1899 2220 di-

289 2258 521 2315 cendum
547 2269 699 2314 erat:
730 2259 868 2328 Quid
899 2260 1067 2331 ergo?
1098 2275 1169 2315 an
1213 2260 1492 2315 veritatem
1543 2260 1900 2331 ignoramus?

290 2350 373 2406 lex
405 2359 619 2420 ergoet
662 2352 869 2406 notitire
920 2361 1118 2407 nostrae
1162 2352 1440 2408 mendacia
1492 2354 1650 2409 sunt?
1698 2352 1895 2408 Verum

292 2442 407 2497 haec
436 2458 544 2497 non
570 2442 853 2510 curabant,
885 2443 982 2499 sed
1008 2443 1076 2499 de
1098 2444 1333 2500 terrenis
1362 2452 1573 2500 tantum
1606 2444 1767 2500 rebus
1799 2444 1896 2499 do-

290 2536 471 2590 lebant
494 2576 508 2601 ,
540 2545 597 2591 et
627 2534 744 2591 [nec
774 2536 1087 2592 servitutem
1115 2551 1240 2594 esse
1284 2536 1723 2607 suspicabantur.
1758 2536 1896 2593 Sunt

287 2628 431 2681 enim
457 2668 473 2690 ,
497 2636 625 2681 sunt
652 2627 835 2697 utique
863 2643 1004 2683 nunc
1028 2628 1191 2683 etiam
1220 2627 1374 2682 multi
1400 2626 1493 2697 qui
1524 2627 1592 2682 de
1615 2627 1778 2684 rebus
1805 2629 1891 2684 in-

287 2718 662 2775 differentibus
686 2728 742 2774 et
768 2719 835 2775 de
860 2718 961 2774 hac
987 2720 1250 2775 servitute
1288 2718 1648 2783 erubescant;
1675 2720 1891 2775 descr-

288 2812 458 2868 vitute
486 2812 695 2882 peccati
728 2827 835 2865 non
864 2811 1030 2867 item:
1063 2826 1128 2866 ac
1158 2811 1385 2867 mallent
1416 2810 1616 2866 millies
1648 2810 1734 2865 illa
1767 2826 1889 2866 ser-

290 2904 455 2959 vitute
481 2904 624 2960 servi
649 2903 825 2959 vocari
844 2945 858 2967 ,
884 2919 1043 2974 quam
1069 2905 1170 2960 hac
1189 2903 1386 2961 semel.
1408 2902 1566 2960 Tales
1598 2904 1674 2959 illi
1691 2913 1886 2972 erant,

289 3010 465 3066 neque
486 2994 646 3050 altam
672 3004 931 3049 noverant
957 2997 1309 3063 servitutem;
1333 2996 1627 3068 dicuntque
1651 3014 1665 3051 :
1692 2996 1895 3054 Servos

286 3088 487 3142 vocasti
506 3101 608 3166 eos
628 3088 719 3159 qui
745 3102 807 3143 es
832 3082 1031 3159 genere
1059 3088 1290 3145 Abrahae
1316 3096 1442 3143 sunt
1462 3130 1476 3155 ,
1503 3089 1714 3145 nobiles
1744 3089 1893 3145 illos?

285 3195 418 3249 quos
435 3179 562 3235 ideo
577 3195 683 3243 non
702 3180 982 3250 oportebat
1001 3196 1188 3237 servos
1214 3196 1431 3237 vocare.
1457 3179 1776 3253 Numquam,
1805 3184 1888 3237 in-

288 3272 503 3341 quiunt,
534 3272 846 3327 seruiuimus.
876 3271 1021 3331 Talis
1044 3272 1354 3328 Judmorum
1377 3272 1546 3329 fastus
1573 3283 1676 3330 est.
1707 3275 1891 3331 Semen

289 3362 511 3416 libra/ue
532 3380 743 3430 smnus,
774 3361 1025 3419 Israelita:
1069 3382 1266 3421 smnus.
1306 3364 1583 3436 Nusquam
1614 3376 1763 3437 gesta
1795 3381 1889 3422 sua

285 3464 735 3510 commemoan
770 3456 894 3510 Ideo
920 3455 972 3509 in
1006 3472 1100 3512 eos
1128 3457 1396 3512 clamabat
1422 3456 1681 3523 Joannes,
1713 3458 1893 3514 Nolite

286 3548 477 3611 dicere,
516 3544 728 3601 Patrem
774 3548 1016 3601 habemus
1044 3548 1304 3603 Abraham
1329 3550 1347 3619 (
1375 3548 1564 3604 Matth.
1594 3552 1649 3606 5.
1679 3551 1760 3613 9).
1785 3551 1895 3607 Cur

288 3652 612 3693 autemnon
659 3641 902 3710 coarguit
948 3641 1070 3696 illos
1094 3641 1387 3697 Christus?
1434 3642 1701 3713 siquidem
1747 3658 1891 3715 smpe

288 3732 598 3787 servierunt
644 3730 947 3803 Egyptiis,
1006 3733 1355 3804 Babyloniis,
1410 3734 1638 3805 aliisque
1683 3736 1891 3793 multis.

286 3822 423 3889 Quia
454 3837 562 3875 non
594 3822 659 3876 ad
690 3823 1116 3891 contentionem,
1145 3825 1241 3879 sed
1272 3824 1338 3879 ad
1380 3827 1607 3881 salutem
1639 3826 1894 3897 loquutus

290 3911 464 3967 fuemt
485 3954 498 3975 ,
531 3920 586 3968 ct
623 3911 689 3967 ad
717 3912 975 3969 benelicia
1007 3915 1311 3983 prmstanda
1335 3957 1350 3981 ,
1384 3915 1434 3970 id
1469 3916 1545 3970 illi
1575 3932 1721 3971 cura:
1750 3927 1891 3974 erat.

291 4007 566 4063 Potuissct
597 4007 741 4061 enim
772 4006 1290 4078 quadringentorum
1342 4024 1609 4064 annorum
1654 4013 1893 4066 servitu-

289 4109 397 4154 tem
438 4096 670 4163 afferre,
703 4098 829 4154 hinc
847 4099 1185 4170 septuaginta
1232 4114 1533 4167 annorum;
1559 4112 1613 4156 et
1643 4118 1764 4171 qua:
1795 4103 1895 4160 sub

284 4186 579 4258 iudicibus,
608 4188 770 4243 modo
791 4189 972 4261 viginti
993 4231 1009 4257 ,
1036 4189 1199 4247 modo
1220 4189 1473 4259 duorum,
1498 4194 1661 4248 modo
1684 4205 1894 4264 septem

286 4298 585 4337 annorum:
620 4284 879 4354 potuisset
903 4283 1082 4340 dicere
1109 4285 1259 4356 ipsos
1306 4301 1598 4358 numquam
1626 4289 1893 4343 serviendi

290 4378 451 4428 tinem
477 4373 687 4429 fecisse.
716 4373 910 4429 Verum
935 4389 1031 4431 eos
1059 4390 1163 4432 non
1194 4377 1469 4433 hominum
1496 4393 1684 4434 servos
1709 4388 1895 4435 osten-

288 4468 422 4521 dere
446 4466 647 4533 voluit,
674 4467 768 4521 sed
793 4469 1031 4547 peccati;
1053 4484 1172 4540 qua?
1199 4472 1432 4526 servitus
1455 4482 1535 4526 est
1555 4473 1895 4543 gravissima,

288 4572 318 4610 a
336 4572 441 4628 qua
460 4558 607 4613 solus
626 4559 767 4614 Deus
791 4558 1020 4615 liberare
1041 4570 1236 4631 potest.
1268 4562 1581 4619 Dimittendi
1602 4566 1747 4621 enim
1771 4581 1896 4636 pec-

288 4660 406 4703 cata
456 4659 778 4719 potestatem
832 4667 992 4706 nemo
1041 4652 1205 4708 habet
1257 4654 1358 4709 nisi
1408 4655 1590 4711 Deus:
1626 4656 1785 4728 idque
1820 4658 1895 4712 illi

288 4741 708 4795 conﬁtebantur.
736 4740 969 4813 Ideoque
988 4742 1055 4797 ad
1080 4743 1184 4799 hoc
1211 4745 1333 4800 illos
1353 4746 1554 4801 inducit
1574 4746 1658 4803 his
1678 4749 1857 4805 verbis
1879 4769 1894 4805 :

290 4831 379 4887 δι.
413 4829 594 4887 Omnis
612 4834 698 4904 qui
717 4835 839 4906 facit
861 4844 1142 4905 peccatum,
1171 4853 1343 4892 servus
1368 4849 1439 4893 est
1462 4841 1687 4908 peccati;
1714 4850 1896 4897 osten-

290 4924 425 4979 dens
458 4938 519 4979 se
562 4924 706 4995 loqui
738 4924 806 4981 de
851 4926 1097 4982 libertate
1141 4928 1211 4983 ab
1255 4927 1561 4998 huiusmodi
1612 4935 1894 4989 servitute.

291 5017 381 5071 33.
416 5017 608 5072 Servus
652 5027 821 5072 autem
870 5035 971 5073 non
1016 5030 1186 5075 ntanet
1233 5022 1287 5075 in
1331 5023 1483 5078 domo
1508 5042 1527 5089 ;
1556 5026 1699 5092 ﬁlius
1726 5038 1897 5082 autent

290 5119 459 5163 manet
486 5109 541 5163 in
578 5104 844 5164 teternum.
876 5109 1088 5167 Sensim
1119 5110 1243 5167 hinc
1275 5112 1447 5185 legem
1475 5114 1691 5185 dejinit,
1717 5118 1894 5187 priora

293 5211 535 5269 tempora
569 5199 938 5257 subindicans.
969 5200 1050 5257 Ne
1076 5203 1220 5258 enim
1246 5219 1313 5259 eo
1338 5216 1680 5261 recurrerent
1705 5207 1895 5264 dicen-

292 5302 409 5345 tes:
446 5288 720 5346 Sacrilicia
770 5292 1031 5348 habemus
1060 5310 1181 5365 quae
1224 5295 1436 5367 Moyses
1474 5299 1764 5369 pra'eepit,
1808 5301 1895 5355 illa

292 5396 388 5436 nos
415 5396 607 5436 eruere
626 5392 907 5452 poterunt,
934 5383 1055 5440 ideo
1076 5384 1191 5440 brcc
1223 5384 1422 5441 intulit.
1453 5389 1702 5459 Alioquin
1733 5407 1895 5462 quam

294 5474 407 5528 lucc
433 5476 882 5545 consequentiam
913 5476 1222 5534 haberent?
1256 5477 1444 5534 Omnes
1488 5482 1624 5535 enim
1652 5498 1895 5553 peccave-

292 5577 430 5625 runt.
464 5576 512 5621 et
537 5579 684 5639 egent
709 5569 881 5640 gloria
913 5568 1025 5637 Dei,
1067 5571 1343 5643 justi/icati
1370 5573 1530 5644 gratis
1570 5591 1659 5644 per
1678 5576 1897 5646 gratiam

294 5656 432 5711 illius
446 5658 469 5689 ⁹
486 5656 667 5723 (Rom.
685 5660 739 5716 5.
758 5660 847 5716 25.
872 5658 989 5732 24),
1008 5662 1279 5733 etiamque
1301 5663 1398 5733 ipsi
1420 5665 1749 5721 sacerdotes.
1770 5665 1897 5724 Ideo

356 5797 380 5861 ξ
410 5793 539 5846 Vox.
566 5794 744 5855 palma,
782 5797 832 5861 in
856 5797 1146 5861 quilmsdam
1169 5804 1277 5849 Mss.
1312 5798 1475 5850 deest.

362 5856 383 5886 ⁸
416 5866 545 5923 meo,
568 5869 630 5924 pe
672 5856 887 5925 gratiam
911 5859 1060 5923 illius,
1084 5861 1262 5911 desunt
1292 5864 1340 5911 iu
1364 5863 1671 5928 quibusdam.

1337 395 1399 451 IN
1439 392 1750 451 JOANNENI
1796 389 2022 447 ll0.\lll..
2071 389 2203 444 LIV.
2245 391 2317 446 al.
2359 391 2494 447 ιλιι.

3504 399 3617 457 203

2011 502 2204 558 Paulus
2223 490 2291 558 de
2307 504 2589 560 sacerdote
2604 505 2700 571 ait,
2725 505 2878 561 Debet
2900 505 3085 575 o/I‘erre
3106 525 3198 576 pro
3215 510 3384 583 seipse
3403 553 3417 575 ,
3442 523 3497 566 ut
3522 530 3615 579 pro

2006 594 2198 666 populo
2221 636 2238 662 ,
2298 597 2543 665 quoniam
2607 597 2717 668 ipse
2778 599 3123 654 circumdatus
3184 612 3259 656 est
3318 602 3618 673 inﬁrmitate

2008 687 2026 756 (
2052 685 2210 743 Hebr.
2236 688 2292 746 5.
2316 689 2370 744 5.
2398 698 2444 744 et
2478 688 2550 762 2)
2572 707 2587 756 ς
2612 698 2668 746 et
2700 690 2800 746 hoc
2825 691 3096 762 signiﬁcat
3124 693 3355 749 dicendo
3383 711 3397 748 :
3427 694 3619 753 Servus

2006 796 2109 834 non
2153 790 2322 835 manet
2363 784 2416 835 in
2458 782 2630 837 domo.
2664 781 2765 839 llic
2802 791 2984 839 autem
3006 792 3063 839 et
3084 799 3272 857 parem
3303 802 3425 843 cum
3456 787 3618 845 Patre

2008 872 2307 940 honorem,
2343 884 2400 930 ct
2443 874 2638 931 servia
2683 876 2854 933 libero
2891 875 3250 932 differentiam
3300 880 3566 951 significat
3598 898 3614 935 :

2008 981 2132 1021 nam
2162 965 2267 1022 hoc
2295 966 2395 1021 sibi
2428 966 2542 1022 vult
2576 968 2868 1037 parabola;
2898 967 2949 1023 id
2976 978 3096 1035 est,
3131 968 3246 1024 Non
3272 969 3433 1027 habet
3464 982 3617 1042 pote-

2006 1064 2200 1113 statem
2219 1073 2450 1124 servus;
2481 1059 2625 1129 quod
2651 1059 2920 1116 indicatur
2942 1076 3040 1131 per
3080 1060 3241 1127 illud,
3269 1060 3390 1117 Non
3422 1074 3615 1119 umnet.

2076 1149 2135 1204 2.
2198 1149 2307 1206 Cur
2334 1158 2515 1207 autem
2542 1165 2665 1206 cum
2711 1151 2778 1206 de
2814 1151 3055 1227 peccatis
3078 1167 3385 1209 sermonem
3417 1154 3615 1221 habet,

2006 1239 2225 1294 domum
2260 1242 2621 1296 memoravit?
2644 1241 2713 1297 lit
2740 1234 3051 1298 ostenderet
3080 1244 3219 1299 sicut
3242 1244 3295 1299 in
3325 1244 3489 1301 domo
3518 1248 3617 1303 ha-

2008 1333 2100 1386 bet
2131 1331 2296 1386 herus
2318 1372 2334 1398 ,
2366 1333 2445 1387 sic
2469 1347 2529 1387 se
2560 1333 2615 1387 in
2643 1332 3199 1404 omnia’potestatem'
3224 1334 3444 1393 habere.
3479 1337 3615 1394 Illud

2007 1438 2156 1491 vero,
2184 1421 2305 1479 Non
2327 1435 2518 1493 mmet,
2543 1422 2596 1481 id
2620 1435 2702 1481 est
2723 1469 2738 1492 ,
2771 1443 2875 1481 non
2907 1424 3067 1482 habet
3096 1428 3354 1499 largiendi
3382 1442 3620 1500 potesta-

2009 1523 2140 1582 tem,
2172 1516 2315 1586 quod
2350 1532 2456 1571 non
2504 1518 2574 1572 sit
2615 1517 2813 1583 herus;
2850 1519 2991 1581 filius
3022 1536 3185 1591 porro
3217 1521 3380 1579 herus
3410 1535 3492 1579 est
3518 1543 3531 1578 :
3563 1526 3614 1581 id

2007 1606 2153 1661 enim
2185 1607 2454 1678 significat
2487 1607 2621 1664 illud
2645 1650 2661 1675 ,
2696 1608 2876 1664 Manet
2916 1612 2969 1665 in
2996 1611 3245 1667 uetulum
3269 1654 3285 1679 ,
3318 1616 3617 1672 secundum

2008 1697 2363 1754 humanarum
2394 1716 2576 1773 rerum
2622 1702 2994 1773 metaphoram
3023 1720 3035 1756 :
3064 1720 3129 1759 nc
3155 1704 3359 1773 dicant,
3388 1708 3467 1763 Tu
3497 1710 3619 1781 quis

2006 1790 2109 1845 cs?
2140 1788 2253 1845 Mea
2281 1799 2409 1845 sunt
2433 1793 2636 1858 omnia;
2670 1792 2835 1847 Filius
2860 1795 3192 1875 eninnwsumq
3223 1805 3277 1852 et
3309 1799 3360 1853 in
3394 1809 3616 1871 paterna

2005 1882 2169 1937 domo
2210 1898 2404 1938 maneo
2444 1882 2709 1939 :domum
2747 1896 2903 1942 vocat
2934 1880 3278 1957 potestatem.
3326 1891 3459 1948 Nam
3488 1895 3615 1951 alibi

2005 1988 2220 2043 quoque
2258 1973 2478 2030 domum
2526 1976 2701 2031 Patris
2731 1987 2885 2032 vocat
2932 1979 3289 2051 principatum
3326 1998 3339 2035 :
3373 1981 3440 2038 In
3465 1985 3619 2042 domo

2010 2064 2183 2120 Patris
2211 2067 2307 2120 mei
2336 2069 2624 2123 mansiones
2669 2069 2844 2124 multa
2872 2081 2993 2125 sunt
3026 2070 3207 2143 (Joan.
3245 2064 3332 2129 η.
3369 2075 3450 2148 2).
3480 2076 3613 2133 Nam

2005 2173 2128 2214 cum
2160 2158 2230 2214 de.
2258 2160 2506 2217 libertate
2532 2170 2587 2217 et
2629 2161 2698 2217 de
2736 2164 2998 2217 servitute
3030 2164 3101 2220 sit
3130 2180 3332 2233 sermo,
3358 2168 3482 2239 jure
3512 2170 3616 2226 hac

2006 2266 2135 2307 usus
2164 2260 2247 2306 est
2275 2252 2614 2323 metaphora,
2644 2252 2836 2309 dicens
2861 2254 2983 2309 illos
3015 2272 3120 2311 non
3149 2255 3401 2315 habuisse
3431 2260 3617 2316 dimit‘

2006 2342 2148 2397 tendi
2190 2352 2529 2414 potestatem.
2568 2344 2660 2400 56.
2696 2345 2760 2400 Si
2798 2362 2916 2418 ergo
2959 2345 3127 2403 Filius
3168 2365 3253 2403 vos
3306 2350 3614 2409 liberat-erit.

2006 2432 2194 2487 Videu’
2219 2450 2340 2489 cum
2372 2434 2513 2490 Patri
2544 2451 2667 2492 esse
2691 2438 3230 2505 consubstantialem,
3258 2451 3313 2497 et
3337 2446 3613 2515 quomodo

2003 2526 2255 2581 ostendat
2282 2543 2341 2582 se
2370 2544 2555 2598 parem
2584 2529 2787 2587 habere
2830 2535 3193 2602 potestatem?
3224 2535 3287 2591 Si
3326 2553 3411 2592 vos
3442 2537 3615 2594 Filius

2004 2617 2493 2683 liberaret-inuenio
2512 2622 2848 2679 coutradicet
2871 2625 3126 2695 amplius,
3154 2627 3252 2684 sed
3278 2629 3485 2686 firmam
3522 2632 3616 2687 ha-

2005 2713 2199 2769 bebitis
2233 2714 2557 2771 libertatem.
2579 2714 2713 2772 Nam
2739 2716 2877 2773 Deus
2904 2729 2976 2773 est
3000 2720 3376 2791 qttijnsti/ical,
3401 2726 3514 2794 quis
3539 2736 3614 2781 est

2000 2808 2088 2875 qui
2134 2808 2471 2862 condemnet?
2505 2809 2601 2863 llic
2649 2824 2679 2864 a
2720 2820 2943 2880 peccato
2987 2825 3048 2867 se
3093 2829 3285 2884 purum
3335 2817 3615 2886 ostendit,

2002 2900 2257 2970 illamque
2288 2900 2700 2972 significatqua:
2729 2905 2947 2958 nomine
2979 2914 3138 2961 tenus
3168 2915 3253 2961 est
3282 2907 3610 2972 libertatem,

2001 3007 2161 3060 quam
2193 2990 2324 3045 dant
2367 2992 2614 3047 homines
2645 3011 2657 3047 :
2689 2993 2833 3049 illam
2883 3009 3010 3049 vero
3040 2995 3233 3060 aliam,
3266 2998 3413 3052 solus
3447 2998 3611 3058 Deus.

2012 3083 2147 3137 llinc
2179 3083 2284 3137 illis
2311 3082 2501 3138 suadet
2530 3098 2597 3140 ne
2627 3096 2846 3153 propter
2875 3084 3015 3141 hanc
3059 3090 3377 3144 servitutem
3410 3092 3611 3148 erube-

2002 3183 2155 3229 seaut
2177 3216 2191 3240 ,
2222 3176 2317 3230 sed
2351 3186 2573 3247 propter
2617 3177 2819 3247 peccati
2852 3180 3188 3233 servitutem.
3223 3179 3291 3235 Et
3315 3183 3610 3239 ostendere

2001 3270 2187 3323 volens
2218 3271 2361 3338 ipsos
2382 3310 2395 3333 ,
2426 3270 2526 3324 etsi
2556 3270 2699 3325 servi
2734 3286 2840 3325 non
2869 3272 2976 3325 sint
2999 3311 3015 3335 ,
3042 3272 3167 3342 quia
3194 3272 3338 3329 illam
3385 3291 3610 3348 respue-

1966 3356 2127 3413 'runt
2176 3361 2527 3424 servitutem,
2578 3361 2750 3431 magis
2791 3369 2971 3417 tamen
3022 3377 3212 3419 servos
3257 3367 3426 3422 factos
3457 3384 3611 3436 esse,

2000 3452 2182 3505 statim
2227 3452 2438 3518 intulit,
2500 3451 2624 3506 l’ere
2668 3452 2815 3506 liberi
2858 3453 3038 3517 eritis;
3088 3454 3323 3526 indeque
3374 3458 3616 3516 declarat

2002 3542 2142 3598 banc
2172 3559 2277 3597 non
2306 3559 2427 3598 esse
2454 3559 2635 3598 veram
2681 3545 3001 3601 libertatem.
3040 3547 3241 3603 Deinde
3272 3566 3340 3605 ne
3369 3550 3613 3609 dicerent

2000 3649 2060 3691 se
2106 3644 2385 3706 peccatum
2431 3653 2538 3691 non
2593 3637 2986 3707 babere(nam
3027 3640 3290 3697 credibile
3334 3655 3452 3698 erat
3503 3645 3611 3699 hoc

2001 3743 2125 3783 esse
2154 3728 2395 3784 dicturos
2422 3728 2442 3799 )
2468 3768 2483 3795 ,
2510 3727 2633 3783 vide
2659 3730 2930 3798 quomodo
2962 3731 3081 3786 illos
3112 3743 3351 3789 accuset.
3383 3735 3616 3791 Omissis

2001 3818 2214 3875 cancris
2261 3820 2314 3874 in
2361 3821 2579 3875 illormn
2626 3822 2735 3875 vita
2783 3823 3177 3892 reprobandis,
3232 3823 3335 3881 hoc
3365 3827 3612 3894 facinus,

2002 3910 2143 3980 quod
2182 3912 2292 3980 jam
2342 3911 2653 3981 agitabant,
2698 3912 2750 3965 in
2797 3912 3035 3967 medium
3086 3914 3341 3971 adducit:
3372 3918 3459 3971 57.
3492 3918 3616 3973 Scio

2001 4004 2121 4073 quia
2166 4020 2334 4059 semen
2376 4004 2595 4058 Abralae
2620 4006 2737 4059 estis
2758 4047 2773 4071 ,
2806 4007 2895 4060 sed
2920 4009 3146 4073 (μείω-ἰήιε
3185 4027 3265 4064 me
3307 4011 3613 4081 inter/icere.

2002 4095 2213 4151 Sensim
2247 4096 2394 4165 ejirit
2425 4093 2544 4149 illos
2568 4096 2636 4149 ab
2665 4097 2898 4152 Abrahzu
2918 4102 3241 4169 cognatione
3270 4103 3379 4167 illa,
3410 4104 3613 4160 docens

2005 4204 2072 4243 ne
2112 4189 2280 4242 altmu
2315 4189 2403 4242 illa
2430 4188 2499 4243 de
2527 4204 2585 4243 re
2632 4200 2909 4260 saperent.
2954 4192 3105 4246 Sicut
3135 4194 3278 4248 enim
3312 4197 3530 4252 libertas
3560 4207 3617 4253 et

2003 4281 2239 4335 servitus
2269 4280 2336 4333 ab
2366 4280 2620 4351 operibus
2667 4282 2938 4351 pendent,
2992 4284 3062 4337 ita
3094 4294 3148 4339 et
3193 4290 3467 4357 cognatio.
3503 4290 3615 4345 Nec

2003 4373 2183 4426 statim
2210 4372 2385 4439 dixit,
2436 4372 2550 4428 Non
2574 4375 2704 4429 estis
2733 4374 2825 4429 filii
2869 4377 3102 4432 Abraha:
3149 4378 3292 4435 illius
3316 4382 3482 4451 justi,
3517 4401 3617 4442 vos

2005 4463 2327 4530 homicidae;
2372 4464 2466 4519 sed
2513 4480 2636 4520 cum
2680 4467 2784 4521 illis
2827 4467 3005 4523 adhuc
3044 4482 3307 4526 consonat
3338 4473 3614 4545 dicitque,

2006 4556 2130 4612 Srio
2158 4559 2280 4628 quia
2328 4574 2499 4613 semen
2547 4559 2768 4613 Abrahae
2812 4562 2953 4624 estis;
3004 4578 3191 4619 verum
3246 4581 3350 4621 non
3385 4568 3487 4624 hoc
3532 4582 3617 4627 est

2003 4650 2147 4718 quod
2175 4651 2436 4720 qumritur
2466 4668 2479 4703 :
2510 4660 2565 4705 ct
2607 4652 2719 4721 jam
2764 4654 3012 4723 asperius
3058 4655 3109 4709 in
3152 4656 3275 4712 illos
3317 4658 3611 4717 invehitur.

2006 4742 2219 4797 Etenim
2253 4752 2310 4797 ut
2352 4745 2641 4812 plurinmm
2684 4745 3085 4802 observandum
3130 4759 3252 4813 est,
3286 4754 3459 4822 ipsum
3491 4769 3617 4811 cum

2006 4852 2260 4905 magnum
2292 4836 2566 4907 quidpiam
2595 4847 2677 4893 est
2706 4850 3048 4908 operatnrus,
3082 4852 3366 4915 postquam
3395 4847 3444 4901 id
3477 4848 3624 4905 fece-

2004 4926 2094 4991 rit,
2120 4928 2327 4995 majore
2359 4929 2431 4982 uti
2462 4930 2712 4999 loquendi
2743 4930 2958 4997 fiducia,
2984 4944 3167 5003 utpote
3190 4951 3312 4992 cum
3342 4939 3454 5009 ipsa
3485 4959 3606 5011 epe-

2005 5034 2063 5073 ra
2096 5021 2463 5076 contentiosos
2492 5023 2810 5092 reprimant.
2831 5024 2944 5089 Sed
2960 5028 3187 5096 qttteritis
3209 5047 3287 5084 me
3308 5032 3615 5102 interﬁcere.

2005 5113 2165 5183 Quid,
2194 5115 2237 5169 si
2262 5116 2444 5183 juste?
2477 5116 2547 5171 At
2572 5132 2679 5171 non
2707 5116 2785 5172 sic
2823 5132 2883 5174 se
2915 5134 3002 5174 res
3033 5120 3193 5177 habet
3231 5140 3248 5179 :
3288 5139 3620 5197 quaprOpter

2004 5221 2223 5261 causam
2256 5207 2347 5261 ille
2373 5208 2549 5272 aliert,
2581 5209 2705 5278 quia
2748 5208 2933 5265 Sermo
2978 5229 3118 5267 meus
3146 5231 3248 5269 non
3275 5218 3413 5284 capit
3442 5220 3494 5272 in
3525 5236 3613 5275 vo«

2005 5298 2109 5375 bis.
2129 5300 2413 5368 Quomodo
2442 5316 2573 5373 ergo
2598 5303 2673 5357 ait
2704 5302 2759 5357 in
2811 5303 2987 5373 ipsum
3025 5306 3363 5363 credidisse?
3390 5309 3614 5378 Verum,

2005 5403 2062 5449 ut
2089 5393 2236 5461 dixi,
2281 5395 2474 5450 iterum
2505 5397 2696 5451 mutati
2743 5396 2975 5451 fuerant.
3024 5398 3531 5459 ldeo‘vehementcr
3560 5407 3611 5459 in

2006 5487 2129 5542 illos
2160 5486 2451 5543 invehitur.
2483 5487 2612 5545 Nam
2640 5488 2683 5543 si
2720 5488 2790 5543 de
2816 5491 3136 5560 cognatione
3160 5492 3248 5546 illa
3273 5493 3611 5563 gloriamini,

2006 5592 2062 5636 ut
2091 5582 2197 5637 vita
2225 5592 2490 5638 consonet
2515 5591 2749 5653 oportet.
2781 5582 2890 5639 Nec
2917 5585 3073 5649 divit,
3106 5584 3223 5640 Non
3250 5588 3445 5655 capitis
3475 5603 3615 5643 ver-

2007 5675 2160 5738 bum;
2201 5673 2318 5737 sed,
2353 5674 2535 5730 Sermo
2559 5692 2699 5729 meus
2731 5692 2833 5729 non
2864 5678 2999 5745 capit
3027 5677 3079 5730 in
3108 5678 3269 5744 vobis,
3298 5676 3612 5748 dogmatunt

2004 5780 2224 5820 suorum
2264 5764 2649 5822 sublimitatem
2691 5767 2992 5823 declarans.
3031 5768 3191 5838 Atqui
3236 5782 3341 5823 non
3384 5770 3505 5825 ideo
3535 5772 3616 5825 in-

2012 5858 2259 5917 terﬁcere
2291 5859 2566 5931 oportuit;
2621 5860 2730 5915 imo
2774 5860 2954 5932 potius
3000 5860 3269 5918 honorare
3314 5862 3617 5920 eteulere?
