4054 6448
505 393 608 445 Eii!)

508 505 572 558 lit
602 504 887 557 discerent.
923 499 1026 554 Sed
1053 498 1197 567 quid,
1230 497 1271 550 si
1306 506 1357 548 tu
1385 510 1412 547 a
1445 493 1723 561 temetipso
1747 491 1862 544 lucc
1893 489 2076 558 loque-

506 612 579 648 rts
604 635 618 656 ,
653 605 708 646 ut
743 593 857 646 haec
904 587 1190 659 prmvcniat
1213 627 1228 648 ,
1265 587 1336 637 ait
1367 601 1380 636 :
1407 584 1494 639 58.
1531 583 1660 650 Qua!
1687 599 1777 652 ego
1803 581 1904 634 vidi
1947 579 2086 649 apud

506 687 711 740 l’atrem
741 699 926 744 meum,
951 679 1057 734 lucc
1087 679 1301 747 loquor:
1334 687 1378 730 et
1422 692 1506 729 vos
1545 691 1656 742 qum
1700 673 1914 726 audistis
1947 670 2085 739 apud

504 789 696 846 patrem
726 786 941 828 t‘estrunt
964 815 977 838 ,
1014 772 1201 842 facitis.
1237 770 1302 825 Ut
1339 783 1456 838 ego,
1493 766 1681 836 inquit,
1711 774 1765 819 et
1795 779 1854 819 re
1883 772 1937 818 ct
1963 777 2084 816 ver-

503 870 584 921 bis
614 866 837 921 ostendo
868 866 1104 928 Patrem,
1131 864 1199 916 ita
1230 871 1284 915 et
1312 875 1407 914 vos
1435 874 1493 913 re
1523 866 1749 910 tantum.
1779 855 1893 909 Non
1925 853 2085 907 modo

499 958 642 1012 enim
668 956 911 1010 eamdem
943 951 1313 1014 substantiam,
1345 949 1438 1005 sed
1465 947 1710 1003 eamdem
1741 961 1899 1015 quam
1928 945 2085 998 Pater

502 1049 777 1102 veritatem
810 1047 1000 1101 habeo.
1031 1044 1120 1099 59.
1151 1037 1337 1096 Dicunt
1363 1041 1408 1094 ei
1435 1057 1453 1093 :
1483 1039 1593 1093 Nos
1625 1051 1822 1109 patrem
1847 1035 2083 1089 habemus

501 1140 776 1194 Abraham.
798 1138 929 1191 Dicit
949 1139 1018 1191 eis
1034 1133 1183 1190 Jesus
1203 1153 1221 1189 :
1245 1135 1305 1190 Si
1320 1143 1512 1204 patrem
1534 1131 1780 1186 haberetis
1803 1129 2078 1194 Abraham,

500 1250 652 1301 opera
680 1234 786 1302 ejus
806 1232 1053 1302 faceretis.
1077 1228 1164 1283 40.
1198 1227 1350 1282 Nunc
1376 1236 1543 1279 autem
1582 1224 1803 1294 quaeritis
1830 1237 1907 1274 me
1928 1221 2082 1273 inter-

500 1326 667 1393 ﬁcere.
697 1318 1031 1393 Frequenter
1055 1321 1140 1377 hic
1169 1321 1383 1375 illorum
1415 1317 1814 1388 sanguinarium
1844 1314 2077 1369 animum

498 1415 766 1484 exagitat,
817 1425 871 1468 et
918 1411 1280 1467 Abrahamum
1320 1416 1754 1466 commemorat:
1787 1406 1983 1476 idque,
2022 1412 2081 1458 ut

497 1506 619 1561 illos
642 1507 709 1560 ah
737 1505 834 1559 hac
860 1504 1177 1574 cognatione
1205 1503 1428 1558 abducat
1453 1543 1467 1568 ,
1501 1509 1553 1555 et
1582 1497 1904 1570 superﬂuam
1932 1496 2077 1551 illam

493 1601 800 1669 iactantiam
826 1598 1053 1662 auferat,
1086 1592 1410 1666 suadentque
1441 1610 1509 1649 ne
1541 1590 1628 1648 illa
1652 1593 1703 1647 in
1729 1608 1785 1647 re
1811 1605 1960 1660 spem
1987 1603 2077 1642 sa-

496 1693 620 1747 lutis
649 1693 877 1746 habeant
899 1733 915 1757 ,
946 1704 1118 1759 neque
1161 1692 1212 1742 in
1256 1687 1574 1758 cognatione
1621 1693 1825 1737 natura:
1849 1723 1863 1745 ,
1899 1679 1992 1735 sed
2022 1679 2075 1734 in

498 1785 811 1855 cognatione
840 1783 1116 1852 propositi.
1146 1781 1256 1836 lloc
1275 1780 1417 1835 enim
1450 1779 1566 1833 illos
1592 1774 1916 1845 impediebat
1944 1786 2074 1842 quos

496 1890 671 1930 nnnus
693 1875 757 1928 ad
780 1873 1054 1928 Christum
1078 1871 1416 1933 accederent,
1441 1867 1581 1938 quod
1607 1872 1854 1936 putarent
1879 1877 2076 1934 cogna-

495 1968 690 2021 tionem
724 1966 880 2020 talem
912 1965 1015 2018 illis
1046 1978 1165 2018 esse
1192 1963 1322 2017 Satis
1351 1960 1417 2016 ad
1458 1961 1701 2015 salutem.
1733 1958 1904 2026 Quam
1930 1955 2071 2010 veri-

493 2062 652 2111 tatem
681 2056 839 2111 dicit?
866 2055 1019 2122 Quod
1051 2055 1120 2108 sit
1149 2054 1365 2118 atqualis
1393 2051 1556 2106 Patri.
1603 2049 1727 2105 Ideo
1749 2050 1892 2105 enim
1920 2063 2072 2116 qua:-

491 2144 679 2202 rebant
713 2146 859 2202 illum
898 2146 1065 2202 Judmi
1098 2143 1428 2208 interficere,
1473 2153 1526 2197 ut
1559 2143 1632 2196 ait
1678 2143 1801 2196 ille:
1833 2139 2073 2206 Qttwritis

492 2257 569 2293 me
590 2240 885 2307 inter/icere,
909 2240 1025 2308 quia
1047 2240 1304 2292 veritatem
1333 2237 1470 2290 vobis
1498 2243 1732 2305 loquutus
1760 2250 1893 2298 sunt,
1915 2249 2067 2303 quant

486 2331 658 2383 audivi
703 2347 734 2382 a
785 2329 939 2383 Patre
987 2346 1114 2382 meo.
1147 2327 1447 2383 Ostendens
1474 2329 1588 2381 lucc
1620 2341 1724 2379 non
1753 2339 1874 2379 esse
1920 2320 2064 2377 Patri

487 2421 748 2474 cotttraria
771 2462 785 2486 ,
818 2436 1000 2475 rursus
1047 2420 1112 2474 ad
1163 2419 1312 2474 illum
1340 2419 1596 2486 confugit.
1637 2417 1726 2471 bl.
1760 2416 1947 2469 Dicunt
1977 2415 2022 2468 ei
2049 2429 2067 2467 :

491 2511 601 2567 Nos
628 2530 690 2566 ea:
715 2512 1043 2583 fornicatione
1069 2528 1167 2565 non
1190 2528 1363 2565 sumus
1390 2511 1529 2574 uati;
1554 2526 1710 2562 unum
1739 2503 1947 2561 Patrem
1971 2508 2069 2560 ha-

487 2606 680 2667 bemus,
703 2603 880 2658 Deum.
900 2603 1034 2669 Quid
1052 2603 1265 2656 dicitis?
1282 2601 1390 2656 Vos
1412 2601 1620 2656 Patrem
1641 2596 1848 2654 habetis
1876 2597 2065 2661 Deum,
2102 2675 2105 2677 _

486 2708 538 2748 ct
555 2696 820 2752 Christum
846 2694 1098 2748 incusatis
1121 2694 1220 2747 hoc
1233 2692 1534 2747 dicentem?
1563 2689 1747 2745 Vidcn’
1766 2690 1911 2743 illum
1934 2705 2072 2759 pra:-

484 2790 643 2856 eipuo
667 2785 1068 2852 quodammodo
1088 2785 1286 2840 dixisse
1313 2772 1478 2838 Deum
1507 2798 1623 2838 esse
1649 2783 1859 2836 Patrem
1879 2780 2069 2836 suum?

557 2878 610 2930 5.
642 2877 771 2943 Quia
805 2876 960 2943 igitur
1002 2875 1119 2928 illos
1149 2891 1213 2928 ex
1247 2873 1473 2928 Ahraha:
1511 2873 1832 2941 cegnatione
1868 2872 2062 2940 ejccit;

483 2984 603 3021 eum
647 2966 774 3020 nihil
821 2966 1050 3020 habeant
1092 2967 1232 3035 quod
1273 2965 1558 3033 objiciunt,
1609 2964 1747 3018 aliud
1793 2963 2062 3034 quidpiam

484 3061 657 3129 majus
683 3059 880 3114 audent
912 3057 977 3113 ad
1020 3060 1186 3113 Deum
1215 3074 1272 3114 se
1300 3059 1609 3114 referentes.
1643 3058 1746 3113 Sed
1776 3057 1876 3112 hoc
1900 3058 2062 3112 etiam

485 3155 687 3207 honore
720 3153 837 3208 illos
865 3152 1048 3221 dejicit
1075 3152 1257 3205 dicens
1288 3169 1300 3204 :
1327 3151 1412 3206 42.
1455 3150 1514 3206 Si
1554 3145 1690 3204 Deus
1729 3161 1871 3219 pater
1910 3161 2068 3204 vester

482 3253 627 3305 esset,
659 3244 930 3312 dtligeretis
959 3243 1123 3312 utique
1147 3258 1242 3306 me,
1264 3243 1380 3311 quia
1406 3259 1495 3312 ego
1526 3259 1588 3296 ex
1610 3241 1718 3295 Deo
1746 3242 1892 3305 exivi,
1916 3251 1962 3295 et
1988 3256 2068 3294 ve-

486 3338 568 3387 nio
601 3351 618 3388 :
645 3352 801 3405 neque
828 3353 857 3386 a
888 3336 1075 3403 meipso
1102 3336 1230 3400 veni,
1263 3335 1350 3387 sed
1373 3336 1458 3387 ille
1486 3351 1563 3387 me
1597 3335 1747 3387 misit.
1779 3334 1866 3389 45.
1899 3334 2067 3398 Quare

483 3426 732 3494 loquelam
766 3441 927 3478 meam
962 3442 1060 3479 non
1097 3427 1424 3496 cognoscitis?
1456 3426 1586 3492 Quia
1613 3443 1710 3479 non
1737 3428 1939 3495 potestis
1973 3442 2066 3479 au-

484 3518 594 3568 dire
613 3532 888 3569 sermonem
912 3531 1093 3568 meum.
1126 3518 1156 3570 ll
1172 3517 1216 3571 ι.
1261 3515 1355 3569 l'os
1378 3532 1440 3568 ea:
1461 3526 1602 3583 patre
1624 3517 1824 3570 diabolo
1852 3518 1986 3577 estis,
2014 3526 2061 3570 et

485 3608 730 3661 desideria
758 3607 916 3677 patris
944 3607 1089 3660 vestri
1128 3607 1272 3659 vultis
1316 3607 1500 3674 facere.
1547 3607 1647 3661 Ille
1676 3607 1929 3660 lto'micida
1956 3617 2064 3660 erat

485 3701 548 3753 ab
572 3701 743 3766 initio,
773 3709 818 3752 et
845 3700 896 3753 in
923 3700 1128 3753 veritate
1154 3716 1252 3753 non
1279 3700 1428 3754 stetit.
1458 3695 1581 3752 Cum
1608 3700 1827 3770 loquitur
1858 3699 2064 3752 menda-

485 3795 616 3844 cium
641 3831 657 3856 ,
688 3807 752 3844 ea:
781 3792 1001 3861 prapriis
1027 3791 1263 3860 loquitur.
1307 3791 1544 3846 Exclusit
1572 3807 1664 3846 eos
1689 3807 1718 3845 a
1751 3793 2066 3864 cognatione

483 3882 741 3949 Abrahm;
773 3892 825 3937 et
855 3883 973 3952 quia
1006 3883 1206 3951 majora
1232 3883 1345 3937 ausi
1374 3891 1517 3949 sunt,
1552 3892 1675 3938 tunc
1703 3883 1918 3939 demum
1948 3869 2063 3956 pla-

481 3991 600 4046 gain
632 3975 836 4044 infligit,
861 3989 981 4029 cum
1011 3975 1140 4028 dicit
1160 3988 1252 4029 eos
1274 3990 1378 4027 non
1407 3974 1564 4029 modo
1585 3990 1648 4030 ex
1673 3976 1940 4030 Abraham
1959 3992 2063 4031 non

482 4081 624 4128 esse,
658 4065 748 4119 sed
772 4065 930 4119 etiam
961 4080 1027 4119 cx
1059 4063 1269 4119 diabolo
1300 4080 1439 4130 esse,
1471 4066 1811 4136 impudentia:
1837 4083 1932 4137 par
1950 4069 2064 4122 vul-

484 4173 585 4209 nus
614 4156 887 4225 inf'ligcns;
920 4170 1091 4224 neque
1122 4154 1170 4209 id
1200 4155 1315 4210 sine
1340 4155 1642 4210 testimonio
1662 4199 1676 4222 ,
1709 4157 1802 4211 sed
1828 4158 2062 4213 adhibita

483 4247 815 4316 probatione.
867 4247 1168 4302 Inter-ficere
1213 4241 1391 4311 enim,
1434 4247 1637 4317 inquit,
1676 4249 1952 4304 diabolica:
1982 4261 2066 4306 est

481 4335 718 4393 malitia.
756 4338 866 4394 Nec
890 4340 1201 4410 simpliciter
1229 4355 1390 4409 Opera
1419 4341 1551 4394 dixit
1576 4383 1589 4405 ,
1634 4341 1726 4396 sed
1759 4341 2062 4406 Desideria;

481 4431 772 4486 ostendens
802 4442 856 4485 et
889 4432 1157 4486 diabolum
1186 4442 1238 4486 et
1266 4431 1480 4486 Judaeos
1506 4433 1742 4485 caedibus
1769 4448 1888 4486 esse
1914 4433 2066 4486 debi-

483 4532 564 4576 tos
585 4562 601 4588 ,
632 4523 789 4592 idque
819 4523 1028 4577 invidia:
1057 4539 1236 4577 causa.
1271 4525 1532 4578 Adamum
1563 4525 1704 4578 enim
1733 4525 1923 4578 occidit
1957 4542 2060 4578 non

484 4611 586 4664 alia
616 4627 772 4681 quam
811 4612 1019 4666 invidia:
1047 4628 1224 4668 causa.
1256 4612 1365 4668 lloc
1395 4623 1447 4668 et
1475 4629 1615 4668 nunc
1641 4630 1850 4684 quoque
1875 4614 2060 4669 subin-

486 4703 646 4756 tlicat.
681 4702 748 4757 Et
777 4703 828 4755 in
858 4703 1062 4757 veritate
1092 4721 1191 4757 non
1216 4705 1384 4769 stetit;
1413 4699 1461 4757 id
1499 4715 1580 4758 est
1602 4746 1615 4769 ,
1651 4707 1699 4758 in
1732 4706 1851 4759 vitae
1883 4705 2061 4774 probi—

482 4807 604 4850 tatc.
636 4796 768 4862 Quia
795 4796 937 4850 enim
961 4795 1104 4849 illum
1129 4796 1431 4865 frequenter
1459 4796 1771 4850 incusabant
1792 4797 1928 4867 quod
1954 4813 2058 4850 non

481 4900 621 4943 esset
650 4903 715 4944 ex
747 4889 855 4943 Deo
880 4929 893 4950 ,
927 4888 1052 4941 dicit
1083 4888 1183 4941 hoc
1212 4888 1333 4941 inde
1363 4890 1661 4956 provenire.
1707 4889 1800 4943 llle
1832 4905 2062 4959 namque

483 4985 628 5051 prior
660 4983 862 5052 peperit
891 4980 1220 5035 mendacium
1243 5017 1258 5046 ,
1288 4995 1406 5035 cum
1435 4980 1567 5034 dixit
1607 4997 1622 5033 :
1658 4981 1720 5034 In
1749 4998 2061 5052 quacumque

479 5078 558 5129 die
585 5076 919 5140 comederitis,
949 5075 1236 5146 aperientur
1256 5074 1388 5128 oculi
1418 5075 1564 5128 vestri
1591 5073 1740 5146 (Gen.
1773 5076 1824 5128 5.
1856 5075 1931 5143 5).
1966 5074 2060 5128 Ille

479 5168 678 5236 primus
706 5167 982 5221 mendacio
1007 5175 1089 5221 est
1119 5182 1264 5234 usus.
1296 5167 1547 5220 llomincs
1575 5167 1718 5220 enim
1745 5167 1835 5220 illo
1867 5174 1922 5218 ut
1953 5181 2056 5218 non

477 5260 574 5312 sibi
621 5260 832 5328 proprio
868 5267 1103 5324 utuntur,
1134 5254 1227 5313 sed
1257 5268 1311 5312 ut
1339 5259 1546 5323 alieno;
1593 5258 1678 5313 hic
1720 5270 1773 5312 ut
1812 5258 2048 5327 proprio.

475 5353 562 5405 45.
603 5351 709 5421 Ego
735 5362 902 5404 autem
941 5353 1058 5420 quia
1091 5353 1343 5405 veritatem
1375 5350 1519 5416 dico,
1553 5368 1650 5404 non
1679 5353 1879 5404 creditis
1911 5351 2053 5402 mihi.

473 5444 584 5509 Qua
631 5443 1010 5511 consequentia
1053 5443 1259 5512 arguit?
1302 5435 1455 5495 Nulla
1503 5443 1677 5496 oblata
1717 5444 2054 5496 accusatione

477 5535 630 5588 vultis
657 5550 742 5587 me
773 5535 1091 5589 interficere.
1116 5535 1247 5600 Quia
1272 5535 1411 5589 enim
1435 5534 1632 5589 inimici
1654 5536 1888 5588 veritatis
1905 5537 2052 5600 estis,

477 5626 591 5680 ideo
621 5641 702 5679 me
732 5625 1105 5695 per.-eqnimini
1139 5644 1149 5677 :
1183 5627 1261 5680 siti
1308 5628 1480 5679 minus
1506 5669 1519 5691 ,
1562 5638 1834 5694 peccatum
1879 5643 2049 5681 meum

474 5716 650 5769 dicite.
697 5719 818 5768 ldeo
861 5717 1024 5783 pergil
1055 5735 1066 5768 ε
1098 5717 1186 5770 «56.
1225 5717 1347 5782 Quis
1391 5734 1453 5770 ea:
1493 5718 1625 5770 vobis
1662 5729 1836 5788 arguet
1876 5736 1952 5770 me
1992 5720 2051 5770 de

473 5818 672 5876 peccato
693 5812 715 5867 ?
739 5808 867 5865 lliuc
896 5809 967 5864 illi
991 5826 1002 5861 :
1037 5807 1139 5860 Nos
1164 5826 1223 5862 σα·
1249 5811 1578 5881 fornicatione
1601 5813 1700 5864 nati
1728 5829 1824 5865 non
1854 5828 2043 5865 sumus.

1252 384 1305 437 S.
1344 379 1618 436 ,ΙΟᾹΝΝΙΒ
1641 370 2114 432 ειιιιγδυδτοιιι
2153 371 2473 429 ARCIIIEP.
2515 374 3038 433 CONSTANTINOP.

3675 378 3785 433 500

2200 489 2358 557 Atqui
2383 491 2529 544 multi
2559 506 2625 544 ex
2657 491 3006 546 fort.icatione
3037 492 3146 546 nati
3173 501 3348 562 erant,
3378 504 3564 565 utpote
3595 496 3798 554 illicitis

2197 578 2425 632 coitibus
2461 579 2656 633 assueti
2689 598 2702 634 :
2734 597 2918 635 verum
2950 596 3052 634 non
3087 580 3206 636 ideo
3232 586 3439 654 arguit,
3468 586 3563 639 sed
3600 587 3652 641 in
3690 588 3795 643 hoc

2199 669 2409 725 institit.
2460 672 2592 737 Quia
2635 672 2776 726 enim
2823 673 3130 726 ostenderat
3159 674 3275 728 illos
3303 691 3406 728 non
3436 691 3501 729 ex
3533 677 3664 741 Dea,
3698 679 3795 732 sed

2197 776 2264 816 ex
2287 762 2499 816 diabolo
2521 777 2660 829 esse,
2686 778 2753 817 ex
2787 763 2868 818 his
2894 763 3142 819 onmibus
3171 767 3430 834 procedit.
3459 761 3592 822 Nam
3623 770 3795 823 inter-

2198 852 2377 920 ﬁcere,
2401 854 2718 908 diabolieum
2742 864 2843 920 est,
2873 864 2929 908 ut
2956 861 3009 910 et
3040 851 3254 911 mentiri
3280 899 3294 922 ,
3326 858 3468 927 quod
3502 870 3798 928 utrumque

2197 945 2390 999 facitis.
2419 946 2665 1001 Ostendit
2693 963 2822 1002 vero
2845 963 2908 1001 cs
2938 964 3121 1002 amore
3147 949 3356 1016 probari
3389 954 3699 1022 quempiam
3723 967 3792 1006 ex

2197 1034 2307 1091 Deo
2332 1051 2469 1090 csse.
2506 1036 2675 1102 Quare
2704 1037 2950 1107 loquelam
2977 1054 3137 1090 meam
3165 1054 3263 1092 non
3285 1043 3622 1109 cognoscitis?
3650 1042 3790 1096 Cum

2194 1132 2336 1186 enim
2375 1146 2587 1201 semper
2612 1132 2919 1188 dubitarent
2944 1135 3289 1204 dicerentque
3323 1153 3337 1189 :
3369 1135 3506 1202 Quid
3540 1147 3612 1188 est
3650 1135 3795 1204 quod

2193 1225 2335 1291 dicit,
2362 1225 2474 1290 Quo
2497 1242 2586 1295 ego
2613 1227 2740 1279 vado
2762 1268 2776 1291 ,
2811 1243 2895 1280 vos
2921 1243 3017 1280 non
3045 1228 3248 1296 potestis
3275 1228 3479 1281 venire?
3519 1226 3641 1281 ideo
3667 1228 3746 1280 ait
3774 1244 3788 1280 :

2194 1314 2317 1368 Non
2360 1316 2655 1386 cognoscitis
2698 1315 2949 1386 loquelam
2997 1333 3189 1382 nteant,
3230 1318 3348 1386 quia
3379 1333 3656 1371 sermonem
3687 1311 3792 1372 Dei

2191 1424 2292 1461 non
2314 1409 2521 1464 habetis.
2551 1409 2712 1480 quue
2737 1410 2952 1474 accidit,
2984 1410 3107 1480 quia
3139 1425 3292 1465 mens
3312 1418 3487 1464 vestra
3518 1409 3665 1464 humi
3695 1426 3787 1464 re-

2190 1501 2285 1569 pit,
2319 1509 2373 1554 et
2409 1501 2548 1570 quod
2580 1516 2696 1555 mea
2732 1502 2885 1571 longe
2915 1501 3225 1555 sublimiora
3257 1502 3382 1556 sint.
3413 1499 3551 1569 Quid
3576 1517 3708 1571 ergo
3739 1501 3786 1554 si

2191 1593 2484 1665 intelligere
2523 1609 2627 1648 non
2675 1595 2961 1664 poterant?
3008 1594 3104 1649 llic
3147 1611 3251 1648 non
3296 1609 3473 1663 posse,
3504 1603 3587 1648 est
3613 1591 3784 1656 nolle.

2187 1685 2319 1754 Quia
2365 1701 2457 1739 vos
2505 1686 2576 1739 ita
2625 1686 2947 1752 instituistis,
2978 1694 3036 1740 ut
3064 1671 3254 1755 abjecti
3283 1686 3419 1753 sitis,
3458 1685 3599 1756 quod
3644 1685 3783 1740 nihil

2185 1791 2433 1845 magnum
2469 1777 2732 1845 cogitatis.
2777 1776 2908 1844 Quia
2940 1778 3080 1830 enim
3110 1777 3356 1832 dicebant
3388 1791 3447 1832 se
3475 1775 3596 1831 ideo
3625 1776 3783 1831 illurn

2185 1867 2467 1936 persequi,
2521 1867 2662 1936 quod
2716 1868 2809 1922 Dei
2853 1867 3018 1922 cultui
3061 1867 3367 1931 studerent;
3415 1867 3536 1922 ideo
3581 1868 3784 1938 ubique

2183 1961 2464 2014 ostendere
2485 1968 2728 2024 conatur,
2756 1959 2897 2029 quod
2920 1975 2976 2013 se
3004 1961 3247 2030 persequi
3273 1962 3342 2014 sit
3372 1959 3536 2014 Deum
3569 1951 3779 2025 odisse,

2183 2062 2368 2107 contra
2399 2069 2526 2108 vero
2548 2068 2606 2107 se
2629 2069 2828 2118 amare,
2851 2055 2940 2118 sit,
2963 2055 3128 2108 Dcutn
3153 2070 3331 2108 nosse.
3366 2053 3535 2109 Unum
3569 2055 3781 2109 Patrem

2187 2142 2445 2208 habemus,
2481 2143 2656 2196 Deum.
2682 2142 2815 2199 Hinc
2840 2145 3062 2212 gloriam
3086 2154 3418 2214 aucupantur
3443 2144 3510 2198 ab
3542 2139 3776 2208 honore,

2184 2246 2289 2285 non
2319 2233 2385 2286 ab
2407 2234 2679 2302 operibus.
2710 2233 3056 2288 lncrednlitas
3081 2249 3208 2304 ergo
3238 2243 3413 2288 vestra
3446 2234 3633 2303 probat
3663 2248 3771 2289 non

2182 2341 2270 2381 me
2296 2325 2522 2380 alienum
2555 2342 2584 2380 a
2615 2327 2722 2381 Deo
2749 2341 2898 2392 esse;
2933 2325 3024 2380 sed
3059 2343 3154 2380 vos
3184 2326 3346 2380 Deum
3380 2343 3482 2380 non
3508 2344 3688 2381 nosse.
3718 2328 3775 2382 In

2181 2434 2339 2474 causa
2359 2429 2536 2474 autem
2562 2431 2644 2474 est
2665 2419 2804 2490 quod
2833 2419 3066 2482 mentiri,
3097 2427 3151 2473 et
3174 2418 3370 2473 diaboli
3401 2433 3561 2488 opera
3593 2419 3774 2475 furere

2179 2511 2372 2565 velitis.
2424 2509 2554 2564 lllud
2601 2522 2776 2564 autem
2821 2526 2884 2565 ex
2925 2509 3136 2579 abjecto
3170 2510 3349 2562 animo
3387 2510 3769 2579 proficiscitur,

2180 2610 2239 2656 ut
2277 2602 2548 2670 apostolus
2588 2600 2794 2670 inquit:
2820 2600 2944 2654 Cum
2986 2601 3118 2653 enint
3156 2600 3218 2653 sit
3261 2600 3389 2652 inter
3429 2616 3517 2653 vos
3555 2601 3697 2653 zelus
3727 2609 3773 2654 et

2180 2693 2428 2746 contentio
2449 2736 2462 2759 ,
2507 2709 2672 2746 nonne
2712 2693 2940 2746 carnales
2979 2693 3097 2745 estis
3132 2692 3207 2761 (Ι.
3234 2690 3353 2746 Cor.
3376 2691 3430 2746 ὅ.
3459 2692 3563 2762 '5)?
3593 2694 3774 2759 Quare

2178 2795 2356 2841 autent
2388 2801 2491 2840 non
2522 2785 2778 2855 potestis?
2807 2785 2936 2851 Quia
2967 2785 3216 2838 desideria
3252 2785 3413 2855 patris
3440 2787 3590 2839 vestri
3616 2785 3771 2840 vultis

2177 2877 2373 2945 facere,
2404 2876 2453 2929 id
2481 2875 2678 2929 curatis
2699 2883 2753 2929 et
2779 2875 3123 2930 contenditis.

2248 2964 2547 3021 Judazorum
2576 2981 2730 3037 opera
2760 2965 2978 3020 Abraha.’
3003 2965 3239 3034 operibus
3269 2967 3544 3021 contraria.
3572 2995 3646 3005 -—
3677 2959 3772 3020 Vi-

2177 3057 2296 3113 den‘
2323 3057 2471 3120 illud,
2505 3057 2625 3111 Non
2656 3057 2895 3127 potestis,
2927 3057 3226 3128 significare
3252 3059 3391 3128 quod
3422 3075 3530 3112 non
3560 3060 3772 3113 velint?

2181 3146 2292 3200 Hoc
2313 3148 2568 3201 Abraham
2593 3163 2692 3201 non
2721 3150 2854 3218 fecit.
2881 3148 2985 3203 Sed
3007 3158 3250 3218 qutcnam
3277 3159 3397 3202 sunt
3423 3149 3539 3218 ejus
3565 3162 3728 3221 opera
3748 3150 3774 3202 ἲ

2177 3238 2565 3306 Mansuetudo,
2597 3239 2858 3295 modestia
2884 3279 2898 3305 ,
2940 3240 3280 3310 obsequium.
3314 3239 3420 3295 Vos
3450 3251 3638 3295 contra
3670 3244 3775 3296 in-

2178 3329 2394 3384 humani
2420 3339 2473 3384 et
2498 3331 2744 3385 crudeles
2765 3332 2913 3385 estis.
2958 3330 3111 3387 Unde
3141 3343 3317 3386 autem
3345 3329 3477 3387 moti
3503 3341 3627 3386 sunt
3653 3379 3666 3398 ,
3713 3345 3776 3389 ut

2175 3424 2240 3477 ad
2266 3424 2428 3478 Deum
2449 3423 2830 3491 confugerent?
2868 3423 2989 3478 lllos
3006 3424 3310 3479 Abrahamo
3333 3425 3580 3496 indignos
3596 3415 3778 3483 osten-

2174 3515 2346 3571 dcral.
2377 3516 2508 3573 Cum
2540 3516 2668 3571 illud
2700 3517 2868 3572 vitare
2897 3518 3094 3572 vellent
3119 3558 3134 3582 ,
3179 3517 3229 3571 in
3277 3519 3448 3587 majus
3489 3519 3770 3590 quidpiam

2176 3611 2552 3664 ascenderunt.
2581 3611 2715 3664 Cum
2738 3610 2880 3664 enim
2904 3610 3076 3665 czcdes
3099 3611 3203 3665 illis
3223 3611 3592 3680 exprobraret,
3614 3614 3772 3682 quasi

2175 3705 2239 3760 ad
2269 3705 2632 3760 defensionem
2659 3704 2841 3759 dicunt
2866 3718 2924 3758 se
2951 3704 3115 3758 Deum
3139 3704 3338 3758 ulcisci.
3368 3705 3611 3761 Ostendit
3638 3719 3774 3777 ergo

2177 3795 2304 3852 illud
2334 3797 2504 3866 ipsum
2537 3811 2658 3851 esse
2682 3797 2791 3852 Deo
2815 3795 3232 3850 adversantium.
3263 3794 3392 3850 lllnd
3423 3805 3625 3862 autem,
3661 3797 3772 3850 Ea:-

2175 3889 2262 3955 ivi,
2290 3890 2551 3959 significat
2578 3888 2724 3942 illum
2756 3887 2880 3942 inde
2907 3887 3136 3942 venisse.
3181 3886 3328 3940 Exivi
3354 3888 3496 3940 enim
3524 3883 3770 3941 subindi-

2173 3989 2262 4036 cat
2294 3982 2411 4050 ejus
2441 3982 2506 4035 ad
2536 3996 2632 4035 nos
2661 3977 2968 4035 adventum.
3015 3980 3149 4045 Quia
3189 3987 3364 4033 autem
3397 3979 3769 4034 Verisintiliter

2173 4073 2364 4129 dicturi
2396 4082 2568 4138 erant,
2605 4073 2787 4127 Aliena
2817 4081 2870 4127 et
2900 4085 3034 4126 nova
3067 4071 3298 4140 loqueris
3327 4112 3340 4134 ,
3373 4086 3432 4126 se
3463 4088 3490 4123 a
3523 4073 3632 4125 Deo
3663 4088 3760 4127 ve-

2174 4168 2317 4221 nisse
2338 4166 2487 4220 dicit.
2522 4164 2645 4220 Ideo
2677 4164 2793 4219 lucc
2821 4180 2926 4218 non
2953 4164 3166 4229 auditis,
3193 4163 3383 4232 inquit,
3407 4164 3526 4233 quia
3558 4179 3622 4218 ex
3650 4165 3771 4218 dia-

2173 4258 2297 4312 bolo
2323 4258 2471 4311 cstis.
2520 4256 2626 4310 Cur
2670 4271 2758 4310 me
2792 4253 2950 4308 vultis
2997 4253 3330 4308 interficere?
3360 4255 3484 4322 quid
3518 4256 3762 4308 criminis

2172 4347 2365 4402 offerre
2397 4346 2655 4414 potestis?
2687 4345 2741 4399 Si
2767 4343 2898 4398 nihil
2924 4384 2940 4409 ,
2970 4359 3066 4398 cur
3094 4359 3196 4397 non
3227 4343 3442 4397 creditis
3475 4345 3646 4397 mihi?
3675 4346 3766 4398 Sic

2173 4453 2300 4506 ergo
2326 4452 2446 4489 cum
2475 4453 2539 4490 ex
2579 4435 2854 4489 mendacio
2895 4445 2948 4488 et
2982 4426 3128 4488 caule
3158 4435 3274 4488 illos
3303 4447 3365 4488 ex
3395 4434 3608 4486 diabolo
3643 4452 3766 4491 es~e

2172 4529 2494 4584 05tendisset
2516 4569 2528 4591 ,
2563 4527 2752 4595 probat
2778 4537 2827 4580 et
2853 4527 2920 4579 ab
2945 4524 3250 4578 Abrahamo
3276 4535 3330 4578 et
3357 4538 3383 4576 a
3419 4524 3528 4578 Deo
3555 4525 3763 4580 alienos

2169 4635 2318 4683 esse;
2350 4629 2456 4673 tum
2485 4617 2626 4687 quod
2660 4617 2783 4671 odio
2815 4613 3073 4669 haberent
3101 4631 3220 4669 cum
3252 4615 3339 4684 qui
3373 4630 3430 4669 se
3454 4615 3584 4669 nihil
3612 4617 3763 4669 la-se-

2169 4719 2274 4775 rat,
2309 4720 2417 4762 tum
2449 4706 2591 4777 quod
2624 4722 2728 4761 non
2754 4705 2999 4761 audirent
3026 4720 3329 4760 sermonem
3361 4705 3498 4774 ejus.
3532 4705 3765 4760 [iciunu-

2169 4809 2298 4855 stral
2326 4810 2501 4854 autem
2526 4798 2720 4866 ubique
2743 4813 2800 4851 se
2828 4813 2932 4851 non
2961 4812 3080 4851 esse
3111 4796 3219 4850 Deo
3244 4796 3630 4859 adversarium,
3670 4815 3765 4853 ue-

2168 4911 2270 4964 quc
2294 4893 2412 4946 idco
2439 4893 2557 4947 illos
2585 4891 2682 4946 sibi
2708 4907 2812 4945 non
2836 4891 3078 4956 credere,
3108 4891 3200 4944 sed
3225 4891 3366 4960 quod
3393 4892 3552 4945 alieni
3577 4906 3761 4947 eSScnl

2168 4999 2195 5038 a
2231 4983 2358 5037 Deo.
2391 4983 2522 5038 Nam
2548 4995 2668 5038 eum
2698 4983 2786 5052 qui
2818 4991 3093 5051 peccatum
3119 4995 3222 5035 non
3258 4983 3398 5048 fecit,
3425 4984 3512 5052 qui
3548 4983 3677 5036 dicit
3705 5001 3763 5038 se

2167 5092 2197 5130 a
2236 5071 2342 5130 Deo
2373 5077 2553 5130 venire
2580 5084 2633 5130 et
2665 5073 2730 5128 ab
2767 5074 2883 5143 ipso
2921 5073 3145 5128 missum
3181 5089 3322 5139 esse,
3350 5073 3438 5142 qui
3473 5074 3756 5127 veritati-nt

2168 5168 2504 5235 loqui-batur,
2533 5177 2587 5221 et
2617 5167 2685 5221 ita
2716 5166 3069 5236 loquebatur,
3101 5176 3157 5220 ιιι
3183 5180 3372 5219 omnes
3397 5165 3462 5218 ad
3491 5181 3550 5219 se
3573 5166 3760 5220 redar-

2167 5260 2431 5326 guendtun
2466 5267 2782 5327 provocaret
2804 5295 2818 5321 ,
2853 5269 3028 5327 neque
3057 5267 3234 5310 tamen
3265 5257 3590 5311 credebatur
3618 5278 3630 5312 :
3665 5274 3760 5325 pa-

2166 5350 2267 5401 lam
2310 5358 2424 5402 erat
2468 5348 2587 5402 idco
2631 5363 2737 5401 non
2774 5348 2959 5413 credi,
2992 5347 3131 5416 quod
3166 5347 3237 5400 illi
3266 5345 3510 5401 carnales
3552 5356 3759 5402 essent.

2164 5444 2391 5498 Noverat
2417 5442 2558 5495 enim
2586 5484 2600 5506 ,
2637 5453 2854 5494 noverat
2889 5443 3068 5509 utique
3094 5452 3308 5508 peccata
3338 5439 3572 5493 animam
3603 5440 3756 5507 ahjc-

2162 5547 2300 5588 ctam
2333 5534 2576 5588 reddere.
2623 5534 2744 5587 Ideo
2769 5576 2779 5594 ,
2819 5534 3018 5603 inquit,
3057 5533 3306 5594 Quoniam
3337 5532 3609 5585 imbecilles
3634 5535 3760 5599 facti

2161 5629 2278 5679 estis
2305 5627 2370 5678 ad
2399 5624 2704 5678 audiendum
2734 5618 2934 5694 (Hebr.
2963 5625 3013 5678 5.
3046 5623 3100 5676 ll
3132 5623 3169 5692 ).
3222 5622 3446 5689 Quando
3475 5622 3618 5675 enim
3654 5634 3757 5676 ter-

2161 5736 2286 5770 rena
2320 5734 2424 5770 non
2457 5725 2631 5785 potest
2663 5717 2780 5782 quis
2810 5722 3175 5777 contemnere,
3211 5712 3482 5782 quomodo
3509 5712 3574 5766 de
3604 5714 3762 5767 ca‘le—

2162 5811 2330 5865 Slii)‘.:S
2361 5810 2469 5880 phil
2497 5808 2724 5878 .sOphati
2756 5804 2980 5876 poterit?
