4054 6424
177 309 269 376 ειιι
1353 299 1666 368 JOANNEM
1710 303 1940 367 HOMIL.
1977 309 2097 366 ’LV.
2140 311 2210 365 al.
2244 310 2390 365 ‘LI‘V.

248 437 300 486 4.
341 421 554 486 Mai-alis
585 429 888 486 exhortatio.
919 422 1118 498 Rupere
1149 433 1369 496 oportet,
1413 439 1516 476 non
1561 423 1784 491 peritura

173 527 328 589 bona,
359 524 448 578 scd
475 539 685 594 regnum
706 521 972 576 cistarum.
997 547 1067 558 —
1088 515 1454 583 Quamobrem
1477 553 1493 579 ,
1516 513 1746 568 obsecro
1767 553 1783 579 ,

175 618 312 671 nihil
340 632 444 672 non
468 630 687 685 agamus
710 621 770 668 ut
797 621 999 666 rectam
1049 607 1394 664 instituamus
1437 605 1626 671 vitam,
1667 603 1786 658 ani-

175 722 322 762 mmn
359 719 668 778 purgemus,
692 701 908 759 ut‘nihil
933 698 1179 756 sordium
1211 696 1365 751 nobis
1395 694 1787 764 impedimento
1833 712 1836 717 -

171 802 263 853 sit.
302 799 596 854 Accendite
619 795 771 848 vobis
801 794 973 847 lucem
994 786 1342 860 Cognitionis,
1368 796 1422 839 ct
1447 802 1512 840 ne
1544 784 1785 839 semine-

175 893 243 946 tis
268 891 320 945 in
348 890 538 959 spinis.
557 886 660 955 Qui
689 900 795 939 non
828 882 1075 952 intelligit
1106 879 1298 933 malam
1330 892 1452 932 esse
1482 876 1784 938 avaritiam,

170 983 451 1047 quomodo
471 980 526 1034 id
545 977 689 1049 quod
722 976 891 1045 majus
921 985 998 1029 est
1026 970 1191 1026 sciet?
1215 968 1316 1038 Qui
1339 969 1405 1023 ab
1429 967 1511 1020 his
1533 981 1639 1020 non
1667 966 1790 1020 abs-

173 1077 334 1143 tinet,
369 1071 640 1144 quomodo
685 1070 791 1125 illis
824 1065 1088 1121 luerebit?
1126 1063 1337 1132 Rapere
1367 1060 1566 1114 bonum
1597 1067 1700 1123 est,
1732 1067 1789 1113 a‘t

173 1182 280 1220 non
330 1161 588 1235 perimra,
620 1161 716 1216 scd
769 1173 991 1228 regnum
1041 1156 1333 1218 ο;ι·Ιυι-ιιιιι;
1371 1168 1494 1206 nam
1534 1150 1776 1216 Violenti,

171 1261 364 1330 inquit,
400 1259 610 1328 rapiunt
632 1254 763 1310 illud
788 1252 1014 1326 (Matth.
1043 1252 1129 1307 11.
1159 1248 1282 1318 12).
1312 1247 1426 1302 Non
1451 1245 1612 1315 igitur
1633 1243 1782 1303 desi-

163 1349 268 1405 des
303 1364 593 1419 possumus
623 1346 752 1402 illud
802 1343 1096 1413 consequi,
1129 1340 1222 1396 scd
1259 1355 1379 1393 t'llm
1424 1335 1701 1407 diligentia
1732 1342 1788 1390 et

167 1443 374 1498 Studio.
404 1442 510 1497 Sed
557 1439 682 1512 quid
715 1438 815 1494 sibi
848 1438 978 1502 vult,
1015 1432 1279 1488 Violmti?
1306 1429 1577 1486 ‘Violentia
1610 1427 1778 1482 multa

165 1543 252 1590 est
273 1549 414 1603 opus
445 1533 463 1600 (
488 1548 606 1586 nam
639 1538 861 1601 angusta
889 1535 973 1582 est
1003 1526 1083 1578 via
1100 1523 1151 1595 '),
1180 1533 1232 1577 et
1256 1532 1479 1577 strenuo
1523 1533 1663 1588 opus
1693 1527 1773 1573 est

163 1624 372 1679 animo.
424 1623 526 1690 Qui
576 1618 810 1690 rapiunt,
844 1627 1034 1672 omnes
1061 1615 1240 1669 volunt
1275 1620 1619 1667 antevenere
1651 1627 1665 1663 :
1703 1609 1787 1662 ni-

165 1715 241 1769 hil
275 1712 592 1784 respiciunt,
628 1722 734 1765 non
766 1707 1190 1771 damnationem,
1222 1719 1326 1757 non
1350 1701 1782 1764 accusationem,

165 1821 273 1861 non
302 1799 780 1876 sopjdicimn,sed
809 1811 988 1855 unum
1049 1805 1280 1860 tantum,
1315 1793 1365 1848 id
1396 1806 1590 1862 rapere
1640 1789 1783 1861 quod

161 1903 446 1967 appetunt,
476 1905 530 1951 et
555 1905 742 1949 Oll'tlfBS
766 1892 853 1962 qui
879 1899 1005 1946 ante
1026 1897 1153 1944 sunt
1173 1894 1513 1943 antevenere
1535 1881 1777 1937 student.

165 1989 464 2059 Rupiamus
487 2000 624 2056 ergo
651 1996 873 2055 regnum
922 1980 1202 2037 czelorum.
1261 1976 1377 2032 Non
1415 1981 1504 2029 est
1545 1971 1700 2042 culpa
1733 1969 1784 2026 id

163 2088 379 2150 rapere.
413 2076 683 2134 sed‘laudi
711 2073 903 2138 datur;
946 2072 1106 2141 culpa
1164 2083 1293 2123 vero
1324 2075 1406 2122 est
1437 2075 1782 2132 uou'rapere.

164 2171 262 2224 llic
292 2168 500 2224 divitia:
520 2174 728 2222 nostra:
764 2179 870 2220 non
887 2163 953 2218 in
980 2160 1202 2218 alterius
1240 2158 1628 2213 detrimentum
1657 2168 1780 2207 ver-

163 2270 302 2314 tunt.
331 2257 810 2325 Studeamos‘ergo
837 2253 960 2307 illud
992 2264 1202 2322 rapere.
1232 2248 1288 2303 Si
1318 2251 1418 2311 ira,
1451 2242 1784 2313 si‘concupi-

161 2353 370 2408 scentia
402 2350 627 2412 instent,
660 2355 865 2400 natura:
885 2345 994 2398 vim
1009 2341 1353 2406 inferamus,
1386 2335 1782 2391 mansuetiores

164 2447 359 2510 simus,
387 2440 662 2512 paululum
692 2437 1016 2502 laboremus,
1047 2443 1104 2489 ut
1126 2441 1390 2504 perpetuo
1412 2428 1780 2500 quiescamus.

165 2535 242 2590 Ne
284 2534 468 2603 rapias
495 2544 718 2595 aurum;
747 2526 839 2583 sed
858 2527 988 2582 illas
1018 2539 1148 2594 rape
1173 2522 1423 2587 divitias,
1453 2533 1573 2587 qua:
1600 2525 1653 2571 te
1677 2529 1780 2570 au-

166 2639 283 2679 rum
313 2637 412 2695 pro
442 2623 557 2678 luto
585 2620 781 2674 habere
805 2614 1089 2673 suadeant.
1117 2615 1210 2670 Dic
1241 2611 1394 2677 mihi,
1424 2610 1468 2666 si
1500 2606 1779 2678 plumbum

165 2726 221 2772 et
247 2729 443 2770 aurum
472 2719 796 2784 pr'ostarent,
819 2709 946 2781 quid
972 2706 1229 2779 rapetes?
1251 2718 1429 2760 nonne
1453 2699 1680 2757 aurum?
1702 2697 1783 2754 Tu

3420 317 3523 375 3(ἒὲ

1895 439 2022 480 vero
2063 424 2151 479 ubi
2185 426 2231 480 is
2255 427 2346 496 qtti
2380 428 2520 496 rapit
2575 429 2810 498 punitur,
2836 430 2980 502 quod
3016 432 3188 502 majus
3214 443 3302 487 'est
3339 435 3512 490 ΙΙι-Ιιθ-

1895 532 2015 582 ras;
2040 517 2129 573 ubi
2152 528 2334 572 autem
2360 530 2546 588 raptor
2568 520 2884 588 honoratur,
2908 523 3050 593 quod
3082 523 3254 594 majus
3271 535 3358 580 est
3387 542 3511 595 pro-

1893 609 2180 676 dis.'Quod
2212 611 2255 663 si
2288 611 2540 682 utrinque
2588 613 2794 684 punitio
2847 625 3017 680 esset,
3062 626 3241 670 anuun
3287 617 3357 672 ad
3407 617 3512 674 huc

1894 700 2065 772 magis
2091 701 2373 756 venisses?
2402 702 2511 758 'll’c
2549 713 2728 759 autem
2768 703 2898 758 nihil
2933 705 3038 760 tale
3065 701 3301 769 caused
3335 707 3506 764 beati-

1897 783 2143 846 tudo.'Et
2173 793 2464 863 queniodo,
2498 794 2708 862 inquies
2729 837 2745 861 ,
2774 795 2890 865 rapi
2944 796 3162 865 putest?
3193 787 3412 868 'Projice
3442 816 3507 855 ea

1893 899 2011 953 qua:
2031 895 2150 954 pra:
2168 886 2427 940 manibus
2459 886 2644 941 habes.
2673 887 2854 942 Βόηθε
2880 888 3024 942 enim
3042 887 3172 945 'hzrc
3189 886 3216 922 "
3240 894 3506 954 tcnucri<,

1861 970 1864 975 ’
1896 975 1982 1029 illa
2015 989 2207 1046 rapere
2235 992 2342 1030 non
2377 985 2551 1047 potes.
2605 977 2794 1048 Cogita
2828 980 3019 1034 Virum
3065 985 3294 1050 argento
3322 983 3508 1052 plenas

1895 1075 2086 1124 manus
2126 1068 2448 1134 habentem;
2479 1083 2606 1125 num
2654 1071 2852 1140 poterit
2894 1072 3001 1127 hoc
3044 1075 3261 1128 retmi‘to
3317 1089 3507 1129 aurmn

1893 1171 2102 1230 rapere,
2155 1160 2255 1214 nisi
2316 1161 2444 1217 illud
2492 1162 2654 1231 'prius
2708 1163 2957 1232 projiciat
2984 1172 3040 1219 et
3065 1164 3350 1234 expeditus
3397 1166 3512 1223 sit?

1893 1249 2358 1322 Rapturem'enim
2398 1254 2708 1322 expeditum
2741 1266 2864 1310 esse
2907 1264 3144 1326 oportet,
3175 1270 3243 1312 ne
3272 1260 3510 1314 retinea-

1894 1354 2001 1398 tur.
2046 1343 2178 1398 Nam
2223 1355 2349 1398 sunt
2392 1347 2638 1416 quurdam
2684 1347 3009 1402 adversaria:
3041 1349 3351 1419 potestates
3389 1366 3512 1423 qme

1894 1445 1992 1490 nos
2019 1433 2554 1499 'im‘adunt,'ut'illud
2603 1435 2868 1493 auferant.
2924 1437 3033 1495 Sed
3063 1439 3332 1512 fugiamus
3363 1443 3506 1507 illas.

1894 1523 2181 1597 fugiamus,
2207 1529 2409 1583 nullam
2437 1530 2804 1601 relinquamus
2837 1529 2970 1588 furis
2989 1540 3198 1588 tineam.
3227 1514 3476 1591 Funesiu
3495 1564 3511 1575 -

1891 1620 2157 1688 cidamus,
2189 1620 2316 1675 nudi
2351 1621 2527 1677 'rebus
2555 1621 2928 1681 satenlarilitts
2957 1623 3151 1681 sitmts.
3195 1623 3330 1693 Quis
3379 1641 3514 1682 usus

1892 1719 1976 1765 est
2003 1711 2300 1766 sericarum
2320 1712 2558 1766 vestium
2582 1712 2605 1766 ?
2627 1720 2912 1784 quousque
2942 1713 3296 1771 hisftdiculis
3325 1716 3511 1785 impli-

1889 1804 2178 1881 cabimur?
2202 1809 2491 1876 quousque
2514 1819 2705 1860 aurum
2745 1804 3126 1862 deiodtentus?
3160 1806 3365 1864 Vellem
3396 1809 3513 1865 ha'c

1891 1905 2154 1968 perpetuo
2192 1896 2407 1953 dice‘ndi
2439 1897 2600 1952 tinem
2633 1897 2826 1953 Tacere
2856 1898 3010 1960 :sed,
3030 1914 3128 1955 vos
3155 1914 3262 1955 non
3312 1901 3510 1966 sinitis,

1890 1988 2023 2044 mihi
2051 2004 2267 2062 semper
2295 2004 2485 2045 annm
2511 1986 2839 2060 pra-lienus.
2891 1991 3092 2049 Verum
3123 2008 3265 2049 nunc
3293 1995 3509 2051 tandem

1891 2061 2252 2147 absistamus,
2283 2089 2342 2136 ut
2382 2082 2632 2152 exemplo
2679 2081 2819 2137 alios
2860 2081 3204 2140 instituentes
3244 2086 3511 2154 promissa
3553 2061 3556 2066 Α

1878 2182 2293 2243 commutamur
2348 2175 2486 2228 buna
2517 2214 2531 2238 ,
2565 2173 2754 2244 ‘gratia
2800 2181 2858 2228 et
2905 2174 3240 2246 benignitate
3296 2175 3508 2239 ῐὶοιιιίιιὶ

1891 2265 2062 2321 nostri
2091 2263 2252 2320 Iesus
2279 2263 2504 2332 Christi,
2548 2281 2646 2335 per
2677 2279 2838 2335 quem
2861 2273 2917 2320 et
2937 2280 3058 2320 cum
3085 2280 3192 2336 quo
3218 2265 3362 2321 Patri
3386 2268 3507 2338 ανο-

1888 2356 1992 2420 ria,
2033 2356 2302 2426 simulque
2352 2364 2542 2410 sauoto
2591 2355 2840 2424 Spiritui,
2865 2367 3019 2411 'nunc
3043 2364 3099 2411 et
3124 2370 3341 2428 semper
3369 2369 3423 2412 et
3456 2359 3510 2414 in

1889 2448 2086 2505 sarcula
2114 2448 2461 2505 saeculorum.
2495 2449 2692 2505 Amen.

1941 2711 1972 2742 ἰ
2010 2708 2095 2760 Alii
2113 2709 2304 2774 legunt,
2327 2711 2607 2777 puemitia,
2633 2710 2891 2777 ﬁrm-luce.

1568 2885 1925 2950 ‘HOMILIA
1972 2885 2101 2946 LV.

163 3043 372 3110 (iu-:8.
404 3070 454 3106 v.
488 3054 574 3110 68.
610 3039 1001 3123 Responderunt
1024 3067 1144 3122 ergo
1163 3047 1337 3104 Jndnzi
1362 3057 1407 3099 et
1431 3043 1670 3098 dixerunt
1691 3037 1776 3094 ei:

235 3145 434 3201 Nonne
460 3146 822 3201 bene-dicimus
857 3161 981 3212 nos,
1011 3145 1129 3212 qnia
1157 3141 1517 3198 Samaritanus
1544 3154 1595 3191 es
1621 3146 1704 3202 tu,
1733 3144 1780 3188 et

239 3240 552 3294 dmuoninm
587 3239 797 3294 habes-7
841 3239 930 3294 49.
979 3237 1256 3306 Respondit
1300 3235 1451 3289 lusus
1479 3249 1497 3287 :
1530 3231 1638 3302 Ego
1668 3231 1779 3285 da:-

232 3331 469 3384 monium
499 3347 600 3384 non
627 3330 803 3396 habeo,
833 3328 1230 3396 sedenoriﬁiw
1260 3325 1494 3382 Patrem.

245 3424 300 3477 1-.
327 3422 615 3492 lmpudcns
643 3423 992 3493 pctulansque
1017 3428 1101 3475 est
1122 3420 1342 3480 malitia,
1368 3433 1487 3488 qum
1508 3431 1629 3470 cum
1659 3427 1779 3468 cru-

165 3515 397 3570 bcscere
425 3513 670 3580 deberet,
707 3513 874 3581 magis
902 3519 1289 3582 exasperatur;
1339 3519 1398 3564 ut
1427 3507 1638 3564 'Judzpis
1682 3520 1779 3560 usu

172 3609 340 3664 venit.
378 3607 522 3664 Cum
549 3604 879 3676 oportuisset
921 3607 1064 3660 enim
1096 3619 1161 3660 cx
1187 3603 1345 3659 dictis
1364 3596 1692 3670 eompungi,
1727 3607 1782 3653 ct

171 3699 426 3754 admirari
461 3699 710 3752 ﬁduciam
729 3702 748 3761 ',
776 3697 1177 3766 verborumque
1202 3689 1780 3764 conscqttenti:im,-.le-

170 3806 289 3845 sum
312 3790 668 3846 contumeliis
687 3789 966 3844 incessunt
989 3821 1010 3854 ι,
1040 3786 1547 3853 Samaritanunnme
1578 3799 1639 3836 ac
1665 3781 1780 3836 da:-

171 3883 474 3936 moniacnzn
506 3888 735 3944 vocant,
768 3879 1062 3947 dicuntque
1096 3896 1111 3933 :
1143 3875 1333 3930 Nonne
1370 3875 1503 3928 bene
1533 3873 1779 3935 diximus,

169 3973 290 4043 quia
321 3971 685 4027 Samaritanus
705 3985 765 4023 es
794 3979 846 4020 tn
867 3977 956 4034 ,τι
983 3966 1292 4028 dwmonium
1326 3965 1516 4018 habes?
1554 3961 1782 4030 Quando

171 4064 317 4118 etaim
355 4063 587 4117 sublime
613 4059 882 4129 quidpiam
915 4057 1125 4113 dicebat
1146 4099 1162 4120 ,
1192 4057 1242 4111 id
1264 4056 1422 4111 furor
1449 4069 1569 4109 esse
1593 4055 1668 4109 ab
1701 4055 1784 4108 iu-

172 4154 404 4210 scnsatis
419 4152 843 4209 existimabatur.
863 4151 1020 4220 Atqui
1037 4162 1296 4218 nusquam
1314 4146 1638 4216 evangelista
1657 4154 1781 4200 ante

162 4250 314 4304 dixit
340 4251 513 4319 ipsum
542 4247 940 4302 Santaritanum
972 4242 1296 4313 appellatum
1329 4239 1492 4294 fuisse
1515 4256 1530 4305 ;
1555 4239 1680 4293 hinc
1706 4248 1784 4292 ta-

175 4357 297 4396 men
342 4338 607 4395 credibile
629 4346 716 4394 est
741 4338 912 4407 ipsum
958 4349 1101 4404 smpe
1135 4334 1236 4387 hoc
1265 4332 1486 4387 nomine
1533 4338 1782 4386 meatum

176 4432 360 4487 fuisse.
415 4429 737 4484 Dmmonium
787 4427 938 4480 habes
959 4467 973 4489 ,
998 4425 1195 4495 inquis.
1229 4425 1402 4494 Atque
1432 4435 1550 4478 utcr
1575 4422 1783 4498 dtento-

173 4527 320 4578 ninm
345 4521 545 4577 halm?
575 4536 642 4574 an
671 4519 760 4589 qui
787 4518 955 4572 Deum
980 4515 1230 4578 honorat,
1261 4530 1328 4568 an
1358 4515 1446 4584 qui
1480 4513 1653 4582 ipsum
1681 4511 1782 4567 ho-

171 4626 460 4670 norantent
481 4611 805 4668 contumelia
827 4607 1031 4664 allicit?
1055 4607 1190 4674 Quid
1214 4621 1342 4676 ergo
1370 4605 1642 4669 Christus,
1667 4605 1780 4675 ipsa

178 4706 558 4772 mansuetudo,
589 4706 700 4774 ipsa
734 4701 1035 4758 modestia?
1085 4699 1196 4771 Ego
1225 4700 1534 4754 dannoninm
1561 4715 1660 4750 non
1691 4697 1782 4752 ha-

171 4802 285 4864 bro,
315 4797 406 4852 sed
431 4796 717 4866 honoriﬁco
742 4793 1066 4863 Patrem'qui
1092 4791 1228 4845 misit
1264 4790 1385 4844 me?
1431 4789 1534 4844 Ubi
1562 4798 1782 4858 Oporte-

175 4892 267 4946 bat
296 4891 497 4946 docere
523 4889 666 4953 illos,
698 4885 894 4942 fastum
925 4885 1140 4940 illorum
1188 4883 1514 4952 deprimere,
1543 4891 1600 4936 et
1628 4881 1783 4936 insti-

179 4995 328 5038 tuere
358 4997 426 5036 ne
454 4980 524 5036 de
552 4978 862 5033 Abrahatno
889 4976 1056 5032 altum
1083 4983 1356 5044 saperent,
1388 4975 1457 5027 ibi
1490 4975 1784 5028 vehemens

175 5084 320 5138 erat;
353 5072 443 5126 ubi
482 5067 836 5126 contumelias
864 5067 1028 5133 ferre,
1057 5067 1218 5120 multa
1249 5064 1496 5120 utebatur
1525 5078 1780 5119 mansue-

177 5165 382 5218 ludicras

248 5257 378 5323 Qua
404 5264 583 5309 contra
611 5251 774 5307 Deum
803 5251 1048 5305 ditantur
1081 5249 1277 5313 ulcisci,
1306 5261 1420 5320 qute
1442 5256 1618 5303 contra
1645 5266 1736 5303 nos
1759 5292 1774 5313 ,

177 5349 424 5416 patienter
452 5349 586 5417 ferre
635 5363 731 5418 par
757 5354 849 5400 est.
869 5343 1096 5398 —Cum
1135 5343 1405 5407 dicebant,
1441 5343 1652 5397 Patrem
1684 5342 1782 5396 ha-

155 5443 366 5504 bemus
400 5440 569 5494 Deum
595 5447 650 5492 et
677 5439 967 5503 Abraham,
999 5436 1051 5489 in
1082 5435 1203 5491 illos
1229 5435 1615 5500 invehebatur;
1661 5446 1780 5490 cum

177 5544 358 5588 autem
412 5531 804 5586 daemoniacum
851 5529 1210 5599 appellabant,
1247 5529 1489 5584 modeste
1531 5529 1785 5596 loquutus

179 5631 298 5688 est;
334 5633 392 5677 ut
422 5637 521 5677 nos
574 5622 898 5686 institueret,
947 5629 1215 5690 quatenus
1244 5635 1304 5673 ea
1333 5635 1454 5691 qum
1509 5621 1560 5675 in
1614 5621 1780 5674 Deum

181 5711 589 5780 proferebantur
605 5711 1007 5775 ulcisceremur,
1031 5726 1149 5779 qua:
1171 5710 1222 5764 iu
1247 5725 1346 5764 nos
1373 5711 1549 5766 autem
1577 5712 1782 5780 patien-

183 5817 262 5862 tcr
287 5801 573 5858 ferremus.
599 5799 688 5856 50.
725 5799 833 5871 Ego
851 5818 950 5854 non
975 5816 1149 5868 quarro
1178 5801 1394 5871 gloriam
1439 5821 1619 5857 meant.
1656 5804 1781 5859 llaec

548 5906 818 5968 ΡΑτιιυι..
865 5909 981 5968 Gn.
1039 5911 1195 5971 LIX.

1893 3030 2029 3098 dixi,
2047 3033 2240 3106 inquit,
2268 3035 2683 3092 utostcnderem
2709 3038 2860 3094 vobis
2882 3054 2989 3093 non
3011 3049 3318 3110 competere
3343 3033 3508 3097 Deum

1894 3132 2089 3180 vocare
2143 3135 2370 3196 patrem,
2421 3127 2510 3198 qui
2569 3127 2853 3183 homicida:
2895 3134 3046 3184 estis.
3077 3130 3259 3200 Itaque
3289 3124 3509 3187 honoris

1884 3217 2062 3287 ijsius
2110 3234 2273 3300 causa
2329 3219 2443 3274 ha-c
2487 3217 2619 3282 dixi,
2666 3232 2719 3276 et
2745 3233 2968 3293 propter
2995 3224 3142 3279 illum
3174 3223 3277 3280 hoc
3308 3228 3508 3293 audio,

1893 3317 2055 3378 atque
2097 3317 2315 3380 propter
2356 3311 2531 3380 ipsum
2576 3327 2665 3368 me
2711 3313 3070 3370 inhonoratis.
3113 3306 3318 3371 Verum
3370 3317 3509 3372 hanc

1893 3399 2277 3456 contumeliam
2307 3415 2425 3456 non
2458 3416 2609 3457 curo.
2641 3401 2719 3456 Illi
2765 3403 2910 3458 enim
2939 3404 3061 3460 ideo
3079 3420 3276 3474 ptrms
3302 3398 3511 3462 debetis

1893 3491 2181 3556 dictorum,
2213 3492 2434 3561 propter
2453 3490 2614 3572 quem
2662 3492 2776 3548 huic
2810 3496 2970 3572 nunc
3010 3481 3171 3551 audio
3245 3488 3356 3569 Ego
3408 3517 3511 3554 non

1892 3598 2064 3650 qner
2085 3583 2304 3653 gloriam
2331 3583 2518 3637 meam.
2561 3569 2687 3640 Ideo
2727 3569 2928 3640 omissa
2957 3571 3189 3643 vindicta
3218 3578 3288 3644 ad
3309 3591 3509 3646 cohor—

1895 3674 2151 3728 tationem
2174 3672 2378 3737 verter,
2408 3682 2466 3728 et
2493 3675 2684 3730 ahctor
2713 3664 2874 3731 vobis
2903 3678 3046 3745 sum,
3075 3668 3241 3733 utilia
3274 3677 3506 3741 faciatis.

1893 3779 2123 3834 quorum
2156 3768 2329 3835 gratia
2362 3769 2468 3820 nou
2498 3765 2679 3822 ‘m'Odo
2726 3755 3048 3838 supplicium
3081 3763 3371 3842 cll‘ngielis,
3415 3777 3509 3830 sed

1892 3857 2054 3910 etiam
2082 3857 2245 3910 vitam
2274 3863 2532 3913 attentam
2560 3846 2990 3931 cOIISequcniini.
3018 3847 3112 3918 iit.
3147 3853 3330 3934 Amen,
3360 3883 3510 3922 amen

1893 3948 2008 4002 dico
2030 3941 2189 4016 vobis,
2215 3949 2260 4002 si
2283 3947 2397 4018 quis
2416 3950 2703 4005 "sermontnn
2731 3951 2898 4006 meum
2939 3954 3211 4009 servaberit
3229 3997 3245 4022 ,
3275 3973 3378 4011 non
3430 3959 3502 4012 vis

1893 4031 2028 4096 dabit
2056 4041 2268 4096 martem
2291 4031 2636 4099 indtern'um.
2662 4040 2768 4100 ilic
2799 4045 2913 4099 non
2949 4038 3110 4101 ntodo
3128 4047 3201 4103 de
3231 4040 3338 4104 lide
3358 4052 3502 4120 agit,

1893 4132 1989 4190 sed
2021 4130 2187 4190 etiam
2225 4131 2295 4191 de
2339 4133 2444 4191 vita
2473 4151 2625 4206 pura.
2660 4128 2737 4193 Ac
2763 4135 3014 4208 superius
3040 4140 3135 4208 ait,
3172 4125 3343 4197 Vitam
3364 4155 3511 4198 teter-

1895 4241 2016 4280 nam
2069 4221 2305 4291 habebit;
2350 4216 2449 4282 'hic
2499 4243 2647 4296 vero,
2681 4229 2901 4285 Mortem
2934 4247 3036 4284 non
3068 4219 3255 4288 videbit
3285 4248 3303 4288 :
3330 4246 3384 4290 et
3408 4251 3512 4292 una

1897 4321 2203 4377 subindicat
2233 4321 2353 4376 illos
2399 4314 2530 4376 nihil
2558 4320 2846 4378 adversum
2879 4338 2938 4380 se
2966 4331 3144 4395 posse.
3181 4326 3313 4381 Nam
3346 4323 3392 4384 si
3421 4326 3510 4399 qni

1897 4429 2204 4471 sermonem
2236 4414 2356 4484 ejus
2382 4406 2700 4491 servaverit,
2733 4419 2838 4472 ιιὸιι
2869 4418 3150 4484 morietur,
3172 4427 3376 4491 quanto
3408 4425 3511 4477 nti-

1896 4522 2000 4561 nus
2023 4495 2175 4578 ipse?
2202 4506 2256 4560 Id
2281 4503 2405 4561 cum
2439 4489 2515 4562 i’li
2560 4495 2948 4577 intelligerent,
2980 4496 3132 4564 aiunt
3159 4489 3301 4567 :752.
3355 4512 3512 4568 Nunc

1895 4597 2248 4670 cognoscimus
2271 4599 2394 4668 quia
2421 4589 2732 4653 daemonium
2759 4585 2914 4655 habes
2943 4616 2962 4655 :
2987 4603 3246 4657 Abraham
3279 4615 3515 4660 mortuus

1897 4699 1989 4752 est,
2019 4686 2280 4760 prop/reue
2323 4689 2508 4744 mortui
2547 4687 2700 4755 sun’t;
2725 4689 2776 4745 id
2806 4687 2910 4758 est,
2934 4692 3035 4760 Qui
3067 4693 3162 4750 Dei
3204 4709 3515 4756 sermonem

1896 4781 2204 4847 audierunt,
2233 4781 2431 4866 mortui
2459 4777 2607 4850 sunt,
2652 4791 2709 4866 et
2736 4785 2827 4854 qui
2852 4795 3000 4842 tuum
3045 4786 3357 4858 audierunt,
3405 4808 3512 4846 nou

1897 4869 2233 4962 morientur?
2261 4863 2352 4931 53.
2399 4861 2671 4946 Numquid
2718 4885 2774 4931 tu
2826 4879 2997 4950 major
3042 4897 3095 4935 es
3146 4892 3293 4952 patre
3341 4895 3516 4940 nostro

1895 4957 2192 5022 Abraham?
2216 4965 2260 5022 Ο
2282 4963 2592 5037 jactantiam
2610 4957 2630 5021 ’1
2654 4958 2865 5024 Rursus
2890 4970 2955 5024 ad
2985 4970 3104 5042 ejus
3133 4973 3513 5043 cognatiOnetu

1897 5062 2185 5132 refugiunt.
2219 5061 2375 5131 Atqui
2401 5057 2503 5132 ‘par
2525 5061 2712 5116 luisset
2740 5061 2942 5129 dicere,
2969 5063 3235 5137 Numquid
3259 5075 3317 5121 tu
3340 5065 3514 5137 major

1895 5169 1956 5209 es
1989 5156 2136 5208 lico?
2162 5151 2363 5224 autqui
2395 5153 2445 5207 te
2466 5149 2716 5216 "audiunt,
2746 5155 2982 5223 majores
3013 5167 3139 5211 sunt
3163 5154 3512 5216 Abrahamo?

1893 5235 2001 5302 Sed
2031 5263 2134 5300 non
2165 5247 2267 5330 hoc
2297 5249 2499 5310 dicunt,
2526 5247 2648 5317 quia
2700 5248 2859 5330 illum.
2893 5244 3201 5305 Aln'altamo
3244 5255 3510 5309 minorem

1896 5341 2171 5421 putabant.
2199 5321 2438 5393 ‘Iiriniutn
2488 5340 2668 5409 itaque
2714 5315 2859 5394 illos.
2886 5337 3185 5397 homicidas
3236 5343 3507 5411 ostendit,

1894 5442 2057 5501 atque
2084 5431 2184 5486 hac
2213 5429 2421 5486 ratione
2445 5427 2590 5500 ipsos
2611 5447 2639 5484 a
2663 5432 2988 5501 cognatiOne
3015 5428 3235 5488 abducit
3267 5452 3280 5488 :
3305 5446 3358 5489 et
3386 5451 3510 5493 cum

1896 5522 2267 5592 persistercnt,
2287 5523 2389 5576 alia
2419 5523 2470 5576 id
2490 5517 2801 5593 aggreditur
2828 5523 2930 5588 via,
2961 5519 3341 5578 demonstrans
3363 5526 3509 5594 ipsa

1895 5615 2092 5670 frustra
2123 5612 2385 5669 laborare.
2425 5615 2499 5670 De
2530 5626 2708 5669 morte
2737 5627 2866 5669 vero
2895 5612 3024 5668 nihil
3055 5610 3206 5681 dicit,
3231 5625 3320 5669 aut
3348 5631 3507 5671 reve-

1896 5709 1989 5774 lat,
2020 5724 2191 5776 nequc
2214 5707 2447 5776 explicat
2473 5707 2540 5761 de
2570 5723 2673 5777 qua
2718 5707 3032 5778 loqueretur
3061 5713 3256 5763 morte.
3287 5706 3505 5764 Interim

1893 5809 2074 5856 autem
2098 5795 2284 5854 suadet
2313 5798 2416 5854 illis
2443 5813 2500 5854 se
2529 5791 2788 5868 majorem
2838 5797 3150 5856 Ahrahamo
3169 5816 3313 5868 esse,
3340 5814 3391 5856 ut
3425 5801 3503 5855 sic

3097 5901 3175 5963 19
