4054 6430
588 314 694 372 ἶοό

591 449 690 503 illis
721 449 974 518 pudorem
1005 446 1239 502 inferrct.
1269 446 1424 511 Sane,
1458 446 1644 515 inquit,
1675 444 1881 500 etiamsi
1909 444 1974 497 de
2006 442 2161 509 vulgo

585 554 784 602 essem,
819 553 921 591 non
947 546 1214 606 oporteret
1243 536 1509 590 innoxium
1543 543 1715 590 morte
1741 533 1983 588 mulctari
2006 549 2020 598 ;
2042 546 2160 586 cum

589 640 763 682 autem
794 629 1062 680 veritatem
1089 626 1280 689 dicam,
1308 627 1615 696 nullumque
1635 622 1941 679 admiserim
1966 636 2155 693 pecca-

591 730 719 781 tum,
747 727 902 788 atque
922 733 950 772 a
980 717 1091 773 Deo
1121 718 1313 772 missus
1331 719 1500 786 major
1513 718 1612 772 sim
1634 715 1956 779 Abrahamo,
1983 728 2158 767 annon

591 810 762 864 furore
793 809 928 878 pleni
960 811 1151 863 frustra
1183 809 1455 872 laboratis,
1493 822 1613 861 cum
1645 821 1730 861 me
1754 805 1967 862 tentatis
1991 804 2157 858 inter-

591 900 782 954 licere?
811 899 943 964 Quid
973 914 1099 969 ergo
1121 898 1236 953 illi?
1268 897 1420 951 Nunc
1445 897 1788 968 cognoscimus
1820 897 1938 966 quia
1965 894 2157 948 datmo—

587 990 726 1042 nium
755 991 925 1044 habes.
960 991 1026 1043 At
1056 1005 1158 1043 non
1191 989 1260 1042 ita
1281 988 1645 1055 Samaritana;
1671 1000 1841 1058 neque
1861 987 2003 1041 enim
2028 983 2162 1039 dixit

589 1081 684 1143 illi.
721 1082 1040 1136 Ortuuonium
1065 1080 1262 1146 habes;
1295 1079 1386 1134 sed
1413 1088 1648 1144 tantum,
1679 1078 1942 1148 Numquid
1966 1087 2018 1130 tu
2045 1091 2156 1128 ma-

588 1173 668 1234 ior
691 1187 742 1224 es
771 1180 912 1240 patre
934 1179 1103 1224 nostra
1146 1168 1349 1223 Iacob?
1377 1169 1436 1224 lli
1468 1169 1664 1240 quippe
1709 1166 2079 1224 contumeliosi
2105 1175 2157 1220 et

589 1271 892 1331 arrogantes
923 1269 1073 1316 erant
1097 1279 1112 1327 ;
1135 1262 1230 1316 illa
1262 1277 1388 1317 vero
1415 1261 1653 1317 discendi
1679 1260 1888 1331 cupida.
1920 1258 2040 1314 Ideo
2063 1258 2158 1312 du-

587 1352 787 1419 bitavit,
817 1362 870 1408 et
894 1351 1069 1409 debita
1094 1368 1213 1408 cum
1239 1353 1497 1408 modestia
1519 1352 1812 1424 reSpondit,
1845 1351 2152 1406 Dominum-

581 1462 685 1515 que
715 1455 869 1500 vocat
894 1446 1061 1500 illum.
1088 1445 1188 1514 Qui
1212 1446 1354 1501 enim
1383 1446 1536 1516 longe
1563 1445 1764 1516 majora
1794 1444 2079 1513 pollicitus,
2103 1451 2157 1496 ct

586 1535 687 1589 lide
708 1535 899 1603 dignus
921 1543 1054 1599 erat,
1083 1551 1190 1590 non
1211 1536 1530 1591 contumelia
1559 1534 1891 1599 afﬁciendus,
1923 1535 2029 1588 imo
2059 1533 2153 1586 ad-

585 1629 847 1682 mirationi
867 1627 1141 1683 habendus
1170 1637 1285 1683 erat
1313 1648 1324 1682 :
1356 1629 1408 1682 hi
1438 1644 1564 1684 vero
1594 1629 1975 1684 ammoniacum
2007 1627 2154 1680 illum

583 1720 871 1787 appellant.
903 1719 1248 1775 Samaritana:
1297 1719 1454 1775 verba
1486 1719 1775 1776 dubitantis
1822 1729 2009 1784 erant;
2044 1720 2158 1776 haec

580 1820 755 1865 autem
805 1812 1196 1868 incredulorum
1252 1821 1305 1868 et
1359 1827 1752 1883 perrersorum.
1809 1813 2073 1883 Numquid
2102 1822 2156 1866 tu

580 1903 744 1972 major
767 1918 818 1956 es
847 1912 989 1973 patre
1017 1911 1183 1959 nostro
1213 1904 1465 1959 Abraham
1494 1904 1690 1976 (Joau.
1710 1906 1773 1960 4.
1806 1903 1954 1976 12)Ἲ
1976 1903 2156 1974 Itaque

584 1995 682 2048 hoc
706 2010 825 2048 eum
851 1995 1107 2066 majorem
1139 1995 1284 2062 facit,
1315 2013 1470 2067 quam
1500 1997 1880 2054 hbrahamum.
1905 1998 2036 2052 Cum
2065 2012 2156 2050 att-

584 2097 686 2140 Iem
729 2087 874 2141 illum
904 2089 1192 2144 exaltatum
1223 2090 1479 2157 videritis,
1524 2092 1695 2162 ipsum
1738 2092 2157 2161 majorem-esse

579 2175 981 2232 contitebimini.
1018 2178 1141 2233 Ideo
1187 2178 1434 2247 dicebat,
1474 2181 1600 2236 Cum
1653 2182 1990 2236 exaltaret'itis
2021 2199 2152 2248 me,

580 2275 695 2318 tunc
732 2269 1034 2336 cognoscetis
1060 2269 1180 2338 quia
1218 2287 1308 2341 ego
1331 2287 1460 2326 sum.
1513 2271 1580 2326 Et
1629 2271 1749 2328 vide
1801 2273 2151 2342 prudentiam.

578 2353 774 2421 Primo,
835 2356 937 2410 illis
984 2372 1013 2411 a
1064 2359 1378 2430 cognatione
1403 2361 1645 2427 semotis,
1695 2363 1928 2417 ostendit
1976 2377 2034 2419 se
2065 2365 2155 2420 illo

578 2447 832 2515 majorem
863 2462 1003 2516 esse,
1035 2458 1089 2503 ut
1133 2450 1406 2521 pmphetis
1450 2452 1602 2523 longe
1643 2454 1995 2509 excellentior
2037 2469 2155 2511 esse

580 2537 984 2608 intelligeretur.
1032 2540 1160 2595 Cum
1207 2542 1348 2596 enim
1404 2543 1550 2598 illum
1597 2559 1809 2614 semper
1840 2546 2153 2616 prOphetam

579 2630 928 2697 appellarent,
964 2631 1083 2686 ideo
1130 2633 1376 2689 dicebat:
1411 2633 1590 2689 Sermo
1629 2653 1768 2690 meus
1808 2653 1909 2691 non
1939 2638 2073 2706 capit
2104 2639 2155 2692 in

579 2720 715 2772 vobis
767 2720 843 2791 (υ.
870 2721 994 2793 57).
1021 2722 1137 2777 Illic
1185 2738 1346 2792 porro
1371 2724 1600 2792 diccbat,
1631 2739 1688 2782 se
1719 2736 1955 2783 mortuos
1988 2729 2157 2784 susci-

584 2819 730 2876 tare;
761 2811 843 2866 hic
867 2828 1011 2880 vero,
1043 2815 1189 2869 illum
1220 2817 1307 2885 qui
1353 2816 1613 2883 crederet,
1644 2834 1748 2872 non
1779 2820 2014 2874 visurum
2035 2836 2153 2877 esse

579 2913 800 2958 mortem
832 2923 844 2961 :
874 2906 1013 2975 quod
1043 2908 1206 2961 multo
1233 2909 1403 2978 majus
1429 2919 1542 2964 erat
1564 2951 1577 2977 ,
1629 2925 1790 2982 quam
1821 2928 1927 2967 non
1956 2927 2152 2969 conec-

578 2994 704 3047 dere
736 3003 789 3048 ut
832 3010 862 3048 a
891 3005 1058 3051 morte
1108 2999 1442 3053 retineretur.
1489 2998 1610 3054 ldco
1662 3001 1828 3070 magis
1864 3016 2152 3072 exaspera-

581 3084 785 3138 hautur.
820 3087 954 3154 Quid
991 3104 1118 3158 ergo
1146 3089 1366 3144 dicunt?
1397 3090 1557 3158 Quem
1609 3092 1823 3162 teipsum
1865 3095 2041 3164 facis?
2087 3096 2155 3151 Et

579 3175 675 3228 hoc
705 3178 1121 3243 contumeliose;
1155 3179 1251 3247 Tu,
1280 3182 1539 3252 inquiunt,
1571 3192 1622 3237 te
1647 3183 1908 3238 venditas.
1932 3185 2010 3240 Ad
2042 3187 2154 3242 lucc

573 3265 858 3323 Christus:
891 3268 1068 3324 ὕει’δὶ
1106 3287 1195 3341 ego
1248 3272 1476 3341 glori/iro
1524 3273 1801 3343 meipsum,
1850 3276 2015 3345 gloria
2045 3294 2153 3330 mea

571 3357 704 3410 nihil
729 3367 819 3410 est.

646 3447 700 3500 2.
744 3449 876 3513 Quid
933 3450 1018 3506 hic
1065 3451 1246 3507 dicunt
1295 3453 1574 3511 lucretici?
1621 3455 1854 3523 Audivit,
1893 3458 2152 3532 Numquid

578 3540 742 3608 major
765 3556 816 3593 es
838 3551 978 3609 patre
1002 3553 1171 3596 nostro
1198 3545 1498 3599 Abraham?
1519 3562 1616 3602 nec
1642 3563 1804 3603 ausus
1824 3560 1904 3604 est
1926 3565 2150 3619 rcSpon-

579 3629 726 3694 dere,
764 3631 934 3686 Etiam
962 3650 975 3699 ;
1027 3634 1121 3689 sed
1171 3635 1394 3691 obscure
1422 3637 1674 3707 loquitur.
1704 3638 1840 3706 Quid
1866 3641 2038 3709 ergo?
2069 3643 2152 3695 ni-

581 3722 721 3775 hilne
749 3733 832 3777 cst
854 3724 1022 3793 gloria
1053 3726 1390 3796 ejus?-Apud
1433 3730 1551 3784 illos
1589 3731 1737 3785 nihil.
1793 3731 2150 3798 Quemadmo-

577 3813 703 3869 dum
749 3817 890 3870 enim
934 3817 1083 3885 dicit,
1130 3818 1489 3876 Testimonium
1531 3840 1696 3876 meum
1723 3837 1917 3880 nonest
1947 3845 2148 3896 verum,

577 3924 768 3979 nempe
793 3912 1084 3967 secundum
1116 3913 1321 3969 illorum
1350 3917 1651 3987 opinionem
1686 3937 1699 3972 έ
1732 3919 1809 3972 sic
1835 3927 1888 3974 et
1910 3918 2009 3975 hoc
2034 3920 2150 3977 loco

574 3998 722 4062 dicit,
772 3999 864 4055 Est
911 4004 996 4071 qui
1023 4003 1287 4074 glori/ient
1314 4023 1408 4060 me.
1464 4007 1525 4062 Et
1555 4023 1649 4062 cur
1679 4023 1781 4063 non
1809 4008 1962 4077 dixit,
1998 4011 2150 4067 Pater

574 4089 660 4158 qui
696 4091 838 4146 misit
865 4093 984 4147 me?
1015 4103 1069 4146 ut
1105 4110 1261 4164 supra
1288 4096 1440 4160 dixit,
1481 4097 1592 4162 sed,
1649 4099 1807 4166 Quem
1850 4117 1935 4155 vos
1985 4103 2149 4157 dicitis

576 4181 691 4246 quia
740 4179 873 4235 Deus
921 4194 1076 4238 vester
1124 4195 1213 4252 est,
1263 4196 1310 4241 et
1356 4204 1455 4242 non
1503 4191 1708 4244 novistis
1747 4193 1903 4246 eum?
1929 4193 2151 4249 Volebat

577 4271 857 4329 ostendere
885 4273 1028 4343 ipsos
1055 4291 1159 4332 non
1187 4278 1345 4334 modo
1386 4279 1620 4346 Patrem,
1653 4283 1745 4338 sed
1789 4283 1950 4338 etiam
1981 4285 2147 4341 Deum

577 4362 842 4430 ignorare.
877 4364 983 4436 Ego
1009 4376 1175 4422 autem
1195 4371 1310 4422 novi
1329 4387 1460 4424 eum.
1490 4372 1668 4441 Itaque
1685 4388 1814 4427 cum
1843 4374 1984 4443 dico,
2017 4375 2150 4432 Novi

574 4470 706 4518 eum,
740 4471 842 4508 non
873 4467 954 4510 est
990 4458 1273 4526 jactantia;
1305 4461 1349 4514 si
1380 4461 1608 4517 dicerem
1653 4480 1738 4519 me
1793 4481 1898 4521 non
1953 4482 2144 4534 nosse,

579 4543 908 4599 mendacium
947 4555 1127 4614 esset;
1157 4563 1253 4604 vos
1284 4559 1458 4605 autem
1486 4567 1605 4606 cum
1636 4554 1811 4610 dicitis
1857 4572 1954 4612 vos
2000 4559 2144 4613 illum

575 4649 753 4702 nosse,
783 4639 1064 4694 mendaces
1083 4643 1215 4697 estis
1283 4643 1454 4714 Atque
1490 4653 1546 4699 ut
1579 4661 1679 4701 vos
1714 4662 1871 4704 nosse
1901 4649 2032 4705 falso
2060 4651 2145 4706 di-

572 4726 712 4792 citis,
739 4727 806 4780 ita
835 4741 932 4797 ego
958 4744 1044 4786 me
1069 4745 1174 4786 non
1202 4747 1361 4789 nosse
1392 4734 1526 4791 falso
1552 4735 1806 4794 dicerem.
1836 4738 2011 4811 Si-ego
2037 4743 2146 4813 glo-

569 4817 711 4884 riﬁco
741 4819 1003 4889 meipsum.
1027 4821 1160 4888 Quia
1207 4821 1470 4893 dicebant,
1528 4827 1684 4893 Quem
1727 4830 1940 4900 teipsum
1978 4832 2146 4901 facis?

570 4911 856 4978 respondet
885 4913 992 4983 ille,
1024 4913 1084 4969 Si
1108 4931 1197 4983 ego
1229 4918 1472 4988 meipsum
1501 4919 1656 4988 facio,
1686 4923 1849 4994 gloria
1886 4941 1994 4978 mea
2017 4927 2145 4981 nihil

569 5011 660 5056 est.
705 5001 776 5059 Ut
823 5020 952 5075 ergo
1000 5007 1146 5063 illum
1197 5011 1428 5080 perfecte
1476 5015 1621 5081 novi,
1652 5016 1728 5070 sic
1757 5033 1850 5073 vos
1885 5019 2139 5089 ignoratis

569 5094 764 5162 ipsum.
813 5095 880 5151 Ut
934 5112 1052 5152 cum
1083 5100 1151 5154 de
1200 5102 1504 5159 Abrahamo
1538 5117 1814 5177 ageretur,
1845 5125 1951 5163 non
1970 5119 2140 5166 totum

567 5183 798 5248 abstulit,
832 5185 923 5242 sed
953 5187 1104 5255 dixit,
1132 5189 1254 5245 Scio
1280 5193 1404 5262 quia
1431 5208 1612 5249 semen
1648 5197 1874 5252 Abrahae
1905 5201 2052 5265 estis,
2085 5211 2143 5256 ut

568 5273 691 5328 hinc
720 5277 972 5344 majorem
1000 5277 1218 5335 inferret
1257 5284 1644 5339 accusationem
1671 5303 1685 5351 ;
1716 5289 1791 5343 sic
1817 5289 1994 5344 ethoc
2024 5292 2144 5360 loco.

565 5381 668 5418 non
703 5376 866 5422 totum
889 5369 1124 5438 abstulit,
1175 5373 1266 5427 sed
1296 5374 1462 5445 quid?
1491 5376 1647 5442 Quem
1667 5396 1753 5433 vos
1782 5383 1966 5435 dicitis.
1992 5382 2134 5439 Illam

563 5457 862 5512 concedens
907 5461 1126 5529 gloriam
1151 5504 1164 5527 ,
1199 5465 1452 5534 majorem
1484 5467 1662 5523 effecit
1685 5471 2133 5530 criminationem.

561 5547 839 5613 Quomodo
877 5560 1054 5605 autem
1093 5553 1243 5607 illum
1295 5556 1583 5626 ignoratis?
1636 5560 1769 5628 Quia
1817 5563 1995 5628 illum.
2046 5568 2134 5637 qui

562 5637 736 5690 omnia
767 5639 829 5693 ad
857 5640 972 5709 ejus
995 5642 1217 5712 gloriam
1250 5645 1373 5701 facit
1397 5658 1450 5703 et
1475 5649 1621 5715 dicit,
1670 5654 1989 5708 contumelia
2019 5656 2137 5711 affi-

561 5726 707 5789 citis,
727 5727 862 5784 .licet
890 5730 957 5784 ab
988 5732 1100 5802 ipso
1121 5735 1313 5791 missus
1347 5738 1433 5792 sit.
1467 5740 1656 5797 Verum
1687 5743 1789 5800 hoe
1817 5745 1930 5801 sine
1973 5749 2117 5802 testi-

1327 328 1380 383 S.
1418 298 1699 385 JOA’NNIS'
1730 324 2197 384 CIIRYSOSTOMI
2241 325 2557 383 ARIZIIIEP.
2589 330 3118 390 CONSTANTINUI’.

3759 343 3860 400 3M

2271 443 2450 496 nmnio
2477 454 2576 507 est,
2607 446 2698 498 sed
2726 446 2866 515 quod
2893 448 3134 516 sequitur
3158 450 3219 504 ad
3247 449 3369 504 illud
3401 453 3736 522 probandum
3763 472 3860 510 usu

2268 537 2466 590 veniet.
2496 538 2584 593 55.
2619 537 2682 590 Et
2704 555 2980 593 sermonem
3003 543 3112 610 ejus
3134 558 3293 596 servo.
3324 544 3420 597 llic
3451 546 3492 598 si
3517 546 3647 616 quid
3669 559 3857 601 contra

2270 624 2597 694 habuissent,
2643 627 2878 698 objieere
2910 640 3190 700 poterant;
3233 648 3479 704 magnum
3517 638 3716 706 quippe
3756 638 3858 695 hoc

2266 725 2382 770 erat
2410 718 2680 787 indicium,
2712 720 2881 789 ipsum
2910 736 2938 775 a
2973 722 3080 777 Deo
3106 723 3324 778 missum
3353 725 3535 781 fuisse.
3570 729 3662 783 56.
3692 729 3850 782 Abra-

2266 808 2382 861 hmn
2405 820 2546 877 pater
2566 820 2722 865 vester
2746 812 3011 867 exsultavit
3037 823 3088 867 ut
3110 816 3293 870 videret
3317 817 3447 871 diem
3470 834 3634 872 meum
3657 837 3677 884 ;
3697 831 3748 874 et
3775 824 3848 876 ci-

2265 898 2359 964 dit,
2381 910 2426 952 et
2455 902 2652 970 gavisus
2691 912 2781 956 est.
2813 902 3044 958 Rursum
3077 906 3263 973 probat
3293 908 3407 962 illos
3445 908 3512 964 ab
3542 911 3859 968 Abrahatno

2264 989 2465 1045 alienos
2497 1007 2637 1060 esse,
2665 993 2877 1063 quando
2898 995 2963 1049 de
2984 997 3178 1065 quibus
3206 999 3292 1053 ille
3315 1001 3597 1071 gaudebat,
3627 1005 3726 1077 ipsi
3759 1004 3858 1058 do-

2259 1079 2396 1135 lent.
2421 1081 2565 1136 Diem
2593 1093 2770 1139 autem
2791 1085 2963 1140 crucis
2986 1086 3070 1141 hic
3089 1087 3325 1144 indicare
3349 1101 3493 1159 puto,
3520 1110 3680 1163 quam
3706 1096 3856 1149 arie-

2265 1173 2332 1225 tis
2356 1183 2409 1228 ct
2439 1172 2596 1229 Isaaci
2625 1175 2884 1231 sacrificio
2916 1179 3365 1249 prmfiguraverat.
3395 1183 3532 1250 Quid
3562 1201 3691 1256 ergo
3737 1188 3859 1242 illi?

2259 1265 2352 1317 '57.
2390 1265 2740 1338 Quadraginta
2771 1269 2975 1322 "annos
3025 1272 3251 1326 nondum
3289 1273 3462 1342 habes,
3512 1288 3557 1332 et
3592 1279 3855 1332 Abraham

2262 1356 2471 1411 uidisti?
2513 1358 2693 1427 Itaque
2732 1361 3077 1430 quadraginta
3127 1379 3300 1420 annos
3329 1381 3497 1437 prope
3517 1369 3626 1438 jam
3655 1373 3855 1441 attige-

2263 1455 2342 1500 rat
2368 1447 2629 1503 Christus.
2674 1451 2812 1506 Dixit
2847 1454 2923 1506 cis
2971 1471 2985 1507 :
3030 1453 3340 1527 Priusquam
3388 1459 3644 1515 Abraham
3672 1465 3856 1532 fieret,

2259 1553 2352 1608 ego
2375 1555 2504 1593 simi.
2534 1541 2618 1595 59.
2653 1541 2718 1594 Et
2742 1554 3040 1612 acceperunt
3068 1546 3282 1618 lapides,
3319 1559 3372 1602 ut
3389 1553 3686 1621 jacerentin
3712 1571 3854 1609 eunt.

2267 1629 2449 1684 Vidcn‘
2490 1632 2758 1701 quomodo
2793 1649 2852 1689 se
2889 1635 3192 1692 Abrahamo
3224 1639 3478 1709 majorem
3507 1657 3625 1698 esse
3653 1645 3856 1714 proha-

2263 1721 2556 1790 verit?Qui
2583 1726 2728 1779 enim
2767 1727 2979 1797 gavisus
3023 1737 3107 1782 est
3146 1738 3202 1783 ut
3245 1731 3446 1787 videret
3493 1735 3658 1802 diem,
3709 1747 3763 1791 ct
3801 1740 3851 1791 id

2262 1812 2495 1880 Optabilc
2523 1819 2748 1883 putavit,
2773 1816 2887 1871 sine
2915 1817 3076 1872 dubio
3100 1819 3147 1873 id
3181 1819 3442 1876 beneficio
3484 1838 3603 1879 esse
3624 1829 3852 1895 putavit,

2262 1901 2400 1970 quod
2429 1903 2516 1959 ille
2543 1905 2714 1974 major
2739 1916 2903 1962 esset.
2935 1907 3065 1962 Nam
3091 1923 3210 1964 cum
3243 1910 3413 1966 Judaei
3446 1913 3593 1968 illum
3619 1915 3753 1971 fabri
3796 1923 3852 1970 ti-

2264 1992 2388 2046 Iimn
2417 1995 2654 2050 dicereut
2682 1996 2905 2067 (Matth.
2936 1999 3020 2054 l5.
3051 1999 3159 2070 55)
3185 2041 3198 2065 ,
3232 2016 3403 2071 neque
3442 2005 3673 2073 amplius
3699 2010 3851 2076 quid-

2259 2098 2418 2152 quam
2442 2085 2509 2140 dc
2537 2087 2626 2140 illo
2651 2088 3042 2155 existimarent,
3081 2092 3334 2160 paulatim
3358 2108 3451 2148 eos
3476 2096 3540 2148 ad
3573 2098 3856 2152 sublimio-

2263 2191 2373 2229 rem
2434 2177 2838 2248 intclligeutiam
2887 2182 3060 2253 erigit.
3098 2183 3237 2238 Cum
3290 2199 3418 2255 ergo
3456 2188 3742 2244 audierunt
3793 2207 3853 2246 so

2263 2267 2427 2324 Deum
2460 2285 2563 2324 non
2593 2286 2769 2339 nosse,
2799 2272 2851 2326 id
2875 2287 2978 2328 non
3022 2289 3164 2345 :egre
3194 2277 3458 2346 tulerunt;
3507 2297 3628 2335 eum
3669 2294 3852 2339 autem

2261 2359 2572 2427 audierunt,
2618 2362 2895 2432 Antequam
2935 2365 3379 2438 Abraham/iteret,
3413 2388 3504 2442 ego
3530 2391 3667 2441 sum,
3714 2392 3778 2431 ac
3807 2381 3851 2432 si

2260 2465 2443 2506 eorum
2468 2453 2713 2508 nobilitas
2741 2455 3110 2527 degeneraret,
3136 2471 3521 2531 cxasperantur
3545 2476 3599 2520 et
3643 2467 3850 2537 lapides

2257 2543 2477 2612 jaciunt.
2522 2545 2652 2599 Vidit
2684 2548 2816 2602 diem
2844 2565 3025 2612 meum,
3055 2559 3101 2604 et
3143 2553 3342 2623 gavisus
3385 2566 3477 2610 est.
3505 2556 3752 2614 Ostendit
3783 2577 3844 2615 se

2263 2649 2366 2687 non
2401 2635 2618 2690 invitum
2651 2637 2717 2691 ad
2747 2653 2956 2694 erucem
2987 2642 3168 2698 venire
3195 2661 3209 2697 :
3234 2643 3493 2714 siquidem
3519 2649 3700 2706 laudat
3726 2667 3850 2707 eum

2260 2726 2349 2794 qui
2379 2726 2444 2780 de
2464 2741 2619 2782 cruce
2637 2730 2851 2799 gaudet,
2879 2746 2997 2801 qua:
3020 2733 3165 2788 salus
3188 2736 3370 2791 mundi
3399 2748 3533 2794 erat.
3563 2739 3644 2796 Illi
3670 2753 3849 2798 autem

2262 2816 2561 2888 lapidabant
2593 2839 2604 2872 :
2635 2821 2699 2872 ita
2733 2830 2885 2876 erant
2926 2822 2992 2877 ad
3021 2824 3195 2879 credes
3219 2829 3420 2895 parati,
3472 2840 3527 2886 et
3575 2834 3696 2890 sine
3738 2836 3852 2890 ullo

2259 2909 2504 2964 examine
2545 2910 2592 2963 id
2635 2925 2698 2965 ex
2722 2926 2779 2966 se
2811 2912 3095 2968 faciebant.

2317 2996 2395 3050 In
2426 2999 2622 3053 Clu-isto
2641 3017 2752 3065 vos,
2790 3003 2939 3068 Sum,
2961 3006 3336 3074 perpetuitatem
3363 3009 3636 3081 signiﬁcat.
3660 3015 3851 3071 —Ct:r

2263 3105 2390 3145 vero
2413 3106 2515 3145 non
2542 3092 2696 3155 dixit,
2725 3093 3032 3164 Priusquam
3058 3097 3325 3153 Abraham
3352 3100 3523 3170 fieret,
3553 3120 3655 3175 ego
3678 3123 3846 3170 eram,

2261 3184 2377 3249 sed,
2414 3183 2522 3254 Ego
2549 3201 2657 3236 sum
2677 3186 2702 3238 .’
2722 3183 2871 3240 Sicut
2896 3186 3082 3258 ipsius
3109 3187 3267 3244 Pater
3299 3191 3384 3245 illa
3416 3208 3542 3250 usus
3565 3207 3648 3250 est
3679 3213 3812 3254 voce
3837 3243 3850 3267 ,

2263 3276 2408 3339 Sum,
2443 3276 2516 3330 sic
2539 3285 2592 3330 et
2619 3276 2726 3330 ille.
2757 3276 2877 3332 Ilaec
2898 3279 3093 3349 quippe
3118 3297 3214 3334 vox
3243 3282 3502 3352 significat
3524 3288 3850 3362 ipsumper-

2261 3376 2413 3435 pctue
2439 3381 2576 3428 esse,
2605 3369 2671 3419 ab
2701 3367 2844 3422 omni
2865 3367 3089 3424 liberum
3143 3381 3416 3442 tempore;
3457 3376 3687 3448 ideoque
3719 3384 3852 3453 ipsis

2261 3456 2565 3524 blaspbcma
2579 3472 2676 3510 vox
2692 3472 2810 3511 esse
2823 3458 3119 3512 videbatur.
3136 3460 3234 3527 Qui
3251 3477 3376 3518 vero
3387 3471 3850 3537 comparationem

2261 3547 2400 3600 illam
2425 3562 2543 3601 eum
2568 3547 3004 3604 Abrahamo-non
3029 3550 3290 3618 ferebant,
3321 3556 3441 3611 licet
3465 3558 3551 3614 illa
3572 3577 3678 3616 non
3705 3574 3852 3620 tanta

2248 3649 2399 3694 esset
2426 3658 2438 3706 ;
2468 3642 2509 3694 si
2543 3654 2684 3710 smpc
2715 3655 2773 3695 sc
2801 3641 2940 3696 Patri
2968 3655 3317 3713 cochuasset,
3342 3663 3520 3705 annon
3543 3652 3695 3708 illum
3729 3672 3852 3726 per-

2250 3739 2420 3797 .petuo
2479 3731 2868 3800 impctiissent?
2911 3733 3121 3788 Deinde
3176 3734 3305 3806 fugit
3357 3739 3547 3794 iterum
3611 3745 3851 3802 humano

2259 3835 2425 3886 more,
2457 3830 2509 3876 et
2533 3823 2812 3878 abscondit
2839 3840 2917 3892 se,
2945 3841 3064 3880 cum
3093 3828 3224 3883 satis
3244 3842 3338 3884 eos
3365 3831 3636 3892 docuisset
3667 3847 3724 3894 et
3754 3855 3851 3895 sua

2258 3912 2558 3981 implesset;
2610 3915 2769 3969 exivit
2801 3915 2868 3970 de
2897 3919 3120 3988 templo,
3152 3928 3208 3975 ct
3243 3925 3471 3980 secessit
3491 3926 3556 3980 ad
3585 3930 3719 3984 carci
3748 3947 3814 3987 cu
3836 3961 3850 3972 -

2259 4005 2538 4070 rationem,
2561 4006 2810 4074 operibus
2835 4006 2991 4063 fidem
3019 4009 3119 4062 sibi
3147 4014 3458 4081 concilians,
3486 4017 3627 4087 quod
3655 4035 3851 4093 nempe

2255 4105 2380 4148 ante
2424 4095 2691 4150 Abraham
2720 4106 2883 4153 esset.
2916 4099 3018 4155 Sed
3053 4100 3187 4156 forte
3218 4103 3360 4160 dicet
3401 4107 3670 4176 quispiam
3697 4130 3710 4163 :
3734 4111 3855 4168 Cur

2257 4186 2461 4241 illorum
2493 4196 2738 4242 conatum
2774 4203 2876 4244 non
2907 4189 3092 4260 fregit?
3132 4195 3208 4247 sic
3236 4196 3379 4250 enim
3404 4196 3540 4254 forte
3568 4203 3848 4259 credidis-

2254 4283 2393 4329 sent.
2437 4276 2790 4346 Paralyt-icnm
2833 4281 3058 4347 sanavit,
3111 4297 3211 4337 nec
3267 4285 3646 4357 crediderunt;
3700 4295 3848 4350 mille

2256 4367 2403 4434 signa
2435 4368 2576 4436 fecit,
2601 4369 2732 4458 eqin
2774 4371 2885 4440 ipsa
2913 4376 3159 4442 passione
3185 4379 3408 4447 supinos
3452 4380 3572 4439 illos
3607 4397 3848 4453 prostra-

2258 4459 2352 4524 vit,
2385 4459 2593 4513 illorutn
2624 4462 2806 4516 oculos
2837 4463 3230 4527 obtcncbravit.
3257 4478 3309 4523 et
3328 4486 3436 4526 non
3463 4476 3844 4543 crediderunt;

2254 4558 2307 4603 et
2336 4551 2600 4618 quomodo
2629 4553 3004 4624 credidissent,
3046 4558 3090 4611 si
3141 4561 3247 4614 vim
3291 4573 3344 4617 ct
3367 4575 3622 4622 conatum
3653 4585 3844 4628 eorum

2251 4641 2531 4696 solvisset?
2556 4645 2748 4699 Animo
2791 4646 2986 4715 quippe
3030 4647 3315 4718 desperato
3344 4655 3473 4710 nihil
3497 4657 3650 4727 pejus
3684 4679 3697 4716 :
3733 4664 3844 4719 sive

2252 4734 2400 4802 signa
2432 4735 2646 4801 viderit,
2677 4736 2788 4791 sive
2812 4737 3079 4807 prodigia.
3111 4741 3160 4795 in
3187 4743 3376 4799 eadem
3405 4760 3719 4816 perseverat
3743 4755 3846 4808 int-

2251 4823 2522 4892 pudeutia.
2559 4824 2687 4879 Nam
2717 4827 2922 4882 Pharao
2949 4830 3092 4883 mille
3117 4833 3282 4903 plagis
3313 4840 3565 4907 acceptis,
3597 4857 3723 4896 cum
3757 4863 3844 4898 ca-

2252 4914 2535 4985 stigaretur
2556 4926 2791 4985 tantum,
2822 4920 3192 4990 resipiscebat,
3226 4934 3281 4980 et
3305 4941 3471 4998 usque
3496 4931 3564 4985 ad
3595 4934 3840 4991 ultimum

2250 5005 2388 5060 diem
2419 5008 2555 5063 idem
2579 5012 2828 5078 perstitit,
2861 5013 2982 5068 iHos
3002 5029 3138 5084 quos
3155 5016 3434 5075 dimiserat
3461 5036 3840 5096 persequutus.

2253 5097 2373 5152 Ideo
2422 5099 2616 5154 Paulus
2654 5115 2797 5171 smpe
2834 5102 2983 5169 dicit,
3034 5105 3116 5159 Ne
3165 5107 3442 5166 obduretur
3465 5115 3578 5182 quis
3606 5133 3672 5171 ex
3701 5113 3838 5175 vobis

2247 5189 2457 5258 fallacia
2510 5183 2704 5261 peccati
2741 5193 2936 5263 (Hebr.
2965 5198 3016 5251 '5.
3047 5198 3138 5266 8).
3179 5199 3642 5266 Quemadmodum
3691 5215 3835 5267 enim

2245 5281 2386 5334 vires
2407 5284 2645 5350 corporis
2670 5285 2687 5314 ²
2710 5286 2926 5340 demum
2955 5290 3387 5360 exstinguuntur,
3411 5306 3463 5349 et
3479 5311 3695 5354 omnem
3715 5318 3835 5357 sen-

2310 5396 2324 5425 ¹
2361 5394 2630 5474 βίοιοιῃιιοδ
2653 5405 2757 5474 Mss.
2785 5406 2837 5448 et
3002 5401 3345 5474 Qhrysostomi,
3368 5414 3520 5474 atque
3543 5410 3608 5459 ita
3630 5412 3830 5474 legitur,

2241 5456 2484 5518 inquiunt,
2508 5459 2559 5527 in
2598 5459 2831 5527 quodam_
2853 5456 3113 5512 Barberino'
3154 5456 3345 5527 Codice.
3370 5456 3460 5517 sed
3479 5456 3830 5527 οιιόίυὶίῖξόζοῖ

2243 5520 2538 5598 Testﬂpenti
2565 5521 2918 5598 exemplarium
2936 5533 3138 5598 recepta
3163 5525 3311 5598 lectio
3335 5538 3438 5598 est,
3462 5520 3829 5598 quinquaginta:

2305 5580 2324 5608 ¹
2358 5577 2467 5638 Hic,
2494 5581 2645 5651 inquit
2667 5577 2828 5651 savii”
2851 5577 3163 5651 inserendum
3187 5577 3828 5651 conjicitdocjtiss‘i‘r'uug

2247 5640 2363 5717 sius),-
2389 5640 2572 5717 morbis
2584 5642 2822 5717 diuturnis
2843 5645 3118 5717 exhaustae,
3149 5658 3199 5697 et
3221 5640 3419 5717 qn'idem
3452 5640 3636 5717 aliquid
3644 5640 3826 5715 Ἠυξῦἱ-

2241 5700 2366 5770 modi
2389 5702 2654 5770 tlesiderari
2679 5704 2857 5754 clarum
2878 5717 2967 5755 est.
2985 5700 3164 5758 Verum
3185 5700 3450 5764 reclamant
3471 5700 3631 5768 nitidi;

2246 5761 2408 5822 plaria,
2437 5771 2487 5812 et
2509 5767 2577 5812 sic.
2601 5779 2742 5828 posse
2769 5777 2898 5817 stare
2925 5779 3114 5819 textum
3138 5773 3365 5826 arbitror.
