4054 6424
175 562 294 603 sum
325 539 576 596 amittunt
599 556 612 594 :
636 536 716 593 sic
740 544 797 592 et
824 531 999 589 anima
1028 529 1209 586 multis
1231 523 1515 582 allectibus
1541 521 1781 581 detenta,

174 638 243 694 ad
269 638 526 692 virtutem
555 629 611 686 [lt
643 628 789 683 velut
816 634 1050 682 mortua.
1073 619 1340 690 Quidquid
1373 617 1471 689 ipsi
1499 611 1781 677 obtuleris,

176 729 312 788 nihil
341 727 543 790 sentit;
576 721 672 778 sed
700 720 815 776 sive
859 717 1206 790 supplicium,
1248 714 1363 768 sive
1401 708 1618 782 quidvis
1639 704 1782 761 aliud

175 819 549 884 commincris,
575 817 691 871 sine
718 828 879 869 sensu
903 819 1105 867 manet.

247 915 303 970 '5.
336 911 525 969 Contra
543 906 740 962 invidos
760 923 778 972 ;
803 903 1005 958 luridus
1026 911 1083 956 ut
1105 901 1261 955 alium
1280 897 1610 970 καὶαι-τρια
1629 891 1782 963 perit.

201 1038 248 1052 -
267 1003 634 1074 Quamobrem
659 1042 672 1065 ,
722 999 948 1055 obsecro
971 1038 986 1063 ,
1026 995 1200 1050 donec
1224 1007 1374 1064 spem
1400 989 1588 1045 salutis
1620 985 1784 1041 habe-

177 1114 319 1163 mus,
343 1095 519 1151 donec
538 1089 776 1149 converti
801 1103 1108 1160 possumus,
1139 1084 1319 1140 omnia
1348 1082 1624 1138 faciamus.
1649 1077 1781 1133 Nam

172 1190 264 1261 qui
292 1201 456 1244 sensu
478 1194 683 1250 carent.
709 1192 979 1253 tamquam
996 1177 1386 1250 gubernatores
1411 1172 1778 1242 desperantes,

174 1259 369 1334 navem
400 1276 576 1332 ventis
604 1273 968 1337 committunt,
998 1268 1128 1323 nihil
1168 1282 1232 1321 ex
1264 1279 1323 1319 se
1352 1263 1674 1325 ail‘erentes;
1705 1259 1784 1314 sic

170 1385 232 1425 se
258 1369 497 1436 denique
521 1367 609 1421 isti
636 1371 848 1435 gerunt.
881 1361 1098 1416 Invidus
1144 1358 1245 1412 hoc
1274 1371 1437 1410 unum
1468 1360 1694 1422 spectat,
1727 1357 1808 1404 ut-

169 1463 530 1533 enpiditatem
571 1473 724 1514 suam
758 1455 980 1526 impleat
1022 1451 1167 1506 :etsi
1208 1447 1531 1518 supplicium
1553 1452 1612 1499 et
1635 1457 1780 1495 utor-

171 1564 281 1609 tem
307 1553 380 1607 sit
421 1551 715 1615 subiturus,
747 1545 997 1602 morbum
1035 1543 1200 1597 animi
1228 1549 1378 1594 curat
1408 1538 1617 1601 solum;
1648 1542 1707 1589 ut
1731 1544 1784 1589 ct

172 1644 479 1714 impudicus
523 1652 576 1696 et
632 1653 843 1694 avarus.
887 1636 940 1693 Si
999 1651 1129 1691 vero
1169 1643 1313 1689 tanta
1352 1631 1423 1687 sit
1467 1628 1781 1684 morborum

168 1737 338 1792 animi
371 1733 632 1807 tyrannis,
667 1730 836 1786 multo
861 1728 1036 1799 major
1066 1726 1278 1782 virtutis
1309 1725 1389 1777 vis
1433 1737 1554 1778 esse
1597 1719 1776 1774 debet.

169 1828 229 1884 Si
278 1835 505 1898 prOpter
560 1824 648 1879 iila
691 1830 918 1877 mortem
974 1817 1302 1890 despicimus
1328 1858 1343 1884 ,
1387 1822 1605 1885 prOpter
1645 1811 1782 1865 hanc

170 1921 343 1975 multo
374 1917 545 1988 magis
577 1914 956 1985 deSpiciamus.
987 1910 1044 1966 Si
1082 1924 1233 1964 suam
1266 1907 1340 1962 illi
1368 1905 1600 1960 animam
1628 1917 1782 1972 sper-

168 2023 329 2080 nunt,
356 2011 528 2064 multo
562 2009 731 2078 magis
762 2006 914 2061 nobis
942 2019 1038 2075 pro
1065 2003 1238 2058 salute
1270 1999 1449 2056 omnia
1477 1995 1779 2068 spernenda

166 2113 318 2158 suut.
353 2103 486 2170 Qua:
514 2100 657 2154 enim
690 2097 840 2151 uni-is
867 2097 974 2151 erit
998 2093 1293 2158 excusatio,
1342 2093 1385 2147 si
1423 2103 1545 2144 cutn
1593 2087 1664 2142 illi
1692 2087 1780 2157 qui

167 2204 423 2265 pereunt,
455 2200 654 2246 tantam
689 2187 942 2260 perniciei
971 2201 1085 2242 sua:
1110 2185 1240 2240 dant
1266 2196 1511 2255 operam,
1539 2194 1645 2235 non
1685 2193 1779 2249 pa-

167 2303 283 2343 rem
332 2299 434 2341 nos
476 2299 572 2356 pro
616 2281 788 2337 salute
825 2289 1004 2334 nostra
1031 2278 1405 2341 exhibeamus,
1439 2272 1533 2329 sed
1565 2286 1781 2342 semper

166 2379 371 2438 invidia
428 2374 808 2432 tabcscamus?
851 2373 993 2428 Nihil
1052 2371 1198 2427 enim
1240 2369 1437 2424 invidia
1489 2365 1678 2438 pejus;
1725 2372 1782 2418 ut

163 2473 333 2527 alium
365 2468 558 2541 perdat
584 2467 817 2533 invidus,
848 2465 965 2536 ipse
1005 2462 1356 2534 perit..lnvidi
1381 2461 1566 2516 oculus
1593 2458 1783 2513 dolore

165 2564 414 2628 tabescit,
453 2562 504 2616 in
534 2569 707 2616 morte
739 2561 867 2614 vivit
910 2568 1207 2629 perpetua,
1248 2571 1441 2612 omnes
1485 2555 1791 2610 arbitratur

163 2655 264 2710 sibi
297 2653 572 2718 inimicos,
600 2651 694 2722 qui
715 2650 876 2707 etiam
900 2649 1033 2704 nihil
1065 2664 1127 2705 se
1153 2649 1428 2705 heserunt.
1461 2647 1612 2701 Dolet
1636 2643 1780 2716 (ιιιοά

167 2749 306 2803 Deus
349 2747 674 2810 honoretur,
705 2743 906 2814 gaudet
933 2743 1000 2798 de
1030 2743 1224 2810 quibus
1269 2741 1480 2796 laetatur
1513 2739 1775 2795 diabolus.

167 2841 258 2896 Ille
281 2839 585 2899 honoratur
618 2837 688 2892 ab
717 2836 1061 2892 hominibus?
1092 2834 1197 2891 Sed
1231 2850 1337 2889 non
1361 2843 1445 2889 est
1467 2832 1554 2890 hic
1586 2831 1782 2897 honor,

165 2948 230 2990 ne
275 2932 545 2988 invideas.
582 2929 690 2989 Sed
725 2945 755 2985 a
795 2929 906 2985 Deo
944 2927 1281 2984 honoratur?
1324 2926 1540 2981 Imitare
1585 2923 1760 2979 illum.

1247 411 1311 469 IN
1346 403 1665 467 JOANNEM
1733 396 1962 457 liOMlL.
1999 394 2133 452 LVI.
2175 391 2243 450 ai.
2290 387 2400 450 bV.

3400 387 3505 445 506

1893 511 1995 569 Sed
2030 526 2135 566 non
2170 510 2287 566 vis?
2317 506 2429 563 Cur
2455 521 2588 579 ergo
2617 507 2847 577 tt-ipsmn
2901 505 3049 577 perdi
3095 506 3118 560 ἲ
3147 520 3245 561 cur
3289 505 3504 577 prnjicis

1894 605 1944 659 id
1971 603 2114 675 quod
2147 601 2351 658 habes?
2379 599 2494 656 Non
2525 608 2680 672 potes
2707 600 2784 655 illi
2827 615 2922 670 par
2951 613 3075 654 esse
3095 639 3112 666 ,
3143 613 3318 669 neque
3345 598 3505 653 virtu-

1894 705 1999 751 tem
2028 692 2285 766 assequi?
2304 707 2402 748 cur
2419 691 2676 746 malitiam
2700 689 3047 761 amplecteris
3062 688 3088 742 τ
3113 688 3400 758 Oportcret
3428 689 3502 741 illi

1890 787 2170 861 gratulari,
2197 797 2254 840 ut
2282 786 2326 840 si
2353 799 2461 841 non
2483 784 2659 854 possis
2688 782 2932 838 laborum
2954 796 3186 837 consors
3214 795 3356 846 esse,
3395 779 3502 834 sal-

1893 893 1998 937 tem
2023 895 2086 936 cx
2114 877 2577 950 ‘congratulatione
2616 877 2860 932 tuereris.
2910 874 3068 945 Smpc
3113 888 3347 944 namque
3378 888 3503 943 pro.

1891 973 2124 1044 positum
2167 970 2366 1026 sufﬁcit
2398 969 2464 1024 ad
2512 984 2766 1039 magnum
2815 966 3178 1037 pra-standum
3214 979 3372 1035 Opus.
3414 966 3503 1020 Ait

1890 1065 2087 1135 quippe
2114 1061 2361 1117 Ezechiel
2398 1057 2568 1131 (Cap.
2595 1062 2683 1116 55.
2715 1060 2779 1117 i5
2811 1062 2849 1126 ),
2877 1058 2999 1114 ideo
3019 1058 3280 1112 Moabitas
3301 1056 3499 1128 puniri,

1889 1157 2034 1228 quod
2105 1153 2176 1210 de
2223 1152 2586 1209 lsraelilarum
2660 1152 2814 1206 malis
2878 1151 3204 1221 gauderent:
3260 1150 3504 1220 aliosque

1889 1249 2116 1303 salutem
2148 1245 2428 1316 consequi,
2454 1244 2595 1314 quod
2625 1243 2694 1300 de
2734 1243 2964 1298 aliorum
2994 1241 3148 1298 malis
3176 1242 3501 1313 ingemisce-

1890 1348 2028 1395 rent.
2059 1337 2211 1407 Quod
2239 1338 2283 1392 si
2304 1336 2515 1406 aliquid
2540 1335 2664 1391 boni
2693 1345 2749 1392 et
2773 1335 2952 1391 solatii
2981 1336 3052 1390 sit
3077 1334 3142 1390 iis
3163 1335 3252 1406 qui
3281 1345 3504 1406 gemunt

1887 1433 1962 1490 de
1981 1432 2208 1488 aliorum
2242 1431 2418 1498 malis,
2439 1429 2625 1485 mutto-
2640 1429 2811 1500 magis
2839 1428 2905 1483 iis
2927 1428 3016 1498 qui
3048 1427 3117 1483 de
3139 1426 3367 1482 aliorum
3400 1426 3498 1480 ho-

1889 1525 2110 1581 noribus
2134 1523 2389 1594 gaudent.
2417 1521 2682 1577 Moabitas
2711 1520 2991 1576 incusabat
3018 1518 3170 1591 quod
3189 1518 3254 1596 de
3281 1517 3499 1574 lsraeli~

1891 1627 2062 1686 tarum
2092 1617 2246 1672 malis
2273 1614 2574 1687 gauderent
2607 1633 2620 1670 :
2656 1615 2802 1686 atqui
2837 1614 2977 1669 Deus
3005 1613 3302 1685 castigabat
3344 1613 3501 1671 illos:

1888 1713 1982 1769 sed
2008 1727 2114 1768 non
2142 1712 2255 1767 vult
2279 1725 2379 1767 nos
2405 1710 2643 1783 gaudere
2680 1709 2747 1765 de
2778 1709 3055 1780 suppliciis
3085 1707 3153 1763 ab
3200 1722 3259 1763 se
3289 1707 3454 1762 illatis
3488 1726 3500 1759 :

1889 1822 2064 1879 neque
2088 1807 2231 1862 enim
2278 1806 2490 1861 laetatur
2532 1803 2660 1859 dum
2693 1803 2994 1858 ulciscitur.
3039 1785 3194 1871 Quod
3225 1799 3270 1856 si
3300 1799 3499 1854 condn-

1888 1899 2106 1955 lendum
2132 1905 2210 1952 est
2234 1896 2584 1968 patientibus,
2613 1895 2785 1949 multo
2813 1895 2986 1964 magis
3017 1901 3234 1964 oportet
3268 1892 3505 1947 honora-

1894 1992 1961 2047 tis
1983 2005 2090 2047 non
2121 1991 2386 2045 invidere.
2415 1988 2505 2046 Sic
2527 1988 2803 2059 perierunt
2843 1985 2984 2042 Core
3037 1992 3094 2041 et
3131 1983 3361 2049 Dathan,
3411 1985 3501 2054 qui

1888 2098 2002 2149 eos,
2031 2082 2229 2155 quibus
2253 2081 2585 2148 invidebant,
2608 2077 3000 2150 splendidiores
3018 2076 3396 2143 reddiderunt,
3416 2090 3505 2132 sc-

1889 2193 2054 2250 seque
2079 2177 2269 2233 ultioni
2303 2175 2661 2231 tradiderunt.
2708 2173 2844 2230 Fera
2876 2172 3074 2242 quippe
3113 2180 3199 2227 est
3230 2185 3501 2225 venenosa

1891 2274 2110 2343 invidia,
2141 2273 2252 2330 fera
2277 2272 2521 2342 impura;
2548 2268 2752 2324 malitia
2785 2265 3105 2331 voluntaria,
3137 2280 3259 2336 quae
3290 2265 3502 2320 veniam

1891 2383 1998 2424 non
2027 2374 2319 2428 mereatur,
2353 2363 2589 2433 nequitia
2618 2377 2736 2432 qua:
2764 2358 2981 2416 delendi
3029 2358 3236 2428 nequit,
3261 2357 3502 2412 omnium

1891 2457 2156 2513 malorum
2179 2470 2340 2511 causa
2368 2460 2427 2508 et
2449 2461 2642 2507 mater.
2675 2451 2802 2507 ldco
2842 2451 2994 2504 illam
3013 2448 3276 2505 radicitus
3301 2447 3502 2504 evella-

1890 2551 2084 2616 lamus,
2109 2557 2167 2618 ut
2195 2557 2250 2603 et
2273 2563 2302 2601 a
2331 2546 2690 2618 przesentibns
2717 2544 2873 2600 malis
2896 2544 3211 2608 liberemur,
3240 2555 3293 2599 et
3323 2541 3501 2597 futura

1889 2654 2287 2711 consequamur
2307 2639 2472 2707 bona,
2505 2638 2676 2709 gratia
2705 2645 2760 2692 et
2795 2636 3126 2706 benignitate
3167 2635 3376 2690 Domini
3407 2650 3504 2689 no-

1891 2735 1988 2791 stri
2015 2733 2144 2791 Jesu
2168 2731 2393 2800 Christi,
2427 2746 2522 2802 per
2547 2745 2710 2803 quem
2738 2739 2792 2786 et
2830 2744 2954 2786 cum
2983 2745 3090 2802 quo
3130 2728 3275 2784 Patri
3307 2728 3500 2800 gloria,

1891 2827 2161 2898 simulque
2186 2824 2410 2898 Spiritui
2433 2833 2647 2892 sancto,
2676 2838 2821 2879 nunc
2845 2833 2901 2880 ct
2940 2838 3180 2895 semper,
3213 2829 3268 2878 et
3293 2822 3348 2877 in
3400 2834 3504 2876 ste-

1893 2919 2014 2975 cula
2040 2917 2385 2975 surculorum.
2419 2915 2613 2971 Amen.

1137 3057 3499 3086 W

1589 3125 1935 3192 HOMILIA
1968 3122 2134 3184 LVI.

165 3287 290 3343 Car.
342 3287 397 3344 9.
444 3301 499 3340 v.
537 3285 584 3340 I.
618 3282 1005 3355 Et‘prwteriem
1040 3279 1195 3336 Jews
1224 3279 1347 3335 vidit
1381 3278 1638 3333 hominem
1680 3289 1780 3329 ca:-

236 3397 352 3433 cum
383 3395 415 3431 a
446 3377 710 3432 nativitate
738 3374 828 3429 :2.
860 3385 907 3428 et
933 3374 1370 3442 interrogaverunt
1399 3385 1512 3423 eum
1538 3365 1779 3437 discipuli

238 3473 350 3542 ejus
368 3511 384 3536 ,
413 3471 639 3524 dicentes
665 3484 683 3523 :
715 3466 875 3521 Rabbi
891 3509 906 3532 ,
929 3466 1040 3537 quis
1065 3465 1305 3534 peccavit,
1323 3462 1428 3529 hic,
1456 3477 1523 3515 ιιιι
1547 3466 1780 3530 parentes

240 3564 351 3631 ejus
367 3608 380 3625 ,
415 3571 472 3613 ιιι
498 3574 660 3614 circus
687 3557 1017 3612 nasceretur?

247 3654 297 3710 l.
336 3650 402 3706 Et
433 3651 730 3722 prtam-iens
751 3649 906 3704 Jews
929 3649 1052 3704 vidit
1078 3648 1336 3702 hominem
1361 3661 1553 3702 cwcum
1589 3661 1621 3699 a
1649 3642 1782 3698 uati-

167 3746 344 3799 m’tate.
407 3743 688 3799 Numanus
735 3755 858 3797 cum
907 3742 1011 3806 sit,
1053 3752 1109 3796 et
1146 3747 1346 3795 nostra:
1387 3738 1576 3793 salutis
1625 3734 1780 3806 cupi-

164 3836 294 3900 dos,
346 3845 407 3889 ut
457 3834 826 3903 improborum
878 3847 974 3887 ora
1023 3831 1350 3899 Obstrueret,
1401 3830 1533 3885 nihil
1584 3828 1784 3884 omittit

167 3944 362 3984 eorum
390 3943 511 3998 quae
550 3925 808 3981 adhibere
839 3940 933 3996 par
957 3934 1097 3994 erat,
1139 3925 1242 3982 etsi
1271 3940 1432 3980 nemo
1456 3923 1505 3979 ei
1533 3921 1780 3978 attende.

168 4027 277 4076 ret.
311 4017 425 4073 lloc
463 4017 653 4072 videns
686 4017 945 4087 propheta
990 4016 1202 4072 dicebat
1244 4035 1257 4071 :
1310 4015 1375 4072 Ut
1400 4015 1703 4088 justiﬁccris
1731 4013 1782 4066 in

168 4132 208 4168 ε.
227 4110 492 4167 rmonilms
521 4110 641 4176 tuis,
675 4120 730 4165 ει·
753 4111 923 4165 vincas
950 4126 1065 4164 cum
1087 4107 1346 4180 judicaris
1376 4108 1551 4181 (Pref.
1585 4108 1673 4164 ὅθ.

172 4204 303 4259 ideo
323 4216 474 4258 mute
495 4245 510 4270 ,
544 4202 682 4272 quia-
704 4201 1002 4256 verborum
1042 4200 1426 4256 sublimitatem
1459 4217 1572 4256 non
1604 4204 1786 4271 capie-

171 4295 642 4363 bant,-_sed'etiam
673 4287 1071 4350 damnoniacum
1113 4293 1261 4348 illum
1295 4293 1578 4362 vocabant,
1624 4301 1786 4365 atque

173 4389 491 4444 interﬁcere
514 4385 822 4454 tentabant,
852 4403 883 4443 e
924 4387 1126 4457 templo
1151 4401 1423 4458 egressus,
1459 4402 1663 4443 cmcum
1694 4401 1785 4443 sa-

174 4493 290 4549 nat,
326 4489 386 4538 ut
425 4489 481 4536 et
522 4479 766 4536 absentia
793 4494 889 4536 sua
927 4479 1144 4535 illorum
1173 4479 1412 4536 furorem
1441 4480 1691 4546 sedaret,
1733 4490 1788 4536 et

175 4576 330 4646 signo
359 4573 506 4628 facto
531 4571 783 4628 duritiem
811 4572 1022 4627 illorum
1053 4571 1550 4643 immanitatemque
1577 4573 1786 4629 emolli-

177 4677 295 4732 ret,
327 4681 392 4721 ac
421 4665 584 4720 ﬁdem
613 4665 768 4720 dictis
797 4666 1145 4730 conciliaret;
1187 4666 1507 4737 signumque
1543 4667 1653 4722 edit
1681 4683 1785 4721 non

177 4759 399 4830 vulgare
419 4799 435 4825 ,
466 4757 560 4811 sed
588 4756 890 4827 quod"tune
925 4757 1154 4827 primum
1190 4759 1364 4812 visum
1398 4757 1588 4812 fuerat.
1621 4761 1662 4812 Α
1691 4775 1786 4813 εωο

178 4851 319 4917 culo,
343 4849 538 4920 inquit,
561 4865 663 4902 non
683 4857 754 4903 est
772 4849 1025 4916 auditum,
1049 4848 1187 4918 quod
1208 4852 1463 4921 aperuerit
1484 4851 1595 4916 quis
1612 4853 1787 4905 oculos

176 4945 297 5000 arci
326 4943 436 4997 nati
466 4941 655 5013 (Joan.
689 4942 742 4999 9.
770 4941 898 5013 52).
945 4941 1083 4997 Cmci
1115 4942 1257 4996 enim
1287 4941 1471 4997 oculos
1499 4943 1636 4998 ibrte
1666 4946 1785 5013 quis

177 5036 488 5105 aperuerit;
521 5034 649 5089 czeci
681 5033 788 5088 nati
822 5076 838 5102 ,
878 5049 982 5088 non
1021 5033 1168 5089 item.
1198 5034 1275 5089 Ac
1305 5034 1448 5104 quod
1479 5049 1728 5104 egressus
1757 5051 1790 5090 e

179 5128 380 5200 templo
423 5127 490 5182 ad
523 5127 626 5184 hoc
657 5128 780 5183 data
809 5142 975 5197 opera
1008 5129 1213 5182 venerit
1241 5177 1254 5194 ,
1292 5129 1415 5182 inde
1447 5129 1622 5198 palam
1663 5137 1745 5183 cst
1773 5181 1783 5195 ,

178 5222 318 5290 quiud
352 5222 467 5291 ipse
500 5235 703 5275 caecum
735 5220 961 5286 viderit,
991 5235 1169 5276 caecus
1201 5236 1330 5275 vero
1357 5221 1422 5275 ad
1457 5223 1631 5291 ipsum
1679 5237 1785 5276 non

180 5313 408 5367 venerit.
459 5312 524 5366 Et
567 5322 672 5365 tant
719 5311 1004 5383 diligenter
1053 5312 1200 5366 illum
1245 5313 1468 5367 intuitus
1496 5322 1618 5377 est,
1649 5322 1705 5368 ιιι
1737 5315 1790 5368 id

178 5405 426 5475 discipuli
475 5405 859 5471 adverterent,
904 5415 958 5460 et
998 5405 1062 5458 ad
1095 5406 1531 5477 interrogandum
1561 5408 1786 5464 induce-

180 5506 385 5549 rentur.
418 5493 679 5550 Videutcs
705 5497 848 5551 enim
879 5513 1003 5552 eum
1037 5495 1278 5552 studiose
1318 5499 1743 5568 conspicientem
1769 5543 1784 5566 ,

180 5586 654 5657 interrogaverunt
686 5604 808 5643 eum
841 5607 854 5645 :
888 5589 1012 5654 Qui;
1040 5590 1282 5658 peccavit,
1307 5591 1410 5656 hic,
1441 5599 1531 5642 aut
1552 5601 1788 5658 parentes

179 5678 286 5751 ejus
307 5679 334 5735 .’
361 5679 523 5735 Falso
554 5681 673 5735 nixa
703 5681 1073 5751 interrogatio.
1099 5681 1380 5750 Quomodo
1401 5685 1543 5738 enim
1570 5698 1789 5754 peccas-

178 5783 256 5826 set
282 5782 574 5841 antequam
605 5775 1240 5845 nasceretur‘tquomodo
1266 5775 1336 5830 ob
1361 5785 1639 5846 parentum
1667 5792 1788 5847 pec-

180 5876 353 5924 catum
402 5867 489 5922 hic
535 5869 746 5939 punitus
793 5871 974 5925 esset?
1025 5869 1307 5938 Quomodo
1356 5885 1484 5943 ergo
1532 5871 1596 5926 ad
1651 5869 1788 5929 lianc

1891 3273 2156 3324 venerunt
2183 3263 2701 3336 interrogationem?
2729 3263 2972 3318 Antehac
2997 3277 3119 3318 cum
3149 3237 3502 3336 paralyticnm

1885 3363 2132 3430 sanavit,
2182 3361 2318 3415 dixit
2365 3377 2378 3414 :
2425 3359 2554 3414 Ecce
2590 3375 2747 3413 satin:
2795 3359 2961 3426 [actus
3003 3374 3089 3422 es;
3135 3357 3244 3413 noli
3282 3358 3504 3429 amplius

1887 3469 2098 3526 peccare
2129 3451 2327 3524 (Joan.
2362 3452 2416 3507 5.
2454 3452 2522 3506 ii
2545 3450 2585 3521 ).
2623 3450 2879 3521 Discipuli
2923 3465 3054 3521 ergo
3094 3449 3504 3506 considerantes

1889 3546 2035 3601 illum
2060 3553 2283 3616 propter
2310 3550 2588 3614 peccatum
2607 3543 2662 3597 in
2688 3543 2956 3616 paralysin
2983 3542 3254 3606 incidisse,
3278 3541 3462 3600 dicunt
3490 3585 3502 3596 .

1889 3643 2042 3711 Esto,
2087 3640 2178 3696 ille
2206 3648 2427 3710 propter
2455 3647 2673 3708 peccata
2706 3639 2756 3692 in
2800 3637 3074 3709 paralysin
3117 3635 3406 3703 inciderit;
3437 3636 3507 3692 de

1889 3738 1993 3795 hoc
2034 3737 2162 3810 quid
2202 3735 2438 3792 dixeris?
2469 3749 2596 3789 num
2630 3733 2728 3790 hic
2763 3733 3046 3804 peccavit?
3090 3731 3285 3788 Verum
3317 3731 3367 3787 id
3399 3732 3505 3787 dici

1890 3832 2077 3901 nequit
2112 3846 2126 3883 :
2167 3845 2290 3884 nam
2322 3843 2352 3882 a
2398 3825 2678 3882 nativitate
2722 3839 2902 3881 caecus
2939 3834 3043 3880 est.
3075 3822 3214 3879 Num
3245 3823 3382 3878 forte
3410 3838 3506 3895 pa-

1890 3932 2071 3980 rentes
2106 3919 2261 3990 ejus?
2288 3918 2474 3989 Neque
2502 3917 2604 3973 hoc
2641 3916 2747 3972 dici
2790 3926 2965 3986 potest
3005 3933 3018 3970 :
3059 3914 3200 3970 [ilius
3230 3915 3373 3970 enim
3409 3930 3508 3985 pro

1892 4024 2042 4086 patre
2075 4029 2182 4068 non
2211 4011 2303 4066 dat
2332 4025 2543 4083 pmnas.
2581 4008 2649 4065 Ut
2696 4023 2826 4078 ergo
2861 4023 3086 4078 puerum
3128 4007 3320 4062 morbo
3352 4006 3496 4062 labo-

1893 4116 2101 4161 rantem
2142 4104 2389 4159 videntes
2415 4102 2647 4158 dicimus
2693 4119 2706 4156 :
2753 4101 2892 4170 Quid
2923 4101 2990 4157 de
3032 4101 3135 4156 hoc
3171 4099 3500 4168 dicendum,

1891 4197 2017 4267 quid
2070 4196 2195 4251 fecit
2241 4195 2327 4250 hie
2376 4193 2546 4264 puer?
2592 4209 2697 4248 non
2742 4193 3005 4263 rogando,
3039 4192 3134 4247 sed
3165 4191 3502 4251 dubitando:

1891 4289 1970 4343 sic
2000 4286 2254 4357 discipuli
2285 4300 2390 4341 non
2424 4295 2530 4340 tam
2564 4283 3132 4355 interrogandomiam
3164 4282 3462 4338 dubitando
3486 4324 3502 4350 ,

1894 4380 1945 4437 id
1967 4379 2246 4436 dicebant.
2278 4378 2578 4447 Quid-ergo
2602 4375 2852 4432 Christus
2874 4375 2898 4401 θ
2922 4377 2976 4430 3.
3008 4373 3061 4428 Ν
3068 4391 3190 4446 eque
3220 4375 3302 4429 hic
3327 4391 3508 4448 percu-
3572 4421 3575 4423 _

1890 4473 1986 4538 rit,
2015 4486 2173 4540 neque
2203 4479 2434 4542 parentes
2464 4469 2597 4540 ejus.
2620 4467 2775 4536 Quod
2804 4481 2913 4522 non
2940 4465 3072 4522 dicit
3091 4508 3108 4531 ,
3140 4476 3199 4521 ut
3226 4483 3323 4522 eos
3353 4481 3497 4537 pror-

1892 4578 1985 4618 sus
2026 4563 2264 4634 peccatis
2293 4561 2495 4617 liberos
2533 4560 2732 4616 indicet
2764 4559 2984 4631 (neque
3012 4561 3157 4615 enim
3189 4560 3508 4630 simpliciter

1891 4655 2062 4718 dixit,
2111 4652 2291 4724 Neque
2331 4654 2414 4707 hic
2451 4654 2712 4725 peccavit,
2763 4669 2924 4721 neque
2954 4663 3188 4722 parentes
3219 4655 3367 4724 ejus;
3410 4654 3505 4708 sed

1893 4747 2099 4802 addidit
2122 4764 2155 4800 ':
2191 4746 2260 4802 Ut
2289 4759 2465 4801 catcus
2493 4745 2846 4816 nasceretur)
2879 4744 2992 4818 (τι),
3025 4745 3121 4802 sed
3153 4755 3210 4800 ut
3234 4747 3508 4818 gloriﬁce-

1896 4849 1981 4893 tur
2009 4838 2178 4893 Filius
2211 4837 2326 4893 Dei.
2355 4836 2604 4892 Peccavit
2627 4853 2858 4908 namque
2888 4837 2975 4893 hic
3001 4846 3056 4894 et
3084 4847 3335 4908 parentes
3357 4839 3505 4909 ejus:

1892 4929 1986 4985 sed
2021 4944 2126 4984 non
2161 4929 2285 4984 inde
2316 4928 2532 4984 caecitas
2560 4930 2728 4984 venit.

1966 5020 2134 5076 Nemo
2174 5022 2238 5077 de
2273 5022 2491 5092 peccatis
2520 5023 2761 5089 aliorum,
2801 5035 2863 5078 ire
2902 5022 2976 5077 de
3012 5033 3278 5098 parentum
3306 5025 3506 5095 quidem

1893 5116 1980 5167 dat
2009 5131 2186 5184 pensa.
2217 5143 2287 5155 —-
2319 5115 2443 5170 llmc
2471 5130 2634 5185 porro
2658 5115 2810 5180 dicit,
2848 5131 2954 5171 non
2986 5127 3044 5172 ut
3075 5117 3360 5185 indicaret,
3399 5134 3508 5174 non

1895 5202 2037 5258 hunc
2066 5205 2315 5274 quidem,
2349 5205 2443 5260 sed
2475 5207 2614 5262 alios
2657 5205 2742 5262 his
2768 5206 2836 5262 de
2879 5208 3059 5263 causis
3093 5223 3268 5264 caecos
3303 5211 3501 5289 fuisse,

1894 5310 2090 5366 nempe
2118 5296 2189 5351 ob
2221 5306 2500 5367 parentum
2533 5297 2866 5367 iniquitatem
2899 5318 2917 5353 :
2944 5314 3118 5370 neque
3145 5301 3292 5355 enim
3337 5302 3494 5370 licet,

1893 5389 2000 5442 alio
2027 5400 2285 5458 peccante
2309 5432 2321 5455 ,
2351 5391 2515 5445 alium
2544 5392 2829 5462 castigare.
2860 5392 2992 5447 Nam
3023 5395 3067 5448 si
3101 5394 3203 5448 hoe
3235 5394 3494 5449 conceda-

1894 5496 2033 5546 mus,
2081 5481 2209 5534 illud
2254 5482 2416 5536 etiam
2462 5481 2826 5538 concedamus
2855 5493 3090 5553 oportet,
3137 5485 3310 5555 ipsum
3349 5495 3504 5539 ante-

1893 5587 2053 5642 quam
2083 5584 2400 5628 nasccretur
2429 5573 2758 5644 peccavisSe.
2793 5573 2860 5631 Ut
2882 5591 3011 5647 ergo
3039 5591 3161 5631 cum
3189 5577 3314 5630 dicit
3345 5618 3359 5643 ,
3396 5576 3507 5630 Ne-

1893 5682 1989 5735 que
2030 5665 2112 5718 Iu'c
2162 5666 2408 5736 peccavit,
2461 5681 2568 5722 non
2615 5666 2866 5740 intelligit
2909 5667 2979 5723 ab
3026 5678 3146 5725 ortu
3197 5669 3505 5741 ouempiam

1958 5820 2195 5890 (αλλιιιιιὶ
2230 5822 2526 5890 Ιιτροννριιια,
2571 5828 2620 5875 ut
2645 5837 2806 5878 cwcus
2848 5832 3120 5879 ttascerctut
3188 5839 3426 5890 nusquam
3450 5830 3498 5878 in

1897 5885 2160 5946 Evauguho
2185 5889 2520 5947 reperiuntur.
