4054 6444
568 427 664 479 507

571 548 790 604 peccare
811 543 858 584 et
890 527 1061 599 puni-i
1092 549 1103 581 :
1133 526 1210 580 sic
1235 538 1360 577 cum
1384 521 1532 582 dieit,
1562 518 1736 588 Neque
1762 525 1991 585 parentes
2015 527 2142 579 ejus,

570 643 673 679 non
699 622 933 676 declarat
962 616 1263 686 quempiam
1295 613 1362 666 de
1391 610 1624 682 peccatis
1657 616 1932 676 parentum
1965 614 2151 672 pennas

568 717 710 766 dare.
761 709 892 764 Nam
948 703 1243 760 Ezechielis
1291 717 1384 757 ore
1431 700 1567 754 hanc
1616 697 1752 752 tollit
1799 694 2143 764 opinionem:

581 804 697 856 i'ivo
727 817 816 871 ego
841 841 854 862 ,
884 798 1003 851 dicit
1034 796 1278 849 Dominus
1299 835 1313 861 ,
1341 795 1385 846 si
1407 793 1500 845 erit
1526 790 1630 843 hare
1659 784 1901 858 parabola
1928 784 2142 836 dicens:

573 894 750 948 Patres
794 890 1120 946 contem-runt
1157 889 1304 942 iwam
1332 884 1602 946 acerbam,
1643 891 1691 935 et
1729 882 1899 933 dentes
1924 876 2149 944 ﬁliorum

568 987 930 1054 obstupuerunt
958 976 1262 1051 (I'IzecltJS.
1282 977 1372 1032 3e:
1391 974 1466 1043 ‘2).
1495 973 1704 1042 Moyses
1733 970 1858 1024 item
1889 968 1960 1020 ait
1986 982 1998 1017 :
2024 963 2147 1018 Non

571 1075 810 1127 morietur
842 1082 983 1139 pater
1008 1084 1099 1138 pro
1128 1067 1236 1136 [dio
1264 1064 1440 1128 (Deut.
1467 1062 1558 1117 ξι.
1588 1061 1697 1128 16.).
1735 1060 1795 1114 Et
1823 1059 1889 1112 de
1918 1054 2151 1125 quod-am

572 1179 696 1233 rege
723 1162 866 1225 dicit,
900 1159 1039 1230 quod
1069 1164 1346 1228 propterea
1378 1153 1429 1208 id
1457 1168 1561 1206 nou
1592 1151 1793 1214 fecerit,
1823 1159 2040 1202 servans
2069 1144 2147 1199 le-

572 1271 687 1324 gem
715 1252 907 1322 Moysis
931 1251 1004 1322 (οὗ.
1037 1249 1161 1319 Reg.
1199 1247 1282 1301 l4.
1313 1247 1391 1314 6).
1424 1243 1578 1311 Quod
1619 1242 1662 1296 si
1703 1240 1822 1311 quis
1846 1236 2095 1306 ohjcccril
2131 1251 2144 1288 :

571 1347 850 1415 Quomodo
883 1360 1011 1412 ergo
1051 1341 1281 1396 dicitur:
1314 1337 1413 1403 Qui
1441 1335 1606 1390 reddit
1647 1343 1847 1403 peccata
1888 1338 2156 1400 parentum

571 1440 620 1490 in
671 1436 808 1504 ﬁlios
846 1451 1004 1504 usque
1045 1433 1112 1485 ad
1160 1431 1359 1484 tertiam
1403 1437 1450 1481 et
1502 1435 1739 1496 quartam
1779 1419 2156 1492 generationem

573 1528 744 1594 (Di-ut.
780 1527 831 1582 3.
861 1526 957 1590 9)?
989 1535 1306 1593 reponemus
1331 1563 1345 1586 ,
1389 1516 1708 1573 sententiam
1754 1527 1856 1566 non
1886 1524 2003 1564 esse.
2032 1507 2150 1560 nui-

575 1621 867 1682 wrsalem;
917 1616 1010 1671 sed
1060 1615 1128 1668 de
1177 1611 1490 1683 quibusdam
1537 1607 1662 1672 diei,
1706 1606 1793 1675 qui
1825 1617 1888 1657 ex
1919 1599 2151 1668 IEgvpto

573 1711 845 1772 exierant;
894 1706 993 1760 hoc
1023 1714 1123 1770 cst,
1166 1702 1297 1770 Quia
1341 1701 1374 1755 ii
1417 1699 1503 1768 qui
1532 1714 1594 1751 ex
1624 1696 1850 1767 Aﬁgypto
1878 1693 2148 1752 exierant,

573 1810 694 1871 post
723 1809 798 1854 tot
825 1801 969 1867 signa
992 1807 1043 1851 et
1069 1794 1302 1866 prodigia
1323 1789 1628 1862 parentibus
1658 1787 1768 1842 suis
1790 1785 1997 1854 pejores
2023 1796 2149 1836 cra-

573 1901 777 1953 srruut,
810 1891 896 1960 qui
945 1899 1120 1944 tamen
1168 1894 1423 1960 parentes
1461 1881 1598 1936 nihil.
1637 1880 1825 1932 horum
1875 1875 2148 1936 viderant,

575 1983 759 2036 eadem
793 1982 877 2035 illa
915 1981 1200 2049 patientur,
1227 1975 1415 2044 inquit,
1446 1986 1562 2042 qua:
1590 1968 1833 2041 illi‘\passi
1863 1975 2006 2028 sunt,
2030 1963 2151 2032 quia

574 2074 758 2127 eadem
790 2072 991 2125 scelera
1038 2074 1435 2138 perpetuarum.
1463 2063 1524 2116 Et
1563 2060 1703 2130 quod
1739 2073 1823 2112 res
1850 2057 1925 2109 sic
1957 2053 2152 2108 intelli-

574 2165 744 2234 genda
773 2164 839 2216 sit
869 2204 889 2228 ,
917 2159 1080 2230 probe
1113 2158 1307 2226 capiet,
1332 2156 1374 2210 si
1405 2154 1523 2225 quis
1552 2153 1726 2206 locum
1757 2149 2017 2217 exploret.
2045 2144 2155 2198 Cur

572 2274 700 2326 ergo
728 2270 902 2308 raecus
929 2263 1080 2307 natus
1110 2250 1233 2306 est?
1262 2248 1329 2305 Ut
1359 2247 1796 2316 ntauifestaretur,
1830 2238 2018 2306 inquit.
2045 2236 2150 2306 glo-

575 2350 651 2401 ria
683 2347 791 2400 Dei.
815 2346 944 2399 llinc
977 2357 1158 2398 rursus
1181 2339 1284 2395 alia
1314 2337 1550 2406 exsurgit
1570 2331 1796 2405 qmestio
1825 2348 1836 2379 :
1861 2329 1995 2383 Num
2026 2327 2148 2379 abs-

579 2455 680 2510 que
711 2438 864 2507 hujus
895 2435 1166 2506 punitione
1200 2473 1215 2496 ,
1247 2445 1351 2485 non
1383 2434 1591 2498 poterat
1634 2421 1801 2493 gloria
1849 2419 1939 2472 ltci
1985 2430 2151 2484 appa-

578 2509 738 2585 rere?
763 2528 921 2584 Certe
947 2542 1057 2581 non
1081 2525 1278 2580 dicitur
1304 2536 1417 2576 non
1439 2516 1708 2588 potuisse;
1741 2519 1945 2582 poterat
1971 2509 2110 2564 enim
2135 2523 2152 2559 :

574 2622 674 2677 sed
695 2630 749 2675 ut
789 2622 839 2675 in
872 2620 972 2674 boc
997 2618 1154 2674 etiam
1200 2621 1495 2684 appareret.
1533 2609 1742 2678 Ergone
1763 2647 1776 2671 ,
1809 2604 2047 2674 inquies,
2078 2602 2154 2654 iu-

572 2714 763 2783 juriam
804 2721 1018 2782 propter
1049 2710 1139 2764 Dei
1170 2707 1394 2777 gloriam
1434 2700 1678 2770 accepit?
1703 2701 1870 2766 Quam
1893 2737 1907 2761 ,
1936 2711 2117 2765 quasso
2137 2734 2152 2759 ,

576 2804 819 2873 iujuriam
838 2804 864 2854 ζλ
884 2803 993 2872 qui,
1022 2801 1066 2854 si
1094 2811 1359 2868 nunquam
1383 2795 1531 2849 illum
1557 2792 1698 2845 nasci
1724 2788 1980 2842 voluisset
2000 2787 2022 2839 ?
2044 2785 2155 2854 Ego

574 2911 701 2950 vero
746 2895 903 2948 etiam
948 2907 1014 2946 ex
1059 2889 1297 2944 cmeitate
1338 2882 1653 2940 beneﬁcium
1686 2879 1956 2947 accepisse
1995 2875 2151 2941 dico;

575 3003 696 3042 nam
743 2982 1083 3039 interioribus
1121 2992 1334 3050 quoque
1386 2975 1516 3030 vidit
1554 2972 1744 3028 oculis.
1789 2969 1923 3037 Quid
1971 2967 2157 3038 juvant

574 3078 712 3132 oculi
759 3075 1006 3130 Judazos?
1055 3072 1223 3140 Majas
1270 3068 1412 3124 enim
1458 3064 1774 3134 supplicium
1823 3060 2154 3122 habuerunt,

576 3167 715 3238 quod
745 3164 972 3219 videndo
999 3161 1123 3217 εξεθί
1152 3166 1350 3215 essent.
1383 3155 1520 3224 Quid
1550 3169 1677 3209 vero
1707 3151 1830 3206 huic
1855 3150 2035 3205 damni
2060 3149 2160 3203 fuit

576 3275 639 3314 ex
684 3257 921 3312 excitate
941 3255 969 3309 ?-
993 3253 1217 3322 Propter
1246 3250 1388 3304 illam
1415 3248 1584 3300 risum
1627 3243 1850 3312 accepit.
1894 3240 2073 3308 Itaque
2101 3246 2157 3293 ut

576 3351 709 3406 mala
743 3349 897 3419 hujus
921 3348 1062 3412 vitae,
1095 3344 1232 3398 mala
1275 3356 1380 3397 non
1425 3347 1583 3401 sunt;
1623 3337 1702 3391 sic
1729 3337 1866 3389 bona
1898 3349 2002 3387 non
2033 3339 2156 3386 sunt

576 3444 751 3507 bona;
792 3439 883 3494 sed
918 3453 1077 3493 unum
1107 3443 1381 3506 peccatum
1417 3431 1614 3486 malum
1642 3436 1720 3484 est
1742 3427 1998 3492 ,,c:ecitas
2029 3439 2158 3479 vero

577 3549 681 3587 non
708 3532 865 3586 mala.
898 3530 1000 3598 Qui
1023 3538 1198 3583 autem
1221 3541 1288 3580 ex
1321 3523 1488 3579 nibilo
1517 3520 1781 3592 producit,
1813 3516 1982 3587 potuit
2007 3516 2154 3570 illum

575 3627 652 3680 sic
679 3625 998 3693 relinquere.
1027 3620 1250 3687 Quidam
1279 3631 1405 3672 vero
1447 3613 1632 3669 dicunt
1674 3612 1811 3665 hanc
1842 3607 2155 3678 particulam

580 3735 685 3774 non
737 3733 854 3772 esse
897 3715 1191 3778 causalem,
1220 3710 1312 3766 sed
1355 3725 1418 3765 ex
1462 3715 1654 3762 eventu
1687 3703 1832 3768 dici;
1865 3711 1920 3755 ut
1945 3699 2157 3770 quando

575 3812 702 3866 dii-it
731 3829 744 3865 :
772 3809 837 3862 In
859 3807 1110 3878 judicium
1140 3805 1248 3857 teni
1291 3803 1341 3855 in
1382 3800 1514 3852 Imm:
1545 3795 1819 3857 tumulum,
1854 3801 1908 3845 ut
1937 3808 2035 3844 non
2077 3790 2154 3843 ri-

574 3905 747 3955 dentes
788 3899 1004 3961 rideant,
1035 3906 1080 3949 et
1106 3895 1191 3966 qui
1219 3893 1405 3954 rident,
1435 3889 1552 3942 ea'ci
1584 3888 1708 3955 [iant
1737 3883 1916 3954 (Joan.
1951 3883 2002 3936 9.
2037 3880 2152 3949 59).

575 3993 688 4048 Non
715 3991 854 4045 enim
881 3989 1024 4044 venit
1064 3995 1120 4041 ut
1163 3986 1403 4039 videntes
1447 3979 1579 4035 CtI‘Ci-
1606 3979 1812 4033 ﬁerent.
1849 3975 1915 4031 Et
1945 3989 2157 4029 rursum

577 4085 771 4139 Paulus
803 4099 819 4136 :
862 4081 995 4134 Nam
1026 4077 1161 4149 quod
1187 4086 1361 4130 notum
1387 4083 1461 4127 est
1496 4071 1619 4131 Dei,
1650 4071 1973 4138 manifestum
2002 4075 2073 4119 est
2104 4064 2155 4117 in

575 4179 700 4242 iiiis,
730 4188 783 4230 ut
813 4177 911 4228 sint
941 4171 1302 4228 inexcusabile:
1331 4169 1504 4237 (llam.
1541 4167 1594 4222 1.
1624 4162 1733 4231 l9).
1764 4160 1876 4216 Etsi
1903 4176 2004 4214 non
2039 4159 2161 4213 ideo.

576 4266 1029 4326 uiauifestat'crit,
1082 4273 1136 4317 ut
1182 4244 1525 4315 excusatione
1571 4255 1928 4324 privarentur,
1975 4250 2068 4305 sed
2102 4259 2159 4304 ut

575 4364 717 4416 illam
747 4359 1023 4413 baberent.
1060 4355 1125 4407 Et
1157 4367 1364 4404 rursum
1393 4348 1552 4412 alibi,
1587 4345 1694 4398 Lea'.
1722 4352 1888 4395 autent
1917 4341 2160 4394 subintro-

575 4453 667 4516 uit,
711 4459 761 4504 ut
805 4446 1082 4501 abundaret
1127 4442 1358 4494 delirttmt
1392 4437 1410 4508 (
1437 4436 1583 4488 Itoni.
1617 4435 1668 4489 5.
1701 4432 1773 4486 9.0
1867 4430 2026 4501 Atqui
2054 4445 2158 4484 non

576 4545 697 4600 ideo
722 4522 1059 4601 su-biutravit,
1086 4534 1175 4589 sed
1210 4541 1264 4586 ut
1288 4530 1627 4585 eohilieretur
1660 4531 1955 4594 peceatum.

646 4634 701 4688 2.
749 4629 933 4684 Vide-u‘
965 4627 1159 4696 ubique
1202 4621 1511 4676 adverbium
1547 4633 1612 4672 ex
1641 4624 1833 4669 eventu
1882 4610 2044 4683 poni?
2093 4611 2156 4666 Ut

577 4727 718 4777 enim
763 4721 1085 4774 architectus
1133 4716 1366 4785 optimus
1412 4719 1612 4781 partem
1669 4707 1860 4761 (odium
1909 4704 2152 4775 perfecit,

579 4823 781 4886 partem
826 4808 1185 4878 imperfectam
1215 4804 1424 4873 rctiquit
1445 4843 1461 4866 ,
1491 4810 1546 4853 ut
1572 4815 1634 4854 ex
1665 4797 1878 4852 residuo
1908 4794 2044 4864 apud
2078 4795 2157 4847 in-

579 4905 827 4961 credulos
867 4903 932 4954 de
973 4910 1081 4953 toto
1125 4911 1244 4950 sese
1272 4893 1517 4948 defendat
1548 4909 1560 4944 :
1591 4891 1657 4943 ita
1700 4898 1751 4941 et
1794 4887 1933 4941 Deus
1963 4899 2158 4953 corpus

578 5005 817 5052 tmstrmu
863 4990 1190 5059 rouglutinat
1244 4995 1298 5039 et
1351 4983 1570 5054 perﬁcit,
1627 4991 1894 5050 tamquam
1939 4977 2154 5031 domum

577 5087 856 5156 t|tl.tttltltltll
887 5082 1174 5143 labantem,
1199 5092 1320 5131 cum
1351 5091 1562 5128 manum
1584 5071 1787 5126 aridam
1809 5077 1984 5132 sanat,
2007 5082 2158 5135 para~

581 5179 722 5249 tytiei
743 5174 977 5230 metubra
1001 5172 1194 5231 ﬁrmat,
1220 5166 1437 5222 claudos
1459 5165 1632 5233 erigit,
1654 5163 1894 5232 leprosos
1915 5156 2155 5222 mundat,

578 5247 750 5338 a'gros
776 5273 946 5328 sanat,
975 5275 1127 5317 crura
1154 5258 1346 5313 debilia
1374 5253 1674 5315 conﬁrmat,
1710 5258 1953 5304 mortuos
1984 5247 2155 5302 susci-

580 5373 648 5414 tat
676 5401 688 5421 ,
721 5358 932 5412 clausos
958 5353 1138 5407 oeulos
1167 5350 1363 5420 aperit,
1395 5361 1498 5399 non
1532 5343 1746 5398 habenti
1776 5341 1962 5396 oculos
1984 5341 2154 5393 visum

581 5455 686 5506 dat.
719 5451 848 5518 Quae
876 5445 1051 5500 omnia
1083 5444 1304 5496 inﬁrma:
1347 5450 1549 5494 naturze
1581 5434 1702 5488 vitia
1742 5433 1868 5487 dum
1900 5430 2153 5500 corrigit,

583 5550 898 5612 potestatem
935 5534 1170 5591 ostendit
1197 5548 1365 5587 suam.
1395 5531 1526 5585 Cum
1556 5527 1684 5582 dicit
1712 5534 1887 5580 autem
1907 5565 1920 5588 ,
1954 5522 2020 5576 Ut
2045 5540 2154 5576 ma.

579 5638 838 5702 ιιὸμοδιειιιι-
865 5630 1027 5702 gloria
1070 5626 1202 5690 Dei,
1243 5625 1308 5679 de
1348 5638 1438 5689 sc,
1473 5637 1577 5676 non
1608 5619 1674 5673 de
1703 5618 1862 5672 Patre
1903 5615 2153 5684 loquitur.

581 5728 724 5778 Illius
755 5724 946 5792 quippe
973 5719 1137 5790 gloria
1171 5716 1446 5770 manifesta
1476 5723 1611 5769 erat.
1640 5711 1771 5776 Quia
1799 5706 1940 5763 cnitn
1969 5706 2154 5760 audie-

580 5827 716 5884 rant,
757 5815 957 5882 Deum,
993 5828 1111 5869 cum
1158 5809 1426 5867 hominem
1475 5805 1746 5870 formarat,
1789 5800 2061 5870 accepisse
2088 5799 2151 5855 li-

1305 412 1361 463 S.
1401 407 1678 463 ,ΙΟΧΝΝΙΞ
1715 397 2188 459 ειιιιγδυειτωιι
2222 397 2530 450 AltCllil-Ll’.
2572 393 3107 447 COXS’I'ANTIXUP.

3754 395 3850 448 τι·ιά

2257 525 2401 562 ιιιιιιιι
2431 509 2497 562 de
2527 519 2669 562 terra
2695 523 2710 564 :
2743 507 2866 562 ideo
2893 507 2969 558 sic
2998 506 3083 559 ille
3113 505 3282 558 lntunt
3328 504 3594 558 innuat-it.
3621 505 3676 557 Si
3710 509 3850 559 eu‘m

2253 598 2474 653 dixisset
2502 617 2514 653 :
2545 600 2654 668 ligo
2682 613 2799 652 sum
2837 599 2924 668 qui
2970 597 3149 665 accepi
3187 596 3455 665 pulverem
3483 595 3548 648 de
3591 605 3733 649 terra
3756 639 3771 662 ,
3801 608 3851 650 et

2255 688 2523 743 hominem
2563 691 2785 743 formari
2809 731 2821 751 ,
2861 689 2910 742 id
2942 687 3275 741 auditoribus
3302 687 3582 742 oﬁ‘eusioni
3626 687 3850 752 fuisset;

2255 781 2340 834 ubi
2371 798 2497 836 vero
2523 780 2574 835 id
2604 782 2719 851 ipso
2747 796 2910 850 opere
2931 779 3186 846 oSIendit,
3213 795 3318 834 non
3348 795 3646 850 repugnare
3670 789 3849 849 potae.

2255 884 2400 927 runt.
2433 875 2665 942 Accepto
2692 874 2869 942 itaque
2894 874 3139 943 pulvere,
3171 887 3330 942 quem
3359 888 3480 927 cum
3510 881 3670 942 sputo
3697 884 3848 928 com-

2255 963 2489 1028 miscuit,
2517 964 2592 1017 sic
2618 963 2884 1017 occultam
2913 963 3139 1032 gloriam
3168 977 3318 1016 suam
3348 962 3688 1016 manifestam
3725 963 3846 1017 reil-

2254 1053 2406 1108 didit.
2455 1053 2570 1108 Non
2613 1070 2773 1123 parva
2817 1054 2960 1108 enim
3009 1054 3174 1123 gloria
3217 1061 3353 1116 erat,
3394 1053 3536 1123 quod
3584 1063 3856 1108 creatura:

2254 1145 2430 1214 Opifex
2463 1154 2756 1214 putaretur.
2809 1146 2881 1199 Ex
2913 1144 3014 1199 hoc
3039 1145 3182 1198 enim
3213 1153 3408 1198 caetera
3436 1144 3813 1212 sequebantur
3841 1161 3853 1196 :

2253 1249 2316 1287 ex
2365 1245 2516 1302 parte
2560 1244 2728 1289 totum
2759 1234 3097 1288 credebatur.
3131 1233 3346 1302 Majoris
3373 1249 3602 1303 namque
3631 1232 3772 1288 ﬁdes
3805 1234 3856 1286 id

2254 1325 2392 1394 quod
2421 1325 2594 1379 minus
2619 1335 2733 1379 erat
2754 1323 3125 1378 conﬁrmabat.
3154 1324 3466 1378 Creatarutn
3495 1327 3638 1379 enim
3670 1342 3853 1379 rerum

2255 1414 2490 1467 onmium
2533 1415 3003 1482 priestautissimus
3037 1423 3119 1468 est
3150 1413 3346 1480 homo,
3388 1423 3443 1469 et
3485 1415 3856 1469 mcmln‘orum

2259 1505 2700 1572 pretiosissimtun
2743 1515 2825 1558 est
2862 1505 3050 1559 oculus
3083 1523 3095 1558 :
3126 1504 3327 1558 idcirco
3356 1522 3463 1557 non
3496 1506 3818 1574 simpliciter
3839 1547 3854 1559 .

2257 1598 2348 1652 sed
2395 1598 2485 1652 illo
2517 1597 2676 1653 modo
2707 1597 2791 1651 hic
2823 1598 3006 1653 oculos
3033 1599 3252 1652 ereavit.
3301 1598 3409 1651 Etsi
3440 1599 3582 1650 enini
3623 1612 3858 1665 parvum

2255 1691 2323 1743 sit
2368 1690 2686 1752 membrum,
2732 1699 2814 1744 est
2841 1701 3013 1744 tamen
3062 1689 3291 1742 maxime
3335 1688 3697 1741 neccsmrium
3726 1703 3858 1741 eor.

2260 1783 2368 1850 pori
2409 1797 2422 1835 :
2454 1781 2553 1835 ltoc
2583 1781 2779 1835 Paulus
2805 1781 3038 1834 declarat
3069 1797 3080 1832 :
3113 1777 3178 1830 Et
3222 1779 3267 1831 si
3307 1778 3490 1831 dixerit
3527 1779 3666 1831 auris
3686 1819 3700 1842 ,
3733 1775 3860 1830 Non

2256 1890 2366 1925 sunt
2388 1875 2563 1926 oculus
2583 1915 2595 1938 ,
2629 1889 2728 1925 non
2755 1889 2865 1925 sum
2895 1873 2956 1925 de
2985 1887 3196 1939 corpore
3225 1887 3242 1924 .'
3275 1886 3394 1923 num
3421 1870 3532 1923 idco
3560 1887 3660 1923 non
3689 1882 3764 1922 est
3797 1874 3862 1923 de

2257 1981 2463 2034 corpore
2490 1966 2562 2035 (1.
2596 1963 2714 2018 Cor.
2748 1962 2832 2016 1'2.
2863 1963 2984 2032 ‘16)?
3010 1961 3200 2016 Omnia
3233 1961 3428 2030 quippe
3456 1977 3576 2029 que
3611 1961 3664 2014 in
3697 1961 3860 2014 nobis

2258 2066 2402 2121 sunt,
2434 2056 2669 2109 divinam
2705 2055 2988 2124 potentiam
3021 2053 3424 2115 demonstrant;
3471 2051 3639 2105 multo
3684 2053 3860 2120 magis

2257 2150 2443 2202 oculus
2464 2190 2478 2214 ,
2527 2149 2613 2217 qui
2649 2157 2814 2201 totmn
2841 2161 3033 2215 corpus
3064 2145 3343 2214 gubernat,
3377 2145 3464 2214 qui
3513 2145 3607 2198 loti
3639 2146 3860 2214 corpori

2259 2239 2703 2309 pulchritudinem
2736 2238 2862 2291 indit
2886 2278 2901 2303 ,
2940 2237 3029 2306 qui
3061 2236 3250 2290 faciem
3279 2245 3430 2288 ornat
3455 2277 3469 2299 ,
3512 2236 3600 2305 qni
3634 2235 3859 2289 lurcrna

2256 2339 2334 2384 est
2365 2331 2601 2383 ontuium
2635 2329 3020 2382 membrorum.
3057 2326 3188 2380 Nam
3223 2326 3363 2394 quod
3396 2326 3473 2378 Sui
3503 2336 3583 2378 est
3609 2325 3725 2378 orbi
3753 2368 3768 2388 ,
3808 2328 3858 2378 id

2257 2421 2440 2474 oculus
2465 2431 2544 2473 est
2574 2421 2805 2488 corpori.
2835 2419 2888 2473 Si
2925 2419 3091 2472 silem
3124 2417 3450 2486 exstinguas,
3474 2416 3652 2469 omnia
3679 2418 3864 2485 perdi-

2259 2512 2401 2577 disti,
2444 2512 2618 2564 omnia
2673 2511 2892 2563 turbasti
2936 2509 3022 2562 :si
3068 2508 3377 2576 exstinguas
3421 2507 3640 2563 oculos.
3693 2507 3859 2574 pedes

2259 2611 2382 2654 sunt
2410 2601 2642 2663 inutiles,
2677 2607 2886 2660 mau'us,
2914 2599 3038 2652 item
3065 2598 3174 2665 ipsa
3207 2597 3402 2649 anima.
3433 2593 3680 2664 Cognitio
3711 2599 3858 2648 ι-ιιῑιιι

2260 2693 2340 2745 bis
2388 2691 2718 2746 labefactatis
2763 2692 2871 2745 abit
2913 2709 2924 2743 :
2970 2690 3050 2742 bis
3099 2704 3325 2757 namque
3379 2689 3542 2741 licunt
3583 2690 3858 2740 norimus.

2258 2783 2540 2837 l'nvisibilia
2571 2784 2700 2836 enim
2741 2783 2928 2849 ipsius,
2971 2796 3001 2832 a
3031 2789 3264 2833 creatura
3301 2779 3506 2845 tumuli,
3541 2794 3631 2847 per
3657 2795 3715 2830 en
3745 2795 3862 2842 quo:

2261 2879 2392 2946 facta
2417 2884 2555 2942 sunt,
2584 2874 2855 2940 intellecta,
2889 2873 3268 2941 conspiciuntur
3302 2871 3473 2940 (liam.
3508 2872 3557 2924 l.
3588 2867 3705 2938 ‘20).
3742 2870 3859 2923 Non

2260 2983 2386 3038 ergo
2418 2967 2628 3036 corpori
2676 2965 2849 3028 solum
2897 2964 3107 3018 lucerna
3160 2972 3242 3017 cst
3288 2963 3494 3027 oculus,
3539 2961 3633 3016 sed
3661 2961 3862 3016 anima:

2262 3059 2562 3128 plusquam
2591 3058 2821 3125 corpori.
2855 3057 3193 3125 Quapropter
3228 3070 3324 3108 ceu
3357 3054 3407 3107 iu
3441 3055 3588 3123 regio
3621 3055 3858 3123 quodam

2262 3152 2380 3204 loco
2410 3164 2645 3218 superne
2676 3148 2899 3210 locatur,
2931 3147 3247 3214 carterisqnc
3275 3146 3655 3214 superponitur
3682 3148 3862 3199 sensi-

2262 3239 2379 3297 bus.
2407 3240 2555 3294 Ilunc
2582 3240 2758 3307 itaque
2786 3236 3001 3291 format.
3039 3235 3239 3290 Deinde
3266 3251 3330 3288 ne
3355 3246 3507 3303 putes
3531 3236 3705 3304 ipsum
3740 3252 3859 3289 ma-

2262 3334 2391 3388 teria
2435 3345 2570 3401 opus
2607 3330 2858 3385 habuisse
2901 3330 2964 3382 ad
2995 3328 3280 3398 agendum,
3315 3336 3368 3383 ct
3398 3327 3573 3382 discas
3607 3343 3714 3380 non
3747 3330 3864 3382 luto

2260 3440 2393 3496 opus
2422 3425 2667 3479 habuisse
2699 3423 2848 3477 initio
2876 3422 3018 3492 (nam
3046 3421 3132 3491 qui
3163 3420 3489 3475 substantias
3521 3421 3756 3487 majores
3787 3439 3856 3476 ex

2260 3518 2428 3572 nihilo
2469 3516 2735 3586 produxit,
2781 3515 2947 3569 nmlto
2989 3517 3156 3583 magis
3183 3513 3320 3566 hanc
3362 3515 3478 3567 sine
3507 3515 3702 3581 praevia
3738 3530 3861 3569 ma-

2263 3612 2397 3663 teria
2440 3607 2719 3676 fecisset):
2774 3615 2829 3659 ut
2871 3620 2999 3674 ergo
3040 3605 3213 3659 discas
3259 3604 3482 3681 illanon
3527 3605 3862 3674 indiguisse,

2261 3701 2459 3756 docens
2508 3716 2568 3755 se
2614 3700 2922 3754 Creatorem
2979 3699 3029 3752 in
3077 3698 3337 3767 principio
3381 3698 3568 3766 fuisse,
3611 3701 3868 3768 apposito

2262 3794 2372 3848 luto
2415 3792 2541 3848 dicit
2597 3791 2676 3861 (υ.
2708 3791 2780 3863 7)
2813 3810 2824 3845 :
2861 3789 3028 3856 l'ade,
3076 3791 3266 3855 lavare,
3300 3798 3352 3843 ut
3387 3789 3649 3857 intelligas
3679 3805 3768 3844 me
3796 3790 3865 3844 ad

2263 3885 2569 3940 (mutandos
2597 3885 2782 3938 oculos
2814 3884 2922 3936 luto
2951 3895 3084 3949 opus
3117 3896 3221 3933 non
3264 3879 3460 3933 habere
3484 3920 3498 3945 ,
3529 3879 3620 3932 sed
3657 3890 3714 3933 ιιι
3743 3897 3864 3934 ma-

2263 3979 2541 4034 nifeslelur
2580 3977 2629 4030 itt
2673 3979 2787 4044 ipso
2832 3975 2998 4046 gloria
3043 3988 3180 4027 mea.
3213 3971 3362 4039 Quod
3394 3971 3535 4026 enim
3581 3971 3650 4025 de
3675 3972 3866 4041 seipSu

2263 4073 2507 4143 loquatur
2533 4085 2655 4125 cum
2687 4069 2835 4134 dicit,
2868 4067 2932 4122 Ut
2960 4066 3306 4134 manifestetur
3335 4064 3499 4134 gloria
3540 4063 3668 4130 Dei,
3715 4066 3867 4118 intu-

2264 4166 2352 4227 lit,
2385 4166 2438 4219 4.
2474 4161 2561 4216 Me
2587 4169 2781 4231 oportet
2822 4164 2988 4230 facere
3033 4172 3190 4225 Opera
3220 4157 3330 4224 ejus
3373 4155 3460 4223 qui
3497 4154 3634 4206 mis-it
3663 4171 3778 4216 me;
3814 4157 3866 4210 iil

2263 4265 2341 4311 est
2364 4297 2378 4321 ,
2410 4254 2631 4323 Oportet
2663 4267 2748 4305 me
2780 4248 3119 4302 manifestare
3149 4247 3409 4316 meipsum
3437 4261 3452 4310 ;
3486 4254 3541 4298 et
3562 4261 3623 4298 ea
3655 4244 3866 4313 r:|Cl'l‘t"

2265 4364 2381 4415 quae
2422 4346 2795 4401 demonstrare
2824 4341 3029 4410 possint
3059 4353 3145 4392 me
3173 4337 3358 4392 eadem
3399 4336 3576 4391 facere
3607 4353 3727 4406 (pne
3761 4339 3866 4390 l‘a-

2268 4451 2346 4491 ter
2375 4437 2531 4502 facit;
2564 4451 2668 4489 non
2702 4431 2921 4494 similia,
2961 4430 3053 4484 sed
3081 4431 3290 4493 eadem,
3319 4427 3459 4498 quod
3493 4429 3754 4493 majorem
3787 4432 3830 4482 si
3851 4462 3867 4471 -

2265 4531 2480 4599 gniﬁcat
2525 4527 2905 4598 aequalitatem,
2952 4524 3250 4591 diciturque
3297 4521 3365 4575 de
3417 4522 3510 4586 iis,
3553 4523 3640 4591 qui
3679 4539 3746 4574 ne
3782 4528 3865 4577 \el

2265 4622 2526 4676 tantillum
2555 4618 2846 4687 inaequales
2877 4624 3020 4669 sunt.
3063 4614 3192 4683 Quis
3221 4626 3348 4683 ergo
3371 4612 3479 4681 jam
3512 4615 3868 4669 contradixe-

2263 4716 2366 4776 rit,
2398 4711 2583 4766 videns
2614 4723 2734 4764 eum
2764 4707 2952 4762 eadem
2980 4720 3138 4775 posse
3168 4719 3288 4773 qua:
3319 4703 3476 4758 Pater
3503 4706 3714 4773 potest?
3743 4705 3863 4759 Non

2265 4802 2426 4857 modo
2454 4802 2594 4856 enim
2623 4798 2811 4853 oculos
2842 4795 3118 4859 formavit,
3153 4808 3251 4847 nec
3297 4794 3470 4848 solum
3499 4794 3729 4863 aperuit,
3762 4794 3863 4850 sed

2265 4905 2318 4949 et
2347 4894 2514 4947 visum
2547 4891 2767 4960 largitus
2811 4897 2912 4952 est,
2959 4884 3100 4955 quod
3127 4894 3498 4953 argumentum
3542 4884 3701 4937 etiam
3733 4896 3824 4938 est
3845 4927 3861 4951 ,

2265 4987 2436 5056 ipsum
2466 4983 2699 5038 animam
2724 4993 2934 5050 quoque
2961 4977 3270 5046 inspirasse.
3304 4975 3395 5030 llla
3428 4976 3567 5029 enim
3595 4989 3705 5029 non
3731 4990 3865 5045 0pc-

2266 5087 2439 5143 rante,
2491 5074 2680 5129 oculus
2719 5072 2820 5126 etsi
2854 5085 3014 5124 sanus
3044 5078 3096 5123 et
3126 5069 3332 5137 integer
3361 5068 3537 5127 fuerit.
3574 5068 3702 5121 nihil
3736 5085 3863 5123 ιιιιι⁶

2265 5183 2422 5239 quam
2456 5165 2667 5220 viderit.
2704 5163 2886 5231 Itaque
2913 5159 3104 5214 anima:
3133 5159 3293 5213 etiam
3323 5159 3686 5228 operationem
3728 5162 3742 5189 ¹
3775 5160 3863 5213 iu-

2263 5258 2416 5322 didit,
2440 5266 2493 5311 et
2519 5254 2819 5310 membrum
2843 5250 2988 5306 dedit
3009 5250 3257 5304 omnibus
3279 5251 3590 5303 instructum
3619 5251 3854 5315 arteriis,

2266 5349 2467 5412 nervis,
2499 5348 2668 5411 venis,
2702 5343 2981 5413 sanguine,
3011 5341 3327 5409 cauerisque
3356 5341 3622 5405 oumihus,
3653 5355 3718 5394 ex
3745 5345 3862 5410 qni-

2265 5442 2365 5496 bus
2407 5454 2601 5508 corpus
2628 5447 2868 5493 nostrum
2900 5434 3260 5488 constituitur.
3285 5433 3368 5486 Me
3402 5443 3597 5502 oportet
3625 5437 3834 5503 apri-ari
3853 5467 3869 5492 .

2263 5535 2386 5588 dum
2413 5533 2518 5585 dies
2547 5540 2637 5584 est.
2663 5527 2800 5594 Quid
2831 5527 2944 5579 lucc
2988 5524 3086 5578 sibi
3127 5525 3356 5576 velunt?
3385 5534 3438 5577 et
3467 5540 3623 5592 quam
3657 5524 3862 5579 habent

2265 5622 2741 5695 consequentiam?
2773 5619 3010 5673 Multam.
3047 5616 3157 5670 Hoc
3195 5617 3335 5669 enim
3376 5615 3488 5668 vult
3513 5616 3858 5684 significare:

2333 5807 2349 5836 ¹
2389 5801 2548 5852 Morel.
2577 5802 2717 5862 legit,
2739 5799 3047 5858 nobilitatem,
3073 5810 3179 5859 pro,
3205 5793 3541 5858 operationem.
