4054 6424
219 428 333 485 ’509

225 547 412 599 Donec
457 537 574 594 dies
620 542 725 603 est,
767 534 936 590 donec
968 535 1196 598 pessum
1220 522 1468 578 homines
1504 519 1555 573 in
1585 532 1673 571 me
1701 525 1820 567 ere-

223 635 380 699 dere,
411 631 540 686 dum
562 629 706 693 vivo,
736 621 1068 695 operandam
1099 617 1229 673 mihi
1255 624 1358 672 est.
1395 611 1543 668 Venit
1573 623 1696 673 nox,
1721 604 1826 659 hoc

222 737 309 781 est
343 723 580 779 futurum
610 730 839 788 tempus,
867 715 1070 783 quando
1095 727 1240 765 nemo
1270 717 1431 780 potest
1459 718 1678 774 operari.
1710 699 1824 754 Non

222 816 382 880 dixit,
411 811 640 880 Quando
660 824 760 880 ego
786 806 996 877 operari
1026 820 1130 858 non
1157 814 1372 872 possum
1396 814 1411 863 ;
1442 796 1537 852 sed
1565 836 1580 861 ,
1608 791 1826 860 Quando

223 923 375 960 nemo
414 913 578 976 potest
611 899 846 972 operari;
874 896 923 951 id
949 903 1052 961 est,
1083 891 1310 962 Quando
1339 903 1447 943 non
1477 895 1562 940 est
1597 881 1828 952 amplius

224 997 381 1060 tides,
416 973 524 1050 non
554 993 786 1054 labores,
819 1003 923 1042 non
953 983 1286 1057 ptenitentia.
1315 977 1465 1048 Quod
1493 977 1637 1032 enim
1668 973 1826 1028 tidem

223 1103 364 1157 Opus
389 1085 656 1157 appellat,
687 1081 867 1138 dicunt
896 1079 943 1135 ei
964 1120 979 1143 ,
1016 1075 1152 1145 Quid
1176 1075 1450 1147 faciemus,
1486 1081 1541 1124 ut
1561 1083 1829 1140 aperemnr

224 1193 386 1246 opera
425 1176 567 1231 Dei.’
591 1170 931 1242 Respondet,
978 1166 1089 1222 Hoc
1117 1175 1191 1220 est
1220 1181 1349 1236 aput
1379 1161 1494 1226 Dei,
1527 1169 1582 1214 ut
1611 1158 1828 1217 credatis

223 1271 279 1324 in
320 1285 436 1323 eum
464 1283 613 1340 quem
641 1263 732 1321 ille
759 1261 914 1322 misit.
954 1258 1133 1328 Quare
1174 1269 1306 1326 ergo
1347 1253 1447 1308 hoc
1490 1265 1632 1323 opus
1669 1262 1828 1302 nemo

223 1368 408 1433 potest
434 1339 562 1417 tunc
581 1352 793 1426 operari
812 1351 837 1407 ἳ
859 1350 992 1427 Quia
1024 1359 1148 1404 tunc
1176 1346 1308 1402 ﬁdes
1336 1360 1444 1409 non
1471 1343 1590 1408 erit,
1621 1339 1714 1395 sed
1741 1353 1828 1394 ve-

224 1432 348 1517 lint,
398 1449 596 1515 nolint,
637 1457 828 1502 omnes
871 1440 1113 1502 audient.
1138 1438 1219 1494 Ne
1255 1437 1377 1508 quis
1406 1437 1549 1491 enim
1583 1432 1824 1497 diceret,

224 1541 377 1600 illum
398 1538 694 1598 ambitione
720 1543 922 1596 motum
948 1532 1051 1595 hoc
1069 1531 1266 1595 facere,
1294 1526 1529 1584 ostendit
1554 1540 1613 1580 se
1639 1537 1826 1578 eorum

221 1632 396 1704 gratia
443 1628 624 1685 omnia
667 1625 865 1689 facere,
914 1623 1113 1694 quippe
1151 1621 1240 1692 qui
1268 1618 1355 1674 hic
1382 1616 1555 1677 solum
1596 1613 1828 1670 habeant

223 1722 490 1781 credendi
515 1720 848 1787 facultatem,
876 1731 978 1777 nec
1005 1714 1277 1786 quidpiam
1303 1711 1376 1767 ibi
1407 1708 1539 1764 lucri
1567 1704 1825 1776 consequi

225 1816 459 1896 possint.
505 1813 633 1875 Ideo
671 1827 771 1868 nec
799 1808 1146 1872 secedentem
1189 1819 1394 1863 crocum
1421 1802 1646 1859 curavit.
1671 1797 1826 1868 Quod

225 1893 372 1968 enim
395 1910 758 1980 dignusesset
776 1906 864 1976 qui
891 1912 1170 1959 curaretur
1196 1918 1210 1954 :
1237 1897 1488 1969 quodque
1512 1894 1557 1952 si
1585 1893 1824 1958 vidisset,

224 2004 554 2060 credidisset
585 1999 1045 2068 accessissetque;
1087 2002 1143 2052 et
1180 1993 1226 2049 si
1263 1991 1331 2048 ab
1365 1989 1548 2062 aliquo
1590 1987 1832 2043 audisset

227 2102 576 2165 prmsentem.
605 2106 712 2146 non
739 2088 1084 2164 neglexisset,
1113 2099 1179 2140 ex
1212 2083 1275 2138 iis
1303 2096 1424 2154 que
1452 2085 1683 2150 sequuta
1706 2084 1832 2132 sunt

226 2185 406 2256 palam
437 2198 542 2248 est,
563 2198 630 2242 ex
661 2178 970 2235 fortitudine
995 2190 1188 2244 nempe
1208 2183 1262 2229 et
1282 2188 1349 2237 ex
1381 2170 1486 2226 fide
1513 2169 1650 2241 ejus.
1676 2168 1831 2229 Pote-

225 2287 312 2334 rat
340 2277 488 2333 enim
518 2289 702 2331 secum
748 2273 987 2348 cogitare
1028 2284 1092 2324 ac
1128 2267 1308 2323 dicere
1338 2284 1352 2320 :
1385 2263 1522 2334 Quid
1554 2263 1656 2318 hoc
1697 2271 1779 2318 est
1804 2260 1829 2308 Ῥ

224 2369 398 2423 lutum
443 2367 587 2435 fecit,
630 2373 688 2422 et
728 2362 913 2420 lenivit
943 2362 1128 2417 oculos
1165 2372 1355 2425 meos;
1398 2365 1453 2414 et
1494 2355 1629 2412 dixit
1659 2354 1787 2409 mihi
1812 2393 1828 2418 ,

232 2458 402 2523 Vade,
445 2459 640 2513 lavare.
681 2456 872 2510 Annon
904 2460 1113 2524 poterat
1140 2464 1331 2511 curare
1373 2463 1495 2515 me,
1541 2454 1594 2502 et
1622 2453 1748 2500 tunc
1777 2445 1831 2498 in

227 2553 434 2610 Siloam
464 2552 680 2606 mittere
700 2548 724 2605 ?
745 2547 898 2618 δεῦρο
925 2547 996 2603 ibi
1025 2560 1112 2600 me
1140 2544 1241 2599 lavi
1270 2557 1392 2598 cum
1421 2540 1560 2606 aliis,
1594 2538 1832 2608 nihilque

230 2644 361 2703 mihi
391 2642 610 2720 profuit.
658 2640 718 2696 Si
757 2654 916 2711 quam
948 2646 1268 2710 potestatem
1301 2632 1528 2693 haberet
1548 2674 1562 2698 ,
1592 2642 1833 2702 prresens

227 2752 317 2792 me
359 2735 684 2793 sanavisset.
716 2729 870 2797 Quod
905 2725 1301 2785 etiamdiccbat
1329 2724 1567 2783 Naaman
1611 2720 1830 2776 Eliszeo.

225 2827 420 2890 Iussus
450 2827 596 2882 enim
625 2824 802 2880 lavare
827 2837 888 2881 se
915 2821 966 2875 in
993 2816 1249 2883 Iordane,
1275 2831 1379 2871 non
1402 2813 1681 2876 credebat,
1706 2825 1831 2865 cum

229 2930 410 2973 tamen
463 2925 607 2971 tanta
653 2921 797 2969 esset
840 2911 1018 2970 Elisaai
1060 2909 1197 2965 fama
1229 2907 1305 2980 (ι.
1339 2906 1466 2985 Reg.
1512 2903 1560 2960 5.
1618 2903 1732 2972 ll).
1765 2901 1836 2956 At

227 3025 406 3068 atreus
433 3022 541 3064 non
586 3003 687 3062 fuit
727 3002 1060 3064 incredulus,
1091 3015 1192 3056 nec
1220 2997 1585 3060 contradixit,
1617 3009 1715 3049 nec
1743 3007 1832 3047 se-

227 3118 351 3160 cum
394 3098 711 3169 reputavit:
747 3095 885 3169 Quid
917 3094 1018 3151 hoc
1059 3093 1188 3149 est?
1230 3107 1297 3145 an
1338 3092 1509 3146 lutum
1557 3089 1834 3158 imponere

227 3191 509 3267 oportuit?
534 3189 636 3245 hoc
658 3189 836 3260 potius
859 3201 1059 3242 czrcnm
1083 3184 1378 3240 reddiderit
1403 3200 1416 3236 :
1441 3181 1559 3253 quis
1581 3192 1834 3249 tunquam

229 3287 308 3345 sic
348 3284 524 3339 visum
565 3279 814 3352 recepit?
851 3279 954 3335 Sed
998 3277 1130 3332 nihil
1160 3277 1348 3330 horum
1377 3273 1650 3344 cogitavit.
1685 3269 1833 3332 Vidi-

225 3377 352 3432 stin‘
387 3374 549 3431 fidem
581 3381 638 3428 et
670 3371 905 3426 animum
947 3367 1202 3425 firmum?
1237 3365 1381 3420 Venit
1416 3363 1716 3435 nox.,lline
1741 3376 1834 3417 os-

231 3469 422 3534 tendit,
468 3467 633 3528 etiam
669 3475 788 3536 post
818 3442 1034 3519 erucem
1062 3475 1123 3516 se
1149 3459 1436 3529 impiorum
1467 3470 1649 3511 curam
1678 3451 1834 3508 habi-

230 3573 410 3618 turum
439 3557 582 3624 esse,
617 3557 920 3626 multosque
948 3562 1326 3608 attractnrnm.
1357 3549 1540 3603 Adhuc
1584 3546 1692 3600 dies
1736 3553 1832 3607 est.

231 3653 469 3712 Posthac
515 3665 644 3709 vero
692 3650 817 3705 illos
864 3648 1077 3720 penitus
1120 3642 1432 3708 abscindat,
1462 3638 1604 3719 quod
1635 3639 1706 3693 ita
1735 3636 1834 3694 de-

230 3750 400 3811 clarat
430 3765 454 3804 θ
488 3745 542 3802 5.
579 3741 836 3817 Quamdiu
874 3741 928 3796 in
968 3739 1160 3793 mundo
1187 3751 1322 3799 sum,
1363 3734 1456 3792 tua:
1494 3749 1608 3793 sunt
1634 3729 1832 3784 mundi.

230 3838 390 3907 Quod
428 3837 591 3892 etiam
638 3832 757 3888 aliis
799 3830 934 3887 dixit
960 3847 974 3885 :
1002 3827 1225 3895 Credita,
1267 3827 1427 3883 donec
1459 3824 1553 3882 ius
1581 3820 1836 3878 nobiscum

231 3941 305 3989 ut
327 3928 511 4001 (Joan.
544 3925 630 3982 ts.
661 3924 777 3996 ss).

305 4028 362 4088 τι.
403 4022 516 4080 Cur
543 4034 673 4094 ergo
701 4018 900 4075 Paulus
930 4021 1252 4089 prcsentem
1283 4011 1451 4070 vitam
1477 4017 1694 4068 noctem
1739 4022 1840 4064 vo-

233 4119 396 4186 cavit,
431 4115 577 4171 illam
603 4123 784 4171 autem
806 4111 967 4167 vitam
984 4107 1168 4165 diem?
1196 4105 1314 4163 Non
1340 4108 1610 4166 contraria
1637 4102 1836 4160 Christi

243 4209 439 4275 verbis,
484 4205 580 4263 sed
626 4204 817 4261 eadem
865 4203 979 4274 ipsa
1023 4198 1210 4260 dicens
1257 4205 1460 4264 mente,
1512 4209 1619 4250 non
1658 4193 1836 4258 litera,

236 4315 434 4373 nempe
461 4340 476 4365 ,
527 4296 653 4358 Nox
697 4294 971 4366 pracessit,
1038 4291 1148 4346 dies
1195 4299 1362 4344 autem
1415 4286 1840 4359 appropinquavit

236 4394 414 4466 (Rom.
446 4393 534 4448 15.
565 4388 676 4462 l2).
713 4387 937 4445 Noctem
977 4384 1120 4441 enim
1151 4397 1391 4454 praesens
1419 4391 1630 4450 tempus
1659 4388 1837 4444 vocat,

238 4493 462 4557 propter
488 4498 584 4538 eos
608 4481 696 4552 qui
725 4480 779 4535 in
824 4476 1064 4534 tenebris
1105 4474 1314 4539 sedent,
1361 4473 1446 4530 vel
1475 4470 1842 4542 comparando

236 4595 356 4633 eam
384 4592 506 4633 cum
536 4575 624 4631 illa
651 4571 739 4628 die
765 4589 779 4628 :
807 4570 1054 4626 Christus
1083 4581 1210 4621 vero
1238 4573 1452 4620 noctem
1483 4563 1719 4636 appellat
1757 4562 1839 4616 fu-

239 4683 422 4727 turum
449 4677 682 4737 tempus,
710 4662 853 4735 quod
881 4671 1006 4718 tunc
1032 4675 1062 4715 a
1094 4657 1366 4731 peccando
1405 4668 1666 4713 cessetur.
1699 4654 1840 4709 Pau-

238 4767 324 4822 lus
354 4778 486 4820 vero
532 4767 849 4831 prccsentem
895 4757 1057 4810 vitam
1104 4763 1315 4808 noctem
1358 4750 1613 4820 appellat,
1657 4747 1777 4818 quia
1806 4747 1839 4800 ii

238 4862 325 4930 qtti
358 4860 410 4913 in
461 4852 694 4926 nequitia
738 4859 794 4907 et
839 4847 1212 4905 incredulitate
1251 4846 1454 4904 vivunt,
1503 4842 1556 4895 in
1609 4837 1842 4895 tenebris

239 4960 386 5010 sunt.
417 4948 631 5006 Fideles
659 4946 818 5015 igitur
842 4943 1121 5012 alloquens
1146 4941 1242 5003 ait,
1281 4937 1405 4991 Nox
1433 4935 1709 5008 prwcessil,
1737 4933 1845 4994 dies

239 5051 408 5099 autem
454 5035 899 5111 appmpiuquaeit,
955 5040 1140 5102 utpote
1187 5031 1275 5101 qui
1328 5029 1448 5087 luce
1497 5027 1585 5080 illa
1632 5023 1841 5079 fruituri

239 5137 346 5193 sint
371 5153 390 5189 ε
422 5142 640 5190 noctem
683 5144 815 5189 vero
855 5140 1094 5183 veterem
1141 5123 1301 5178 vitam
1329 5120 1586 5191 appellat.
1616 5117 1842 5186 Abjt‘da-

242 5245 374 5294 ntus,
426 5224 620 5296 inquit,
671 5237 828 5293 opera
875 5218 1192 5274 tenebrarum
1232 5211 1452 5293 (ibid).
1481 5209 1672 5265 Viden’
1692 5208 1843 5262 illum

242 5331 460 5378 noctem
490 5317 622 5389 ipsis
665 5331 786 5377 esse
814 5313 1035 5369 dicere?
1059 5312 1235 5385 Quare
1265 5307 1414 5362 addit
1444 5324 1457 5359 :
1505 5301 1652 5358 Sicut
1681 5301 1734 5354 in
1762 5299 1848 5352 die

244 5415 450 5470 honeste
474 5408 810 5470 ambulemus,
844 5413 902 5459 ιιι
949 5405 1034 5457 illa
1063 5401 1306 5455 fruamur
1347 5398 1486 5451 luce.
1519 5394 1650 5448 Nam
1680 5393 1724 5446 si
1755 5391 1842 5444 lux

245 5503 360 5558 h:ec
385 5513 495 5556 tam
525 5496 748 5574 pulchra
775 5504 878 5561 est,
905 5493 1078 5564 cogita
1107 5490 1277 5562 qualis
1304 5489 1406 5545 erit
1432 5488 1541 5542 illa.
1575 5486 1844 5553 Quantum

243 5595 385 5655 enim
411 5591 604 5650 solaris
633 5588 814 5646 radius
857 5595 941 5642 est
988 5586 1222 5639 incertae
1265 5580 1464 5636 lumine
1494 5575 1843 5648 splendidior,

246 5698 412 5752 tanto,
458 5686 567 5740 imo
593 5683 750 5752 longe
791 5681 961 5750 magis
989 5677 1198 5734 eritqu
1245 5675 1333 5728 illa
1362 5676 1462 5726 hac
1484 5668 1843 5740 praestantior.

252 5780 316 5834 E‘t
339 5780 439 5835 hoc
481 5772 815 5848 signiﬁcabat
860 5771 941 5826 his
973 5769 1166 5836 verbis,
1207 5767 1300 5821 So!
1333 5762 1764 5825 obteriebrabitur,‘
1796 5758 1844 5813 id

1257 404 1322 462 IN
1359 398 1673 461 JOANNEM
1749 391 1979 449 IlOMIL.
2022 388 2154 444 LVI.
2197 385 2270 441 al.
2313 384 2425 440 LV.

3427 389 3528 448 sto

1935 514 2038 573 est,
2076 507 2146 563 ob
2178 509 2298 562 vim-
2327 507 2627 579 splendoris
2659 507 2803 562 illius
2849 520 2954 560 non
2982 504 3277 576 apparebit.
3308 506 3461 573 Quod
3485 507 3532 563 si

1933 616 2076 658 nunc
2115 611 2172 657 ut
2217 600 2528 672 splendidas
2556 609 2609 656 et
2650 599 2792 654 bono
2836 614 2963 655 aere
2989 597 3227 654 lrueutes
3265 598 3411 654 mdes
3441 599 3533 654 ha-

1933 693 2175 758 beamus,
2225 693 2462 748 inllnitas
2509 706 2642 762 apes
2669 689 3026 761 expendimus
3071 690 3268 747 misere
3295 691 3546 745 exaediﬁ-

1932 785 2104 842 cando
2133 801 2148 840 :
2180 786 2352 855 cogita
2399 791 2530 854 quot
2575 783 2681 838 sint
2712 781 2977 837 subeundi
3007 782 3253 851 corporei
3300 781 3549 839 labores.

1934 885 1992 933 ut
2021 875 2330 947 splendidas
2349 875 2496 930 mdes
2524 873 2678 930 nobis
2696 873 2749 928 in
2769 872 2918 928 cadis
2939 881 3303 938 exstrnamus,
3332 872 3421 927 ubi
3449 872 3536 929 lux

1933 967 2022 1022 illa
2046 967 2349 1048 inetlitbilis.
2382 966 2478 1021 llic
2504 964 2647 1022 enim
2676 975 2733 1021 et
2762 973 2952 1035 pugna:
2991 973 3046 1019 et
3073 963 3446 1020 contentiones
3473 966 3506 1020 d
3526 982 3554 1017 e

1935 1060 2176 1117 terminis
2224 1069 2279 1117 et
2328 1058 2659 1129 parietibus:
2695 1058 2764 1113 ibi
2812 1071 2940 1114 vero
2984 1057 3119 1112 nihil
3162 1057 3358 1122 simile,
3390 1058 3544 1114 nulla

1936 1153 2132 1208 invidia
2179 1154 2259 1208 vel
2301 1150 2473 1217 livor;
2521 1165 2683 1207 nemo
2709 1149 2780 1205 de
2811 1149 3054 1206 terminis
3085 1148 3365 1205 nobiscum
3404 1164 3535 1204 cou-

1935 1246 2136 1309 tendet,
2197 1245 2322 1301 llaec
2369 1260 2532 1317 porro
2581 1244 2888 1300 necessario
2946 1242 3298 1314 relinquenda
3347 1243 3540 1299 domus

1932 1348 2052 1405 est;
2083 1339 2169 1394 illa
2200 1347 2460 1408 perpetuo
2487 1347 2668 1392 manet
2696 1354 2709 1390 :
2734 1336 2852 1392 inec
2874 1346 3112 1404 tempore
3141 1337 3350 1403 teritur,
3378 1337 3532 1392 innu-

1932 1430 2205 1502 merisque
2246 1429 2477 1488 obnoxia
2505 1437 2585 1483 est
2616 1427 2984 1494 detrimentis;
3020 1427 3103 1484 illa
3148 1442 3366 1498 semper
3393 1435 3523 1482 stat:

1935 1532 2071 1577 hanc
2117 1535 2322 1591 pauper.
2362 1519 2601 1576 excitam
2650 1518 2868 1590 nequit;
2902 1517 2990 1572 illa
3018 1516 3099 1571 vel
3127 1517 3336 1573 duobus
3364 1515 3538 1572 obolis

1931 1612 2279 1680 construitur,
2331 1620 2390 1666 ut
2418 1609 2572 1666 vidua
2605 1610 2691 1664 illa
2738 1609 3058 1668 construxit.
3091 1607 3217 1666 Ideo
3251 1606 3539 1676 pra-fecer,

1932 1706 2075 1779 quod
2099 1715 2176 1761 tot
2203 1703 2359 1769 nobis
2387 1702 2678 1774 propositis
2700 1701 2876 1760 bonis.
2910 1701 2982 1756 ita
3004 1715 3199 1771 segnes
3219 1687 3543 1770 desidt-sque

1932 1800 2122 1864 simus,
2154 1793 2395 1866 nihilque
2424 1807 2804 1862 nonagamns,
2834 1802 2891 1847 ut
2934 1790 3021 1853 hic
3046 1791 3350 1860 conspicuis
3393 1789 3542 1848 frua-

1934 1907 2055 1958 mur
2084 1890 2307 1956 aedibus,
2361 1887 2488 1944 dmn
2523 1887 2654 1948 nihil
2681 1899 2934 1942 curamus
2959 1895 3016 1938 ut
3048 1884 3100 1939 in
3133 1884 3282 1942 cadis
3325 1884 3409 1938 vel
3440 1884 3540 1938 mi-

1936 1990 2138 2055 nimum
2167 2002 2419 2059 paremus
2446 1985 2601 2041 nobis
2625 1983 3004 2040 diversorium.
3053 1981 3169 2050 Dic,
3212 1994 3417 2051 qnteso,
3451 1977 3543 2034 ubi

1935 2085 2024 2144 hic
2062 2084 2282 2139 domum
2327 2083 2528 2138 habere
2574 2079 2776 2136 velles?
2805 2078 2858 2134 in
2886 2077 3123 2143 deserto,
3152 2084 3242 2130 aut
3280 2075 3331 2129 in
3359 2073 3545 2144 aliqua

1935 2191 2101 2247 parvo
2127 2174 2421 2246 Oppidulo?
2448 2172 2565 2228 Non
2596 2180 2723 2242 puto
2752 2188 2766 2224 :
2796 2169 2890 2225 sed
2939 2169 2991 2223 in
3023 2166 3230 2239 magnis
3273 2166 3542 2237 regiisque

1938 2268 2179 2333 urbibus,
2211 2266 2300 2321 ubi
2324 2265 2498 2335 majus
2527 2262 2937 2326 commercium,
2966 2260 3056 2316 ubi
3085 2258 3342 2329 splendor
3368 2256 3544 2326 major

1936 2371 2040 2416 est.
2070 2359 2184 2429 Ego
2213 2358 2265 2412 iu
2305 2357 2464 2412 talem
2512 2365 2565 2410 te
2606 2355 2747 2411 duco
2775 2353 3071 2418 civi:atcm,
3099 2366 3252 2420 cupis
3279 2349 3455 2418 opifex
3489 2359 3544 2404 et

1935 2461 2126 2508 auctor
2154 2461 2238 2509 est
2269 2452 2430 2507 Deus.
2460 2449 2576 2515 Hic,
2608 2463 2816 2521 quaeso,
2843 2457 3243 2511 construamus,
3280 2443 3364 2497 hic
3391 2458 3527 2498 exat.

1937 2546 2218 2601 dilicemus
2246 2544 2455 2599 minore
2497 2550 2711 2611 sumptu
2740 2549 2796 2595 et
2837 2538 3072 2594 labore‘.
3102 2536 3209 2594 llas
3239 2535 3382 2591 ardes
3408 2549 3539 2590 con~

1938 2645 2152 2694 struunt
2180 2649 2371 2690 manus
2385 2648 2699 2705 pauperum,
2729 2631 2831 2686 hoc
2853 2631 3113 2700 optimum
3137 2627 3540 2692 estaedilicium;

1938 2743 2055 2801 qua:
2085 2736 2261 2783 autem
2296 2725 2381 2781 hic
2404 2725 2789 2790 construimus,
2819 2731 3075 2777 extremae
3103 2727 3238 2774 sunt
3257 2718 3544 2775 dementia~

1938 2829 2334 2890 argumentum.
2365 2818 2500 2873 Nam
2531 2817 2575 2872 Si
2606 2817 2724 2887 quis
2757 2823 2806 2870 te
2838 2814 2892 2870 in
2923 2812 3196 2869 Persidem
3228 2820 3430 2882 ageret,
3459 2810 3536 2864 vi.

1936 2927 2122 2968 surum
2155 2911 2299 2964 illam
2336 2908 2609 2980 regionem
2637 2917 2690 2964 et
2720 2920 2846 2960 mox
2893 2917 3272 2966 reversurum;
3303 2910 3462 2971 atque
3491 2909 3562 2955 tn-

1939 3003 2048 3059 illie
2092 3002 2306 3073 juberet
2360 3000 2505 3056 (edes
2543 3008 2822 3054 exstruere
2863 3015 2876 3051 :
2932 3009 3110 3050 annon
3169 2991 3544 3048 stultissimum

1939 3096 2090 3151 illum
2131 3093 2360 3159 diceres,
2409 3092 2500 3163 qui
2533 3090 2626 3147 tibi
2672 3092 2888 3145 inanem
2938 3095 3209 3156 sumptum
3254 3082 3544 3138 suaderet?

1938 3201 2037 3246 cur
2059 3199 2189 3255 ergo
2216 3184 2269 3239 in
2302 3191 2444 3238 terra
2471 3180 2703 3252 idipsum
2738 3179 2888 3244 .‘acis,
2921 3177 3063 3233 unde
3093 3175 3240 3232 brevi
3286 3175 3544 3244 migratu—

1941 3291 2036 3338 rus
2062 3276 2165 3331 es?
2190 3276 2279 3339 At,
2315 3273 2545 3344 inquies,
2581 3270 2702 3326 filiis
2734 3269 3057 3340 relinquam.
3088 3265 3284 3322 Verum
3309 3265 3381 3320 illi
3412 3279 3546 3335 quo—

1939 3385 2045 3440 que
2073 3377 2124 3424 te
2147 3365 2305 3438 paulo
2335 3373 2456 3435 post
2501 3361 2781 3438 sequuturi
2827 3367 2985 3425 sunt;
3019 3358 3130 3413 imo
3155 3371 3299 3427 Strpe
3327 3363 3379 3410 te
3405 3370 3545 3426 prte-

1939 3460 2154 3526 ccdent,
2211 3458 2535 3532 illorumque
2587 3451 2837 3510 similiter
2886 3451 3126 3520 posteri;
3177 3448 3409 3520 hincque
3453 3445 3549 3502 tibi

1941 3553 2189 3611 mirareris
2205 3565 2388 3617 causa,
2408 3564 2531 3606 eum
2550 3547 2778 3602 heredes
2795 3561 2900 3600 non
2921 3543 3016 3599 tibi
3036 3557 3320 3612 superesse
3339 3539 3544 3597 videas.

1942 3647 2016 3704 lbi
2049 3662 2177 3703 vero
2209 3644 2344 3700 nihil
2371 3639 2677 3712 hnjnsmodi
2710 3635 3028 3701 timendum,
3061 3634 3159 3690 sed
3189 3634 3406 3688 immota
3431 3647 3548 3686 ma.

1943 3751 2035 3797 net
2059 3739 2326 3795 hereditas
2358 3735 2473 3802 tibi,
2505 3733 2650 3801 illiis,
2678 3730 2985 3802 nepotibus,
3028 3729 3073 3784 si
3101 3725 3345 3783 eamdem
3377 3725 3545 3780 virtu.

1945 3843 2050 3891 tem
2079 3831 2444 3889 imitabantur.
2479 3829 2628 3887 [llam
2657 3823 2902 3884 Christus
2931 3821 3192 3877 nidificat:
3225 3834 3332 3892 quo
3359 3817 3551 3890 oplllce

1943 3928 2116 3990 nullis.
2156 3923 2520 3986 curatoribus,
2570 3919 2709 3974 nulla
2761 3917 3123 3974 sollicitudine
3153 3925 3232 3971 est
3260 3930 3416 3985 opus.
3449 3912 3551 3968 Ubi

1944 4019 2088 4080 enim
2148 4018 2302 4072 Deus.
2343 4014 2395 4069 in
2442 4027 2504 4072 se
2556 4010 2780 4081 suspicit
2834 4022 3005 4081 Opus,
3057 4005 3185 4077 quid
3243 4005 3381 4059 ultra
3447 4017 3547 4058 cn-

1944 4108 2210 4169 randum?
2275 4106 2368 4168 Ille
2415 4104 2596 4161 omnia
2647 4099 2899 4174 colligit,
2951 4107 3008 4154 et
3052 4096 3271 4153 donnnn
3326 4093 3547 4149 excitat.

1945 4204 2128 4277 Neque
2183 4200 2236 4261 id
2282 4199 2457 4255 solum
2512 4194 2759 4252 mirabile
2802 4201 2917 4258 est;
2963 4189 3057 4245 sed
3098 4186 3241 4259 quod
3285 4186 3355 4240 ita
3405 4184 3555 4239 ibam

1945 4305 2188 4352 exstruat
2219 4301 2293 4347 ut
2345 4300 2552 4364 optare,
2610 4287 2722 4342 imo
2768 4283 2962 4341 melius
3006 4296 3164 4352 quam
3207 4287 3394 4351 aptare
3426 4291 3553 4348 pos-

1945 4391 2041 4445 sis.
2101 4386 2197 4442 Est
2235 4385 2380 4441 enim
2424 4380 2618 4437 artifex
2661 4378 2921 4448 optimus,
2978 4374 3066 4444 qui
3125 4372 3219 4428 tibi
3272 4370 3552 4425 utilissima

1946 4491 2118 4538 curat.
2145 4480 2200 4535 Si
2229 4491 2433 4550 pauper
2459 4475 2554 4540 sis,
2584 4480 2640 4529 et
2661 4471 2802 4526 banc
2821 4475 3137 4524 construere
3156 4463 3373 4518 domum
3398 4461 3553 4526 velis,

1948 4573 2148 4629 nullam
2197 4569 2475 4632 invidiam,
2521 4563 2727 4620 nullum
2777 4558 2871 4616 tibi
2901 4557 3071 4629 pariet
3110 4554 3355 4610 livorem.
3385 4551 3556 4606 Nemo

1947 4667 2091 4723 enim
2120 4663 2332 4720 invidus
2363 4660 2506 4715 illam
2535 4655 2738 4720 videt’,
2783 4651 2878 4708 sed
2905 4648 3078 4717 angeli
3109 4655 3334 4710 tantum,
3367 4644 3455 4715 qni
3488 4647 3557 4698 de

1953 4759 2108 4814 bonis
2130 4758 2235 4812 tuis
2264 4753 2499 4826 gaudent
2528 4771 2541 4806 :
2577 4763 2737 4804 nemo
2765 4746 2908 4801 illius
2939 4744 3073 4798 fines
3117 4737 3371 4795 invadere
3400 4745 3554 4806 pote-

1951 4853 2040 4915 rit,
2062 4851 2192 4922 quia
2219 4849 2322 4902 hoc
2354 4844 2543 4900 morbo
2585 4839 2942 4896 laborantium
2991 4835 3168 4889 nullus
3199 4832 3404 4884 vicinus
3430 4828 3552 4883 crit.

1953 4945 2168 5000 Vicinos
2194 4943 2303 4997 illic
2329 4937 2550 4994 habebis
2589 4942 2826 4999 sanctos,
2877 4929 3119 4992 Paulum,
3153 4925 3393 4988 Petrum,
3429 4937 3555 4991 pru—

1954 5040 2142 5109 phetas
2162 5050 2374 5100 onmes,
2399 5039 2680 5101 martyres,
2704 5025 3016 5094 angelu‘rum
3041 5029 3095 5074 et
3111 5015 3558 5084 archangelorum

1952 5141 2146 5188 caelus.
2179 5129 2274 5183 llis
2298 5140 2427 5181 vero
2449 5122 2518 5179 de
2543 5120 2719 5177 causis
2741 5115 3021 5172 facultates
3045 5107 3364 5180 pauperibus
3391 5104 3562 5160 elTnu-

1953 5224 2166 5288 damus,
2217 5228 2275 5274 ut
2322 5217 2410 5271 illa
2455 5211 2793 5269 tabernacula
2837 5214 3252 5274 consequamur,
3303 5207 3429 5267 qua!
3462 5210 3560 5250 nos

1954 5329 2142 5377 omnes
2154 5287 2384 5380 adipisci
2402 5304 2698 5374 contingat,
2717 5298 2887 5370 gratia
2909 5307 2964 5351 et
2991 5292 3322 5363 benignitate
3348 5287 3562 5343 Domini

1956 5407 2123 5462 nostri
2144 5379 2505 5466 Jeanhristi,
2538 5413 2632 5468 per
2647 5409 2806 5467 quem
2835 5401 2890 5447 et
2918 5404 3039 5444 cum
3071 5403 3176 5456 quo
3194 5383 3337 5439 Patri
3365 5379 3557 5452 gloria,

1955 5499 2220 5569 simulque
2241 5493 2459 5564 Spiritui
2479 5500 2685 5558 saneto,
2719 5489 2770 5542 in
2791 5483 2982 5541 saecula
2997 5479 3337 5537 surculorum.
3367 5477 3556 5529 Amen.

2022 5639 2036 5668 ί
2074 5635 2212 5687 Haec,
2240 5638 2283 5681 et
2309 5629 2486 5686 labore,
2513 5625 2697 5687 desunt
2721 5623 2767 5687 in
2793 5597 3220 5687 ιιιιίυξιςειθῖιέ.)¹⁵ίὲο-
3367 5670 3380 5687 ι

2023 5661 2036 5668 ⁵
2076 5661 2212 5687 Iuli»,
2240 5661 2283 5681 τι
2309 5661 2486 5686 ιυιυυιυ,
2514 5661 2697 5678 qua“...
2721 5661 2767 5673 ..η
2795 5661 2971 5682 .ι..-,,-γ.
3009 5661 3063 5667 Ὕη
3112 5661 3117 5662 ,
3150 5661 3169 5662 ,,
3216 5666 3220 5670 ι

2021 5701 2040 5730 ⁸
2077 5694 2357 5756 tegendum
2382 5697 2516 5756 lutat
2541 5685 2729 5735 Boisins
2750 5686 2798 5732 in
2827 5683 2954 5732 notis
2978 5676 3258 5733 Satiliauis,
3297 5671 3343 5718 in
3366 5667 3449 5720 ilia
3480 5661 3559 5711 In:-

1961 5762 2095 5819 bital,
2125 5750 2246 5816 loco,
2272 5750 2406 5805 illum
2433 5750 2576 5801 mut.
