4054 6442
552 377 644 431 511
1275 377 1331 432 S.
1373 374 1646 432 JOANNIS
1683 369 2162 428 CllllYSOS'l'Ulll
2203 368 2519 426 AltCHlEl‘.
2556 372 3089 432 COXSTANTlNOP.
3750 386 3845 436 διε

557 511 1296 531 _.__.__._._.———-_.———-———

3078 517 3090 523 -
3112 517 3348 527 .—__._.._
3368 520 3443 527 υ.-
3461 521 3568 528 ...-
3585 521 3823 535 _-._.—_.

1899 596 2235 661 IIOMILIA
2281 600 2464 662 LVII.

543 784 668 836 Car.
716 780 768 835 9.
829 794 886 833 ν.
919 778 972 834 6.
1021 777 1147 832 lltrc
1192 792 1306 829 cum
1357 775 1562 828 dixisset
1609 771 1781 836 Iesus,
1833 766 2030 835 exspuit
2080 764 2132 815 in

616 874 824 936 terram,
853 878 899 924 et
927 868 1044 939 fecit
1070 869 1232 921 lutum
1257 883 1316 920 ex
1341 874 1508 934 sputo,
1535 877 1581 914 et
1600 861 1759 917 linieit
1787 861 1948 912 lutum
1980 871 2131 922 super

613 961 785 1016 oculos
829 961 970 1030 caci,
1018 966 1066 1013 et
1110 959 1288 1012 dixit:
1328 958 1380 1011 7.
1432 955 1590 1020 Vade,
1624 953 1791 1008 lavare
1831 951 1882 1002 in
1936 947 2131 1019 piscina

615 1055 780 1109 Siloe.

613 1148 664 1202 1.
699 1144 981 1213 Scriptura:
1013 1159 1112 1197 non
1141 1141 1477 1212 perfnna‘orie
1508 1136 1748 1208 legenda'.
1777 1134 1876 1188 Cur
1899 1133 2129 1187 Christus

537 1253 725 1292 circuit:
767 1243 1035 1288 sanaturus
1079 1235 1133 1287 in
1173 1243 1356 1286 terram
1385 1229 1657 1299 ea'sptterit.
1688 1225 1820 1282 Circi
1873 1224 1975 1278 uati
2001 1223 2129 1290 ﬁdes

537 1336 746 1392 quanta.
773 1354 843 1367 --
870 1325 968 1393 Qui
999 1325 1229 1394 aliquam
1261 1339 1324 1376 ex
1364 1320 1676 1375 lectionibus
1704 1318 1983 1372 utilitatem
2011 1329 2128 1368 car-

538 1434 660 1487 pere
690 1418 889 1482 volunt,
917 1430 982 1470 ne
1005 1416 1281 1470 minimum
1311 1413 1520 1483 quid-tn
1545 1419 1970 1482 prtetercurrant.
2004 1407 2127 1462 ldco

539 1523 766 1578 namque
791 1506 1096 1576 Seripluras
1122 1506 1344 1560 scrutari
1367 1504 1636 1573 jnbemur,
1665 1501 1784 1570 quia
1813 1499 1975 1553 multa
2005 1513 2122 1567 qua:

539 1602 717 1654 statim
775 1597 946 1654 facilia
998 1598 1274 1661 videntur,
1330 1611 1572 1664 magnam
1631 1593 1824 1646 habent
1873 1592 2121 1644 latentem

537 1689 815 1744 sententia:
860 1687 1294 1757 profunditatem.
1329 1686 1459 1739 Vide
1490 1698 1715 1753 namque
1742 1681 1864 1752 quid
1909 1682 1958 1734 in
1987 1697 2122 1750 ptan-

535 1783 669 1837 senti
721 1791 1066 1852 proponatur.
1102 1780 1227 1834 Ηωσ
1273 1797 1385 1832 cum
1437 1780 1662 1839 dixisset,
1713 1777 1901 1847 inquit,
1929 1775 2122 1844 exspuit

534 1876 583 1924 in
611 1883 794 1926 terram
826 1873 893 1944 (υ.
925 1873 960 1928 5
1003 1884 1046 1925 et
1075 1873 1151 1943 4).
1194 1870 1302 1926 Cttr
1330 1871 1460 1924 hoc?
1493 1870 1556 1924 Ut
1597 1869 1965 1922 manifestctur
2003 1865 2121 1936 glo-

535 1964 610 2018 ria
641 1964 756 2032 Dei,
805 1974 858 2021 et
901 1965 1041 2035 quod
1088 1974 1332 2034 oporteat
1377 1979 1462 2018 me
1494 1963 1667 2017 facere
1697 1978 1856 2032 opera
1888 1961 2001 2031 ejus
2032 1962 2138 2030 qui.

533 2055 678 2110 misit
725 2071 829 2110 me.
880 2055 1060 2126 Neque
1110 2058 1250 2111 cuiln
1301 2057 1413 2110 sine
1467 2071 1623 2109 causa
1667 2057 1778 2108 hzec
1808 2055 2133 2107 memoravit

532 2147 878 2216 evangelista,
907 2148 1213 2217 addiditque
1261 2148 1429 2217 ipsum
1474 2147 1785 2214 exspnissc;
1815 2147 1906 2200 sed
1939 2155 1994 2201 ιιι
2023 2147 2118 2198 de-

531 2239 758 2293 ('lararet
801 2239 985 2295 Jesum
1032 2242 1283 2310 operibus
1323 2256 1627 2296 sermonem
1675 2242 2013 2296 confirmare.
2054 2241 2120 2295 Et

530 2348 624 2385 cur
656 2348 758 2386 non
785 2347 918 2402 aqua
945 2348 1073 2388 usus
1101 2344 1202 2397 est,
1231 2334 1322 2388 sed
1345 2343 1500 2404 sputo
1527 2334 1590 2389 ad
1613 2335 1775 2388 llllttlll
1796 2335 2118 2388 faciendum?

531 2423 784 2478 Jlissurus
825 2425 969 2478 illum
1008 2435 1119 2480 erat
1154 2425 1204 2478 in
1249 2424 1412 2481 Siloe.
1446 2424 1520 2480 Ne
1549 2425 1673 2495 quid
1707 2441 1834 2496 ergo
1862 2424 1993 2480 fonti
2020 2427 2120 2479 ad-

530 2515 867 2580 scriberetur,
888 2515 979 2570 sed
996 2515 1248 2580 disceres,
1277 2532 1339 2569 ex
1374 2532 1467 2570 ore
1489 2516 1603 2586 ejus
1630 2517 1824 2572 exiisse
1845 2518 2136 2583 virtutcm,_

531 2629 646 2680 qua:
677 2611 976 2666 ell'ormavit
1016 2619 1071 2667 et
1103 2613 1310 2681 aperuit
1339 2611 1544 2676 oculos,
1570 2613 1781 2679 exstruit
1816 2613 1866 2665 in
1900 2622 2116 2665 terram.

534 2703 642 2756 Hoc
673 2703 978 2772 significans
1005 2702 1328 2772 evangelista
1360 2702 1588 2765 dicebat,
1629 2701 1689 2754 Et
1724 2703 1882 2756 lnttun
1911 2703 2027 2774 fecit
2053 2719 2115 2755 ea:

531 2805 695 2861 sputo.
730 2793 927 2847 Deinde
959 2808 1024 2848 ne
1051 2803 1326 2864 putaretur
1351 2808 1485 2863 opus
1507 2808 1582 2847 ex.
1607 2801 1742 2846 terra
1767 2793 2110 2861 processisse,

532 2884 705 2936 lavare.
745 2883 922 2952 jussit.
974 2882 1082 2937 Cur
1125 2899 1252 2952 ergo
1284 2898 1388 2938 non
1417 2882 1593 2938 statim
1628 2881 1727 2936 hoc
1756 2882 1899 2950 fecit,
1940 2881 2032 2937 sed
2063 2883 2114 2936 in

529 2973 724 3026 Siloam
756 2973 935 3028 misit?
963 2972 1034 3028 Ut
1058 2973 1183 3027 ατί-εἰ
1213 2973 1370 3026 iidem
1395 2972 1588 3035 discas,
1624 2982 1784 3042 utque
1809 2973 2114 3027 iud-.eornm

534 3065 877 3133 pervicacitas
921 3067 1322 3134 reprimeretur.
1354 3065 1621 3121 Credibile
1651 3067 1792 3120 enim
1823 3076 1902 3121 est
1931 3081 2117 3121 omnes

533 3159 727 3213 vidisse
771 3159 914 3211 illum
951 3157 1258 3223 abeuntem,
1308 3158 1608 3228 illitumque
1655 3158 1822 3212 lutum
1872 3158 1922 3212 in
1950 3158 2118 3212 oculis

532 3251 834 3304 habentem.
872 3250 979 3303 Res
1006 3251 1149 3304 enim
1180 3251 1539 3320 inexspectata
1571 3253 1806 3305 omnium
1839 3251 2020 3306 oculos
2050 3251 2114 3305 ad

532 3343 700 3404 ipsum
729 3340 994 3393 convertit
1021 3355 1034 3394 :
1067 3349 1174 3394 tum
1203 3341 1290 3410 qui
1340 3339 1602 3404 viderunt,
1653 3347 1761 3393 tum
1789 3341 1874 3411 qni
1909 3341 2118 3411 ignora-

532 3432 673 3488 bant.
704 3429 767 3483 ad
790 3431 865 3484 rei
891 3429 1094 3484 exitum
1122 3431 1305 3484 intenti
1335 3439 1503 3485 erant.
1527 3430 1657 3498 Quia
1680 3431 1820 3486 enim
1842 3447 1945 3485 non
1961 3432 2116 3487 facile

529 3522 732 3576 crcditu
763 3531 879 3576 erat
920 3538 1120 3577 caecum
1171 3523 1337 3576 visum
1368 3538 1734 3592 recuperasse,
1782 3539 1873 3594 per
1906 3526 2113 3593 longam

531 3617 667 3667 viam
700 3616 893 3668 multos
920 3623 1068 3682 parat
1095 3624 1277 3677 testes,
1307 3625 1358 3668 et
1391 3625 1494 3668 tam
1543 3616 1768 3670 insolita:
1797 3617 1868 3670 rei
1909 3626 2116 3685 specta-

533 3715 706 3769 tores;
757 3713 812 3757 nt
853 3704 1165 3758 altentiorcs
1208 3705 1351 3764 facti.
1391 3706 1499 3772 jam
1531 3721 1634 3758 non
1669 3717 1884 3776 possent
1915 3707 2112 3773 dicere,

532 3797 626 3850 llic
652 3805 753 3861 est,
789 3810 890 3848 non
923 3804 1004 3851 est
1053 3796 1156 3850 hic.
1210 3796 1288 3850 Ad
1320 3796 1436 3852 inec
1465 3813 1592 3852 vero
1639 3799 1746 3852 vult
1776 3799 1904 3852 illud
1938 3808 2138 3854 osten-.

530 3888 676 3952 dere,
728 3901 786 3942 se
834 3888 1000 3941 veteri
1058 3888 1158 3956 legi
1216 3889 1538 3943 contrarium
1586 3905 1690 3944 non
1732 3905 1870 3953 esse,
1904 3891 2029 3945 dum
2063 3893 2114 3946 iu

528 3979 670 4032 Siloe
712 3977 892 4031 mittit.
944 3976 1126 4047 Neque
1157 3979 1298 4034 enim
1340 3981 1684 4035 metuendum
1734 3991 1870 4048 erat,
1903 3997 1968 4036 ne
1993 3983 2112 4036 iacti

528 4067 692 4136 gloria
714 4066 854 4121 Siloe
885 4066 1196 4123 referretur.
1225 4069 1632 4141 Multinamque
1665 4073 1781 4128 istic
1821 4074 2006 4129 oculos
2035 4075 2114 4128 la-

458 4189 466 4199 -
531 4165 734 4222 verant,
767 4158 852 4228 qni
877 4158 1007 4212 nihil
1039 4159 1162 4214 inde
1190 4159 1310 4214 boni
1334 4170 1458 4215 sunt
1485 4165 1796 4234 consequuti
1850 4164 1946 4220 llic
1971 4166 2112 4219 enim

529 4248 694 4301 virtus
722 4247 917 4304 Christi
961 4252 1136 4305 omnia
1182 4264 1480 4321 operatur:
1526 4255 1750 4323 ideoque
1794 4256 2113 4324 interpreta-

528 4340 726 4393 tionem
758 4339 841 4394 hic
871 4339 1051 4408 adjicit
1073 4343 1416 4410 evangelista.
1449 4343 1580 4397 Cum
1609 4345 1829 4399 dixisset
1857 4346 2022 4411 enim,
2050 4347 2115 4399 In

530 4432 688 4494 Siloe,
718 4431 917 4500 adjicit,
937 4431 1045 4485 Hoc
1060 4443 1150 4499 est,
1169 4432 1376 4502 Missus,
1400 4445 1454 4488 ιιι
1473 4437 1732 4506 intelligas
1746 4438 1849 4491 illic
1864 4454 1888 4490 a
1904 4438 2116 4493 Christo

527 4531 764 4577 curatum
787 4539 927 4590 esse,
948 4535 1002 4578 ut
1026 4524 1217 4580 Paulus
1231 4527 1302 4579 ait
1324 4545 1335 4577 :
1358 4526 1774 4581 Bibebantautem
1791 4530 2114 4599 despirituali

526 4625 850 4683 etmsequente
876 4617 990 4669 illos
1017 4627 1155 4683 petra
1175 4634 1193 4671 :
1209 4628 1349 4685 petra
1373 4630 1537 4672 autem
1555 4632 1659 4673 erat
1673 4621 1928 4694 Christns(
1937 4624 1956 4676 1
1974 4622 2108 4678 .Cor.

530 4704 613 4758 10.
630 4704 704 4774 4).
730 4705 798 4760 Ut
824 4722 952 4775 ergo
966 4707 1204 4762 Christus
1226 4719 1340 4762 erat
1362 4711 1612 4778 spiritalis
1626 4723 1796 4783 petra,
1812 4714 1878 4767 ita
1893 4715 2114 4784 etspiri-

531 4798 649 4849 talis
679 4798 840 4853 Siloe.
884 4799 1105 4854 Videtur
1131 4810 1307 4856 autem
1343 4804 1472 4858 mihi
1504 4807 1779 4874 repentina
1829 4809 1916 4862 illa
1961 4825 2113 4880 aqua:

533 4891 809 4954 prmsentia
877 4905 1131 4944 arcanum
1198 4893 1350 4947 nobis
1403 4895 1701 4966 significare
1777 4903 2109 4970 mysterium.

530 4978 803 5044 Quodnam
836 4980 1008 5034 illud?
1037 4983 1462 5054 lnexspcctatum
1493 4999 1689 5058 prreter
1715 5005 1863 5059 spem
1897 5008 2113 5049 onmem

533 5069 837 5127 adventum.
873 5073 976 5128 Sed
1024 5075 1145 5131 vide
1183 5078 1311 5132 mihi
1343 5080 1469 5132 ρεπιρί
1516 5084 1748 5136 animum
1783 5084 1834 5138 in
1867 5087 2113 5142 omnibus

531 5163 927 5231 obsequentem.
953 5165 1134 5236 Neque
1165 5168 1305 5222 enim
1329 5169 1480 5234 dixit,
1509 5171 1562 5225 Si
1596 5172 1760 5227 lutum
1790 5185 1877 5228 aut
1900 5186 2110 5244 sputmn

531 5252 659 5306 mihi
695 5255 971 5308 oculorum
1003 5271 1152 5312 usum
1187 5259 1490 5325 restituunt,
1525 5261 1646 5330 quid
1679 5278 1811 5331 Opus
1834 5275 1912 5319 est
1936 5268 2114 5321 Siloe?

529 5346 569 5395 si
603 5358 730 5398 vero
759 5344 921 5409 Siloe,
963 5348 1085 5416 quid
1136 5366 1267 5419 opus
1307 5363 1386 5406 est
1433 5354 1627 5422 sputo?
1658 5371 1753 5408 cur
1783 5357 1972 5424 linivit,
2020 5376 2114 5416 cur

532 5435 709 5488 lavare
730 5436 925 5504 jussit?
946 5437 1086 5492 Nihil
1121 5441 1306 5496 horum
1337 5445 1418 5499 vel
1448 5446 1724 5514 cogitavit;
1756 5448 1847 5502 sed
1873 5466 2028 5504 unum
2062 5453 2110 5505 in

533 5526 801 5594 proposito
847 5527 1099 5596 habebat,
1150 5539 1205 5584 ιιι
1249 5532 1452 5600 jubenti
1504 5535 1932 5605 obtemperaret:
1984 5542 2110 5596 nihil

535 5618 702 5683 ipsum
737 5620 976 5686 retinnit,
1002 5622 1133 5675 nihil
1161 5623 1398 5679 offendit.
1430 5626 1482 5680 Si
1514 5629 1631 5697 quis
1658 5646 1784 5682 vero
1811 5629 1969 5695 dicat,
1998 5634 2112 5700 Quo

533 5718 684 5775 pacto
717 5709 823 5763 lnto
851 5710 1096 5779 deposito
1124 5715 1291 5769 visum
1332 5721 1572 5786 recepit?
1601 5721 1730 5775 nihil
1762 5738 1789 5774 a
1837 5724 1989 5777 nobis
2015 5741 2109 5779 au-

533 5798 636 5852 diei
664 5800 824 5866 aliud,
857 5818 1010 5871 q'tam
1046 5820 1143 5860 nos
1175 5807 1385 5862 modum
1414 5811 1637 5867 nescire.
1677 5812 1738 5865 Et
1770 5815 1893 5882 quid
1923 5817 2109 5872 mirum

2239 767 2282 820 si
2305 771 2628 838 nesciamus,
2656 775 2870 844 quando
2902 790 2970 831 ne
3012 777 3337 846 evangelista
3367 778 3582 847 quidem
3612 779 3842 844 sciebat,

2239 874 2415 930 neque
2455 862 2615 916 etiam
2660 864 2774 933 ipse
2798 866 2886 934 qni
2917 877 3134 920 sanatus
3165 867 3298 922 fuit?
3327 867 3431 922 Sed
3461 869 3586 938 quid
3638 869 3838 925 factum

2238 949 2428 1007 fuisset
2453 964 2693 1019 noverat,
2727 955 2943 1011 modum
2975 973 3102 1012 vero
3131 958 3538 1027 deprehendere
3561 976 3668 1014 non
3688 972 3833 1031 pote

2237 1050 2337 1096 rat.
2373 1042 2505 1099 lllud
2540 1059 2667 1099 vero
2694 1047 3052 1116 interrogatus
3082 1048 3333 1104 dicebat:
3365 1049 3552 1104 Lutum
3590 1053 3840 1120 imposuit

2234 1133 2393 1190 oculis
2415 1138 2556 1202 meis,
2585 1147 2630 1191 et
2651 1138 2771 1202 lari,
2801 1149 2848 1192 et
2878 1141 3039 1195 video.
3065 1141 3117 1194 td
3137 1151 3314 1197 autem
3343 1145 3611 1212 quomodo
3637 1146 3835 1199 factum

2235 1222 2335 1290 sit,
2379 1227 2560 1283 dicere
2613 1231 2824 1299 nequit,
2866 1231 3076 1285 etiamsi
3129 1231 3321 1287 millies
3377 1234 3734 1305 interrogent.
3782 1239 3887 1302 8.(

2233 1316 2417 1388 Itaque
2463 1321 2633 1389 ricini,
2686 1323 2874 1394 inquit,
2915 1335 2960 1378 et
2988 1328 3076 1395 qui
3115 1327 3343 1380 viderant
3382 1346 3493 1382 eum
3521 1331 3684 1398 prius,
3714 1334 3841 1399 quia

2232 1409 2489 1463 memlieus
2529 1422 2635 1466 erat
2655 1414 2692 1476 ',
2717 1415 2948 1468 dicebant
2975 1431 2995 1470 :
3021 1415 3075 1469 Ν
3080 1434 3209 1471 onae
3249 1419 3331 1472 hic
3380 1430 3452 1473 est
3491 1423 3577 1486 qui
3605 1423 3836 1490 sedebat,

2231 1507 2278 1550 et
2316 1500 2668 1556 mendicabat?
2694 1503 2746 1559 9.
2787 1505 2891 1557 Alii
2909 1507 3164 1572 dicebant,
3209 1507 3305 1561 llic
3333 1520 3424 1562 est.
3459 1510 3552 1565 llei
3586 1512 3837 1567 insolen-

2234 1588 2301 1642 tia
2350 1590 2414 1644 ad
2460 1591 2886 1650 inerudelitatem
2917 1596 3144 1652 ducebat
3185 1613 3302 1664 eos,
3349 1599 3470 1654 licet
3504 1610 3610 1655 tam
3663 1603 3834 1657 multa

2233 1678 2440 1747 provisa
2474 1692 2675 1749 essent,
2706 1700 2824 1754 qua:
2857 1687 3104 1755 ipsasad
3131 1689 3453 1744 credendum
3488 1691 3830 1747 inducerent.

2231 1772 2332 1826 Alii
2371 1784 2548 1830 autem
2580 1776 2872 1833 dicebant:
2909 1777 3096 1835 Nonne
3138 1781 3220 1834 hic
3262 1793 3334 1836 est
3379 1785 3467 1851 qui
3516 1784 3742 1852 sedebat,
3787 1796 3836 1839 et

2230 1863 2544 1918 mendicabat
2559 1867 2584 1920 Σ)

2299 1954 2396 2008 Dei
2422 1958 2700 2029 benignitas
2750 1977 2869 2032 erga
2918 1979 3091 2018 omnes
3140 1966 3359 2036 cujusvis
3403 1970 3728 2024 rom/itionis.
3763 2003 3836 2014 --

2229 2048 2384 2117 Papa:
2408 2091 2421 2114 ,
2452 2062 2647 2122 quanta
2697 2054 2788 2109 Dei
2841 2056 3179 2114 lunnanitas!
3214 2060 3502 2132 Quousque
3547 2064 3834 2119 descendit

2227 2138 2351 2193 dum
2384 2157 2504 2196 eum
2541 2153 2682 2199 tanta
2712 2147 3080 2204 benevolentia
3114 2153 3388 2208 tnendicos
3415 2165 3589 2220 curat,
3623 2168 3678 2210 et
3706 2159 3834 2212 hinc

2224 2230 2434 2289 Judzcis
2455 2235 2723 2290 silentium
2753 2238 3015 2308 imponit,
3044 2244 3164 2312 quia
3213 2259 3317 2299 non
3350 2245 3526 2300 claros
3545 2289 3561 2312 ,
3590 2249 3834 2304 illustres

2225 2338 2286 2377 ac
2311 2325 2576 2394 principes
2603 2329 2763 2393 viros,
2786 2332 2879 2386 sed
2901 2333 3156 2390 obscuros
3179 2340 3338 2390 etiam
3367 2354 3462 2393 sua
3491 2342 3830 2409 providentia

2224 2414 2542 2484 dignabatur
2577 2438 2590 2474 :
2623 2437 2740 2474 nam
2772 2422 2834 2476 ad
2866 2426 3104 2479 outttiunt
3136 2427 3363 2482 salutem
3398 2443 3640 2486 venerat.
3672 2433 3831 2500 Quod

2226 2519 2406 2562 autem
2434 2511 2629 2564 aeeidit
2659 2513 2709 2566 in
2743 2514 3034 2586 paralytieo
3055 2559 3072 2583 ,
3109 2518 3196 2574 hic
3223 2535 3438 2592 quoque
3466 2525 3668 2579 evenit.
3719 2526 3833 2582 Ne-

2225 2614 2329 2667 que
2358 2601 2502 2654 enim
2534 2602 2620 2657 ille
2651 2604 2768 2672 quis
2795 2620 2854 2659 se
2893 2618 3130 2662 curasset
3154 2621 3330 2678 norat,
3364 2627 3538 2682 neque
3566 2614 3676 2670 hic.
3716 2616 3833 2672 lloc

2226 2701 2403 2742 autem
2423 2692 2700 2745 acciditoh
2725 2693 2920 2749 Christi
2951 2695 3248 2753 discessum
3278 2702 3397 2770 :qui
3430 2717 3548 2756 eum
3578 2706 3829 2774 curabat,

2227 2793 2439 2848 seraper
2464 2783 2718 2838 secedere
2750 2785 2988 2849 solebat,
3025 2796 3081 2840 ιιι
3133 2789 3272 2843 circa
3307 2791 3460 2860 signa
3503 2797 3682 2850 omnis
3730 2813 3828 2850 su-

2227 2872 2393 2938 Spicio
2425 2874 2718 2928 tolleretur.
2751 2877 2849 2943 Qui
2878 2880 3020 2932 enim
3051 2896 3156 2934 non
3184 2899 3443 2938 noverant
3490 2889 3610 2956 quis
3641 2903 3829 2958 esset,

2223 2965 2493 3032 quomodo
2526 2967 2574 3020 in
2607 2969 2721 3037 ejus
2741 2971 2963 3040 gratiam
2989 2974 3128 3028 circa
3160 2991 3244 3031 res
3269 2988 3448 3046 gestas
3477 2981 3678 3050 aliquid
3729 2985 3830 3037 liu-

2225 3055 2469 3109 xissent?
2499 3057 2682 3128 Neque
2707 3063 2848 3115 enim
2882 3062 2968 3118 hic
3001 3079 3175 3119 carens
3201 3082 3324 3122 erro
3359 3069 3624 3138 quispiam
3666 3085 3786 3128 erat
3811 3118 3825 3140 ,

2226 3148 2316 3202 sed
2343 3149 2409 3202 ad
2444 3151 2623 3221 tetupli
2645 3153 2837 3221 januas
2865 3155 3104 3211 sedebat.
3142 3159 3514 3216 Dubitaanns
3547 3181 3676 3234 ergo
3702 3181 3793 3218 om

2227 3240 2549 3296 nibuscirea
2582 3244 2726 3298 illurn
2752 3288 2766 3308 ,
2797 3247 2923 3316 quid
2954 3247 3128 3303 dicit?
3159 3249 3273 3321 Ego
3299 3269 3432 3308 sum.
3476 3253 3589 3308 Non
3639 3258 3834 3325 puduit

2228 3330 2464 3398 pristina:
2489 3333 2782 3410 catenatis,
2815 3352 2918 3392 non
2963 3339 3270 3395 formidavit
3319 3345 3496 3414 populi
3546 3346 3828 3414 furorem,

2226 3438 2397 3492 neque
2428 3411 2627 3480 vetitus
2657 3438 2736 3482 cst
2761 3444 2880 3485 sese
2909 3434 3229 3500 ostendere,
3263 3445 3320 3488 ut
3349 3439 3650 3494 beneficum
3678 3457 3819 3512 pra!-

2227 3513 2451 3569 dicarel.
2484 3516 2572 3570 10.
2604 3517 2794 3573 Dicunt
2818 3522 2881 3583 ei,
2919 3523 3187 3589 Quomodo
3209 3529 3372 3596 aperti
3391 3541 3506 3584 stant
3537 3533 3622 3585 tibi
3651 3537 3786 3587 oeuli
3807 3538 3834 3589 ἓ

2232 3607 2316 3660 ll.
2352 3607 2634 3676 Respondit
2664 3611 2732 3664 eis
2771 3627 2789 3665 :
2834 3611 2999 3668 llomo
3021 3617 3108 3687 qui
3132 3617 3320 3672 dicitur
3354 3619 3524 3676 Jesus.
3563 3623 3702 3691 Quid
3745 3627 3831 3680 tli-

2226 3699 2346 3752 cis?
2373 3716 2439 3754 an
2473 3702 2633 3756 homo
2661 3703 2773 3759 haec
2803 3708 3099 3775 operatur?
3129 3710 3235 3765 Sed
3265 3713 3395 3767 nihil
3426 3715 3603 3772 adhuc
3648 3719 3717 3772 de
3761 3737 3831 3774 eo

2226 3807 2472 3862 magnum
2505 3795 2841 3863 epinabalur.
2881 3797 3048 3853 llonto
3092 3804 3177 3871 qui
3225 3803 3410 3857 dicitur
3446 3805 3596 3862 Jesus
3619 3809 3662 3875 ’,
3709 3814 3831 3880 [erit

2226 3884 2386 3935 lutum
2409 3895 2452 3936 et
2479 3887 2640 3939 unxit.

2294 3974 2348 4029 2.
2383 3975 2512 4029 Cteci
2539 3994 2568 4028 a
2594 3977 2789 4031 Clu-isto
2819 3982 2982 4034 sanati
3014 3985 3273 4038 t'eracitas.
3311 3985 3374 4040 In
3419 3989 3478 4041 iis
3523 4007 3640 4060 qua:
3671 3992 3830 4044 rideri

2224 4078 2491 4135 nequeunt,
2516 4069 2618 4135 [ide
2644 4080 2715 4124 est
2737 4087 2882 4141 opus.
2916 4072 3046 4129 Vide
3070 4091 3228 4146 quam
3261 4093 3421 4132 verax
3453 4082 3543 4134 sit.
3590 4081 3706 4137 Non
3737 4085 3824 4137 di-

2224 4157 2300 4208 xit
2331 4157 2470 4212 unde
2499 4159 2680 4214 iecerit
2711 4176 2722 4211 :
2754 4163 2892 4230 quod
2922 4165 3192 4219 enimnon
3225 4167 3460 4236 viderat,
3519 4187 3624 4227 non
3671 4175 3825 4231 dicit.

2224 4246 2405 4315 Neque
2428 4251 2571 4304 enim
2606 4252 2810 4306 viderat
2842 4255 2990 4309 illum
3023 4259 3300 4326 exspnisse
3341 4260 3391 4313 in
3437 4271 3632 4317 terram
3661 4307 3677 4331 ,
3727 4269 3825 4323 sed

2224 4339 2363 4405 quod
2401 4344 2643 4397 unxisset
2663 4386 2678 4409 ,
2706 4361 2869 4400 sensu
2898 4357 2949 4401 et
2979 4363 3044 4402 ex
3074 4359 3216 4404 tactu
3248 4366 3576 4424 perceperat.
3606 4357 3672 4410 Et
3694 4360 3828 4415 dixit

2225 4433 2348 4484 ini/ii
2371 4474 2386 4497 ,
2427 4433 2566 4489 Vade
2589 4477 2602 4502 ,
2633 4437 2801 4492 (arare
2826 4441 2875 4493 in
2903 4444 3152 4496 natatoria
3185 4445 3346 4500 Siloe.
3380 4446 3488 4501 lloe
3524 4465 3588 4504 ex
3635 4454 3827 4509 auditi:

2225 4525 2626 4580 teStiiicabatnr.
2663 4527 2726 4582 Et
2769 4533 2907 4586 unde
2954 4532 3151 4588 Christi
3199 4553 3383 4590 vocem
3433 4547 3701 4597 noverat?
3749 4548 3826 4602 lix

2223 4616 2339 4683 ejus
2369 4632 2488 4672 cum
2521 4618 2796 4689 discipulis
2847 4625 3137 4693 colloquio.
3191 4628 3314 4683 lla-e
3364 4633 3540 4686 tnnnia
3592 4651 3824 4705 narrat,

2221 4708 2382 4761 allato
2405 4724 2466 4762 ex
2501 4711 2752 4778 operibus
2783 4715 3084 4771 testimonio
3115 4735 3125 4769 :
3157 4719 3370 4774 modum
3401 4722 3581 4779 dicere
3611 4731 3821 4798 nequit.

2222 4800 2370 4866 Quod
2403 4801 2448 4854 si
2482 4802 2531 4855 in
2565 4802 2630 4857 iis
2661 4819 2780 4874 qua:
2806 4821 2964 4861 sensu
2998 4819 3051 4862 et
3078 4818 3218 4865 tactu
3267 4814 3666 4884 percipiuntur,
3715 4822 3825 4877 fide

2222 4902 2305 4946 cst
2331 4907 2501 4962 opus;
2533 4895 2704 4949 multo
2733 4897 2901 4966 magis
2930 4899 2982 4952 in
3019 4900 3084 4953 iis
3133 4917 3251 4971 qure
3300 4905 3466 4960 videri
3516 4924 3813 4978 nequeunt.

2224 4983 2308 5036 l2.
2335 4983 2520 5038 Dicunt
2543 4987 2607 5050 ei,
2641 4985 2738 5040 Ubi
2763 4998 2836 5040 est
2857 4988 2980 5043 ille?
3012 4988 3309 5061 Respondit,
3339 4995 3542 5051 Nescio.
3572 4999 3626 5054 ld
3657 5017 3823 5069 porro

2223 5073 2467 5129 dicebant
2493 5117 2507 5138 ,
2552 5076 2649 5130 Ubi
2671 5089 2743 5131 est
2771 5080 2898 5134 ille?
2927 5082 3206 5138 occidendi
3234 5090 3436 5143 animo.
3475 5090 3603 5146 Vide
3633 5106 3820 5149 autem

2223 5166 2306 5220 hic
2335 5184 2489 5236 quam
2516 5169 2584 5221 sit
2603 5169 2848 5225 Christus
2878 5188 2905 5225 a
2935 5174 3071 5228 fastu
3101 5177 3304 5233 alienus
3325 5223 3338 5244 ,
3387 5186 3658 5251 quomodo
3710 5207 3820 5244 non

2220 5258 2400 5312 aderat
2425 5272 2542 5328 post
2569 5267 2868 5318 restitutam
2902 5267 3220 5337 sanitatem,
3266 5287 3370 5326 non
3401 5275 3630 5344 gloriam
3659 5319 3673 5341 ,
3709 5297 3816 5333 non

2220 5351 2395 5419 populi
2447 5353 2687 5420 plausum
2721 5357 3016 5424 qtttercbat.
3057 5359 3185 5414 Vide
3212 5373 3389 5417 autem
3418 5381 3576 5434 quam
3611 5374 3821 5425 veraci-

2222 5450 2303 5495 ter
2349 5445 2415 5498 ad
2462 5449 2636 5502 omnia
2696 5465 2871 5506 caecus
2924 5455 3266 5523 respondeat.
3321 5458 3643 5524 Qua-rebant
3683 5481 3817 5535 ergo

2220 5535 2519 5607 Christum,
2552 5550 2607 5595 ut
2651 5541 2717 5595 ad
2764 5545 3069 5600 sacerdotes
3119 5546 3408 5617 ducerent;
3457 5567 3577 5607 cum
3633 5570 3814 5614 aitem

2243 5704 2255 5714 η
2283 5646 2298 5675 ί
2336 5645 2542 5721 Vulgata
2566 5653 2745 5720 latina,
2771 5653 2885 5714 quia
2930 5654 3182 5721 mendicus
3219 5666 3341 5708 erat.
3370 5659 3423 5709 In
3449 5661 3602 5713 Editis
3625 5665 3811 5721 Gruters

2498 5709 2676 5771 legitur
2701 5705 2761 5762 Et".
2781 5705 2924 5784 ἷτνξζὸς
2950 5723 3006 5774 ἦν,

2219 5834 2256 5875 η
2284 5771 2302 5798 ³
2342 5770 2480 5833 11ἱ(¹(ἰ,
2529 5770 2674 5823 ttonto
2707 5775 2789 5836 qui
2823 5770 3003 5827 dicitur
3025 5770 3194 5842 Jesus,
3237 5770 3492 5837 desunt—in
3519 5789 3814 5851 quibusdan-s

2220 5865 2228 5875 .
2257 5843 2321 5878 ss.
