4054 6432
236 333 342 392 313

237 459 340 498 non
391 439 730 502 invenirent,
774 449 979 491 caecum
1013 431 1218 487 ducunt
1255 429 1321 483 ad
1370 427 1708 492 l‘harismos,
1749 421 1851 493 qui

236 533 485 602 asperius
509 530 928 598 interrogarent.
961 524 1086 578 Ideo
1114 535 1347 590 namque
1373 517 1704 587 evangelista
1734 514 1840 569 sab-

238 626 420 679 batum
457 621 620 677 fuisse
651 619 815 685 dicit,
848 626 906 671 ut
926 630 1149 687 pravum
1178 626 1366 668 eorum
1389 610 1626 664 animum
1663 613 1848 660 osten-

236 714 431 780 deret,
459 725 515 770 et
545 728 706 784 quam
736 707 1096 766 calumniandi
1129 703 1446 759 miraculum
1488 713 1677 755 ansam
1727 711 1847 767 cap-

239 815 450 871 tarent,
480 804 622 875 quod
669 801 877 856 scilicet
925 800 1098 867 legent
1143 805 1510 863 transgressus
1553 787 1846 844 videretur.

241 899 484 967 llincqne
506 895 681 966 palam
711 900 822 958 est,
851 891 990 962 quod
1020 889 1106 942 ubi
1139 887 1372 957 primum
1407 883 1558 937 illum
1579 879 1846 941 viderunt,

239 989 368 1044 nihil
415 986 561 1041 aliud
611 983 886 1045 dixerint,
936 994 1136 1051 quam,
1195 977 1285 1032 15.
1335 973 1602 1040 Quomodo
1651 968 1848 1040 aperuit

240 1080 418 1136 oculos
447 1075 610 1130 tuos?
639 1074 706 1129 Et
732 1071 1103 1127 animadverte
1134 1083 1241 1121 non
1271 1065 1473 1120 dixisse.
1498 1062 1621 1116 illos
1645 1099 1659 1124 ,
1705 1059 1850 1126 Quo-

239 1172 404 1230 modo
434 1171 608 1226 visutn
643 1165 892 1236 recepisti
919 1181 934 1230 ;
963 1161 1059 1219 sed
1085 1201 1101 1228 ,
1137 1156 1405 1226 Quomodo
1426 1155 1627 1227 aperuit
1675 1150 1850 1206 oculos

238 1264 400 1318 tuos?
428 1259 769 1317 occasionem
803 1256 902 1326 ipsi
927 1253 1221 1310 offerentes
1263 1245 1629 1304 calumniandi
1672 1245 1845 1314 ipsum

237 1359 306 1410 ob
334 1367 475 1423 opus
508 1352 734 1407 editum.
767 1349 861 1404 llle
884 1359 1014 1402 vero
1036 1342 1186 1415 quasi
1227 1355 1333 1396 non
1379 1338 1578 1410 ignaris
1630 1334 1850 1390 brevius

238 1447 479 1519 lnquiltlr
513 1464 528 1500 :
564 1459 668 1498 non
701 1455 896 1496 nomen
934 1436 1187 1507 protulit,
1224 1450 1327 1489 non
1356 1434 1467 1498 ait,
1505 1431 1646 1485 Dixit
1674 1427 1803 1483 mihi
1829 1467 1845 1494 ,

250 1541 388 1594 l’uae
412 1581 426 1602 ,
461 1535 676 1600 lavare;
709 1532 804 1588 sed
835 1535 1016 1587 statim
1048 1530 1156 1594 ait,
1191 1527 1378 1580 Lutum
1416 1522 1655 1594 imposuit
1697 1535 1850 1590 super

237 1633 416 1688 oculos
441 1645 577 1684 meos
603 1668 616 1692 ,
646 1636 690 1680 et
719 1625 854 1691 lavi,
903 1634 947 1678 et
994 1621 1162 1676 rideo.
1206 1618 1402 1689 Ulpole
1440 1631 1571 1673 eum
1616 1614 1723 1685 iam
1773 1612 1846 1666 illi

238 1725 472 1780 nultum
497 1719 805 1776 calumniati
832 1725 1016 1772 essent
1038 1714 1410 1782 dixissentqne
1433 1751 1448 1776 ,
1480 1708 1619 1763 Vide
1648 1714 1846 1776 quanta

236 1817 392 1874 Jesus
421 1823 678 1884 operetur
710 1811 762 1866 in
790 1810 1054 1873 sabbato;
1084 1807 1250 1862 lntntn
1281 1803 1458 1859 illiuit.
1489 1800 1568 1855 Tu
1583 1814 1711 1854 Vcl‘o
1731 1813 1850 1868 per-

240 1906 414 1978 pende
447 1903 722 1976 quomodo
753 1917 857 1956 non
889 1899 1139 1956 turbetur
1166 1910 1364 1952 etecus.
1418 1892 1554 1949 Nam
1599 1889 1687 1946 ubi
1742 1889 1850 1959 pri-

238 2017 384 2058 mum
413 2001 776 2069 interrogatus
809 1996 926 2051 sine
959 1992 1198 2065 periculo
1230 1987 1551 2060 respondit,
1581 2000 1692 2040 non
1739 1992 1847 2037 uim

238 2110 437 2167 magna
461 2107 556 2148 res
581 2100 701 2147 erat
730 2089 1011 2144 veritatem
1043 2084 1283 2156 proﬁteri
1317 2101 1329 2138 :
1367 2081 1469 2138 hoc
1500 2094 1626 2135 vero
1652 2077 1848 2133 mirum

236 2199 318 2244 est
338 2228 355 2255 ,
389 2188 443 2240 in
467 2183 656 2255 majori
685 2181 1032 2236 constitutum
1071 2186 1217 2233 metu
1243 2218 1259 2244 ,
1306 2189 1415 2230 non
1469 2185 1668 2243 negare
1693 2209 1708 2234 ,
1740 2185 1847 2224 non

236 2278 508 2336 contraria
532 2273 809 2346 prioribus
837 2271 1039 2327 dicere.
1066 2268 1205 2338 Quid
1226 2280 1358 2338 ergo
1389 2260 1695 2320 Pharisa-i?
1740 2260 1852 2315 imo

236 2373 401 2427 etiam
453 2351 583 2423 alii?
630 2366 987 2422 Adduxerunt
1029 2376 1152 2417 eum
1190 2369 1456 2429 tanquam
1502 2363 1844 2426 negaturum.

236 2463 437 2518 Contra
465 2474 597 2516 vero
618 2458 795 2513 evenit
825 2470 984 2526 quam
1016 2451 1275 2522 Optabam
1297 2449 1396 2519 ipsi
1418 2487 1435 2513 ,
1464 2455 1519 2501 et
1545 2443 1850 2502 accuratius

237 2572 349 2610 rem
379 2553 689 2609 didicerunt
722 2569 733 2602 :
767 2549 816 2603 id
846 2546 987 2618 quod
1017 2545 1120 2600 illis
1148 2543 1345 2613 ubique
1370 2541 1511 2595 circa
1557 2538 1706 2608 signa
1752 2551 1845 2590 ac-

236 2647 405 2711 cidit;
440 2645 492 2699 in
523 2641 874 2711 sequentibus
914 2648 1093 2693 autem
1137 2635 1187 2690 id
1230 2633 1429 2688 clarius
1474 2629 1844 2684 ostendemus.

235 2737 376 2806 Quid
401 2751 535 2806 ergo
559 2733 849 2790 PhariSa-i?
883 2730 1134 2786 Dixerunt
1172 2727 1383 2798 quidam
1423 2723 1570 2796 (non
1613 2735 1804 2778 omnes
1829 2762 1844 2785 ,

236 2831 328 2892 sed
362 2822 790 2897 petulantiores)
825 2838 837 2874 :
883 2820 971 2877 16.
1012 2819 1112 2874 Hic
1157 2819 1310 2872 homo
1351 2832 1450 2868 non
1499 2822 1571 2867 cst
1617 2829 1648 2865 a
1696 2810 1844 2876 Deo,

235 2921 353 2989 quia
374 2917 644 2973 sabbatum
669 2931 769 2969 non
811 2911 1048 2967 custodit.
1100 2909 1206 2963 Alii
1251 2907 1525 2969 dicebant,
1581 2902 1848 2970 Quomodo

236 3019 401 3081 potest
433 2996 586 3064 homo
613 3014 848 3078 peccator
873 3004 980 3058 lucc
1008 3003 1155 3074 signa
1183 2998 1392 3072 facere?
1422 2996 1610 3052 Viden’
1652 2995 1774 3050 illos
1817 3008 1846 3046 a

236 3105 406 3176 signis
434 3101 704 3158 allectos?
731 3094 863 3154 Nam
904 3097 998 3168 qui
1037 3096 1336 3160 miserant,
1383 3101 1440 3147 ut
1488 3090 1849 3146 adduceretur

238 3197 361 3250 audi
395 3193 524 3265 quid
553 3206 694 3246 nunc
724 3190 905 3245 dicant
929 3230 944 3255 ,
978 3186 1079 3242 etsi
1108 3200 1215 3240 non
1258 3197 1473 3238 omnes.
1519 3181 1654 3236 Cum
1701 3181 1846 3236 enim

245 3288 519 3357 principes
548 3291 733 3340 essent
755 3325 770 3347 ,
800 3297 864 3336 ex
891 3281 1075 3352 gloria:
1101 3277 1393 3348 cupiditate
1417 3276 1468 3329 in
1499 3271 1849 3330 incredulita-

238 3390 346 3434 tem
374 3377 712 3434 deciderunt.
749 3377 996 3428 Attamen
1025 3386 1089 3427 ex
1124 3369 1456 3441 principibus
1485 3365 1639 3421 multi
1669 3363 1848 3420 credi-

237 3474 436 3527 derunt
468 3470 519 3523 in
547 3483 666 3523 cum
693 3508 709 3534 ,
739 3481 911 3536 neque.
940 3474 1117 3518 tamen
1147 3460 1565 3518 conﬁtebantur.
1613 3456 1849 3527 Populus

236 3563 516 3635 despectui
545 3573 659 3618 erat
681 3603 694 3627 ,
729 3570 786 3615 ιιι
811 3559 903 3632 qui
935 3557 1063 3614 nihil
1091 3555 1268 3628 magni
1294 3555 1566 3610 conferret
1599 3552 1650 3607 in
1679 3565 1846 3623 syna-

238 3673 458 3730 gogam.
489 3656 765 3723 Principes
791 3663 969 3706 autem
991 3649 1270 3705 difficilius
1300 3663 1360 3704 se
1402 3645 1628 3703 credere
1677 3643 1844 3715 proli-

241 3751 532 3812 t'ebantur,
566 3745 652 3799 alii
686 3743 1015 3814 principatus
1040 3755 1262 3807 amore,
1293 3740 1383 3794 alii
1424 3749 1570 3794 metu
1613 3746 1844 3792 cauera-

237 3855 357 3895 rtun
389 3836 617 3893 detenti.
647 3835 825 3905 Quare
852 3832 1068 3889 dicebat
1108 3849 1122 3886 :
1160 3829 1428 3898 Quomodo
1483 3829 1691 3900 potestis
1739 3844 1849 3882 cre-

236 3935 397 3995 dere,
430 3931 517 3997 qui
550 3929 767 4000 gloriam
803 3928 868 3980 ab
916 3924 1204 3980 hominibus
1253 3924 1484 3993 accipitis
1533 3923 1739 3995 (Joan.
1791 3922 1846 3978 5.

238 4024 306 4078 ﬂ
329 4020 395 4095 )‘l
429 4020 491 4074 Et
519 4019 618 4088 ipsi
659 4016 876 4088 quidem
906 4017 995 4086 qui
1023 4015 1220 4085 injuste
1242 4014 1550 4069 interficere
1577 4011 1850 4070 conaban-

239 4125 326 4169 tur
352 4153 373 4180 ,
406 4127 466 4167 se
500 4110 596 4166 Dei
624 4124 742 4164 esse
771 4107 1061 4171 dicebant;
1114 4106 1262 4160 illum
1319 4120 1445 4159 vero
1470 4145 1486 4170 ,
1534 4103 1625 4175 qui
1675 4117 1851 4160 caecos

235 4205 504 4271 curabat;
554 4217 660 4257 non
699 4215 864 4271 posse
915 4216 981 4254 ex
1033 4199 1144 4253 Deo
1187 4211 1348 4260 esse,
1387 4196 1516 4267 quia
1564 4195 1848 4252 sabbatum

238 4312 346 4352 non
371 4295 641 4351 servabat.
673 4293 766 4347 llis
793 4290 1139 4362 opponebam
1169 4287 1294 4356 isti,
1329 4303 1433 4342 non
1468 4302 1627 4358 posse
1658 4302 1852 4358 pecca-

239 4402 412 4446 torem
461 4389 588 4442 talia
632 4385 812 4441 facere
853 4386 1026 4454 signa.
1070 4383 1152 4439 illi
1189 4391 1407 4438 versute
1449 4381 1614 4436 tacito
1650 4381 1804 4451 signo
1833 4422 1848 4448 ,

238 4495 400 4552 quam
436 4478 917 4549 transgressionem
954 4473 1255 4539 vocabant,
1305 4473 1355 4526 in
1389 4471 1625 4526 medium
1651 4470 1849 4526 affere-

205 4593 208 4596 ’
239 4575 391 4629 bant.
422 4571 542 4627 Non
585 4569 730 4624 enim
761 4567 1054 4632 dicebant,
1092 4565 1147 4620 In
1199 4564 1424 4620 sabbato
1462 4573 1656 4626 curat;
1706 4563 1800 4619 sed
1833 4606 1847 4628 ,

242 4664 534 4721 Sabbatum
557 4678 660 4717 non
686 4659 930 4714 custodit.
951 4657 1014 4713 lii
1037 4672 1253 4713 rursum
1284 4656 1475 4726 ignave
1503 4664 1686 4725 agunt.
1717 4653 1849 4709 Cum

239 4759 387 4812 enim
421 4753 751 4825 oportuisset
791 4749 1086 4807 ostendere
1132 4763 1239 4803 non
1288 4747 1475 4802 violari
1524 4746 1847 4810 sabbatum,

239 4865 305 4904 ex
357 4848 530 4919 signis
579 4852 786 4899 unitum
832 4850 1102 4914 arguunt;
1147 4850 1199 4896 et
1240 4840 1362 4910 jure
1391 4839 1629 4910 quidem.
1664 4838 1853 4893 Adhuc

238 4943 384 4998 enim
420 4940 572 4997 illum
601 4952 722 4993 esse
754 4937 1027 4990 hominem
1068 4933 1352 5004 putabant.
1396 4933 1647 5000 Alioquin
1699 4942 1852 5001 pote-

241 5041 364 5089 rant
389 5031 540 5086 illum
573 5028 680 5083 alio
706 5025 868 5082 modo
898 5023 1189 5080 defendere
1212 5065 1229 5090 ,
1261 5021 1407 5094 quod
1430 5036 1624 5091 nempe
1645 5021 1851 5076 sabbati

244 5121 508 5181 Dominus
525 5127 690 5184 esset,
723 5117 814 5188 qui
845 5115 976 5171 illud
1006 5114 1286 5171 statuisset
1315 5131 1329 5169 :
1363 5113 1460 5169 sed
1489 5111 1728 5168 nondum
1752 5111 1854 5168 hac

241 5224 399 5274 erant
428 5211 698 5270 sententia
717 5214 760 5263 ‘.
786 5208 956 5264 Nemo
991 5218 1139 5263 certe
1165 5222 1354 5262 eorum
1384 5204 1615 5261 audebat
1645 5220 1707 5261 ea
1733 5221 1854 5276 qua:

243 5309 511 5366 sentiebat
536 5312 721 5375 aperte
749 5301 985 5373 profiteri
1007 5341 1021 5367 ,
1051 5299 1146 5355 sed
1177 5298 1472 5354 dubitando
1494 5299 1851 5368 proponebat,

243 5402 332 5455 alii
386 5408 535 5454 metu
589 5395 822 5465 repressi
873 5400 1068 5458 erant,
1120 5392 1209 5445 alii
1260 5391 1591 5460 principatus
1644 5405 1851 5444 amore.

244 5495 484 5549 Stltisma
505 5491 660 5562 igitur
681 5495 788 5542 erat
814 5488 945 5540 inter
970 5486 1104 5539 illos.
1139 5483 1292 5551 Quod
1339 5485 1484 5553 prius
1515 5482 1614 5537 fuit
1656 5484 1708 5536 in
1757 5498 1854 5551 po-

248 5587 372 5657 pulo
393 5629 406 5652 ,
441 5582 640 5639 deinde
666 5582 718 5635 in
745 5579 1095 5651 principibus.
1122 5577 1225 5631 Alii
1251 5577 1483 5630 dicebant
1504 5619 1520 5646 ,
1548 5575 1720 5631 Bonus
1744 5586 1854 5643 est;

309 5748 324 5774 ‘
364 5742 641 5802 suspicatur
665 5735 868 5786 Sat'ililts
888 5733 1177 5802 legendum,
1201 5731 1416 5802 nondum
1444 5731 1583 5802 banc
1621 5731 1855 5785 lababant

247 5795 576 5867 cognitionem.
605 5804 695 5852 sed
722 5802 877 5861 locus,
899 5807 954 5849 ut
971 5806 1053 5849 est
1079 5800 1124 5845 in
1151 5804 1310 5856 textu,
1339 5795 1454 5845 ferri
1484 5804 1661 5858 intest.

1314 316 1375 372 IN
1416 289 1731 370 tomum
1776 310 2008 366 ιιοιιιι..
2054 310 2208 367 Lva.
2243 311 2324 368 al.
2369 311 2497 368 va.

3461 314 3562 372 5H

1957 426 2070 493 alii,
2103 425 2244 493 Non,
2274 427 2365 482 sed
2385 429 2579 483 seducit
2607 427 2812 483 turbam
2860 427 3054 500 (J-oan.
3104 427 3158 481 7.
3208 425 3332 495 η).
3382 427 3577 494 \‘idcn,

1956 518 2113 588 plebe
2143 519 2599 590 imprudentiores
2627 520 2897 592 principes
2926 520 3231 576 discissos?
3261 519 3369 575 Sed
3417 535 3565 590 pos:-

1955 626 2117 682 quam
2150 613 2221 666 ita
2253 613 2408 668 scissi
2449 623 2616 681 sunt,
2663 612 2797 669 nihil
2850 628 3174 682 generosum
3231 613 3564 676 exhibuere,

1956 719 2080 759 cum
2110 704 2314 759 instare
2341 703 2651 761 Pharisaeos
2683 704 2946 760 viderent.
2992 703 3092 772 Qui
3123 703 3167 757 si
3201 704 3414 772 penitus
3460 704 3567 757 dis-

1956 795 2082 850 cissi
2120 794 2382 862 fuissent,
2412 795 2595 850 statim
2627 795 2910 850 veritatem
2941 794 3205 865 cognituri
3226 803 3411 849 erant.
3457 794 3568 849 Po.

1952 895 2060 940 vlest
2093 887 2236 940 enim
2259 887 2527 941 dissensio
2550 895 2695 943 recta
2726 902 2871 943 esse.
2901 886 3026 942 ldeo
3057 886 3148 942 ille
3179 886 3412 952 dicebat,
3447 886 3569 942 Non

1957 978 2070 1030 veni
2097 993 2274 1047 pacem
2304 978 2502 1031 mittere
2522 979 2572 1030 in
2596 987 2808 1043 terram,
2836 976 2926 1030 scd
2947 976 3178 1047 gladium
3209 976 3434 1048 (Matth.
3478 978 3564 1032 11).

1956 1066 2095 1141 5-1).
2127 1069 2221 1124 Est
2254 1069 2398 1123 enim
2430 1068 2594 1124 etiam
2629 1069 2768 1124 mala
2817 1069 3145 1136 concordia,
3196 1077 3251 1124 et
3299 1068 3569 1124 discordia

1958 1163 2121 1218 bo:.a.
2150 1162 2284 1218 Nam
2308 1165 2397 1234 qui
2431 1163 2622 1218 turrim
2651 1163 3019 1228 :rtliﬁcabtmt,
3052 1163 3104 1217 in
3127 1163 3384 1216 damnum
3407 1178 3570 1217 suum

1956 1253 2257 1309 concordes
2309 1264 2497 1316 erant;
2546 1263 2709 1324 atque
2755 1255 2915 1310 iidem
2954 1255 3092 1325 ipsi,
3136 1255 3260 1309 licvt
3285 1253 3472 1321 inviti,
3519 1254 3570 1308 in

1957 1346 2306 1401 commodum
2340 1362 2494 1411 suum
2524 1345 2682 1402 divisi
2711 1357 2855 1402 sunt.
2887 1345 3028 1402 Core
3051 1356 3228 1402 autem
3257 1364 3379 1402 cum
3409 1348 3573 1403 sociis

1958 1437 2101 1492 male
2119 1448 2522 1493 consenserant
2548 1455 2564 1504 ;
2601 1439 2722 1494 ideo
2748 1438 2885 1494 bene
2907 1438 3067 1494 divisi
3084 1448 3226 1494 sunt.
3246 1437 3412 1494 Judas
3433 1454 3568 1508 qun-

1956 1545 2062 1599 que
2105 1545 2227 1584 cum
2273 1529 2476 1586 Jntheis
2521 1531 2662 1585 male
2706 1531 3006 1586 consensit.
3045 1530 3230 1587 Potest
3259 1546 3389 1599 ergo
3432 1531 3570 1585 bona

1956 1625 2255 1691 discordia,
2289 1631 2344 1680 et
2374 1623 2516 1680 maia
2545 1623 2838 1680 concordia
2869 1639 3010 1680 esse.
3038 1623 3168 1679 Ideo
3195 1623 3289 1688 ait,
3315 1622 3376 1679 Si
3394 1623 3574 1678 acutus

1959 1727 2076 1768 tuus
2098 1715 2416 1769 scandalizat
2446 1724 2494 1770 te
2517 1757 2534 1782 ,
2566 1731 2686 1771 erue
2706 1732 2819 1770 cum
2843 1730 2863 1779 ;
2892 1724 2942 1770 et
2962 1715 3007 1769 si
3036 1731 3125 1785 pes
3148 1706 3266 1769 titus
3289 1755 3305 1780 ,
3334 1714 3575 1768 abscinde

1962 1806 2190 1878 (Matth.
2225 1808 2278 1863 5.
2311 1807 2406 1864 29.
2438 1817 2486 1863 et
2515 1808 2603 1863 18.
2647 1807 2740 1879 8).
2787 1808 2844 1864 Si
2895 1809 3199 1864 membrum
3247 1807 3389 1863 male
3437 1821 3573 1863 con-

1954 1901 2200 1968 junctum
2228 1901 2655 1958 abscindendum
2683 1942 2698 1968 ,
2733 1916 2914 1957 nonne
2943 1901 3119 1957 multo
3152 1901 3324 1971 magis
3353 1902 3421 1956 ab
3445 1903 3575 1956 ami-

1956 1998 2034 2049 cis
2062 1993 2204 2049 male
2240 1993 2556 2065 conjunctis
2602 1992 2849 2050 abscindi
2898 1994 3156 2064 oportet?
3200 1993 3389 2066 itaque
3436 2007 3574 2049 con-

1956 2084 2142 2152 cordia
2171 2101 2276 2142 non
2306 2101 2525 2156 semper
2550 2085 2690 2142 bona
2720 2093 2839 2155 est,
2871 2093 2928 2142 ut
2961 2099 3064 2142 nec
3097 2099 3315 2156 semper
3362 2084 3574 2140 discor-

1955 2180 2040 2234 dia
2070 2179 2230 2235 mala.

2029 2274 2083 2327 5.
2115 2273 2240 2327 llzec
2262 2273 2384 2328 dico
2409 2282 2466 2328 ιιι
2498 2272 2669 2327 malos
2710 2271 2977 2343 fugiamus
2997 2314 3012 2341 ,
3054 2285 3348 2340 sequamur
3378 2272 3571 2329 honos.

1957 2363 2087 2419 Nam
2116 2366 2160 2419 si
2191 2365 2427 2422 membra
2457 2364 2668 2434 putrida
2699 2364 3018 2419 incurahiia
3049 2362 3424 2419 cXScindimns
3449 2406 3464 2429 ,
3497 2380 3565 2418 nc

1958 2458 2219 2526 reliquum
2248 2473 2447 2526 corpus
2475 2456 2700 2526 perdant
2727 2473 2741 2521 ;
2778 2456 2939 2526 idque
2973 2454 3202 2511 facimus
3227 2496 3241 2518 ,
3272 2471 3379 2509 non
3423 2454 3568 2526 quod

1959 2551 2260 2606 membrum
2301 2550 2702 2620 despiciamns,
2752 2549 2846 2603 sed
2897 2557 2957 2604 ut
3007 2557 3203 2604 czetera
3250 2561 3569 2603 servemus:

1956 2656 2160 2715 quanto
2190 2647 2361 2716 magis
2388 2645 2491 2700 hoc
2519 2645 2789 2716 agendum
2818 2646 2961 2700 circa
2988 2657 3084 2698 eos
3111 2645 3200 2714 qui
3235 2643 3373 2698 male
3419 2644 3575 2698 nobis

1952 2737 2125 2808 juncti
2167 2737 2339 2792 sunt?
2377 2737 2532 2805 Quod
2567 2738 2610 2792 si
2644 2737 2913 2808 possimus
2953 2736 3058 2791 illis
3083 2735 3407 2803 emendatis,
3442 2736 3572 2790 nihii

1958 2828 2137 2882 (lanini
2170 2829 2455 2900 accipere;
2491 2830 2541 2884 id
2568 2830 2714 2882 omni
2745 2839 2942 2886 conatu
2979 2826 3294 2895 tentandum
3329 2844 3344 2882 :
3377 2827 3462 2881 sin
3498 2827 3571 2880 illi

1955 2921 2151 2991 corrigi
2185 2929 2486 2991 nequeant,
2536 2909 2800 2991 nobisque
2843 2928 3113 2982 noceant,
3152 2916 3474 2974 exscindere
3514 2926 3574 2970 et

1956 3013 2194 3082 ahjicere
2220 3021 2457 3082 Oportet.
2491 3011 2625 3066 Hinc
2643 3012 2788 3066 enim
2813 3011 2887 3065 illi
2911 3025 3058 3080 serpe
3085 3010 3256 3079 magis
3287 3008 3575 3062 lttcrabttlt-

1958 3113 2063 3159 tur.
2102 3104 2255 3160 Unde
2278 3104 2477 3158 Paulus
2501 3103 2580 3156 sic
2611 3104 2859 3158 hortatur
2890 3120 2903 3157 :
2931 3101 3144 3171 Auferte
3158 3102 3349 3155 malum
3370 3101 3433 3154 de
3462 3117 3572 3154 me-

1957 3195 2042 3250 dio
2074 3205 2293 3248 vestrum
2317 3194 2343 3266 ·(
2373 3194 2392 3247 ι
2427 3192 2548 3245 Cor.
2575 3191 2630 3248 8.
2657 3192 2798 3263 l3),
2823 3201 2880 3246 ct
2901 3233 2915 3256 ,
2950 3189 3022 3246 Ut
3049 3191 3260 3244 tollatur
3301 3191 3368 3244 de
3403 3192 3570 3244 medie

1955 3298 2174 3341 vestrum
2199 3290 2286 3356 qui
2311 3285 2406 3338 hoc
2437 3300 2567 3354 opus
2599 3283 2717 3353 fecit
2756 3283 2776 3355 (
2794 3281 2932 3336 Ibid.
2965 3297 3014 3337 υ.
3059 3282 3095 3338 2
3116 3282 3161 3356 ).
3205 3281 3572 3339 Perniciosunt

1957 3379 2101 3433 enim
2129 3419 2145 3444 ,
2190 3376 2553 3446 perniciosum
2579 3375 2764 3445 utique
2791 3382 2874 3429 est
2904 3388 3193 3444 pravorum
3216 3375 3570 3428 consortium.

1956 3471 2074 3526 Non
2091 3478 2207 3524 tam
2242 3470 2350 3524 cile
2375 3468 2539 3539 pestis
2566 3476 2843 3538 grassatur
2865 3508 2880 3534 ,
2927 3475 2988 3522 et
3027 3466 3239 3521 scabies
3271 3465 3576 3536 corrumpit

1958 3565 2044 3620 illa
2075 3562 2318 3628 affectos,
2342 3572 2399 3618 ut
2427 3577 2719 3633 pravorum
2750 3559 2989 3629 nequitia
3029 3575 3044 3613 :
3070 3574 3198 3614 nam
3227 3556 3576 3627 Corrumpunt

1958 3659 2114 3714 bonos
2146 3656 2588 3726 morescolloquia
2612 3671 2772 3724 prava
2815 3653 2912 3722 (1.
2963 3650 3083 3707 Cor.
3131 3651 3223 3707 15.
3265 3650 3396 3722 35).
3442 3649 3578 3705 Pro-

1959 3751 2119 3821 pheta
2152 3764 2386 3820 quoqne,
2422 3747 2742 3819 Egnedimiui
2771 3746 2836 3800 de
2865 3744 3033 3799 medio
3060 3760 3240 3799 eorum
3264 3785 3279 3808 ,
3313 3753 3360 3797 et
3399 3758 3576 3812 segre-

1955 3842 2152 3915 gainini
2177 3841 2194 3912 (
2220 3840 2333 3896 kr.
2372 3840 2462 3895 51.
2501 3839 2635 3910 45).
2672 3837 2845 3893 Nemo
2877 3837 3056 3907 itaque
3105 3834 3355 3906 improbo
3399 3841 3578 3889 utatur

1957 3935 2157 3992 amico.
2191 3933 2324 3989 Nam
2357 3933 2400 3988 si
2426 3947 2627 4003 pravos
2654 3931 2795 3987 filios
2822 3929 3219 3986 exheredatnus
3242 3969 3258 3996 ,
3284 3943 3457 3999 neque
3479 3943 3577 3982 na-

1957 4038 2134 4083 turam
2156 4039 2499 4089 reveremur,
2527 4023 2612 4078 vel
2641 4023 2790 4094 leges
2816 4022 2936 4093 ejus
2963 4062 2978 4086 ,
3015 4035 3188 4091 neque
3221 4018 3577 4075 necessitudi-

1960 4134 2082 4175 nem
2109 4117 2359 4189 quamvis
2388 4133 2401 4168 :
2434 4115 2602 4170 multo
2624 4115 2794 4185 magis
2819 4123 3050 4169 notoset
3074 4111 3368 4166 familiares
3392 4109 3578 4182 fugere

1959 4220 2197 4283 Oportet,
2225 4209 2270 4264 si
2289 4209 2414 4264 mali
2443 4209 2572 4263 sint.
2597 4207 2858 4275 Quamvis
2884 4207 3030 4261 enim
3053 4204 3203 4261 nullo
3226 4204 3352 4258 hinc
3375 4203 3578 4260 damno

1959 4305 2261 4360 afﬁciamnr
2286 4344 2300 4369 ,
2334 4302 2530 4357 malam
2561 4311 2738 4355 tamen
2765 4301 2962 4354 famam
2991 4301 3165 4355 vitare
3213 4313 3321 4353 non
3375 4298 3579 4369 poteri-

1957 4416 2101 4455 mus.
2132 4397 2388 4453 Extranei
2420 4409 2657 4465 namque
2688 4409 2794 4448 non
2823 4395 2988 4447 vitam
3020 4391 3339 4463 explorant,
3369 4389 3463 4445 sed
3510 4405 3577 4445 ex

1963 4492 2128 4547 sociis
2151 4489 2418 4560 judicant.
2453 4487 2581 4541 lla-c
2609 4487 2723 4556 ipsa
2746 4493 2800 4540 et
2825 4496 3018 4555 nuptas
3045 4493 3100 4538 ct
3140 4481 3378 4552 virgines
3422 4497 3573 4552 rogo.

1963 4581 2316 4647 Providentes,
2342 4579 2546 4649 inquit,
2576 4583 2707 4632 bona
2729 4616 2747 4642 ,
2780 4593 2881 4630 non
2934 4575 3102 4630 solum
3140 4591 3314 4628 coram
3354 4571 3579 4627 Domino

1961 4675 2050 4730 sed
2076 4674 2229 4729 etiam
2254 4688 2427 4726 rorant
2456 4670 2747 4725 hominibus
2783 4669 2969 4739 (Rom.
2999 4667 3083 4722 12.
3121 4667 3184 4722 17
3210 4665 3250 4737 ).
3284 4665 3426 4722 Nihil
3449 4682 3579 4736 ergo

1964 4782 2069 4822 non
2110 4778 2366 4835 agamus,
2424 4780 2489 4817 ne
2541 4762 2787 4832 proximo
2838 4758 3165 4814 offundiculo
3217 4759 3409 4812 simus.
3461 4757 3576 4812 Vita

1961 4860 2104 4916 enim
2133 4901 2146 4924 ,
2175 4859 2276 4914 etsi
2314 4856 2613 4912 rectissima
2642 4899 2656 4921 ,
2687 4854 2732 4910 si
2763 4853 3094 4910 offendicula
3120 4851 3242 4907 aliis
3270 4852 3373 4914 sit,
3404 4859 3578 4906 totum

1961 4951 2217 5022 perdidit.
2276 4950 2341 5004 Et
2386 4948 2662 5018 quomodo
2709 4954 2888 5016 potem
2935 4955 3080 4999 recta
3136 4943 3242 4997 vita
3293 4941 3580 4998 offensioni

1959 5046 2125 5101 esse?
2154 5045 2287 5100 Cum
2318 5042 2582 5098 malorum
2611 5040 2947 5096 consortium
2980 5038 3175 5092 malam
3195 5037 3332 5107 parit
3355 5037 3575 5091 famam.

1960 5140 2095 5197 Cum
2120 5138 2264 5195 enim
2283 5136 2518 5192 ﬁdenter
2543 5150 2667 5190 cum
2697 5132 2960 5204 improbis
2986 5145 3292 5195 versamur,
3320 5131 3420 5186 etsi
3447 5131 3573 5185 nihil

1963 5230 2120 5286 nobis
2151 5229 2334 5287 damni
2367 5226 2617 5292 accidat,
2659 5225 2782 5280 aliis
2826 5222 3154 5279 oﬁ‘endicnlo
3203 5235 3409 5276 sumus.
3456 5221 3581 5275 llwc

1965 5325 2132 5388 viris,
2189 5321 2543 5385 mulieribus,
2603 5317 2904 5389 virginibus
2969 5315 3132 5381 dico,
3193 5329 3383 5371 eorum
3447 5329 3571 5367 enn-

1963 5416 2206 5472 scicntim
2228 5411 2620 5482 explorandum
2654 5411 2996 5479 relinquens,
3029 5415 3226 5477 quanta
3257 5406 3380 5460 hinc
3396 5403 3572 5459 ariam

1964 5520 2049 5565 tur
2107 5508 2266 5562 mala.
2319 5507 2433 5576 Ego
2483 5504 2704 5576 quidem
2757 5503 2890 5557 nihil
2932 5501 3056 5555 mali
3090 5501 3369 5569 suspicor,
3406 5513 3573 5566 neque

1963 5605 2102 5659 alius
2130 5601 2358 5657 fortasse
2387 5598 2770 5670 perfectiorum
2802 5612 2816 5661 ;
2847 5594 2942 5650 sed
2975 5593 3276 5663 simplicior
3305 5592 3470 5646 frater
3515 5593 3568 5645 in

1967 5709 2053 5753 tua
2082 5694 2374 5751 offenditur
2400 5690 2755 5761 perfectione.
2780 5687 3003 5758 Oportet
3033 5695 3212 5739 autem
3261 5684 3404 5738 illius
3440 5699 3578 5737 con-

1966 5784 2550 5846 sulercimbeciliitati.
2584 5780 2808 5837 Etiamsi
2853 5778 2978 5834 hinc
3030 5777 3120 5832 ille
3163 5790 3269 5832 non
3306 5774 3534 5830 laedatur
3558 5815 3575 5842 ,
