4054 6430
531 335 632 390 315

527 445 618 498 sed
646 443 858 514 gentilis
891 440 1203 495 offendetur.
1234 437 1391 491 Juhet
1428 443 1604 488 antem
1648 433 1840 486 l‘anlus
1883 432 1997 484 sine
2021 430 2105 484 of-

529 538 768 592 fensione
807 548 924 587 csse
950 530 1184 594 Juda-is,
1231 538 1284 581 et
1329 526 1559 589 Gra'eis,
1612 532 1664 576 et
1708 522 1963 575 Ecclesia:
2017 520 2104 573 Dei

531 634 544 695 (
578 630 622 681 Ι.
658 627 770 677 (.‘or.
803 624 887 677 10.
917 623 948 675 5
973 623 1012 690 ).
1051 620 1157 689 ligo
1182 619 1309 672 nihil
1341 616 1463 670 mali
1488 616 1552 668 de
1585 615 1783 681 virgine
1821 612 2103 679 SttSpiCtlI‘;

527 718 876 787 virginitatem
911 715 1108 782 quippe
1134 727 1286 772 amo;
1322 708 1518 762 Caritas
1554 714 1729 758 autem
1778 720 1875 755 non
1919 703 2106 771 cogitat

526 808 754 876 malum(
787 809 833 861 ι.
869 805 989 862 Cor,
1032 805 1111 857 l3.
1140 805 1155 868 )
1189 802 1299 855 Hoc
1332 801 1627 853 institutum
1664 798 1785 848 vita:
1816 795 2106 848 admodum

523 901 687 968 diligo
711 941 724 964 ,
760 909 930 963 neque
957 894 1245 948 absurdum
1279 892 1401 959 quid
1435 890 1672 959 cogitare
1709 903 1944 956 possunt.
1971 887 2106 952 Quo-

523 991 682 1044 modo
711 990 760 1043 id
789 987 1024 1042 externis
1057 981 1535 1054 persumlebimus?
1571 979 1795 1048 Oportet
1817 979 1956 1032 cnim
1983 979 2104 1033 illo-

522 1100 638 1137 rum
663 1083 816 1136 etiam
848 1079 1104 1133 rationem
1135 1075 1348 1128 habere.
1379 1071 1469 1128 Sic
1491 1074 1669 1142 itaque
1707 1079 1886 1124 nostra
1921 1069 2106 1139 dispo-

521 1187 748 1238 namus,
795 1166 1322 1237 netpiisiufidelinm
1351 1173 1534 1219 contra
1581 1178 1677 1216 nos
1723 1178 1906 1216 ansam
1953 1176 2109 1231 repe-

1172 1279 1314 1287 _—.._—

1513 1278 1738 1286 ————.

975 1281 1161 1290 ﬂ-..—

1260 328 1314 378 ὃ.
1358 320 1632 379 ,ΙΟᾸΝΝΙΞ
1670 317 2140 373 (ῖΙΙῐῖΥΞΟδΤΟΜΙ
2181 319 2496 375 ARCHIH‘.
2539 314 3076 370 (IUNS'I'ANHNUI’.

3718 323 3827 375 516

2219 447 2326 486 rtre
2354 436 2540 503 possit.
2569 432 2719 487 Sicut
2745 450 2886 486 etum
2915 434 2946 486 ii
2972 434 3061 502 qui
3089 433 3248 486 vitam
3277 444 3475 487 rectam
3508 437 3773 493 exhibent
3802 479 3820 501 .

2223 526 2329 578 Iirn
2355 527 2573 595 gloriam
2604 526 2840 579 referunt
2875 544 2884 580 :
2919 525 2986 578 ita
3017 527 3104 595 qui
3134 541 3291 579 secus
3321 538 3484 597 agunt
3509 571 3522 590 ,
3558 531 3612 583 in
3655 547 3824 586 causa

2218 628 2461 671 Stlltlt'ttt‘
2491 618 2907 684 blasphemi-tur.
2951 616 3147 672 Verum
3200 617 3338 672 absit
3383 631 3437 673 ut
3485 622 3624 675 tales
3677 627 3825 691 apud

2220 723 2318 760 nos
2347 709 2450 762 sint
2481 725 2494 772 ;
2525 709 2617 761 sed
2645 708 2712 760 ita
2742 709 2953 760 luceant.
2977 723 3141 776 opera
3172 716 3352 762 nostra
3389 720 3440 762 ut
3481 711 3832 777 gIOrificetnr

2220 799 2378 854 I’ater
2407 809 2589 854 noster
2613 800 2701 868 qui
2731 800 2781 852 iu
2807 801 2954 854 ca-lis
2982 807 3096 860 est.
3129 809 3180 854 ct
3212 817 3308 853 nos
3334 801 3449 869 ejus
3468 803 3639 871 gloria
3671 803 3827 858 frua-

2219 905 2338 943 mtlr
2366 908 2379 942 :
2412 907 2568 959 quam
2594 891 2793 943 utinam
2829 907 2924 944 nos
2958 906 3148 944 omnes
3177 907 3607 960 Cottsequamttr,
3647 898 3826 965 gratia

2218 989 2272 1034 et
2303 982 2626 1051 benignitate
2660 981 2866 1034 Domini
2902 982 3068 1034 nostri
3100 981 3225 1035 Jesu
3255 979 3454 1037 Christi
3481 1026 3496 1048 ,
3536 1001 3633 1052 per
3658 1002 3827 1054 quem

2219 1078 2416 1125 etcum
2448 1086 2553 1140 quo
2584 1071 2723 1124 Patri
2751 1071 2959 1139 gloria,
2991 1086 3205 1141 unaque
3244 1083 3432 1127 sancto
3465 1073 3727 1145 Spiritui,
3773 1081 3826 1130 in

2221 1162 2412 1215 smenla
2445 1161 2782 1213 sa-cnlorom.
2819 1163 3010 1214 Amen.

2767 1277 2918 1286 ._.._—

3383 1289 3520 1298 —-—-—
3538 1293 3816 1302 -———-————.

1905 1350 2250 1410 HOMILIA
2314 1353 2530 1413 LVNI.

518 1507 642 1558 tlte.
692 1502 746 1556 9.
785 1517 834 1553 v.
875 1501 955 1557 l7.
985 1498 1169 1552 Dicunt
1201 1513 1331 1551 croco
1358 1497 1536 1549 iterum
1579 1510 1596 1548 :
1647 1493 1719 1547 Tu
1746 1493 1866 1563 quid
1892 1492 2017 1544 dicis
2044 1492 2109 1543 de

587 1595 696 1662 illo,
727 1594 814 1662 qui
843 1591 1038 1660 aperuit
1068 1590 1238 1642 oculos
1267 1588 1419 1640 tuos?
1447 1585 1546 1640 Ille
1574 1595 1739 1638 autem
1767 1585 1930 1646 dixit,
1974 1582 2106 1650 Quia

588 1686 827 1755 prcit/tetu
853 1694 940 1736 cst.
978 1681 1056 1735 18.
1097 1679 1214 1732 Non
1239 1678 1555 1732 crediderunt
1585 1692 1701 1746 (rgo
1729 1673 1923 1728 Juda'i.

587 1804 638 1855 4|.
681 1799 965 1868 Scriptura:
1010 1811 1111 1850 non
1151 1796 1463 1865 simpliciter
1494 1791 2101 1863 nequeperfunctorie,

515 1893 607 1946 sed
638 1906 792 1962 quam
824 1889 1225 1958 diligentissime
1257 1886 1491 1957 h-gendm
1517 1895 1658 1949 sunt,
1689 1899 1753 1937 ne
1784 1883 1908 1951 quid
1936 1881 2102 1936 obicis

515 1985 734 2036 oriatur.
768 1980 974 2034 Etenim
999 1980 1106 2047 jam
1136 1979 1254 2049 quis
1283 1978 1471 2031 merito
1500 1976 1848 2044 quzrstiouem
1871 1984 2102 2037 moveat,

515 2072 824 2138 Quomodo,
861 2081 1135 2138 postquam
1179 2069 1460 2129 dixerunt,
1515 2065 1610 2118 llic
1653 2084 1751 2118 non
1794 2076 1864 2117 est
1903 2082 1934 2116 a
1977 2065 2098 2126 Deo,

514 2165 631 2227 quia
658 2163 917 2214 sabbatum
946 2176 1042 2212 non
1075 2170 1232 2212 servat
1259 2201 1267 2220 ,
1295 2159 1402 2222 jam
1444 2157 1624 2210 dicunt
1655 2157 1699 2210 ei
1724 2197 1736 2218 ,
1775 2154 1851 2207 Tu
1878 2156 1999 2220 quid
2026 2155 2098 2207 di-

514 2256 583 2307 cis
609 2254 671 2305 de
698 2254 806 2316 ilto,
839 2252 925 2321 qui
951 2251 1147 2319 aperuit
1177 2250 1347 2302 oculos
1377 2250 1526 2300 tuos?
1554 2246 1665 2300 Non
1697 2247 1948 2300 dixerunt
1969 2286 1982 2307 ,
2025 2245 2102 2298 Ἰἰι

515 2343 640 2412 quid
671 2342 802 2395 dicis
831 2341 898 2395 de
929 2341 1037 2405 illo,
1080 2339 1166 2407 qui
1197 2337 1474 2392 sabbatum
1509 2337 1702 2390 solvit?
1743 2335 1834 2387 sed
1880 2349 2101 2386 excusa-

516 2438 712 2488 tionem
754 2447 891 2486 nunc
937 2447 1030 2499 pro
1071 2431 1408 2484 accusatione
1441 2439 1660 2497 ponunt.
1693 2427 1827 2493 Quid
1871 2442 1996 2496 ergo
2023 2427 2103 2479 di-

512 2523 775 2578 cendum?
803 2523 912 2576 Non
945 2523 1098 2575 iidem
1130 2531 1253 2574 sunt
1274 2521 1360 2588 qui
1389 2519 1654 2583 dicebant,
1695 2517 1786 2571 Hic
1818 2535 1917 2570 non
1947 2527 2016 2569 est
2044 2534 2105 2571 cx

517 2617 654 2676 Deo;
686 2614 775 2668 sed
810 2614 842 2666 ii
872 2614 957 2681 qui
989 2614 1054 2666 ab
1086 2612 1212 2682 ipsis
1241 2611 1501 2664 sententia
1533 2609 1782 2676 disiuncti
1811 2609 2059 2662 dicebant
2092 2627 2102 2661 :

519 2707 682 2758 Homo
711 2716 937 2774 peccator
963 2720 1060 2756 non
1091 2712 1249 2773 potest
1277 2702 1381 2754 lucc
1410 2704 1553 2770 signa
1585 2705 1767 2770 facere.
1799 2698 1928 2753 Cum
1962 2701 2102 2752 enim

517 2797 708 2850 vellent
743 2797 774 2848 ii
809 2811 868 2847 os
894 2794 1274 2862 cmnprimere,
1306 2809 1370 2846 ne
1392 2792 1659 2845 Christum
1691 2790 1788 2858 ipsi
1818 2789 2104 2842 defendere

514 2889 836 2950 viderentur,
871 2885 1016 2938 illiilli
1047 2885 1134 2953 qui
1168 2885 1375 2938 virtutis
1405 2885 1520 2950 ejus
1551 2881 1977 2950 experimentum
2010 2896 2100 2936 cc-

513 2989 696 3047 perat,
730 2979 780 3029 in
805 2977 1034 3029 medium
1062 2974 1330 3028 adducunt
1356 2983 1404 3027 et
1436 2974 1786 3040 interrogant.
1819 2970 1949 3025 Vide
1973 2985 2103 3041 ergo

514 3069 760 3137 pauperis
792 3068 1136 3136 sapientiam,
1171 3067 1255 3134 qui
1291 3065 1600 3135 prudentius
1626 3079 1788 3134 quam
1817 3064 1890 3120 illi
1915 3080 2104 3119 omnes

513 3162 760 3228 loquutus
801 3168 900 3213 est.
949 3160 1012 3213 Et
1053 3159 1224 3227 primo
1266 3157 1478 3226 quidem
1524 3158 1650 3210 ait:
1688 3156 1945 3224 Propheta
1984 3165 2102 3210 est:

515 3268 685 3322 neque
717 3252 1013 3306 formidavit
1045 3265 1347 3320 perversum
1381 3249 1683 3304 Jud;corunt
1711 3249 1992 3315 judicium,
2023 3263 2105 3301 rc-

516 3346 858 3414 pngnantium
891 3344 1287 3412 dicentimuque
1313 3361 1324 3395 :
1361 3343 1624 3409 Quomodo
1653 3352 1813 3412 potest
1841 3343 1921 3393 hic
1943 3359 1972 3392 a
1995 3339 2102 3393 Deo

513 3453 643 3498 csse,
675 3435 760 3504 qui
793 3433 1054 3489 sabbatum
1089 3451 1186 3487 non
1216 3433 1473 3487 custodit?
1503 3434 1597 3487 sed
1631 3433 1800 3494 dixit,
1845 3430 2104 3500 Prop/icta

512 3539 602 3582 est.
641 3529 702 3582 ις(
731 3546 828 3581 non
859 3527 1176 3581 crediderunt
1204 3525 1376 3580 Judaei
1407 3525 1539 3594 quod
1567 3542 1729 3579 ctrcus
1763 3525 1937 3592 fuisset
1963 3533 2008 3576 ct
2039 3524 2105 3575 vi-

514 3621 699 3682 disset,
751 3619 907 3672 donec
947 3625 1243 3671 vocaverunt
1286 3627 1515 3685 parentes
1551 3617 1680 3686 ejus.
1728 3614 2105 3667 Animadverte

513 3722 641 3778 quot
673 3710 841 3763 modis
871 3709 1185 3764 iniraciilum
1216 3709 1464 3778 obtegere
1489 3717 1543 3762 et
1582 3707 1797 3760 abolere
1822 3715 2098 3758 conentur.

519 3802 709 3855 Verum
736 3801 844 3867 ipsa
868 3799 1104 3853 veritatis
1128 3783 1313 3852 natiua
1339 3797 1524 3851 iisdem
1551 3796 1678 3865 ipsis
1702 3795 1960 3857 firmatur,
1989 3794 2104 3862 qui-

517 3896 613 3950 bus
636 3893 702 3948 ab
730 3881 1128 3948 insidiatoribus
1158 3891 1459 3962 impetitur;
1493 3889 1679 3943 iisdem
1708 3887 1892 3958 fulget,
1913 3886 2105 3956 quibus

515 3983 785 4039 obscurari
835 3993 1082 4037 tentatur.
1119 3981 1226 4037 Nisi
1258 3983 1398 4035 enim
1441 3980 1552 4033 lucc
1585 3982 1718 4032 facta
1759 3987 1972 4041 essent,
2004 3977 2104 4029 mi-

516 4074 749 4127 raCnInm
777 4072 915 4140 apud
943 4072 1138 4126 multos
1164 4079 1464 4139 suspectum
1495 4083 1612 4122 esse
1641 4067 1897 4137 potuisset
1921 4084 1932 4118 :
1968 4082 2106 4120 tmnc

519 4181 645 4220 vero
673 4180 734 4219 ac
765 4165 806 4218 si
846 4164 1081 4218 studiose
1110 4164 1383 4216 veritatem
1424 4160 1732 4230 imlagarcut
1756 4200 1771 4224 ,
1817 4160 1885 4212 ita
1926 4159 2102 4211 omnia

517 4259 744 4320 faciunt,
792 4271 962 4326 neque
1003 4257 1155 4321 aliter
1201 4254 1478 4317 fecissent,
1529 4255 1570 4307 si
1614 4269 1709 4322 pro
1751 4251 1966 4307 Christo
1994 4251 2107 4306 lure

515 4349 716 4418 operati
747 4357 946 4403 essent.
974 4347 1065 4401 llis
1088 4358 1260 4400 tamen
1285 4347 1458 4415 ipsum
1482 4345 1780 4412 deprimere
1808 4341 2103 4406 tentabant,

515 4455 635 4493 cum
667 4440 937 4504 dicerent,
974 4437 1235 4504 Quomodo
1275 4437 1471 4505 aperuit
1500 4435 1669 4488 oculos
1709 4433 1859 4486 tuos.’
1895 4432 1943 4486 id
1990 4442 2105 4496 est,

518 4531 652 4583 Nam
684 4529 997 4598 quibusdam
1029 4527 1346 4598 praestigiis?
1394 4526 1523 4580 Nam
1570 4525 1690 4579 alibi
1731 4539 1941 4593 quoque
1985 4538 2104 4576 eam

520 4621 647 4674 nihil
679 4621 1032 4690 obiiciendum
1066 4620 1356 4682 haberent,
1405 4617 1619 4670 niodum
1654 4614 1872 4668 curandi
1908 4615 2108 4667 calum-

521 4716 649 4768 niari
680 4725 938 4768 conantur
964 4713 1199 4767 dicentes
1241 4730 1253 4764 ε
1302 4710 1417 4764 Non
1460 4711 1592 4774 ejicit
1633 4709 1883 4761 dwmouia
1925 4707 2022 4759 nisi
2057 4707 2108 4760 in

522 4806 825 4860 Beelzebub‘
853 4804 1062 4876 (Matth.
1099 4805 1183 4858 η.
1203 4799 1329 4874 2i)?
1348 4805 1409 4855 Et
1430 4801 1513 4855 hic
1541 4801 1697 4855 etiam
1717 4814 1836 4854 cum
1862 4799 1988 4851 nihil
2012 4814 2108 4866 op-

519 4899 819 4967 ponendum
851 4896 1109 4962 habeant,
1141 4897 1206 4950 ad
1241 4906 1447 4962 tempus
1473 4901 1526 4948 et
1552 4893 1756 4947 sabbati
1785 4890 2106 4946 solutionem

517 4989 855 5058 confugiunt,
889 4987 1206 5056 dicuntque,
1240 4985 1403 5040 Solvit
1433 4983 1729 5046 sabbatum;
1759 4992 1832 5048 et,
1865 4980 2110 5034 Peccator

517 5090 606 5133 est.
643 5081 797 5149 Atqui
830 5080 918 5133 ille
951 5093 1046 5132 vos
1074 5075 1300 5141 invidos,
1325 5075 1412 5144 qui
1433 5083 1578 5145 gesta
1606 5075 1719 5142 eius
1748 5087 1967 5141 carpere
1997 5081 2109 5125 stu-

520 5171 748 5234 debatis,
782 5169 870 5224 ille
899 5178 1082 5240 aperte
1112 5167 1477 5236 interrogavit,
1511 5165 1634 5230 Quis
1672 5180 1734 5218 e1:
1771 5164 1904 5217 vobis
1933 5173 2112 5232 arguet

520 5281 598 5315 me
630 5263 693 5315 de
736 5273 936 5330 peccato
984 5260 1174 5330 (Joan.
1221 5259 1274 5313 8.
1322 5255 1469 5325 46)?
1496 5255 1559 5310 Et
1599 5271 1754 5310 nemo
1794 5254 2109 5324 respondit,

527 5367 701 5421 neque
748 5351 913 5414 dixit,
947 5349 1307 5419 Blasphemas,
1336 5347 1460 5400 dum
1506 5355 1556 5398 te
1602 5344 1999 5412 impcccabilem
2031 5342 2112 5396 di-

527 5449 622 5499 ris.
659 5445 812 5513 Atqui
863 5443 905 5494 si
939 5443 1114 5496 dicere
1146 5443 1472 5510 potuissent,
1503 5438 1639 5491 haud
1682 5437 1840 5490 dubie
1887 5453 1989 5490 non
2030 5447 2111 5489 ta-

529 5539 781 5592 cuissent.
817 5535 947 5588 Nam
981 5533 1066 5603 qui
1099 5533 1380 5599 dicentem,
1415 5546 1471 5585 se
1502 5541 1625 5585 ante
1657 5529 1921 5583 Abraham
1962 5544 2110 5594 esse,

532 5756 563 5802 α
619 5696 634 5725 ³
672 5703 748 5764 \ts.
790 5689 1047 5742 Orientalis
1086 5689 1221 5738 Savil.
1252 5698 1357 5752 post
1391 5687 1665 5744 Beelzebub,
1701 5685 1855 5743 addit,
1897 5681 2021 5741 prim
2039 5677 2113 5744 ipe

565 5768 888 5802 αἠιξιηιιγυιμι.

565 5768 760 5803 armeme
771 5770 888 5804 T'Ulft.

2223 1493 2484 1564 lapidibus
2515 1498 2888 1568 impeticrnnt,
2920 1512 2973 1557 et
3002 1503 3172 1572 ipsum
3207 1520 3234 1558 ιι
3285 1506 3393 1562 Deo
3434 1523 3539 1563 non
3571 1525 3731 1576 esse,
3761 1528 3825 1568 se

2217 1602 2344 1642 vero
2369 1602 2488 1643 esse
2513 1605 2540 1642 a
2576 1591 2686 1646 Deo
2712 1593 2921 1662 gloriati
2949 1603 3106 1660 sunt,
3141 1597 3263 1650 licet
3290 1597 3572 1654 homicida:
3598 1613 3822 1666 eSsent;

2214 1687 2267 1732 et
2294 1695 2416 1734 eum
2449 1683 2536 1750 qui
2571 1683 2872 1752 bnjnsmodi
2903 1687 3049 1756 signa
3083 1689 3434 1755 operabatur,
3465 1707 3528 1746 ex
3571 1692 3682 1747 Deo
3709 1711 3822 1749 non

2213 1787 2332 1828 esse
2359 1772 2636 1839 dicebant,
2668 1777 2789 1844 quia
2822 1777 3098 1831 sabbatum
3139 1795 3244 1832 non
3285 1782 3578 1836 custodiret
3611 1802 3622 1836 :
3654 1785 3698 1837 si
3736 1787 3824 1837 vel

2212 1865 2495 1919 accusandi
2527 1866 2767 1920 umbram
2802 1867 3131 1936 habuissent,
3159 1887 3262 1924 non
3293 1873 3681 1941 pnetcriissent
3713 1877 3824 1930 titi-

2212 1973 2332 2026 que.
2368 1957 2421 2012 Si
2455 1969 2633 2013 autem
2667 1959 2785 2013 ideo
2814 1969 3146 2028 peccatorem
3183 1971 3406 2028 vocant,
3449 1966 3572 2033 quia
3615 1966 3821 2021 sabba-

2214 2059 2322 2103 tum
2355 2051 2565 2107 solvere
2596 2052 2894 2118 videbatur,
2927 2054 3071 2108 futile
3112 2065 3258 2110 certe
3297 2057 3500 2111 crimen
3543 2068 3656 2111 erat
3679 2101 3693 2121 ,
3729 2061 3820 2114 vel

2211 2145 2475 2197 sociorum
2501 2145 2732 2214 judicio,
2771 2149 2858 2215 qui
2906 2157 2959 2200 ut
3007 2147 3252 2210 frigidum
3285 2147 3409 2202 illud
3441 2157 3497 2203 et
3526 2167 3588 2204 ex
3619 2151 3819 2204 sintul-

2213 2243 2317 2289 tate
2362 2236 2655 2304 profectum
2704 2238 3045 2291 damnabmtt.
3095 2237 3338 2306 Undique.
3384 2256 3512 2307 ergo
3557 2241 3815 2302 cohibiti,

2210 2324 2354 2377 aliud
2376 2326 2642 2394 quidpiam
2673 2327 3035 2395 impudentius
3056 2344 3118 2381 ac
3146 2329 3466 2395 petulantius
3491 2333 3822 2401 aggrediun-

2214 2423 2316 2468 tur.
2348 2416 2622 2482 Qnoduam
2646 2418 2770 2470 illud
2790 2420 2810 2470 ?
2831 2417 2950 2472 Non
2972 2420 3307 2486 crrdidrrunt,
3338 2421 3528 2492 inquit,
3552 2426 3689 2490 quod
3709 2441 3818 2479 cct-

2211 2524 2297 2559 cus
2330 2511 2530 2576 fuisset,
2565 2519 2609 2562 τι
2652 2511 2879 2564 vidisset.

2287 2597 2337 2651 Μ
2345 2601 2606 2653 cndaciutn
2636 2603 2813 2666 ubique
2842 2603 2892 2654 in
2924 2604 3145 2670 scipsum
3174 2604 3425 2674 impingit.
3443 2634 3510 2644 -—-
3531 2605 3641 2660 Cur
3683 2622 3820 2677 ergo

2211 2701 2530 2744 accusarunt
2558 2691 2700 2758 quod
2729 2693 3006 2746 sabbatum
3038 2707 3141 2746 non
3169 2694 3492 2760 custodiret,
3535 2697 3634 2750 nisi
3681 2697 3819 2751 illud

2210 2783 2594 2838 credidissent?
2616 2800 2712 2838 cur
2734 2800 2840 2838 non
2869 2784 3026 2839 fidem
3051 2784 3257 2840 habetis
3279 2795 3441 2841 tanta;
3460 2789 3818 2854 multitudini,

2209 2887 2264 2931 ct
2295 2878 2480 2932 vicinis
2525 2882 2611 2947 qui
2655 2882 2827 2948 ipsum
2870 2879 3238 2948 eogiioscunt?
3280 2879 3515 2946 Verum,
3561 2891 3618 2934 ut
3661 2881 3818 2946 divi,

2213 2967 2407 3036 ubique
2437 2968 2770 3022 mendacium
2807 2970 2858 3024 iu
2889 2971 3125 3039 seipsutn
3159 2969 3435 3039 impingit,
3470 2985 3564 3038 per
3589 2986 3651 3026 ea
3697 2971 3820 3042 ipsa

2209 3061 2361 3127 queis
2413 3060 2684 3114 veritatem
2717 3071 3020 3130 Oppugnat;
3063 3062 3339 3132 ipsamque
3379 3063 3656 3118 veritatem
3695 3065 3819 3117 cla-

2211 3151 2407 3204 riorem
2437 3150 2598 3204 ellicit
2632 3169 2644 3204 :
2676 3152 2817 3219 quod
2844 3153 3002 3205 etiam
3032 3168 3173 3206 nunc
3203 3153 3399 3208 evenit.
3421 3153 3498 3208 Nc
3525 3154 3644 3224 quis
3664 3157 3816 3208 enim

2209 3240 2414 3295 diceret
2444 3242 2644 3296 vicinos
2672 3251 2726 3296 et
2751 3251 3080 3312 spectatores
3111 3244 3240 3298 nihil
3278 3255 3526 3301 accurate
3566 3246 3772 3302 dixisse
3799 3290 3817 3314 ,

2211 3334 2302 3387 sed
2332 3334 2398 3389 de
2428 3334 2584 3388 simili
2620 3334 2867 3404 loqnutos
2897 3352 3018 3392 esse.
3039 3379 3054 3403 ,
3092 3347 3340 3406 parentes
3369 3339 3422 3393 in
3449 3339 3684 3395 medium
3715 3339 3819 3395 ad-

2209 3427 2446 3490 ducunt",
2484 3436 2535 3480 et
2563 3427 2639 3480 sic
2671 3428 2818 3481 inviti
2853 3429 3131 3483 veritatem
3162 3429 3548 3500 patefecerunt.
3580 3431 3713 3484 Nam
3757 3431 3816 3485 bi

2213 3518 2448 3572 maxime
2475 3520 2712 3571 omnium
2737 3517 2900 3572 filiuni
2920 3533 3074 3571 suum
3097 3532 3375 3574 noverant.
3401 3521 3534 3587 Quia
3559 3523 3702 3575 etiim
3729 3523 3817 3590 ip-

2213 3623 2328 3661 sum
2362 3607 2780 3677 perterrefacerc
2812 3624 2915 3663 non
2956 3620 3204 3678 poterant
3228 3652 3242 3675 ,
3286 3611 3378 3664 sed
3410 3611 3666 3666 audacter
3697 3613 3818 3682 ipse

2213 3697 2504 3754 beneficmn
2534 3699 2876 3769 praedicabat.
2911 3715 3005 3768 per
3038 3709 3282 3768 parentes
3307 3715 3366 3754 se
3391 3702 3710 3756 miracnlmn
3735 3704 3818 3757 iu-

2214 3796 2426 3849 tirmare
2457 3809 2614 3864 posse
2641 3793 2949 3862 Sperabam.
2984 3794 3048 3847 Et
3093 3793 3211 3846 vide
3251 3793 3685 3862 interrogationis
3717 3811 3817 3848 ne-

2212 3888 2450 3957 quitiam.
2484 3886 2620 3953 Quid
2651 3887 2791 3940 cnint
2818 3886 2932 3940 ait?
2983 3884 3102 3939 illos
3142 3885 3192 3937 in
3236 3885 3469 3939 medium
3513 3883 3814 3946 adductos,

2215 3990 2270 4033 ut
2300 3991 2556 4034 terrorem
2587 3981 2908 4042 incuterent,
2941 3992 3061 4032 cum
3089 3976 3422 4032 vehementia
3453 3974 3697 4032 furentes
3728 3978 3816 4032 in-

2214 4083 2487 4144 terrogant
2517 4092 2529 4127 :
2570 4072 2658 4127 19.
2691 4071 2788 4125 llic
2819 4081 2888 4125 est
2917 4073 3053 4138 ﬁlius
3083 4069 3280 4123 vester?
3310 4068 3418 4123 Nec
3457 4069 3640 4123 dicunt
3665 4112 3678 4135 ,
3708 4069 3815 4136 Qui

2217 4166 2417 4234 pridem
2450 4180 2623 4219 carens
2653 4173 2819 4218 erat:
2854 4161 2946 4216 sed
2975 4161 3286 4229 quomodo?
3328 4158 3491 4222 Quem
3528 4176 3614 4212 eos
3645 4160 3818 4213 dicitis

2212 4259 2331 4326 quia
2370 4272 2532 4309 circus
2573 4265 2721 4307 natus
2750 4263 2858 4313 est;
2887 4268 2950 4306 ac
2978 4251 3022 4306 si
3054 4251 3128 4304 illi
3170 4261 3380 4305 versute
3415 4251 3710 4320 fingerent,
3757 4260 3816 4304 ut

2215 4364 2374 4417 opera
2409 4346 2609 4400 Christi
2648 4344 3047 4400 confirmarent.
3103 4342 3146 4397 Ο
3195 4343 3542 4408 cxsecrandi,
3593 4353 3649 4397 et.
3696 4344 3817 4412 plus

2216 4455 2370 4508 quam
2399 4437 2708 4493 exsecrandi
2733 4438 2745 4490 Σ
2778 4436 2971 4505 Ecquis
3000 4445 3146 4505 pater
3178 4435 3290 4490 haec
3315 4435 3382 4489 de
3405 4434 3514 4488 filio
3534 4436 3816 4490 confinxe-

2217 4534 2277 4585 rit
2298 4533 2318 4583 ?
2341 4536 2414 4585 Ac
2441 4533 2482 4585 si
2512 4532 2750 4585 dicerent
2778 4548 2788 4582 :
2814 4531 2982 4594 Quem
3015 4543 3107 4581 vos
3139 4542 3338 4580 mecum
3359 4526 3605 4591 dixistis;
3637 4543 3816 4597 neque

2218 4625 2265 4676 id
2311 4634 2544 4685 tantum;
2576 4622 2667 4676 sed
2717 4622 2818 4676 hoc
2848 4621 3044 4690 ubique
3073 4619 3364 4688 sparsistis.
3399 4618 3668 4682 Quomodo
3695 4634 3818 4689 ergo

2217 4731 2349 4766 nunc
2373 4714 2544 4767 videt?
2573 4713 2615 4768 Ο
2641 4713 2916 4766 stultitiam
2942 4715 2952 4765 Ξ
2991 4710 3235 4765 Vestrum
3263 4721 3368 4776 est,
3399 4710 3674 4778 inquiunt,
3714 4711 3816 4764 hoc

2215 4818 2574 4860 eunnnentum
2598 4849 2613 4870 ,
2664 4805 2776 4859 lnec
2814 4803 3079 4858 sinuilatio
3107 4809 3302 4856 vestra.
3330 4801 3619 4871 Dupliciter
3653 4803 3720 4856 ad
3765 4803 3817 4856 id

2218 4900 2515 4968 negandum
2559 4899 2845 4963 inducunt,
2875 4906 2927 4951 ct
2959 4895 3040 4949 his
3067 4895 3264 4959 verbis,
3301 4893 3461 4960 Quem
3492 4909 3578 4948 vos
3610 4895 3779 4950 dicitis
3801 4937 3817 4962 ,

2217 5002 2270 5048 ct
2300 4993 2420 5055 illis,
2450 4991 2714 5056 Quomodo
2740 5005 2865 5064 ergo
2890 5005 3023 5042 nunc
3048 4987 3224 5040 videt?

2286 5083 2338 5136 2.
2371 5083 2499 5138 Cum
2534 5092 2641 5135 tres
2666 5090 2847 5134 essent
2877 5064 3340 5147 interrogationes,
3374 5076 3418 5132 si
3459 5077 3600 5131 filius
3627 5091 3820 5131 eorum

2219 5184 2388 5240 esset,
2422 5174 2465 5227 si
2495 5186 2668 5227 crocus
2697 5170 2901 5237 fuisset,
2930 5179 2984 5225 et
3006 5168 3276 5238 quomodo
3301 5169 3473 5222 visum
3501 5169 3818 5237 recepisset,

2219 5267 2324 5321 dno
2357 5275 2556 5319 tantum
2587 5263 2926 5324 confitentur,
2959 5262 3171 5317 tertium
3198 5275 3304 5313 non
3327 5260 3547 5314 addunt.
3574 5257 3823 5329 llludque

2219 5358 2283 5413 ad
2330 5361 2606 5411 veritatem
2651 5355 2964 5408 firmandam
3006 5337 3296 5416 conduxit,
3343 5361 3401 5404 ut
3443 5366 3603 5405 nemo
3643 5354 3818 5407 alins.

2219 5468 2375 5522 quam
2408 5464 2583 5504 czccus
2613 5459 2850 5509 curatus,
2882 5448 2970 5515 qui
3002 5446 3104 5500 fide
3130 5444 3320 5515 dignus
3345 5452 3461 5498 crat
3481 5483 3495 5506 ,
3529 5442 3645 5498 hcce
3685 5460 3818 5497 con-

2222 5546 2480 5597 fiteretur.
2511 5542 2575 5594 Et
2602 5539 2870 5609 quomodo
2897 5537 2960 5592 ad
2992 5537 3213 5607 gratiam
3257 5534 3460 5603 loquuti
3500 5545 3682 5587 essent
3726 5551 3788 5602 pa
3809 5568 3821 5574 -

2224 5648 2433 5699 rentes,
2472 5635 2560 5703 qui
2591 5633 2749 5686 etiam
2784 5631 3025 5701 qua-dam
3068 5645 3130 5682 ex
3166 5629 3247 5691 iis,
3282 5643 3399 5697 quae
3427 5625 3667 5680 sciebant
3696 5669 3709 5686 ,
3746 5637 3822 5676 ta-

2227 5741 2448 5784 cuerunt
2498 5737 2713 5798 pl‘OpIt‘l'
2755 5739 2950 5778 ιιιι·ιιιιιι
2993 5723 3345 5778 Juda'ormn?
3383 5718 3524 5787 Quid
3569 5719 3711 5771 enim
3741 5718 3818 5771 di-
