4054 6430
195 385 302 445 επ

200 494 363 553 cunt?
385 492 478 547 ιθ.
513 489 662 557 Quod
688 487 772 542 llic
793 494 872 540 est
896 484 1034 554 ﬁlius
1071 487 1259 545 uoster,
1303 477 1489 533 scimus
1512 517 1528 542 ,
1566 483 1620 530 et
1652 473 1786 545 quod

1187 363 1260 420 lN
1294 357 1606 420 JOANNEM
1640 354 1878 414 ﬂOMl’L.
1914 355 2098 415 ‘LVl‘ll.
2138 360 2212 417 al.
2255 359 2407 422 LVII.

1898 471 2134 542 quipiam
2161 472 2334 530 ieram
2355 475 2588 546 undique
2620 481 3044 549 pervestigantcs
3077 483 3125 549 ί,
3152 481 3314 538 modo
3339 483 3443 542 huc
3474 527 3495 556 ,

199 602 361 643 cacus
397 593 547 639 natus
581 582 647 636 sit
665 599 685 648 ,-
717 579 808 635 21.
840 575 1090 648 quomodo
1113 581 1283 626 autem
1309 585 1444 625 nunc
1481 567 1674 633 uideat,
1702 573 1789 618 aut
1896 562 2056 617 modo
2082 564 2208 619 illuc
2235 578 2540 622 accurrant.
2573 567 2655 622 Ad
2685 569 2894 639 priores
2920 586 3050 641 ergo
3089 588 3374 631 sermones
3402 591 3491 632 re-

199 678 308 748 φά.
330 675 529 746 aperuit
551 674 664 745 ejus
688 668 882 735 oculos,
912 681 1004 720 nos
1032 663 1303 719 nescimus.
1327 659 1452 730 Ipse
1478 665 1673 713 letalem
1694 655 1789 707 Ita-
1895 651 2060 748 dcunt
2088 694 2109 748 ἶ
2134 653 2188 710 id
2211 665 2472 748 curantes
2495 667 2552 713 ut
2575 659 2698 714 illos
2725 675 2824 731 per
2860 661 3084 718 crebras
3111 663 3494 736 interrogatio-

195 772 304 834 Μ,
335 770 446 838 ipse
471 767 535 820 de
559 782 614 820 se
639 765 892 834 loquatur.
919 757 1052 813 Fide
1077 755 1296 826 dignum
1328 751 1478 806 illum
1511 753 1783 841 statuunt,

193 871 250 917 et
293 861 373 916 sic
399 875 461 915 se
489 861 747 913 excusant
777 869 791 905 :
822 850 938 906 Non
968 855 1052 904 est
1092 861 1246 917 puer,
1286 843 1531 914 inquiunt
1550 880 1564 902 ,
1609 851 1785 908 neque

190 950 407 1015 infans;
438 954 615 1018 potest
637 943 704 1000 de
729 957 799 998 se
828 938 1188 997 testimonium
1221 935 1381 991 ferre.
1408 932 1498 986 εἰ.
1537 928 1661 984 Hec
1684 944 1782 1018 au-

189 1053 292 1098 tem
320 1017 560 1095 dixerunt
587 1041 791 1106 propter
811 1040 996 1086 metum
1019 1021 1495 1084 Judaorum.vVide
1514 1017 1782 1092 quomodo

193 1131 516 1203 evangelista
545 1127 759 1182 illorum
797 1123 1114 1179 sententiam
1142 1116 1580 1190 propositumque
1608 1125 1782 1203 enun-

185 1224 308 1279 tiet.
339 1202 468 1275 llaec
493 1217 616 1273 dico
641 1215 712 1271 ob
731 1214 956 1270 verbum
993 1210 1120 1267 illud
1153 1217 1277 1264 ante
1303 1207 1504 1263 dictum
1522 1245 1540 1272 ,
1569 1202 1780 1274 Equa-

181 1315 284 1369 leut
305 1327 362 1366 se
385 1310 512 1380 facit
532 1305 663 1361 Deo.
691 1305 824 1372 Quia
844 1304 890 1360 si
918 1304 1007 1357 illa
1033 1301 1222 1356 luisset
1245 1297 1461 1377 Judaica
1488 1294 1774 1360 sententia,

179 1418 292 1459 non
310 1411 498 1456 autem
517 1395 717 1453 Christi
737 1393 996 1465 judicium
1015 1432 1032 1457 ,
1052 1390 1110 1446 id
1134 1398 1282 1445 certe
1302 1386 1593 1442 addidisset
1615 1399 1778 1440 evan-

176 1493 392 1564 gelista,
417 1488 749 1556 dixissetque
772 1497 888 1539 eam
902 1481 1074 1536 fuisse
1101 1477 1406 1535 Judaeorum
1435 1475 1774 1531 sententiam.

177 1585 317 1641 Cum
348 1582 510 1653 igitur
529 1585 779 1650 parentes
803 1575 925 1630 illos
946 1572 1013 1628 ad
1039 1585 1240 1626 caecum
1263 1575 1509 1626 sanatum
1539 1565 1778 1622 remisis-

174 1684 334 1738 sent,
368 1671 562 1726 iterum
588 1671 913 1721 vocaverunt
945 1677 1087 1719 eum.
1133 1659 1248 1719 Nec
1283 1668 1461 1715 tamen
1502 1657 1677 1728 palam
1721 1665 1778 1711 et

172 1761 518 1834 impudenter
539 1759 765 1823 dicunt,
794 1755 939 1826 Nega
975 1752 1248 1808 Christum
1290 1758 1343 1805 te
1381 1762 1637 1816 sanasse,
1677 1747 1774 1803 sed

176 1854 278 1911 sub
301 1853 518 1924 pietatis
541 1849 721 1920 specie
743 1847 802 1903 id
828 1847 1015 1903 volunt
1036 1842 1274 1914 assequi.
1315 1841 1406 1896 24.
1439 1841 1522 1894 Da
1558 1840 1775 1910 gloriam

173 1943 321 2012 Deo,
349 1941 618 2012 inquiunt.
656 1938 788 1994 Nam
815 1939 862 1992 si
892 1935 1202 2008 parentibus
1239 1933 1535 1999 dixissent,
1572 1930 1774 2000 Negate

168 2035 341 2090 ﬁlium
369 2041 610 2088 vestrum
632 2044 754 2086 esse
778 2071 794 2096 ,
822 2037 878 2084 et
898 2041 1098 2085 caecum
1126 2033 1342 2090 natum,
1373 2038 1461 2080 res
1483 2023 1772 2078 admodum

171 2128 398 2185 ridicula
424 2126 537 2180 visa
566 2131 731 2190 esset,
761 2122 1096 2192 idipsumque
1125 2118 1234 2174 lilio
1260 2117 1459 2186 dicere,
1491 2114 1770 2171 manifesta

165 2220 364 2276 luisset
383 2214 734 2287 impudentia.
757 2213 882 2268 ideo
903 2228 1010 2268 non
1027 2212 1105 2267 sic
1126 2210 1343 2274 dicunt;
1367 2207 1460 2262 sed
1481 2207 1587 2262 alio
1611 2206 1772 2262 modo

170 2308 396 2366 insidias
421 2316 640 2378 parant,
675 2305 916 2362 dicentes
945 2321 958 2356 :
989 2301 1070 2355 Da
1106 2300 1321 2372 gloriam
1360 2297 1506 2364 Deo;
1550 2296 1603 2351 id
1645 2306 1767 2362 est,

166 2401 446 2456 (ionlitere
484 2399 658 2468 ipsum
704 2395 832 2450 nihil
881 2393 1089 2449 iecisse.
1136 2389 1250 2445 Nos
1296 2390 1484 2444 scimus
1527 2387 1647 2457 quia
1689 2386 1771 2441 hic

167 2495 323 2546 homo
353 2499 590 2562 peccator
618 2497 709 2543 est.
743 2486 850 2542 Cur
874 2499 1004 2556 ergo
1045 2497 1150 2537 non
1188 2478 1611 2552 reprehendistis
1645 2493 1769 2533 eum

163 2600 292 2639 cum
319 2584 544 2647 diceret,
578 2580 704 2647 Quis
729 2596 791 2633 ea:
812 2579 950 2632 uobis
974 2587 1157 2647 arguet
1174 2590 1254 2628 me
1275 2574 1339 2627 de
1362 2580 1565 2642 peccato
1581 2569 1765 2643 (Joan.

171 2680 223 2732 8.
253 2676 325 2732 l6
345 2675 411 2746 )?
450 2673 593 2730 unde
617 2672 765 2727 scitis
791 2671 940 2726 illum
967 2683 1089 2725 esse
1115 2666 1497 2752 peccatorem?
1522 2665 1655 2720 Cum
1683 2664 1769 2720 dl-

163 2776 357 2824 cerent
399 2773 580 2821 autem
621 2764 726 2828 illi,
771 2761 852 2815 Da
889 2761 1105 2831 gloriam
1131 2758 1261 2823 Dco,
1292 2767 1347 2814 et
1374 2759 1490 2828 ipse
1516 2757 1649 2812 nihil
1677 2772 1768 2812 re-

173 2843 501 2930 spondth,
529 2870 818 2912 occurrens
841 2853 1086 2910 Christus
1111 2851 1346 2907 laudavit
1371 2865 1515 2915 eum,
1546 2865 1646 2905 nec
1677 2865 1766 2904 re-

171 2949 460 3020 prehendit
486 2947 629 3019 quod
657 2947 879 3018 gloriam
912 2946 1022 3001 Deo
1051 2960 1160 3000 non
1185 2943 1454 3008 dedisset;
1483 2943 1576 2997 sed
1602 2941 1767 3024 quid?

167 3041 350 3097 Credis
374 3043 427 3096 in
455 3039 652 3094 Filium
681 3037 779 3094 Dei
795 3038 850 3093 “l
879 3037 951 3094 Ut
972 3037 1148 3093 discas
1174 3035 1304 3092 illud
1331 3050 1471 3103 esse,
1499 3035 1628 3091 dare
1653 3037 1768 3106 glo-

169 3135 305 3189 riam
338 3133 469 3188 Deo.

244 3223 416 3279 Filius
437 3222 652 3292 aqualis
685 3220 852 3275 Patri.
896 3219 1030 3275 Cruci
1073 3220 1411 3274 testimonium
1458 3218 1763 3288 explicatur.

171 3313 402 3382 —Quod
427 3314 472 3368 si
504 3315 620 3382 ipse
647 3327 751 3366 non
801 3319 944 3366 esset
985 3310 1204 3379 aequalis
1233 3309 1374 3363 Patri
1405 3348 1422 3374 ,
1457 3300 1572 3362 hinc
1597 3307 1765 3376 gloria

173 3421 283 3461 non
310 3413 476 3460 esset.
511 3402 620 3459 Sed
649 3403 904 3473 quoniam
931 3401 1025 3472 qui
1055 3400 1246 3455 Filium
1273 3400 1525 3464 honorat,
1548 3398 1762 3453 Patrem

174 3511 390 3567 quoque
429 3494 696 3558 honorat,
724 3493 846 3563 jure
893 3505 999 3547 non
1045 3493 1350 3560 increpatur
1384 3504 1581 3544 caecus.
1629 3488 1764 3543 Cum

173 3603 304 3658 ergo
320 3585 705 3656 exspectabant
731 3595 788 3638 ut
817 3593 1069 3654 parentes
1095 3589 1392 3637 annuerent
1413 3589 1466 3636 ct
1482 3590 1758 3650 negarent,

177 3680 312 3734 nihil
334 3678 687 3734 dicebantisti
707 3692 857 3732 :cum
879 3692 1008 3731 vero
1029 3691 1088 3729 se
1112 3674 1245 3729 nihil
1261 3675 1384 3728 hinc
1397 3683 1766 3743 consequutus

175 3771 448 3835 viderunt,
472 3768 584 3838 jam
609 3766 732 3823 huic
760 3766 944 3822 dicunt
977 3808 992 3832 ,
1032 3763 1133 3819 Hic
1163 3773 1396 3834 peccator
1417 3772 1512 3818 est.
1541 3763 1629 3818 25.
1665 3763 1768 3817 Re-

171 3863 379 3935 spondit
403 3863 490 3916 ille
516 3870 564 3915 et
583 3860 734 3926 dixit,
764 3859 826 3915 Si
849 3868 1083 3928 peccator
1103 3867 1195 3922 cst,
1218 3858 1386 3912 nescio
1408 3873 1427 3910 :
1455 3872 1612 3909 unum
1639 3856 1763 3921 scio,

175 3957 313 4025 quod
353 3969 470 4008 cum
491 3967 654 4008 cacus
679 3967 871 4016 essem,
916 3967 1051 4005 nunc
1086 3951 1249 4004 uideo.
1297 3948 1562 4018 Numquid
1595 3947 1768 4003 timuit

175 4061 354 4102 caecus
381 4045 406 4100 τ
437 4044 673 4100 Ilinime.
722 4043 910 4107 Etcur
938 4043 1027 4112 qui
1058 4042 1266 4097 dixerat
1292 4081 1309 4106 ,
1356 4040 1617 4110 Propheta
1646 4049 1718 4094 est
1748 4079 1764 4106 ,

176 4152 322 4193 nunc
345 4136 478 4192 dicit
507 4177 523 4202 ,
570 4135 632 4191 Si
667 4145 899 4205 peccator
924 4144 996 4188 est
1020 4175 1034 4201 ,
1070 4133 1278 4188 nescio?
1303 4132 1418 4188 Non
1439 4121 1516 4187 ita
1542 4131 1767 4188 aﬁ'ectus

176 4239 292 4284 erat
332 4243 505 4297 neque
543 4227 598 4282 id
629 4225 847 4297 putabat
873 4243 889 4291 ;
918 4225 1013 4281 sed
1037 4225 1180 4296 quod
1208 4223 1371 4279 vellet
1399 4225 1476 4280 rei
1498 4224 1665 4292 ipsius
1691 4232 1771 4279 te-

176 4320 433 4377 Stimonio
459 4359 476 4385 ,
507 4333 614 4374 non
646 4332 777 4374 voce
806 4332 902 4372 sua
931 4319 975 4382 ⁸,
1001 4316 1150 4371 illum
1176 4333 1208 4371 a
1235 4315 1459 4371 crimine
1489 4316 1720 4370 liberare
1750 4354 1767 4380 ,

177 4421 230 4465 et
255 4410 363 4465 ﬁde
377 4409 591 4479 dignam
615 4406 806 4463 ell'erre
822 4407 1188 4463 delensionem
1209 4447 1226 4471 ,
1257 4421 1324 4462 ex
1351 4405 1598 4461 beneﬁcii
1625 4405 1770 4474 ipsos

178 4500 483 4555 damnantis
504 4497 833 4554 testimonio.
856 4496 988 4552 Nam
999 4495 1045 4552 si
1065 4505 1185 4567 post
1209 4497 1372 4551 multa
1383 4495 1546 4551 verba
1559 4496 1772 4551 dicente

179 4592 292 4658 illo,
329 4590 449 4646 Nisi
469 4599 596 4646 esset
617 4589 713 4644 Dei
740 4591 905 4644 cultor
925 4630 942 4656 ,
973 4605 1075 4644 non
1100 4590 1344 4659 potuisset
1369 4589 1493 4642 talia
1521 4589 1668 4658 signa
1689 4591 1772 4661 fa-

179 4700 315 4751 cere,
346 4683 418 4738 ita
444 4681 701 4752 indignati
728 4689 856 4737 sunt
881 4691 939 4736 ut
966 4680 1248 4748 dicerent,
1271 4680 1340 4735 lu
1369 4682 1591 4751 peccatis
1618 4691 1771 4736 natus

177 4791 236 4830 es
262 4783 397 4830 totus
425 4814 442 4840 ,
472 4783 518 4827 et
544 4781 599 4826 tu
627 4772 778 4827 doces
818 4788 911 4827 nos
931 4773 958 4825 7
985 4771 1031 4825 si
1057 4771 1127 4826 ab
1165 4771 1318 4826 initio
1344 4769 1461 4825 haec
1495 4770 1722 4827 dixisset
1752 4812 1767 4837 ,

179 4864 310 4935 quid
339 4879 448 4920 non
477 4863 732 4920 fecissent
753 4864 779 4918 τ
821 4863 951 4934 quid
975 4877 1084 4920 non
1110 4863 1373 4919 dixissent
1399 4864 1424 4917 i
1450 4861 1513 4917 Si
1539 4873 1775 4934 peccator

181 4968 278 5026 est,
308 4958 520 5023 nescio;
548 4956 601 5011 id
625 4965 728 5021 est;
760 4955 903 5011 Nihil
929 4971 994 5012 ea
1031 4955 1101 5012 de
1140 4971 1200 5011 re
1229 4969 1374 5033 nunc
1397 4956 1522 5010 dico
1554 4998 1568 5022 ,
1597 4971 1774 5025 neque

180 5051 507 5105 Imitentiam
549 5045 697 5102 fero:
744 5046 875 5102 illud
914 5046 1081 5117 probe
1114 5046 1228 5102 scio
1270 5054 1325 5100 et
1354 5047 1645 5116 pronuntio
1677 5088 1694 5114 ,
1727 5046 1776 5102 si

182 5134 438 5209 peccator
466 5145 612 5194 esset
639 5179 654 5204 ,
687 5151 792 5192 non
825 5137 947 5192 talia
978 5137 1210 5192 fecisset.
1241 5137 1446 5205 Quibus
1490 5137 1676 5193 verbis
1716 5151 1776 5192 se

183 5238 239 5284 et
265 5231 631 5285 testimonium
677 5242 833 5283 suum
873 5229 1020 5283 omni
1054 5228 1359 5297 suspicione
1383 5227 1669 5296 liberavit,
1715 5237 1774 5282 ut

187 5321 279 5390 qui
308 5336 419 5377 non
449 5320 516 5377 ad
555 5321 780 5391 gratiam
807 5335 924 5377 rem
946 5330 1150 5392 gestam
1178 5331 1442 5377 narraret.
1486 5320 1618 5389 Quia
1647 5337 1776 5393 ergo

187 5425 296 5464 nou
335 5419 585 5479 [alteram
612 5410 757 5465 illam
784 5420 1028 5467 evertere
1065 5412 1150 5467 vel
1178 5411 1398 5467 abolere
1431 5454 1445 5476 ,
1497 5427 1683 5467 rursus
1710 5413 1776 5467 ad

191 5500 410 5556 modum
462 5499 755 5556 curationis
796 5501 1185 5572 explorandum
1229 5504 1492 5570 redeunt,
1537 5503 1681 5559 velut
1732 5505 1776 5560 si

253 5703 272 5734 ι
309 5700 474 5762 Morel.
490 5701 630 5762 legit,
649 5699 701 5751 in
725 5699 879 5750 lilium
899 5700 1120 5751 flammis.

177 5778 180 5784 '
251 5765 273 5792 ‘
308 5761 475 5811 Bosel.
500 5760 642 5824 legit,
664 5769 711 5812 et
734 5773 844 5814 uoce
864 5771 974 5813 sua.

529 5849 800 5908 Pnnoc.
841 5852 956 5908 Ca.
1009 5854 1172 5915 LIX.

1893 754 1991 794 nes
2020 741 2293 799 inlirment
2320 785 2338 812 ,
2383 746 2674 818 dicuntque
2703 767 2716 804 ε
2746 749 2838 804 26.
2881 749 3018 816 Quid
3042 751 3160 822 fecit
3189 754 3279 809 tibi
3299 755 3326 809 2
3368 773 3495 827 quo-

1891 831 2044 884 modo
2105 836 2304 903 aperuit
2376 837 2468 891 tibi
2538 840 2712 893 oculos
2740 840 2767 894 .9
2808 840 2949 908 Quid
3008 857 3140 913 ergo
3166 844 3332 913 ,.jlle?
3380 847 3495 902 Illis

1890 919 2116 979 devictis
2158 934 2214 980 et
2241 930 2525 996 prostratis
2557 972 2574 997 ,
2619 947 2728 986 non
2775 934 2912 987 ultra
2957 935 3186 992 remisse
3232 936 3488 1006 loquitur.

1890 1008 2076 1067 Donec
2090 1013 2232 1068 enim
2258 1030 2346 1071 res
2371 1020 2619 1075 examine
2641 1029 2693 1076 et
2714 1022 3101 1091 perquisitioue
3120 1039 3255 1094 opus
3282 1026 3488 1095 habuit,

1887 1099 2167 1159 madente
2197 1120 2312 1161 rem
2337 1107 2632 1165 declaravit
2661 1129 2678 1165 :
2711 1121 2993 1182 postquam
3031 1122 3215 1170 autem
3246 1116 3370 1171 illos
3395 1132 3486 1172 ce-
3571 1153 3584 1160 —

1887 1193 1989 1262 pit,
2015 1195 2462 1270 splendidamque
2488 1201 2768 1258 victoriam
2798 1189 2986 1260 rctulit
3016 1245 3034 1272 ,
3084 1207 3343 1264 audacter
3369 1209 3488 1264 illos

1886 1286 2216 1354 aggreditur,
2241 1289 2424 1361 aitque
2450 1309 2464 1345 :
2493 1291 2584 1347 27.
2612 1291 2739 1348 Dixi
2765 1295 2902 1349 vobis
2922 1299 3078 1351 semel
3103 1339 3119 1362 ,
3149 1309 3198 1352 et
3221 1316 3321 1354 non
3337 1301 3490 1354 audi-

1885 1375 1978 1428 stis
2001 1393 2024 1441 ;
2047 1378 2171 1446 quid
2199 1391 2384 1436 iterum
2419 1385 2570 1440 vultis
2591 1387 2774 1439 audire
2797 1387 2823 1441 γ
2849 1385 3098 1443 Vidistin‘
3119 1391 3357 1453 mendici
3383 1393 3478 1448 ad-

1883 1481 2073 1523 versus
2111 1470 2320 1526 scribas
2346 1481 2409 1528 et
2433 1475 2740 1556 Pharisaeos
2765 1478 3148 1536 conﬁdentiam
3174 1481 3202 1537 τ
3230 1483 3362 1539 Tam
3390 1485 3484 1540 lir—

1883 1572 1970 1613 ma
2006 1574 2094 1615 res
2115 1570 2203 1615 est
2231 1563 2429 1619 veritas
2450 1605 2466 1630 ,
2495 1576 2602 1620 tam
2649 1566 2923 1623 inﬁrmum
2972 1571 3337 1629 mendacium.
3382 1575 3477 1632 illa

1883 1653 2026 1706 enim
2054 1653 2199 1710 viros
2227 1669 2292 1710 ex
2322 1656 2535 1712 inﬁrma
2562 1659 2720 1728 plebe
2744 1661 2921 1717 claros
2964 1661 3134 1719 efﬁcit
3159 1681 3174 1730 ;
3208 1664 3313 1722 hoc
3353 1683 3484 1725 vero

1881 1741 2050 1800 fortes
2073 1744 2345 1814 deprimit.
2373 1747 2430 1801 ld
2462 1763 2626 1818 porro
2653 1752 2770 1806 vult
2796 1766 2974 1809 caecus
3002 1755 3310 1825 signiﬁcare
3339 1774 3353 1810 :
3388 1758 3483 1813 Di-

1880 1835 1983 1889 ctis
2031 1850 2140 1891 non
2184 1838 2496 1905 attenditis;
2540 1840 2664 1897 ideo
2707 1856 2815 1897 non
2858 1844 2996 1900 ultra
3025 1845 3257 1916 loquar,
3307 1864 3484 1919 neque

1876 1927 2086 1984 crebris
2127 1937 2184 1985 et
2212 1932 2364 1986 vanis
2402 1932 2916 2004 interrogationibus
2947 1938 3288 2006 respondebo
3313 1981 3329 2008 ,
3357 1955 3480 1994 cum

1879 2033 1987 2075 non
2011 2019 2252 2076 discendi
2282 2037 2445 2078 causa
2465 2024 2719 2092 audiatis,
2749 2025 2844 2081 scd
2869 2035 2928 2082 ut
2954 2027 3097 2083 dicta
3119 2028 3479 2085 insectemini.

1881 2109 2150 2183 Numquid
2174 2124 2221 2168 et
2240 2130 2329 2170 vos
2352 2117 2505 2171 vultis
2538 2118 2780 2188 discipuli
2805 2120 2919 2189 ejus
2945 2121 3060 2188 ﬁeri
3079 2121 3107 2174 .9
3133 2119 3252 2176 iam
3278 2137 3338 2178 se
3367 2123 3483 2178 dis-

1879 2202 2074 2273 cipulis
2097 2215 2441 2260 annumerat.
2475 2206 2614 2262 illud
2646 2209 2816 2273 enim,
2847 2208 3121 2279 Numquid
3149 2220 3195 2264 et
3223 2227 3309 2266 uos
3342 2254 3357 2277 ,
3383 2213 3478 2278 _si-

1877 2293 2096 2362 gniﬁcat
2117 2295 2294 2364 ipsum
2327 2310 2449 2352 esse
2475 2297 2819 2369 discipulum.
2844 2299 3052 2356 Deinde
3081 2316 3212 2358 vero
3242 2302 3363 2359 illos
3386 2317 3480 2359 sa-

1877 2385 1946 2440 tis
1973 2386 2202 2442 traducit
2225 2398 2281 2444 et
2306 2389 2545 2445 incessit.

1946 2476 2000 2532 3.
2036 2476 2168 2533 Cum
2188 2480 2331 2535 enim
2355 2481 2520 2536 sciret
2550 2480 2654 2537 hoc
2680 2482 2802 2537 illos
2823 2484 3056 2540 maxime
3085 2500 3322 2557 pungere
3350 2528 3367 2553 ,
3396 2488 3474 2544 la-

1875 2569 2124 2624 cessendi
2183 2586 2346 2627 causa
2392 2572 2580 2639 dixit;
2626 2574 2770 2644 quod
2826 2585 2944 2631 erat
2999 2577 3166 2632 animi
3212 2579 3476 2648 ﬁdentis,

1875 2659 2140 2726 sublimis,
2171 2661 2494 2734 illorumque
2517 2664 2756 2721 furorem
2785 2665 3132 2736 despicientis
3157 2710 3173 2736 ,
3219 2679 3381 2742 atque
3408 2671 3476 2726 il-

1875 2752 2000 2820 lius,
2031 2755 2084 2808 in
2109 2771 2216 2826 quo
2238 2755 2456 2824 ﬁdebat,
2488 2757 2802 2828 dignitatem
2827 2760 3175 2827 celebrantis,
3206 2769 3265 2816 ut
3291 2771 3486 2819 osten-‘

1873 2845 2030 2902 deret
2071 2848 2216 2918 ipsos
2244 2849 2422 2905 virum
2461 2851 3194 2910 admirabilem-contumelia
3223 2855 3473 2922 allicere;

1874 2937 2050 3007 ipsum
2077 2948 2255 2995 autem
2283 2956 2389 2996 non
2420 2958 2547 2998 vere
2573 2942 2717 2998 afﬁci
2749 2946 3076 3000 contumelia
3105 2988 3119 3012 ,
3150 2945 3245 3001 sed
3276 2955 3473 3003 contu-

1873 3033 2090 3088 meliam
2119 3034 2320 3089 illatam
2344 3035 2395 3089 in
2424 3034 2689 3091 honorem
2709 3037 2810 3092 sibi
2837 3052 3047 3106 rapere.
3067 3037 3159 3092 28.
3188 3035 3270 3092 Tu
3290 3054 3343 3092 es
3369 3040 3477 3092 dis-

1872 3125 2075 3193 cipulus
2090 3126 2501 3197 ejus,inquiunt;
2525 3145 2617 3182 nos
2638 3139 2806 3183 autem
2823 3129 3064 3200 discipuli
3076 3129 3473 3202 sumuslloysis.

1874 3214 2072 3270 Verum
2091 3216 2142 3270 id
2161 3233 2266 3272 non
2285 3220 2494 3274 ratione
2512 3221 2694 3274 nixum
2717 3230 2821 3276 est.
2841 3221 2950 3276 Vos
2974 3221 3118 3276 enim
3136 3237 3310 3292 neque
3329 3223 3478 3295 Moy-

1856 3304 1972 3370 'sis,
2005 3321 2183 3376 neque
2207 3307 2365 3377 hujus
2385 3308 2635 3378 discipuli
2659 3312 2810 3366 estis.
2836 3311 2892 3367 Si
2921 3312 3120 3383 Moysis
3153 3316 3346 3369 essetis
3372 3356 3388 3382 ,
3421 3327 3478 3371 et

1873 3393 2071 3450 Christi
2125 3398 2338 3452 essetis.
2392 3398 2519 3455 ldeo
2564 3398 2815 3456 Christus
2859 3417 3022 3470 supra
3073 3403 3288 3458 dicebat
3319 3405 3471 3460 illis:

1873 3484 1936 3540 Si
1962 3486 2232 3542 crederetis
2276 3488 2446 3559 Moysi
2478 3531 2493 3555 ,
2521 3492 2787 3546 crederetis
2813 3494 2984 3563 utique
3026 3503 3073 3548 et
3111 3496 3238 3549 mihi
3265 3512 3284 3549 :
3313 3498 3376 3551 de
3395 3514 3476 3550 me

1872 3577 2007 3631 enim
2027 3578 2113 3632 ille
2141 3581 2342 3648 scripsit
2361 3580 2539 3650 (Joan.
2572 3585 2626 3640 5.
2661 3585 2752 3655 46)
2777 3604 2788 3638 :
2820 3587 3076 3655 quoniam
3107 3587 3173 3641 ad
3203 3588 3301 3642 hos
3330 3604 3476 3644 sem-

1872 3684 1972 3738 per
2020 3685 2302 3727 sermones
2343 3674 2743 3744 confugiebant.
2796 3677 2889 3732 29.
2938 3676 3052 3731 Nos
3098 3679 3284 3733 scimus
3331 3682 3471 3751 quod

1876 3758 2048 3829 Moysi
2069 3761 2303 3831 loquutus
2329 3774 2400 3817 est
2426 3764 2587 3818 Dens.
2619 3766 2738 3832 Quo
2768 3767 3059 3821 narrante!
3086 3783 3193 3837 quo
3218 3772 3473 3825 nuntian-

1874 3859 1926 3905 te
1952 3851 1975 3904 ?
2000 3851 2310 3921 Majoribus,
2336 3856 2506 3921 aiunt,
2531 3856 2753 3910 nostris.
2783 3858 2977 3910 Annon
3000 3856 3108 3911 illis
3136 3858 3241 3913 ﬁde
3262 3859 3476 3928 dignior

1872 3953 1976 4011 est,
2005 3944 2097 4014 qui
2124 3944 2227 4000 hoc
2256 3961 2352 4016 per
2380 3947 2531 4017 signa
2561 3948 2883 4015 conﬁrmat,
2907 3963 3030 4003 cum
3056 3948 3188 4005 dicit
3217 3964 3275 4005 se
3304 3966 3336 4006 a
3364 3953 3477 4007 Deo

1873 4037 2058 4092 venire
2085 4047 2140 4093 et
2158 4038 2391 4094 caelestia
2419 4039 2565 4110 loqui
2589 4040 2613 4093 τ
2642 4039 2828 4110 Neque
2847 4040 3121 4108 dixerunt,
3152 4041 3477 4101 Audivimua

1873 4129 2017 4198 quod
2049 4128 2218 4201 Moysi
2241 4130 2495 4200 loquutus
2521 4131 2594 4186 sit
2628 4131 2807 4196 Deus;
2839 4131 2956 4196 sed,
2987 4130 3215 4188 Scimus.
3243 4132 3378 4200 Qum
3407 4149 3474 4189 ex

1871 4212 2064 4269 auditu
2094 4215 2272 4281 scitis,
2304 4230 2338 4272 o
2358 4215 2554 4283 Judaei,
2585 4217 2904 4286 aﬁirmatis;
2929 4228 2985 4275 et
3006 4235 3130 4290 qua
3158 4220 3282 4276 visu
3307 4225 3484 4292 perci-

1869 4304 2023 4375 pitis,
2057 4309 2274 4364 minora
2304 4309 2512 4379 putatis
2533 4310 2693 4367 esse?
2714 4311 2879 4382 Atqui
2905 4311 2998 4366 illa
3019 4311 3242 4383 quidem
3266 4328 3379 4369 non
3402 4316 3489 4372 vi-

1870 4393 2055 4464 distis,
2090 4397 2186 4455 sed
2217 4401 2476 4467 audistis,
2512 4399 2637 4457 haec“
2672 4416 2806 4458 vero
2836 4418 2946 4458 non
2987 4402 3244 4470 audistis,
3277 4405 3371 4460 sed
3401 4406 3487 4463 vi-

1876 4491 2050 4546 distis.
2075 4491 2212 4560 Quid
2237 4506 2365 4562 ergo
2390 4507 2566 4549 caecus
2594 4493 2617 4548 τ
2641 4492 2733 4548 50.
2764 4491 2832 4547 In
2860 4496 2956 4548 hoc
2979 4494 3114 4548 enim
3133 4503 3206 4550 est
3226 4495 3478 4559 mirabile,

1876 4582 2016 4654 quod
2046 4597 2133 4636 uos
2162 4583 2366 4637 nescitis
2393 4585 2530 4638 unde
2560 4587 2627 4640 sit
2651 4628 2666 4654 ,
2714 4594 2770 4641 et
2799 4585 2922 4640 talia
2951 4586 3104 4656 signa
3134 4585 3261 4641 facit
3292 4604 3305 4640 :
3335 4588 3480 4657 quod

1877 4673 1961 4728 vir
1979 4688 2086 4728 non
2115 4674 2340 4744 insignis
2368 4675 2511 4746 apud
2543 4690 2639 4731 vos
2665 4716 2680 4740 ,
2712 4691 2888 4746 neque
2915 4676 3095 4732 clarus
3125 4676 3208 4732 vel
3235 4676 3479 4743 illustris,

1881 4763 2008 4818 talia
2029 4767 2233 4836 possit:
2263 4774 2321 4820 ut
2339 4767 2561 4822 omnino
2586 4766 2931 4822 manifestum
2970 4768 3043 4824 sit
3063 4809 3081 4833 ,
3108 4782 3234 4824 esse
3261 4767 3430 4824 Deum
3459 4809 3476 4834 ,

1880 4855 1972 4926 qui
2011 4872 2079 4911 ne
2112 4857 2337 4912 minimo
2377 4857 2593 4928 quidem
2636 4859 2873 4914 humano
2913 4868 3070 4931 egeat
3117 4843 3340 4915 auxilio.
3388 4859 3480 4915 3|.

1882 4947 2088 5004 Scimus
2107 4961 2275 5004 autem
2301 4950 2440 5020 quod
2467 4949 2609 5005 Deus
2639 4958 2928 5020 peccatores
2955 4968 3059 5006 non
3083 4951 3314 5005 exaudit.
3343 4949 3480 5008 Cum

1882 5041 2026 5097 enim
2053 5051 2208 5096 antea
2240 5041 2537 5097 dixissent:
2572 5041 2843 5107 Quomodo
2873 5051 3036 5112 potest
3070 5040 3223 5096 homo
3250 5051 3483 5111 peccator

1884 5134 2010 5188 talia
2031 5134 2180 5205 signa
2204 5136 2373 5205 facere
2396 5134 2424 5186 Ρ
2441 5146 2630 5188 eorum
2663 5133 2852 5188 nititur
2876 5132 3104 5203 judicio,
3123 5142 3180 5189 et
3208 5133 3328 5190 haec
3355 5133 3484 5204 ipsis

1884 5227 1940 5282 in
1968 5235 2201 5283 mentem
2223 5237 2460 5282 revocat.
2497 5226 2624 5282 liae
2651 5227 2944 5295 sententia,
2972 5225 3167 5297 inquit,
3190 5235 3248 5283 et
3277 5227 3408 5282 mihi
3430 5237 3487 5283 et

1884 5316 2039 5373 vobis
2073 5317 2378 5373 communis
2401 5325 2486 5373 est
2514 5335 2528 5370 :
2563 5318 2615 5373 in
2649 5319 2749 5373 hac
2789 5317 3083 5388 persistite.
3111 5317 3182 5373 Et
3206 5318 3328 5376 vide
3356 5316 3486 5373 mihi

1885 5407 2247 5476 prudentiam.
2279 5407 2502 5478 Signum
2537 5423 2753 5480 semper
2796 5410 2850 5465 in
2881 5423 2976 5464 ore
3019 5419 3236 5474 versat,
3267 5409 3390 5479 quia
3416 5409 3487 5463 il-

1886 5499 1978 5556 lud
2010 5500 2197 5556 tollere
2218 5515 2324 5557 non
2354 5511 2622 5569 poterant,
2650 5512 2706 5557 et
2727 5501 2852 5557 inde
2893 5502 3262 5557 ratiocinator.
3296 5499 3487 5556 Viden’

1885 5608 2008 5648 eum
2035 5635 2052 5658 ,
2075 5607 2201 5649 cum
2243 5593 2397 5648 initio
2421 5595 2663 5652 diceret.
2695 5593 2754 5647 Si
2784 5604 3019 5664 peccator
3045 5603 3118 5647 est
3143 5635 3158 5659 ,
3190 5592 3358 5646 nescio
3385 5633 3399 5656 ,
3429 5591 3485 5647 id

1952 5705 1968 5735 ¹
2008 5702 2098 5754 alii
2130 5703 2324 5775 legunt,
2343 5705 2468 5757 velut
2489 5707 2532 5757 si
2547 5717 2691 5755 canos
2708 5705 2861 5758 rerum
2882 5704 2933 5753 in
2958 5711 3057 5755 tuto
3081 5703 3307 5753 latentem
3341 5697 3494 5753 mdi-

1891 5779 1983 5830 que
2004 5772 2389 5830 pervestigantes.
