4054 6438
566 395 667 450 πιθ

569 521 676 560 non
704 501 994 559 dubitando
1020 498 1249 555 dixisse?
1279 497 1458 566 absit,
1493 505 1649 552 norat
1688 494 1832 550 enim
1872 507 1978 548 non
2022 505 2140 546 esse

571 606 924 665 peccatorem.
955 591 1105 648 Nunc
1131 577 1601 661 ubi‘opportunum
1622 596 1706 644 est
1731 597 1942 657 tempus
1975 627 1989 650 ,
2019 582 2140 637 'vide

567 684 833 754 quomodo
860 681 1194 751 respondeat.
1223 681 1428 737 Scimus
1452 680 1778 749 autemquod
1797 679 1937 733 Deus
1960 692 2140 748 pecca-

572 788 702 830 tores
731 791 831 828 non
855 773 1068 836 audiat;
1092 773 1179 826 sed
1203 773 1246 827 si
1269 772 1380 841 quis
1410 771 1504 825 Dei
1530 771 1695 824 cultor
1716 779 1790 824 est
1816 810 1832 835 ,
1875 778 1922 822 et
1951 768 2133 822 volun-

571 873 719 918 latent
742 865 855 934 ejus
876 863 1016 932 facit.
1041 862 1137 916 llic
1160 875 1264 915 non
1288 859 1447 914 modo
1467 875 1495 911 a
1523 859 1752 927 peccatis
1768 858 2017 921 absolvit,
2048 853 2141 909 sed

569 963 624 1007 et
668 953 780 1006 Deo
816 960 1091 1021 acceptum
1123 991 1139 1016 ,
1173 959 1228 1006 et
1266 950 1356 1004 Dei
1399 964 1559 1017 opera
1604 949 1882 1002 facientem
1934 948 2140 1017 probat.

568 1045 702 1110 Quia
725 1043 865 1097 enim
891 1042 962 1096 illi
995 1056 1052 1096 se
1074 1041 1164 1094 Dei
1197 1040 1429 1094 cultores
1451 1038 1700 1094 dicebant
1724 1079 1739 1105 ,
1768 1039 1888 1094 ideo
1917 1037 2140 1103 addidit,

572 1130 638 1186 Et
667 1137 968 1187 voluntatem
995 1131 1104 1199 ejus
1123 1133 1266 1201 facit.
1294 1129 1409 1183 Non
1431 1130 1560 1184 satis
1583 1138 1667 1184 est
1693 1170 1708 1196 ,
1736 1130 1903 1198 inquit
1933 1168 1948 1196 ,
1974 1128 2140 1183 Deum

568 1238 907 1293 cognoscere,
939 1220 1032 1276 sed
1058 1220 1172 1289 ejus
1190 1229 1271 1274 cst
1290 1219 1526 1274 iacienda
1545 1218 1955 1275 voluntas.'lnde
1976 1219 2141 1272 mira-

569 1315 744 1367 culum
774 1311 1000 1365 extollit.
1033 1310 1119 1366 32.
1147 1309 1188 1363 Α
1215 1309 1397 1364 swculo
1415 1327 1513 1364 non
1533 1319 1601 1364 est
1623 1311 1850 1363 auditum
1872 1311 2008 1378 quod
2022 1326 2145 1377 ape-

564 1406 722 1457 ruerit
759 1404 870 1471 quis
905 1405 1076 1456 oculos
1131 1402 1250 1456 circi
1300 1402 1424 1454 nati.
1470 1402 1524 1456 Si
1570 1416 1697 1471 ergo
1747 1401 2069 1456 COnﬁtctniui
2100 1401 2139 1466 ⁸,

573 1498 735 1550 ticum
766 1511 868 1549 non
900 1475 1153 1549 exaudire
1187 1504 1527 1563 peccatores;
1555 1494 1640 1548 hic
1680 1508 1806 1548 vero
1833 1493 2141 1547 miraculum

572 1587 835 1653 patravit,
882 1595 935 1640 et
967 1587 1068 1639 tale
1098 1585 1440 1650 miraculum,
1473 1585 1633 1655 quale
1673 1600 1830 1639 nemo
1857 1584 2018 1638 fecit:
2052 1599 2142 1652 pa-

571 1681 670 1730 lam
695 1687 774 1730 est
803 1678 944 1729 illum
973 1676 1165 1729 virtute
1193 1678 1367 1730 omnia
1389 1690 1672 1744 superasse
1691 1715 1706 1740 ,
1740 1676 1961 1744 ejusque
1989 1684 2141 1741 pote-

568 1775 754 1820 atatem
783 1767 896 1835 plus
924 1780 1077 1834 quam
1110 1765 1393 1820 humanam
1419 1781 1556 1820 esse.
1584 1765 1719 1832 Quid
1748 1781 1877 1834 ergo
1910 1765 2027 1818 illi?
2053 1765 2140 1818 54.

570 1856 633 1908 ιη
664 1857 878 1926 peccatis
904 1866 1051 1908 natus
1078 1871 1128 1909 es
1146 1863 1295 1919 totus,
1324 1865 1370 1910 et
1396 1865 1449 1908 lu
1470 1856 1616 1910 doces
1635 1873 1724 1909 nos
1743 1857 1771 1908 ?.
1793 1857 1975 1910 Donec
2002 1858 2142 1909 enim

566 1957 878 2014 negaturum
908 1962 1027 2000 cum
1057 1948 1360 2015 sperabant,
1387 1946 1490 2002 ﬁde
1516 1947 1729 2016 dignum
1761 1957 2026 2016 putantes,
2056 1960 2143 2000 se-

570 2040 673 2092 mel
725 2049 777 2091 ut
827 2039 1015 2092 iterum
1057 2047 1335 2093 vocarunt.
1379 2038 1530 2105 Quod
1568 2041 1611 2092 si
1651 2039 1751 2092 ﬁde
1789 2040 2006 2108 dignum
2040 2054 2146 2092 non

571 2133 730 2197 putab
773 2133 837 2183 tis
868 2133 907 2190 ’,
942 2130 1063 2199 inqu
1087 2145 1173 2194 nu,
1214 2145 1310 2184 cur
1343 2131 1574 2183 vocastis
1616 2140 1669 2182 et
1716 2129 1951 2184 secundo
1978 2130 2145 2182 inter-

568 2225 788 2292 rugastis
821 2223 841 2274 ?
870 2223 998 2276 Cum
1041 2237 1197 2290 porro
1227 2222 1355 2275 nihil
1389 2224 1608 2286 veritus,
1636 2236 1757 2275 vera
1788 2221 2095 2291 loqueretur
2127 2262 2142 2287 ,

565 2327 776 2385 quando
816 2317 1047 2370 maxime
1094 2314 1274 2367 mirari
1307 2313 1454 2366 illum
1483 2313 1795 2382 oportebat,
1839 2321 1964 2368 tunc
1993 2313 2141 2367 illum

567 2410 833 2458 damnant.
868 2405 1001 2472 Quid
1034 2420 1189 2473 porro
1217 2404 1315 2458 sibi
1346 2404 1458 2458 vult
1482 2403 1631 2470 illud,
1667 2401 1730 2456 In
1756 2405 1973 2473 peccatis
1995 2413 2147 2456 natus

560 2516 617 2550 es
639 2498 801 2550 totus?
824 2497 916 2550 ilic
947 2497 1018 2550 illi
1049 2495 1339 2550 caecitatem
1356 2495 1700 2564 exprobrant,
1731 2508 1794 2549 ac
1815 2495 1856 2548 si
1880 2493 2144 2547 dic-irent:

567 2590 608 2639 Λ
645 2588 810 2656 prima
839 2597 998 2640 aetate
1027 2587 1077 2638 in
1107 2586 1340 2655 peccatis
1361 2598 1453 2649 es;
1483 2599 1546 2638 ac
1591 2583 1638 2636 si
1677 2583 1798 2637 ideo
1820 2597 1995 2637 caecus
2017 2581 2149 2637 fuis-

570 2687 667 2739 sci,
699 2677 837 2746 quod
871 2684 1063 2743 praeter
1085 2675 1342 2730 rationem
1372 2684 1474 2729 est.
1506 2673 1614 2729 liae
1645 2674 1695 2727 in
1724 2690 1783 2728 re
1811 2674 1982 2742 ipsum
2013 2688 2146 2728 con-

569 2771 748 2822 solans
777 2769 1016 2822 Christus
1032 2767 1241 2820 diccbat
1273 2783 1286 2817 :
1318 2764 1383 2818 In
1401 2766 1650 2836 judiciunt
1679 2781 1767 2836 ego
1800 2765 1907 2817 veni
1924 2768 1972 2816 in
2005 2780 2150 2817 mun—

567 2861 707 2923 dum,
743 2866 796 2910 ut
845 2874 942 2910 non
970 2856 1189 2910 videntes
1221 2856 1437 2920 videant,
1467 2864 1511 2907 et
1534 2855 1619 2924 qui
1647 2854 1831 2918 vident,
1857 2855 1973 2908 cwci
1998 2854 2143 2920 ﬁant.

569 2951 632 3003 In
655 2949 866 3020 peccatis
896 2958 1040 3000 natus
1064 2963 1112 2999 es
1135 2956 1285 3009 totus,
1310 2955 1356 2998 et
1379 2956 1430 2999 tu
1450 2946 1597 2999 doces
1616 2961 1706 2998 nos
1728 2943 1904 3014 (Joan.
1931 2944 1983 2998 9.
2017 2943 2147 3014 '59)?

577 3043 711 3109 Quid
745 3042 954 3095 dixerat
988 3039 1074 3092 ille
1097 3040 1119 3090 ’ἔ
1154 3053 1278 3091 num
1307 3052 1456 3092 suam
1488 3037 1806 3091 sententiam
1843 3035 2092 3089 attulerat
2123 3033 2148 3084 ?

567 3149 745 3186 annon
773 3133 946 3200 potius
971 3145 1308 3184 communem
1337 3169 1349 3191 ,
1377 3144 1498 3182 cum
1531 3128 1753 3192 diceret,
1786 3126 1988 3182 Scimus
2009 3126 2148 3197 quod

569 3224 708 3277 Deus
730 3230 1013 3290 peccatores
1040 3236 1137 3272 non
1165 3218 1412 3272 exaudit?
1447 3233 1622 3272 nonne
1652 3232 1715 3271 ea
1746 3233 1863 3287 qua:
1885 3231 1978 3270 vos
2001 3216 2149 3270 dixe-

569 3314 698 3367 ratis
722 3316 770 3366 in
802 3311 1036 3364 medium
1061 3309 1268 3362 attulit?
1299 3307 1362 3360 Et
1391 3309 1639 3377 ejccerunl
1668 3324 1781 3360 eum
1811 3311 1970 3378 foras.
2007 3306 2149 3360 Vidi-

561 3406 692 3458 .stin‘
719 3404 960 3458 veritatis
984 3395 1280 3470 praeconem
1305 3440 1320 3466 ,
1349 3408 1402 3453 et
1423 3399 1689 3468 quomodo
1712 3408 2000 3470 paupertas
2027 3397 2148 3468 phi-

573 3493 865 3562 losolihiam
899 3509 1001 3545 non
1033 3491 1418 3545 interturbarit.
1457 3488 1639 3542 Viden’
1664 3498 1795 3558 quot
1815 3497 1868 3542 et
1896 3499 2090 3558 quanta
2119 3503 2148 3542 a

568 3586 829 3654 principio
867 3585 1092 3638 audierit
1129 3593 1182 3637 et
1214 3597 1403 3652 passus
1438 3581 1556 3636 sit?
1585 3589 1638 3635 et
1666 3579 1935 3650 quomodo
1969 3580 2148 3634 verbis

573 3689 625 3731 et
654 3676 907 3745 Operibus
940 3674 1250 3729 tesdﬁcatus
1275 3674 1342 3727 sit
1370 3674 1392 3724 ἲ

642 3769 695 3822 4.
729 3767 851 3821 llmc
882 3780 1038 3834 porro
1066 3765 1260 3833 scripta
1288 3771 1450 3825 sunt,
1496 3771 1551 3816 ut
1593 3777 1690 3816 nas
1727 3763 1815 3815 illa
1848 3761 2142 3816 imitemur.

572 3862 700 3916 Nam
725 3862 768 3915 si
805 3859 1100 3923 mendicus,
1134 3872 1327 3920 caecus,
1359 3856 1445 3926 qui
1473 3854 1742 3910 Christum
1776 3869 1878 3909 non
1909 3855 2146 3920 viderat,

573 3962 776 4007 tantum
830 3951 1035 4006 ﬁduciae
1078 3948 1256 4003 statim
1296 3947 1530 4002 ostendit
1577 3958 1699 4001 ante
1733 3947 1926 4002 Christi
1974 3949 2150 4000 horta-

573 4056 775 4110 menta,
801 4051 948 4097 stans
983 4049 1170 4096 contra
1200 4039 1450 4109 populum
1490 4047 1681 4103 totum,
1710 4039 1910 4093 caedem
1936 4040 2148 4108 Spiran-

573 4145 678 4188 tem
708 4174 724 4199 ,
759 4149 799 4186 ιιι
861 4131 1107 4185 ἀωιηοηθ
1149 4137 1322 4183 actum
1355 4170 1369 4194 ,
1402 4128 1662 4182 furentem
1691 4169 1704 4193 ,
1743 4143 1808 4182 ex
1855 4129 1970 4197 ejus
2021 4143 2151 4181 voce

571 4225 841 4280 Christum
868 4221 1122 4276 damnare
1139 4221 1440 4290 cupientem
1473 4236 1485 4273 :
1519 4234 1689 4289 neque
1712 4219 1878 4273 cessit
1902 4218 1989 4272 ille
2016 4259 2029 4281 ,
2061 4234 2152 4272 ne-

569 4331 672 4385 que
697 4314 934 4379 recessit,
961 4312 1055 4368 sed
1085 4312 1311 4366 ﬁdenter
1343 4312 1463 4365 illos
1492 4310 1784 4364 confutavit
1811 4352 1826 4374 ,
1861 4311 2152 4378 maluitque

573 4408 713 4460 foras
741 4405 858 4473 ejici
884 4444 899 4468 ,
932 4417 1090 4471 quam
1129 4402 1409 4454 veritatem
1442 4399 1668 4468 prodere
1705 4417 1716 4450 :
1753 4408 1951 4467 quanto
1980 4400 2148 4468 magis

574 4513 692 4560 nos,
716 4497 801 4565 qui
831 4493 1026 4547 tamdiu
1051 4495 1100 4546 in
1125 4491 1226 4546 ﬁde
1252 4491 1495 4554 viximus,
1521 4491 1608 4560 qui
1634 4506 1725 4558 per
1747 4489 1904 4544 ﬁdem
1933 4505 2154 4545 sexcen-

574 4599 624 4642 ta
649 4586 899 4641 miracula
930 4585 1159 4639 vidimus
1195 4625 1208 4650 ,
1246 4585 1334 4653 qui
1363 4583 1566 4652 majora
1595 4598 1752 4651 quam
1783 4583 1868 4637 ille
1897 4583 2151 4638 beneﬁcia

573 4678 876 4746 accepimus
902 4716 917 4741 ,
964 4675 1052 4744 qui
1091 4673 1434 4728 interioribus
1463 4673 1632 4726 oculis
1664 4688 1855 4727 arcana
1900 4675 2150 4744 mysteria

575 4769 825 4832 vidimus,
856 4776 907 4820 et
935 4765 1000 4818 ad
1030 4774 1236 4820 tantum
1276 4764 1533 4819 honorem
1583 4765 1753 4819 vocati
1796 4780 1980 4819 sumus
2001 4807 2015 4828 ,
2039 4781 2154 4820 om-

578 4876 696 4913 nem
754 4859 1000 4912 ﬁduciam
1045 4856 1298 4911 exhibere
1345 4866 1558 4924 oportet
1607 4856 1864 4910 adversus
1915 4871 2010 4911 eos
2064 4858 2153 4925 qui

577 4952 907 5004 tihristianos
939 4957 1186 5003 accusant
1215 4989 1228 5011 ,
1261 4947 1484 5018 illosque
1509 4948 1788 5004 confutare
1822 4989 1836 5016 ,
1869 4964 2044 5020 neque
2075 4951 2155 5004 eis

587 5054 788 5098 temere
815 5042 1078 5111 parcere?

652 5139 1031 5210 Scripturarum
1059 5139 1259 5193 lectioni
1277 5139 1352 5192 vel
1375 5137 1618 5191 auditioni
1637 5139 1837 5191 assidue
1853 5139 2154 5191 vacandum.

577 5233 766 5287 Contra
790 5233 1189 5300 spectaculorum
1217 5232 1575 5301 frequentiam.
1593 5261 1664 5270 —
1693 5231 1803 5286 Hoc
1826 5247 1956 5286 vero
1981 5231 2158 5288 facere

576 5323 894 5394 poterimus,
925 5325 971 5378 si
1012 5323 1255 5379 ﬁduciam
1289 5337 1622 5377 assumamus
1662 5332 1717 5375 ct
1751 5323 2042 5392 Scripturis
2072 5334 2155 5378 at-

579 5418 860 5472 tendamus
886 5459 898 5476 ,
933 5431 1103 5484 neque
1129 5415 1484 5484 perfunctorie
1515 5415 1630 5468 illas
1674 5415 1971 5469 audiamus.
2025 5415 2156 5470 Nam

644 5511 660 5541 ⁸
697 5508 839 5560 Hnoc
863 5507 1021 5556 locum
1045 5507 1117 5554 sic
1165 5505 1310 5555 effert
1343 5513 1426 5555 Its.
1450 5504 1592 5555 Savil.
1640 5505 1955 5555 Orientalis...
1991 5525 2014 5552 ι
2044 5521 2158 5566 ape-

578 5571 730 5620 ruerit
752 5571 859 5629 quis
896 5566 1196 5629 oculosrcteci
1218 5565 1316 5615 nati
1337 5584 1384 5615 1.
1416 5567 1596 5617 Deinde
1642 5569 1956 5629 ratiocinium
1980 5581 1996 5615 :
2018 5565 2158 5618 siille

582 5644 672 5698 non
707 5627 826 5680 em
850 5643 880 5678 ει
910 5637 1004 5680 Deo
1025 5627 1143 5679 nihil
1168 5635 1316 5691 posset
1341 5631 1432 5677 tale
1455 5631 1632 5690 facere.
1657 5627 1788 5687 Quod
1813 5629 1854 5678 si
1878 5628 1925 5678 in
1949 5631 2158 5690 confesso

590 5702 665 5784 mf
694 5707 823 5801 litigio
850 5761 924 5802 us.
953 5753 1119 5814 habet,
1147 5750 1388 5814 putabunt,
1416 5762 1464 5801 et
1490 5765 1618 5814 mox,
1642 5751 2013 5820 uttcrrogartau.

1305 386 1358 442 S.
1399 381 1674 442 JOANNIS
1691 371 2162 437 GliRYSOSTOMI
2202 370 2516 430 ARCIHEP.
2555 375 3085 435 CONSIANTINOP.

3733 382 3840 438 330

2253 485 2297 540 si
2328 486 2449 556 quis
2475 487 2687 542 assidue
2712 489 2893 544 veniat
2919 533 2933 557 ,
2973 490 3182 546 etiamsi
3208 489 3351 546 domi
3380 506 3486 547 non
3519 493 3664 564 legat
3695 537 3710 562 ,
3743 499 3842 553 sed

2253 575 2340 632 hic
2367 576 2523 633 dictis
2552 579 2792 634 attendat
2817 599 2831 633 :
2860 582 2986 635 anni
3026 582 3184 637 unius
3213 582 3388 652 spatio
3430 587 3632 654 poterit
3675 587 3844 641 multa

2250 668 2475 726 discere.
2507 670 2688 741 Neque
2712 673 2854 727 enim
2884 673 3042 729 hodie
3071 673 3167 730 has
3188 716 3201 739 ,
3223 690 3343 731 cras
3367 676 3503 732 alias
3532 675 3846 747 Scriptum

2253 761 2498 830 legimus,
2531 763 2624 818 sed
2654 779 2866 834 semper
2885 766 3122 821 easdem.
3154 769 3401 824 Attamen
3449 770 3602 823 multi
3635 770 3707 823 ita
3738 773 3845 826 mi-

2253 865 2376 906 sere
2402 852 2578 908 aﬁ‘ecti
2598 863 2742 921 sunt,
2773 864 2830 909 ut
2850 865 2968 926 post
2991 866 3188 911 tantam
3213 859 3498 914 lectionem
3522 876 3593 916 ne
3620 862 3847 917 nomina

2253 943 2468 1010 quidem
2497 945 2750 1000 librorum
2791 948 2999 1014 sciant;
3043 965 3146 1005 nec
3182 960 3436 1005 verentur
3467 993 3483 1016 ,
3516 968 3698 1023 neque
3731 953 3846 1009 fur-

2253 1033 2457 1087 midant
2476 1044 2578 1088 tam
2601 1036 2930 1106 negligenter
2949 1039 3012 1094 ad
3030 1040 3265 1095 divinam
3282 1043 3482 1111 ingredi
3498 1046 3846 1100 concionem.

2254 1123 2359 1178 Sed
2386 1126 2430 1179 si
2456 1125 2810 1194 citharmdus,
2834 1131 2879 1184 si
2910 1131 3132 1187 saltator
3158 1135 3241 1188 vel
3269 1137 3404 1189 aius
3434 1137 3608 1204 quivis
3635 1137 3704 1191 ad
3736 1152 3848 1191 sce-

2254 1229 2374 1276 nam
2403 1218 2606 1272 vocarit
2631 1219 2898 1274 civitatem
2937 1261 2952 1286 ,
2989 1222 3271 1294 diligenter
3290 1241 3478 1280 omnes
3503 1237 3799 1282 accurrunt
3831 1269 3847 1292 ,

2253 1315 2302 1357 ct
2328 1305 2526 1373 gratias
2553 1306 2750 1362 habent
2772 1309 2984 1363 vocanti
3008 1352 3024 1376 ,
3052 1321 3212 1380 atque
3236 1314 3286 1366 in
3319 1319 3629 1382 spcctacuio
3660 1317 3853 1384 hujus-

2255 1396 2395 1448 modi
2440 1396 2718 1452 dimidium
2759 1399 2866 1454 diei
2909 1403 3180 1456 insumunt
3213 1421 3225 1456 :
3273 1405 3380 1458 Deo
3403 1413 3584 1459 autem
3619 1423 3722 1461 nos
3753 1424 3853 1478 per

2256 1486 2542 1555 prophetas
2589 1498 2644 1541 et
2685 1491 2959 1558 apostolos
2995 1493 3299 1563 ailoquente
3326 1537 3342 1561 ,
3373 1497 3666 1553 oscitamus
3695 1541 3711 1564 ,
3750 1517 3853 1556 nos

2254 1579 2560 1646 scalpimus,
2596 1579 2914 1637 fastidimus.
2945 1584 2999 1638 lu
3031 1596 3215 1641 aestate
3232 1588 3447 1657 quidem
3470 1598 3522 1644 et
3575 1602 3693 1646 astu
3728 1609 3850 1646 ma-

2253 1683 2356 1738 εει.)
2381 1671 2395 1700 ί
2430 1671 2602 1726 forum
2629 1673 2896 1742 petimus;
2929 1678 2978 1730 in
3011 1677 3184 1733 hieme
3213 1695 3341 1736 vero
3377 1697 3407 1737 a
3437 1683 3610 1752 plus...
3651 1696 3703 1738 et
3735 1686 3853 1739 luto

2255 1759 2395 1814 domi
2420 1763 2777 1818 continemur.
2805 1766 2870 1819 At
2905 1768 2953 1820 in
2985 1768 3352 1838 hippodromis
3374 1814 3389 1838 ,
3415 1775 3504 1828 ubi
3531 1776 3737 1830 nullum
3768 1787 3854 1831 est

2257 1860 2455 1905 tectum
2487 1854 2626 1922 quod
2656 1869 2684 1907 a
2719 1855 2892 1931 pluvia
2920 1857 3194 1926 defendat,
3220 1863 3404 1927 multi,
3443 1865 3616 1921 imbre
3651 1884 3854 1923 urcea-

2258 1943 2347 1995 tim
2377 1944 2608 2009 labente,
2646 1957 2803 2000 vento
2825 1963 3015 2017 aquam
3039 1950 3092 2005 in
3117 1953 3318 2008 vultum
3352 1954 3556 2012 ferente
3585 1999 3598 2022 ,
3634 1959 3852 2014 insania

2254 2032 2397 2087 ducti
2431 2044 2592 2100 stant,
2623 2035 2842 2108 frigore,
2874 2040 3074 2109 pluvia,
3099 2043 3230 2109 luto,
3257 2046 3355 2101 vite
3385 2048 3722 2118 longitudine
3745 2052 3851 2106 de-

2255 2128 2483 2193 Spet:;is;
2519 2127 2650 2182 nihil
2673 2145 2765 2184 eos
2783 2129 2927 2185 domi
2960 2137 3176 2200 retinet,
3210 2137 3340 2192 nihil
3365 2155 3392 2192 a
3424 2143 3735 2209 spectacolo
3756 2160 3854 2197 ea-

2257 2212 2441 2267 hibero
2499 2225 2672 2283 p0test
2706 2234 2718 2270 :
2754 2217 2857 2274 huc
2912 2236 3090 2278 autem
3145 2225 3234 2280 ubi
3287 2237 3483 2282 tectum
3518 2270 3531 2291 ,
3570 2229 3659 2286 ubi
3709 2234 3856 2288 mire

2258 2311 2584 2372 temperatus
2610 2306 2760 2361 calor
2784 2349 2798 2371 ,
2847 2312 3030 2366 venire
3057 2312 3366 2384 refugiunt,
3401 2333 3520 2371 cum
3555 2319 3620 2374 de
3652 2323 3856 2375 anima:

2257 2395 2426 2448 salute
2469 2404 2674 2464 agatur.
2726 2398 2972 2455 llmccine
2999 2442 3013 2468 ,
3042 2418 3224 2473 quaeso
3249 2447 3262 2471 ,
3295 2406 3605 2462 toleranda?
3632 2408 3760 2464 ideo
3798 2413 3857 2465 in

2259 2482 2363 2538 illis
2389 2487 2629 2554 apprime
2659 2489 2856 2553 edocu,
2880 2493 2930 2545 in
2955 2497 3273 2550 necessariis
3301 2497 3658 2567 imperitiores
3685 2518 3853 2571 quant

2257 2575 2465 2641 pueruli
2494 2591 2696 2630 sumus.
2725 2579 2875 2645 Quod
2900 2581 2942 2634 si
2963 2583 3081 2651 quis
3106 2594 3155 2638 te
3173 2587 3409 2656 aurigam
3433 2589 3513 2642 vel
3532 2590 3854 2646 saltatorem

2257 2664 2492 2732 appellet
2524 2707 2538 2729 ,
2586 2667 2637 2720 id
2661 2671 3037 2725 contumeliam
3070 2673 3203 2728 dicis
3233 2717 3246 2738 ,
3283 2677 3401 2732 licet
3429 2679 3557 2732 nihil
3583 2696 3687 2735 non
3721 2697 3857 2750 agas

2258 2763 2314 2807 ut
2345 2755 2438 2808 tibi
2481 2756 2581 2810 hoc
2609 2760 2926 2825 vituperium
2956 2765 3194 2820 attrahas
3223 2769 3303 2830 ;si
3351 2786 3480 2825 vero
3507 2772 3572 2826 ad
3605 2775 3683 2827 rei
3726 2792 3858 2846 spc-

2255 2846 2521 2901 ctaculum
2550 2859 2757 2917 evocet,
2783 2867 2885 2907 non
2916 2855 3126 2922 resilis;
3154 2867 3451 2929 artemque,
3473 2863 3627 2933 cujus
3650 2881 3855 2921 nomen

2257 2935 2457 3006 refugis
2490 2980 2505 3005 ,
2560 2949 2726 2994 totam
2753 2942 2863 2998 fere
2895 2950 3256 3016 prosequeris.
3290 2949 3388 3006 libi
3416 2968 3543 3008 vero
3570 2965 3623 3009 et
3645 2971 3762 3010 rem
3794 2969 3853 3012 et

2258 3041 2451 3081 nomen
2485 3037 2667 3084 tenere
2691 3031 2856 3087 debes
2884 3035 2932 3099 ',
2962 3045 3122 3106 atque
3146 3053 3268 3095 esse
3295 3051 3347 3095 et
3374 3045 3550 3098 vocari
3581 3045 3856 3101 Christia-

2260 3132 2380 3182 nus,
2404 3121 2684 3189 nequidem
2713 3124 2837 3192 quid
2865 3125 2914 3179 id
2937 3127 3005 3181 sit
3031 3129 3303 3200 intelligis.
3329 3131 3463 3200 Quid
3484 3135 3584 3192 hac
3606 3140 3854 3194 amentia

2261 3211 2409 3277 pejus
2438 3211 2461 3263 ?
2492 3212 2615 3267 limc
2645 3212 2956 3284 frequenter
2973 3219 3123 3274 vobis
3147 3220 3325 3278 dicere
3349 3225 3535 3290 velim;
3562 3228 3656 3282 sed
3681 3230 3858 3284 timeo

2258 3314 2324 3352 ne
2353 3299 2545 3356 frustra
2578 3314 2630 3358 et
2653 3306 2769 3360 sine
2799 3308 2906 3363 ullo
2934 3310 3113 3365 fructu
3141 3314 3292 3368 vobis
3333 3316 3433 3370 sim
3461 3317 3704 3374 odiosus.
3757 3323 3854 3375 Vi-

2259 3387 2361 3445 deo
2402 3408 2632 3464 namque
2675 3396 3001 3455 insanientes
3033 3442 3045 3464 ,
3078 3418 3184 3457 non
3237 3406 3398 3461 modo
3440 3407 3671 3477 juvenes
3704 3454 3718 3477 ,
3751 3414 3854 3467 sed

2259 3484 2418 3536 etiam
2446 3498 2604 3540 senes
2634 3502 2648 3540 :
2689 3503 2912 3556 quorum
2944 3494 3174 3548 maxime
3196 3509 3354 3550 causa
3383 3499 3643 3554 erubesco
3675 3542 3687 3562 .
3715 3519 3853 3557 cum

2259 3575 2429 3628 virum
2452 3590 2615 3631 cerno
2635 3579 2828 3634 canitie
2858 3583 3242 3650 venerandum,
3267 3602 3432 3641 canos
3462 3589 3853 3658 dehonestare,

2259 3677 2305 3719 et
2339 3665 2504 3719 ﬁlium
2537 3682 2718 3723 secum
2747 3669 2980 3726 trahere.
3006 3674 3142 3741 Quid
3175 3678 3343 3746 magis
3366 3677 3646 3735 ridiculum
3674 3682 3854 3753 ?qnid

2260 3756 2464 3824 turpius
2490 3760 2513 3808 ?
2543 3758 2683 3813 ﬁlius
2720 3774 2749 3813 a
2798 3770 2948 3830 patre
2973 3764 3197 3833 turpiter
3227 3781 3387 3836 agere
3409 3767 3659 3824 docetur.

2329 3850 2380 3903 5.
2410 3850 2826 3918 Spectaculorum
2846 3865 3094 3909 amatores
3139 3860 3548 3929 redarguuntur:
3586 3865 3855 3932 quodnam

2261 3939 2320 3990 sit
2367 3943 2767 4008 spectaculorum
2814 3946 3426 4004 damnum—Mordent
3473 3951 3588 4007 inec
3635 3957 3801 4010 verba
3832 3959 3858 4011 ἲ

2260 4028 2373 4084 Hoc
2397 4047 2494 4100 ego
2522 4033 2644 4087 volo
2669 4074 2682 4098 ,
2717 4043 2775 4089 ut
2812 4051 3097 4093 mmrorem
3127 4040 3286 4094 verba
3320 4042 3556 4111 pariant,
3583 4056 3646 4098 ut
3671 4049 3855 4115 reipsa

2260 4135 2286 4172 a
2322 4130 2460 4175 tanta
2518 4125 2841 4192 turpitudine
2873 4128 3194 4184 liberetnini.
3245 4131 3383 4185 Sunt
3409 4134 3552 4187 enim
3603 4138 3857 4192 nonnulli

2261 4209 2343 4264 his
2375 4212 2529 4282 longe
2576 4213 2898 4282 frigidiores,
2932 4233 3067 4286 quos
3098 4218 3400 4287 bujusmodi
3429 4223 3715 4279 verborum
3745 4243 3857 4282 non

2264 4302 2441 4369 pudet,
2469 4302 2560 4356 sed
2594 4303 2805 4373 longam
2838 4314 3023 4362 texunt
3049 4307 3147 4364 hac
3174 4309 3241 4363 de
3270 4326 3328 4366 re
3358 4314 3680 4369 orationem.
3706 4318 3860 4383 Quos

2264 4394 2306 4443 si
2340 4393 2752 4462 interrogaveris
2780 4397 2900 4465 quis
2928 4398 2998 4452 sit
3041 4400 3206 4453 Amos
3230 4442 3245 4466 ,
3275 4403 3393 4471 quis
3437 4403 3638 4460 Abdias
3659 4449 3672 4469 ,
3723 4421 3863 4477 quot

2264 4482 2558 4552 prophetm,
2591 4493 2718 4554 quot
2747 4488 2995 4556 apostoli,
3020 4505 3085 4544 ne
3117 4491 3324 4547 hiscere
3349 4495 3563 4563 quidem
3597 4513 3858 4566 possunt;

2253 4574 2353 4628 sed
2387 4575 2528 4630 circa
2569 4593 2736 4647 equos
2764 4589 2818 4633 et
2845 4582 3091 4652 aurigas,
3127 4586 3424 4652 graviorem
3457 4603 3618 4658 quan.
3664 4593 3859 4661 sophi-

2261 4675 2357 4719 st:e
2387 4676 2441 4720 et
2471 4669 2716 4724 rhetores
2765 4671 2994 4727 afferunt
3035 4673 3406 4732 defensionem
3439 4695 3453 4732 :
3486 4691 3540 4736 et
3571 4693 3693 4753 post
3740 4684 3861 4743 ha'c

2261 4759 2437 4811 omnia
2465 4758 2647 4813 dicunt
2672 4779 2684 4813 :
2719 4761 2921 4833 Ecquid
2951 4765 3073 4820 hinc
3101 4767 3452 4825 detrimenti?
3481 4773 3608 4843 quid
3636 4775 3862 4834 damni?

2263 4847 2386 4903 ldco
2429 4851 2754 4920 ingemisco,
2786 4857 2928 4924 quod
2977 4862 3190 4912 noxiam
3235 4874 3356 4915 esse
3399 4878 3511 4918 rem
3553 4869 3812 4923 nesciatis
3845 4915 3860 4935 ,

2267 4957 2438 5011 neque
2471 4943 2520 4995 in
2570 4958 2786 5019 sensum
2820 4948 3081 5002 malorum
3127 4953 3402 5006 veneritis.
3457 4954 3590 5009 Vita:
3641 4967 3863 5030 tempus

2263 5032 2406 5086 dedit
2436 5033 2526 5088 tibi
2558 5035 2729 5101 Deus,
2758 5046 2814 5090 ut
2845 5038 3015 5107 ipSum
3055 5041 3200 5095 colas
3243 5060 3256 5097 :
3307 5053 3361 5098 tu
3395 5059 3526 5100 vero
3567 5046 3767 5103 frustra
3801 5065 3857 5106 et

2264 5122 2524 5177 inutiliter
2575 5141 2899 5182 consumens
2944 5129 3073 5185 illud
3098 5174 3112 5197 ,
3141 5134 3341 5202 quaeris
3370 5135 3547 5190 adhuc
3569 5178 3583 5200 ,
3613 5141 3758 5208 quod
3790 5144 3861 5196 sit

2264 5213 2552 5268 damnum?
2599 5216 2652 5272 Si
2685 5220 2949 5275 tantillum
2999 5223 3192 5277 frustra
3227 5226 3463 5282 itisumas
3493 5232 3737 5298 pecunia:
3760 5277 3773 5296 ,
3809 5235 3858 5289 id

2263 5307 2516 5360 damnum
2545 5325 2702 5364 vocas
2730 5326 2744 5374 ;
2782 5310 2910 5364 dum
2940 5327 3068 5367 vero
3109 5313 3226 5369 dies
3257 5316 3494 5387 integros
3523 5319 3574 5372 in
3602 5324 3860 5379 satanit-is

2266 5400 2472 5468 pompis
2501 5401 2726 5455 insumis
2750 5443 2766 5466 ,
2799 5403 2932 5457 nihil
2961 5405 3192 5460 absurde
3223 5418 3273 5461 te
3296 5409 3470 5464 facere
3495 5412 3692 5480 putas?
3723 5413 3856 5470 Cum

2262 5503 2535 5562 oporteret
2578 5495 2823 5564 precibus
2851 5495 2871 5527 ³
2902 5505 2955 5551 et
3003 5499 3467 5557 obsecrationibus
3498 5513 3663 5561 totam
3693 5508 3856 5566 vitam

2327 5633 2344 5697 ξ
2380 5628 2470 5676 Alii
2491 5627 2662 5697 legum.
2686 5638 2902 5697 tantum:
2921 5639 2971 5697 tn
2995 5638 3115 5682 testu
3136 5645 3308 5697 magno

2325 5692 2350 5757 ξ
2381 5694 2672 5757 §t_s_._(_)r_ient.
2699 5692 2838 5757 Savil.
2869 5692 3349 5757 babet,icupis,'pro,
3372 5695 3536 5748 debes.

2336 5755 2354 5784 ³
2393 5751 2517 5802 Editi
2542 5753 2742 5815 habent,
2767 5753 3094 5819 eleemosym's,
3119 5751 3221 5820 pro,
3244 5751 3483 5821 precibus.
