  <div class='ocr_page' id='page_1' title='image "/cluster/home/n/w/nwhite01/storage/ocr_20150623/59/ien.35556001660869/327.png"; bbox 0 0 4054 6434; ppageno 0'>
   <div class='ocr_carea' id='block_1_1' title="bbox 560 396 654 455">
    <p class='ocr_par' dir='ltr' id='par_1_1' title="bbox 560 396 654 455">
     <span class='ocr_line' id='line_1_1' title="bbox 560 396 654 455; baseline -0.011 -1"><span class='ocrx_word' id='word_1_1' title='bbox 560 396 654 455; x_wconf 71' lang='grc'>521</span> 
     </span>
    </p>
   </div>
   <div class='ocr_carea' id='block_1_2' title="bbox 575 502 2143 582">
    <p class='ocr_par' dir='ltr' id='par_1_2' title="bbox 575 502 2143 582">
     <span class='ocr_line' id='line_1_2' title="bbox 575 502 2143 582; baseline -0.006 -16"><span class='ocrx_word' id='word_1_2' title='bbox 575 512 684 566; x_wconf 69' lang='grc' dir='ltr'>Καὶ</span> <span class='ocrx_word' id='word_1_3' title='bbox 709 510 821 582; x_wconf 85' lang='grc' dir='ltr'>γὰρ</span> <span class='ocrx_word' id='word_1_4' title='bbox 842 507 1134 571; x_wconf 64' lang='grc' dir='ltr'>εἰσίῑτινες,</span> <span class='ocrx_word' id='word_1_5' title='bbox 1156 506 1203 559; x_wconf 88' lang='grc' dir='ltr'>οἰ</span> <span class='ocrx_word' id='word_1_6' title='bbox 1228 505 1409 575; x_wconf 82' lang='grc' dir='ltr'>πολλῷ</span> <span class='ocrx_word' id='word_1_7' title='bbox 1430 505 1752 577; x_wconf 79' lang='grc' dir='ltr'>ψυχρότεροι</span> <span class='ocrx_word' id='word_1_8' title='bbox 1771 505 1973 559; x_wconf 91' lang='grc' dir='ltr'>τούτων</span> <span class='ocrx_word' id='word_1_9' title='bbox 1996 502 2143 576; x_wconf 58' lang='grc' dir='ltr'>[διδ]</span> 
     </span>
    </p>
   </div>
   <div class='ocr_carea' id='block_1_3' title="bbox 572 582 2148 655">
    <p class='ocr_par' dir='ltr' id='par_1_3' title="bbox 572 582 2148 655">
     <span class='ocr_line' id='line_1_3' title="bbox 572 582 2148 655; baseline -0.006 -10"><span class='ocrx_word' id='word_1_10' title='bbox 572 594 743 653; x_wconf 76' lang='grc' dir='ltr'>ὖντες,</span> <span class='ocrx_word' id='word_1_11' title='bbox 770 587 822 644; x_wconf 87' lang='grc' dir='ltr'>οῖ</span> <span class='ocrx_word' id='word_1_12' title='bbox 848 587 968 641; x_wconf 78' lang='grc' dir='ltr'>οὐδέ</span> <span class='ocrx_word' id='word_1_13' title='bbox 1009 584 1349 654; x_wconf 73' lang='grc' dir='ltr'>αἰσχύνονται</span> <span class='ocrx_word' id='word_1_14' title='bbox 1376 585 1469 637; x_wconf 74' lang='grc' dir='ltr'>ἐπὶ</span> <span class='ocrx_word' id='word_1_15' title='bbox 1501 588 1615 647; x_wconf 86' lang='grc' dir='ltr'>τοῖς</span> <span class='ocrx_word' id='word_1_16' title='bbox 1651 584 1981 655; x_wconf 73' lang='grc' dir='ltr'>λεγομένοις,</span> <span class='ocrx_word' id='word_1_17' title='bbox 2012 582 2148 636; x_wconf 85' lang='grc' dir='ltr'>ἀλλά</span> 
     </span>
    </p>
   </div>
   <div class='ocr_carea' id='block_1_4' title="bbox 574 660 2172 740">
    <p class='ocr_par' dir='ltr' id='par_1_4' title="bbox 574 660 2172 740">
     <span class='ocr_line' id='line_1_4' title="bbox 574 660 2172 740; baseline -0.007 -17"><span class='ocrx_word' id='word_1_18' title='bbox 574 672 667 726; x_wconf 83' lang='lat'><em>1:61</em></span> <span class='ocrx_word' id='word_1_19' title='bbox 717 666 921 740; x_wconf 64' lang='grc' dir='ltr'>μακρὸν</span> <span class='ocrx_word' id='word_1_20' title='bbox 962 663 1195 734; x_wconf 88' lang='grc' dir='ltr'>εῖρουσιν</span> <span class='ocrx_word' id='word_1_21' title='bbox 1218 674 1243 703; x_wconf 81' lang='grc' dir='ltr'>ι</span> <span class='ocrx_word' id='word_1_22' title='bbox 1290 662 1429 732; x_wconf 81' lang='grc' dir='ltr'>ὑπὲρ</span> <span class='ocrx_word' id='word_1_23' title='bbox 1470 660 1566 715; x_wconf 89' lang='grc' dir='ltr'>τοῦ</span> <span class='ocrx_word' id='word_1_24' title='bbox 1612 660 2172 740; x_wconf 38' lang='grc' dir='ltr'>πράγματος-λόγονί</span> 
     </span>
    </p>
   </div>
   <div class='ocr_carea' id='block_1_5' title="bbox 575 736 2146 816">
    <p class='ocr_par' dir='ltr' id='par_1_5' title="bbox 575 736 2146 816">
     <span class='ocr_line' id='line_1_5' title="bbox 575 736 2146 816; baseline -0.008 -15"><span class='ocrx_word' id='word_1_25' title='bbox 575 746 692 800; x_wconf 80' lang='grc' dir='ltr'>Κᾶν</span> <span class='ocrx_word' id='word_1_26' title='bbox 719 736 820 816; x_wconf 72' lang='grc' dir='ltr'>μιν</span> <span class='ocrx_word' id='word_1_27' title='bbox 837 736 1147 814; x_wconf 80' lang='grc' dir='ltr'>ἐρωτήσῃς,</span> <span class='ocrx_word' id='word_1_28' title='bbox 1176 740 1259 802; x_wconf 92' lang='grc' dir='ltr'>τίς</span> <span class='ocrx_word' id='word_1_29' title='bbox 1280 740 1425 793; x_wconf 78' lang='grc' dir='ltr'>ἐστιν</span> <span class='ocrx_word' id='word_1_30' title='bbox 1448 742 1476 793; x_wconf 98' lang='lat'>6</span> <span class='ocrx_word' id='word_1_31' title='bbox 1510 738 1711 809; x_wconf 84' lang='grc' dir='ltr'>Ἀμὼς,</span> <span class='ocrx_word' id='word_1_32' title='bbox 1740 740 1773 810; x_wconf 75' lang='grc' dir='ltr'>ἢ</span> <span class='ocrx_word' id='word_1_33' title='bbox 1796 742 1825 792; x_wconf 97' lang='lat'>6</span> <span class='ocrx_word' id='word_1_34' title='bbox 1858 736 2083 803; x_wconf 82' lang='grc' dir='ltr'>Ἀϐδιοῦ,</span> <span class='ocrx_word' id='word_1_35' title='bbox 2111 736 2146 801; x_wconf 58' lang='grc' dir='ltr'>ἢ</span> 
     </span>
    </p>
   </div>
   <div class='ocr_carea' id='block_1_6' title="bbox 573 816 2145 891">
    <p class='ocr_par' dir='ltr' id='par_1_6' title="bbox 573 816 2145 891">
     <span class='ocr_line' id='line_1_6' title="bbox 573 816 2145 891; baseline -0.006 -15"><span class='ocrx_word' id='word_1_36' title='bbox 573 820 879 881; x_wconf 73' lang='grc' dir='ltr'>ποῖος-τῶν</span> <span class='ocrx_word' id='word_1_37' title='bbox 910 818 1205 891; x_wconf 86' lang='grc' dir='ltr'>προφητῶν</span> <span class='ocrx_word' id='word_1_38' title='bbox 1243 821 1272 873; x_wconf 91' lang='lat'>6</span> <span class='ocrx_word' id='word_1_39' title='bbox 1304 817 1553 890; x_wconf 78' lang='grc' dir='ltr'>ἀριθμὸς,</span> <span class='ocrx_word' id='word_1_40' title='bbox 1593 816 1627 888; x_wconf 67' lang='grc' dir='ltr'>ἢ</span> <span class='ocrx_word' id='word_1_41' title='bbox 1661 818 1769 870; x_wconf 89' lang='grc' dir='ltr'>τῶν</span> <span class='ocrx_word' id='word_1_42' title='bbox 1808 816 2145 878; x_wconf 54' lang='grc' dir='ltr'>ἀποστόλων,</span> 
     </span>
    </p>
   </div>
   <div class='ocr_carea' id='block_1_7' title="bbox 576 894 2145 969">
    <p class='ocr_par' dir='ltr' id='par_1_7' title="bbox 576 894 2145 969">
     <span class='ocr_line' id='line_1_7' title="bbox 576 894 2145 969; baseline -0.007 -14"><span class='ocrx_word' id='word_1_43' title='bbox 576 902 694 955; x_wconf 74' lang='grc' dir='ltr'>οὐδὲ</span> <span class='ocrx_word' id='word_1_44' title='bbox 730 899 890 969; x_wconf 78' lang='grc' dir='ltr'>χάναι</span> <span class='ocrx_word' id='word_1_45' title='bbox 935 898 1211 953; x_wconf 79' lang='grc' dir='ltr'>δύνανται.</span> <span class='ocrx_word' id='word_1_46' title='bbox 1245 897 1416 967; x_wconf 78' lang='grc' dir='ltr'>’Υπὲρ</span> <span class='ocrx_word' id='word_1_47' title='bbox 1452 896 1508 949; x_wconf 80' lang='grc' dir='ltr'>δὲ</span> <span class='ocrx_word' id='word_1_48' title='bbox 1548 897 1729 948; x_wconf 80' lang='grc' dir='ltr'>ῖππων</span> <span class='ocrx_word' id='word_1_49' title='bbox 1771 897 1866 949; x_wconf 81' lang='grc' dir='ltr'>καὶ</span> <span class='ocrx_word' id='word_1_50' title='bbox 1899 894 2145 966; x_wconf 76' lang='grc' dir='ltr'>ἡνιόχων,</span> 
     </span>
    </p>
   </div>
   <div class='ocr_carea' id='block_1_8' title="bbox 564 973 2149 1048">
    <p class='ocr_par' dir='ltr' id='par_1_8' title="bbox 564 973 2149 1048">
     <span class='ocr_line' id='line_1_8' title="bbox 564 973 2149 1048; baseline -0.005 -15"><span class='ocrx_word' id='word_1_51' title='bbox 564 978 846 1048; x_wconf 81' lang='grc' dir='ltr'>σοφιστῶν</span> <span class='ocrx_word' id='word_1_52' title='bbox 874 978 969 1032; x_wconf 74' lang='grc' dir='ltr'>καὶ</span> <span class='ocrx_word' id='word_1_53' title='bbox 996 976 1238 1047; x_wconf 81' lang='grc' dir='ltr'>ρητόρων</span> <span class='ocrx_word' id='word_1_54' title='bbox 1274 975 1573 1045; x_wconf 88' lang='grc' dir='ltr'>δεινότερον</span> <span class='ocrx_word' id='word_1_55' title='bbox 1601 974 1894 1042; x_wconf 87' lang='grc' dir='ltr'>ἀπολογίαν</span> <span class='ocrx_word' id='word_1_56' title='bbox 1916 973 1945 1013; x_wconf 72' lang='grc' dir='ltr'>ι)</span> <span class='ocrx_word' id='word_1_57' title='bbox 1979 988 2149 1025; x_wconf 84' lang='grc' dir='ltr'>συντι-</span> 
     </span>
    </p>
   </div>
   <div class='ocr_carea' id='block_1_9' title="bbox 578 1051 2150 1125">
    <p class='ocr_par' dir='ltr' id='par_1_9' title="bbox 578 1051 2150 1125">
     <span class='ocr_line' id='line_1_9' title="bbox 578 1051 2150 1125; baseline -0.004 -14"><span class='ocrx_word' id='word_1_58' title='bbox 578 1058 732 1111; x_wconf 83' lang='grc' dir='ltr'>θέασι</span> <span class='ocrx_word' id='word_1_59' title='bbox 758 1074 771 1089; x_wconf 90' lang='grc'>·</span> <span class='ocrx_word' id='word_1_60' title='bbox 806 1056 901 1111; x_wconf 77' lang='grc' dir='ltr'>καὶ</span> <span class='ocrx_word' id='word_1_61' title='bbox 948 1058 1089 1125; x_wconf 87' lang='grc' dir='ltr'>μετά</span> <span class='ocrx_word' id='word_1_62' title='bbox 1120 1052 1293 1106; x_wconf 89' lang='grc' dir='ltr'>ταῦτα</span> <span class='ocrx_word' id='word_1_63' title='bbox 1325 1052 1538 1106; x_wconf 68' lang='grc' dir='ltr'>ἅπαντα</span> <span class='ocrx_word' id='word_1_64' title='bbox 1583 1052 1821 1121; x_wconf 87' lang='grc' dir='ltr'>λέγουσι,</span> <span class='ocrx_word' id='word_1_65' title='bbox 1863 1051 1973 1105; x_wconf 80' lang='lat' dir='ltr'><em>K61</em></span> <span class='ocrx_word' id='word_1_66' title='bbox 2008 1051 2060 1103; x_wconf 87' lang='grc' dir='ltr'>τί</span> <span class='ocrx_word' id='word_1_67' title='bbox 2087 1051 2150 1104; x_wconf 89' lang='lat'>:6</span> 
     </span>
    </p>
   </div>
   <div class='ocr_carea' id='block_1_10' title="bbox 584 1129 2157 1205">
    <p class='ocr_par' dir='ltr' id='par_1_10' title="bbox 584 1129 2157 1205">
     <span class='ocr_line' id='line_1_10' title="bbox 584 1129 2157 1205; baseline -0.003 -17"><span class='ocrx_word' id='word_1_68' title='bbox 584 1136 814 1205; x_wconf 59' lang='lat'><em>61660;;</em></span> <span class='ocrx_word' id='word_1_69' title='bbox 843 1133 938 1188; x_wconf 87' lang='lat'><em>1:61</em></span> <span class='ocrx_word' id='word_1_70' title='bbox 965 1133 1048 1197; x_wconf 89' lang='grc' dir='ltr'>τίς</span> <span class='ocrx_word' id='word_1_71' title='bbox 1078 1134 1110 1201; x_wconf 79' lang='grc' dir='ltr'><strong>ἡ</strong></span> <span class='ocrx_word' id='word_1_72' title='bbox 1137 1130 1347 1201; x_wconf 60' lang='grc' dir='ltr'>ζημίας</span> <span class='ocrx_word' id='word_1_73' title='bbox 1386 1129 1483 1183; x_wconf 86' lang='grc' dir='ltr'>Διά</span> <span class='ocrx_word' id='word_1_74' title='bbox 1521 1130 1630 1201; x_wconf 86' lang='grc' dir='ltr'>γὰρ</span> <span class='ocrx_word' id='word_1_75' title='bbox 1657 1132 1817 1184; x_wconf 88' lang='grc' dir='ltr'>τοῦτο</span> <span class='ocrx_word' id='word_1_76' title='bbox 1846 1130 2036 1191; x_wconf 88' lang='grc' dir='ltr'>στένω,</span> <span class='ocrx_word' id='word_1_77' title='bbox 2066 1129 2157 1183; x_wconf 65' lang='grc' dir='ltr'>δτι</span> 
     </span>
    </p>
   </div>
   <div class='ocr_carea' id='block_1_11' title="bbox 552 1207 2144 1283">
    <p class='ocr_par' dir='ltr' id='par_1_11' title="bbox 552 1207 2144 1283">
     <span class='ocr_line' id='line_1_11' title="bbox 552 1207 2144 1283; baseline -0.005 -15"><span class='ocrx_word' id='word_1_78' title='bbox 552 1214 701 1268; x_wconf 72' lang='grc' dir='ltr'>-οὐδέ</span> <span class='ocrx_word' id='word_1_79' title='bbox 734 1212 936 1283; x_wconf 79' lang='grc' dir='ltr'>ζημίαν</span> <span class='ocrx_word' id='word_1_80' title='bbox 980 1210 1091 1263; x_wconf 88' lang='grc' dir='ltr'>ῖστε</span> <span class='ocrx_word' id='word_1_81' title='bbox 1122 1209 1181 1262; x_wconf 88' lang='lat'>:6</span> <span class='ocrx_word' id='word_1_82' title='bbox 1212 1212 1464 1279; x_wconf 81' lang='grc' dir='ltr'>πρᾶγμα,</span> <span class='ocrx_word' id='word_1_83' title='bbox 1503 1208 1624 1261; x_wconf 75' lang='grc' dir='ltr'>οὐδὲ</span> <span class='ocrx_word' id='word_1_84' title='bbox 1662 1208 1911 1279; x_wconf 90' lang='grc' dir='ltr'>αῖσθησιν</span> <span class='ocrx_word' id='word_1_85' title='bbox 1939 1207 2144 1278; x_wconf 79' lang='grc' dir='ltr'>λαμϐάο</span> 
     </span>
    </p>
   </div>
   <div class='ocr_carea' id='block_1_12' title="bbox 578 1285 2149 1356">
    <p class='ocr_par' dir='ltr' id='par_1_12' title="bbox 578 1285 2149 1356">
     <span class='ocr_line' id='line_1_12' title="bbox 578 1285 2149 1356; baseline -0.004 -11"><span class='ocrx_word' id='word_1_86' title='bbox 578 1308 695 1345; x_wconf 84' lang='grc' dir='ltr'>νετε</span> <span class='ocrx_word' id='word_1_87' title='bbox 723 1290 830 1344; x_wconf 93' lang='grc' dir='ltr'>τῶν</span> <span class='ocrx_word' id='word_1_88' title='bbox 853 1287 1055 1343; x_wconf 88' lang='grc' dir='ltr'>κακῶν.</span> <span class='ocrx_word' id='word_1_89' title='bbox 1082 1287 1289 1341; x_wconf 81' lang='grc' dir='ltr'>Ἔδωκέ</span> <span class='ocrx_word' id='word_1_90' title='bbox 1320 1303 1403 1340; x_wconf 91' lang='grc' dir='ltr'>σοι</span> <span class='ocrx_word' id='word_1_91' title='bbox 1437 1285 1550 1355; x_wconf 87' lang='grc' dir='ltr'>βίου</span> <span class='ocrx_word' id='word_1_92' title='bbox 1583 1285 1916 1356; x_wconf 77' lang='grc' dir='ltr'>προθεσμίαν</span> <span class='ocrx_word' id='word_1_93' title='bbox 1955 1287 1983 1337; x_wconf 90' lang='lat'>6</span> <span class='ocrx_word' id='word_1_94' title='bbox 2016 1285 2149 1348; x_wconf 78' lang='grc' dir='ltr'>Θεὸς</span> 
     </span>
    </p>
   </div>
   <div class='ocr_carea' id='block_1_13' title="bbox 579 1363 2149 1438">
    <p class='ocr_par' dir='ltr' id='par_1_13' title="bbox 579 1363 2149 1438">
     <span class='ocr_line' id='line_1_13' title="bbox 579 1363 2149 1438; baseline -0.003 -16"><span class='ocrx_word' id='word_1_95' title='bbox 579 1371 657 1432; x_wconf 87' lang='grc' dir='ltr'>εἰς</span> <span class='ocrx_word' id='word_1_96' title='bbox 685 1368 745 1421; x_wconf 93' lang='lat'>:6</span> <span class='ocrx_word' id='word_1_97' title='bbox 768 1364 1089 1438; x_wconf 76' lang='grc' dir='ltr'>θεραπεύειν</span> <span class='ocrx_word' id='word_1_98' title='bbox 1120 1364 1280 1418; x_wconf 84' lang='grc' dir='ltr'>αὐτόν</span> <span class='ocrx_word' id='word_1_99' title='bbox 1301 1380 1313 1393; x_wconf 92' lang='grc'>·</span> <span class='ocrx_word' id='word_1_100' title='bbox 1345 1365 1409 1417; x_wconf 86' lang='grc' dir='ltr'>σύ</span> <span class='ocrx_word' id='word_1_101' title='bbox 1435 1364 1490 1417; x_wconf 87' lang='grc' dir='ltr'>δέ</span> <span class='ocrx_word' id='word_1_102' title='bbox 1522 1365 1696 1434; x_wconf 85' lang='grc' dir='ltr'>μάτην</span> <span class='ocrx_word' id='word_1_103' title='bbox 1724 1364 2027 1417; x_wconf 82' lang='grc' dir='ltr'>ἀναλίσκων</span> <span class='ocrx_word' id='word_1_104' title='bbox 2052 1363 2149 1417; x_wconf 88' lang='lat'><em>66-</em></span> 
     </span>
    </p>
   </div>
   <div class='ocr_carea' id='block_1_14' title="bbox 576 1441 2145 1514">
    <p class='ocr_par' dir='ltr' id='par_1_14' title="bbox 576 1441 2145 1514">
     <span class='ocr_line' id='line_1_14' title="bbox 576 1441 2145 1514; baseline -0.004 -14"><span class='ocrx_word' id='word_1_105' title='bbox 576 1450 666 1501; x_wconf 82' lang='grc' dir='ltr'>τὸν</span> <span class='ocrx_word' id='word_1_106' title='bbox 696 1448 789 1500; x_wconf 84' lang='grc' dir='ltr'>καὶ</span> <span class='ocrx_word' id='word_1_107' title='bbox 818 1444 937 1514; x_wconf 86' lang='grc' dir='ltr'>εἰκῆ</span> <span class='ocrx_word' id='word_1_108' title='bbox 966 1446 1059 1498; x_wconf 88' lang='lat'><em>1:61</em></span> <span class='ocrx_word' id='word_1_109' title='bbox 1094 1444 1151 1496; x_wconf 80' lang='grc' dir='ltr'>ἐν</span> <span class='ocrx_word' id='word_1_110' title='bbox 1180 1444 1352 1497; x_wconf 72' lang='grc' dir='ltr'>οὐδενὶ</span> <span class='ocrx_word' id='word_1_111' title='bbox 1378 1452 1399 1481; x_wconf 69' lang='grc' dir='ltr'>ε</span> <span class='ocrx_word' id='word_1_112' title='bbox 1437 1444 1710 1513; x_wconf 82' lang='grc' dir='ltr'>χρησίμῳ,</span> <span class='ocrx_word' id='word_1_113' title='bbox 1742 1441 2011 1507; x_wconf 77' lang='grc' dir='ltr'>ἐξετάζεις</span> <span class='ocrx_word' id='word_1_114' title='bbox 2044 1442 2145 1506; x_wconf 70' lang='grc' dir='ltr'>ἔτι,</span> 
     </span>
    </p>
   </div>
   <div class='ocr_carea' id='block_1_15' title="bbox 577 1520 2150 1594">
    <p class='ocr_par' dir='ltr' id='par_1_15' title="bbox 577 1520 2150 1594">
     <span class='ocr_line' id='line_1_15' title="bbox 577 1520 2150 1594; baseline -0.003 -18"><span class='ocrx_word' id='word_1_115' title='bbox 577 1525 660 1588; x_wconf 87' lang='grc' dir='ltr'>τίς</span> <span class='ocrx_word' id='word_1_116' title='bbox 705 1525 738 1594; x_wconf 89' lang='grc' dir='ltr'>ή</span> <span class='ocrx_word' id='word_1_117' title='bbox 786 1523 989 1593; x_wconf 78' lang='grc' dir='ltr'>ζημία;</span> <span class='ocrx_word' id='word_1_118' title='bbox 1035 1522 1154 1576; x_wconf 76' lang='grc' dir='ltr'>Κάν</span> <span class='ocrx_word' id='word_1_119' title='bbox 1206 1522 1302 1592; x_wconf 76' lang='grc' dir='ltr'>μὲν</span> <span class='ocrx_word' id='word_1_120' title='bbox 1333 1521 1593 1592; x_wconf 88' lang='grc' dir='ltr'>ἀργύριον</span> <span class='ocrx_word' id='word_1_121' title='bbox 1625 1522 1802 1589; x_wconf 78' lang='grc' dir='ltr'>ὀλίγον</span> <span class='ocrx_word' id='word_1_122' title='bbox 1834 1520 2150 1590; x_wconf 78' lang='grc' dir='ltr'>δαπανήσῃς</span> 
     </span>
    </p>
   </div>
   <div class='ocr_carea' id='block_1_16' title="bbox 576 1600 2150 1671">
    <p class='ocr_par' dir='ltr' id='par_1_16' title="bbox 576 1600 2150 1671">
     <span class='ocr_line' id='line_1_16' title="bbox 576 1600 2150 1671; baseline -0.004 -15"><span class='ocrx_word' id='word_1_123' title='bbox 576 1602 799 1665; x_wconf 54' lang='grc' dir='ltr'>ἀπλῶςη</span> <span class='ocrx_word' id='word_1_124' title='bbox 847 1601 1049 1671; x_wconf 81' lang='grc' dir='ltr'>ζημίαν</span> <span class='ocrx_word' id='word_1_125' title='bbox 1076 1600 1138 1652; x_wconf 90' lang='lat'>:6</span> <span class='ocrx_word' id='word_1_126' title='bbox 1174 1602 1403 1671; x_wconf 81' lang='grc' dir='ltr'>πρᾶγμα</span> <span class='ocrx_word' id='word_1_127' title='bbox 1448 1600 1657 1663; x_wconf 87' lang='grc' dir='ltr'>καλεῖς·</span> <span class='ocrx_word' id='word_1_128' title='bbox 1697 1600 1797 1663; x_wconf 83' lang='grc' dir='ltr'>τὰς</span> <span class='ocrx_word' id='word_1_129' title='bbox 1837 1600 1894 1652; x_wconf 80' lang='grc' dir='ltr'>δὲ</span> <span class='ocrx_word' id='word_1_130' title='bbox 1936 1600 2150 1670; x_wconf 78' lang='grc' dir='ltr'>ἡμέρας</span> 
     </span>
    </p>
   </div>
   <div class='ocr_carea' id='block_1_17' title="bbox 578 1677 2146 1749">
    <p class='ocr_par' dir='ltr' id='par_1_17' title="bbox 578 1677 2146 1749">
     <span class='ocr_line' id='line_1_17' title="bbox 578 1677 2146 1749; baseline -0.002 -17"><span class='ocrx_word' id='word_1_131' title='bbox 578 1697 671 1733; x_wconf 88' lang='grc' dir='ltr'>σου</span> <span class='ocrx_word' id='word_1_132' title='bbox 710 1680 962 1734; x_wconf 81' lang='grc' dir='ltr'>δαπανῶν</span> <span class='ocrx_word' id='word_1_133' title='bbox 991 1678 1311 1748; x_wconf 79' lang='grc' dir='ltr'>ὁλοκλήρους</span> <span class='ocrx_word' id='word_1_134' title='bbox 1333 1680 1412 1741; x_wconf 90' lang='grc' dir='ltr'>εἰς</span> <span class='ocrx_word' id='word_1_135' title='bbox 1442 1679 1735 1742; x_wconf 86' lang='grc' dir='ltr'>σατανικάς</span> <span class='ocrx_word' id='word_1_136' title='bbox 1782 1680 2023 1749; x_wconf 78' lang='grc' dir='ltr'>πομπὰς,</span> <span class='ocrx_word' id='word_1_137' title='bbox 2055 1677 2146 1731; x_wconf 73' lang='grc' dir='ltr'>οὐο</span> 
     </span>
    </p>
   </div>
   <div class='ocr_carea' id='block_1_18' title="bbox 575 1754 2147 1829">
    <p class='ocr_par' dir='ltr' id='par_1_18' title="bbox 575 1754 2147 1829">
     <span class='ocr_line' id='line_1_18' title="bbox 575 1754 2147 1829; baseline -0.002 -19"><span class='ocrx_word' id='word_1_138' title='bbox 575 1758 663 1811; x_wconf 85' lang='grc' dir='ltr'>δέν</span> <span class='ocrx_word' id='word_1_139' title='bbox 691 1760 799 1829; x_wconf 76' lang='grc' dir='ltr'>ήγῇ</span> <span class='ocrx_word' id='word_1_140' title='bbox 832 1759 1003 1809; x_wconf 82' lang='grc' dir='ltr'><strong>ποιεῖν</strong></span> <span class='ocrx_word' id='word_1_141' title='bbox 1046 1757 1279 1820; x_wconf 79' lang='grc' dir='ltr'>ἀτοπον;</span> <span class='ocrx_word' id='word_1_142' title='bbox 1320 1755 1449 1809; x_wconf 86' lang='grc' dir='ltr'>Δέον</span> <span class='ocrx_word' id='word_1_143' title='bbox 1486 1758 1567 1819; x_wconf 87' lang='grc' dir='ltr'>είς</span> <span class='ocrx_word' id='word_1_144' title='bbox 1610 1757 1762 1819; x_wconf 87' lang='grc' dir='ltr'>λιτὰς</span> <span class='ocrx_word' id='word_1_145' title='bbox 1788 1756 1814 1796; x_wconf 72' lang='grc' dir='ltr'><em>ά</em></span> <span class='ocrx_word' id='word_1_146' title='bbox 1853 1756 1948 1809; x_wconf 89' lang='lat'><em>1:61</em></span> <span class='ocrx_word' id='word_1_147' title='bbox 1982 1754 2147 1825; x_wconf 83' lang='grc' dir='ltr'>εὐχὰς</span> 
     </span>
    </p>
   </div>
   <div class='ocr_carea' id='block_1_19' title="bbox 575 1832 2154 1905">
    <p class='ocr_par' dir='ltr' id='par_1_19' title="bbox 575 1832 2154 1905">
     <span class='ocr_line' id='line_1_19' title="bbox 575 1832 2154 1905; baseline -0.001 -18"><span class='ocrx_word' id='word_1_148' title='bbox 575 1837 821 1905; x_wconf 77' lang='grc' dir='ltr'>ὃαπανᾷν</span> <span class='ocrx_word' id='word_1_149' title='bbox 843 1851 935 1887; x_wconf 90' lang='grc' dir='ltr'>σου</span> <span class='ocrx_word' id='word_1_150' title='bbox 963 1832 1059 1905; x_wconf 81' lang='grc' dir='ltr'>τὴν</span> <span class='ocrx_word' id='word_1_151' title='bbox 1086 1832 1228 1903; x_wconf 79' lang='grc' dir='ltr'>ζωὴν</span> <span class='ocrx_word' id='word_1_152' title='bbox 1249 1834 1485 1896; x_wconf 76' lang='grc' dir='ltr'>ἃπασαν,</span> <span class='ocrx_word' id='word_1_153' title='bbox 1509 1836 1571 1887; x_wconf 85' lang='grc' dir='ltr'>σὺ</span> <span class='ocrx_word' id='word_1_154' title='bbox 1594 1834 1651 1886; x_wconf 83' lang='grc' dir='ltr'>δὲ</span> <span class='ocrx_word' id='word_1_155' title='bbox 1680 1836 1758 1898; x_wconf 90' lang='grc' dir='ltr'>εἰς</span> <span class='ocrx_word' id='word_1_156' title='bbox 1788 1834 2035 1903; x_wconf 85' lang='grc' dir='ltr'>κραυγὰς</span> <span class='ocrx_word' id='word_1_157' title='bbox 2060 1833 2154 1887; x_wconf 88' lang='lat'><em>1:61</em></span> 
     </span>
    </p>
   </div>
   <div class='ocr_carea' id='block_1_20' title="bbox 578 1911 2154 1984">
    <p class='ocr_par' dir='ltr' id='par_1_20' title="bbox 578 1911 2154 1984">
     <span class='ocr_line' id='line_1_20' title="bbox 578 1911 2154 1984; baseline -0.001 -19"><span class='ocrx_word' id='word_1_158' title='bbox 578 1913 845 1984; x_wconf 79' lang='grc' dir='ltr'>θορύϐους</span> <span class='ocrx_word' id='word_1_159' title='bbox 878 1913 972 1965; x_wconf 72' lang='grc' dir='ltr'>καὶ</span> <span class='ocrx_word' id='word_1_160' title='bbox 1002 1913 1203 1982; x_wconf 86' lang='grc' dir='ltr'>αἰσχρά</span> <span class='ocrx_word' id='word_1_161' title='bbox 1234 1913 1473 1981; x_wconf 75' lang='grc' dir='ltr'>ῥήματα,</span> <span class='ocrx_word' id='word_1_162' title='bbox 1510 1912 1603 1964; x_wconf 80' lang='lat'><em>1:61</em></span> <span class='ocrx_word' id='word_1_163' title='bbox 1636 1914 1811 1983; x_wconf 83' lang='grc' dir='ltr'>μάχην</span> <span class='ocrx_word' id='word_1_164' title='bbox 1846 1913 1939 1966; x_wconf 87' lang='lat'><em>1:61</em></span> <span class='ocrx_word' id='word_1_165' title='bbox 1962 1911 2154 1983; x_wconf 76' lang='grc' dir='ltr'>τέρψιν</span> 
     </span>
    </p>
   </div>
   <div class='ocr_carea' id='block_1_21' title="bbox 577 1990 2155 2063">
    <p class='ocr_par' dir='ltr' id='par_1_21' title="bbox 577 1990 2155 2063">
     <span class='ocr_line' id='line_1_21' title="bbox 577 1990 2155 2063; baseline -0.001 -17"><span class='ocrx_word' id='word_1_166' title='bbox 577 1992 827 2063; x_wconf 81' lang='grc' dir='ltr'>ἄκαιρον,</span> <span class='ocrx_word' id='word_1_167' title='bbox 850 1992 944 2045; x_wconf 85' lang='lat'><em>1:61</em></span> <span class='ocrx_word' id='word_1_168' title='bbox 966 1991 1103 2061; x_wconf 71' lang='grc' dir='ltr'>ἔργα</span> <span class='ocrx_word' id='word_1_169' title='bbox 1128 1992 1237 2045; x_wconf 83' lang='grc' dir='ltr'>ἀπὸ</span> <span class='ocrx_word' id='word_1_170' title='bbox 1270 1990 1604 2059; x_wconf 80' lang='grc' dir='ltr'>μαγγανείας</span> <span class='ocrx_word' id='word_1_171' title='bbox 1641 1992 1900 2061; x_wconf 90' lang='grc' dir='ltr'>γινόμενα</span> <span class='ocrx_word' id='word_1_172' title='bbox 1922 1991 2011 2044; x_wconf 82' lang='grc' dir='ltr'>τὸν</span> <span class='ocrx_word' id='word_1_173' title='bbox 2043 1991 2155 2061; x_wconf 85' lang='grc' dir='ltr'>βίον</span> 
     </span>
    </p>
   </div>
   <div class='ocr_carea' id='block_1_22' title="bbox 580 2068 2148 2141">
    <p class='ocr_par' dir='ltr' id='par_1_22' title="bbox 580 2068 2148 2141">
     <span class='ocr_line' id='line_1_22' title="bbox 580 2068 2148 2141; baseline -0.001 -18"><span class='ocrx_word' id='word_1_174' title='bbox 580 2086 675 2123; x_wconf 89' lang='grc' dir='ltr'>σου</span> <span class='ocrx_word' id='word_1_175' title='bbox 724 2068 1135 2132; x_wconf 89' lang='grc' dir='ltr'>καταναλίσκεις</span> <span class='ocrx_word' id='word_1_176' title='bbox 1177 2069 1297 2139; x_wconf 85' lang='grc' dir='ltr'>είκῆ</span> <span class='ocrx_word' id='word_1_177' title='bbox 1334 2069 1427 2122; x_wconf 79' lang='lat'><em>1:61</em></span> <span class='ocrx_word' id='word_1_178' title='bbox 1471 2070 1564 2122; x_wconf 80' lang='grc' dir='ltr'>ἐπὶ</span> <span class='ocrx_word' id='word_1_179' title='bbox 1596 2069 1750 2139; x_wconf 88' lang='grc' dir='ltr'>κακῷ</span> <span class='ocrx_word' id='word_1_180' title='bbox 1787 2070 1865 2141; x_wconf 83' lang='grc' dir='ltr'>τῷ</span> <span class='ocrx_word' id='word_1_181' title='bbox 1908 2070 1986 2140; x_wconf 84' lang='grc' dir='ltr'>σῷ</span> <span class='ocrx_word' id='word_1_182' title='bbox 2009 2085 2021 2097; x_wconf 92' lang='grc'>·</span> <span class='ocrx_word' id='word_1_183' title='bbox 2052 2070 2148 2123; x_wconf 88' lang='lat'><em>1:61</em></span> 
     </span>
    </p>
   </div>
   <div class='ocr_carea' id='block_1_23' title="bbox 581 2147 2146 2218">
    <p class='ocr_par' dir='ltr' id='par_1_23' title="bbox 581 2147 2146 2218">
     <span class='ocr_line' id='line_1_23' title="bbox 581 2147 2146 2218; baseline 0 -17"><span class='ocrx_word' id='word_1_184' title='bbox 581 2147 723 2218; x_wconf 88' lang='grc' dir='ltr'>μετά</span> <span class='ocrx_word' id='word_1_185' title='bbox 753 2148 924 2200; x_wconf 90' lang='grc' dir='ltr'>ταῦτα</span> <span class='ocrx_word' id='word_1_186' title='bbox 958 2148 1134 2199; x_wconf 91' lang='grc' dir='ltr'>πάντα</span> <span class='ocrx_word' id='word_1_187' title='bbox 1172 2148 1401 2217; x_wconf 78' lang='grc' dir='ltr'>ἐρωτᾷς,</span> <span class='ocrx_word' id='word_1_188' title='bbox 1436 2147 1520 2210; x_wconf 93' lang='grc' dir='ltr'>τίς</span> <span class='ocrx_word' id='word_1_189' title='bbox 1550 2149 1581 2217; x_wconf 90' lang='grc' dir='ltr'>ή</span> <span class='ocrx_word' id='word_1_190' title='bbox 1622 2147 1825 2217; x_wconf 82' lang='grc' dir='ltr'>ζημία;</span> <span class='ocrx_word' id='word_1_191' title='bbox 1857 2148 1958 2201; x_wconf 86' lang='lat'><em>061:</em></span> <span class='ocrx_word' id='word_1_192' title='bbox 1990 2148 2146 2211; x_wconf 86' lang='grc' dir='ltr'>εἰδὼς</span> 
     </span>
    </p>
   </div>
   <div class='ocr_carea' id='block_1_24' title="bbox 577 2224 2156 2297">
    <p class='ocr_par' dir='ltr' id='par_1_24' title="bbox 577 2224 2156 2297">
     <span class='ocr_line' id='line_1_24' title="bbox 577 2224 2156 2297; baseline -0.002 -16"><span class='ocrx_word' id='word_1_193' title='bbox 577 2227 660 2281; x_wconf 81' lang='grc' dir='ltr'>ὃτι</span> <span class='ocrx_word' id='word_1_194' title='bbox 688 2225 888 2286; x_wconf 82' lang='grc' dir='ltr'>παντὸς</span> <span class='ocrx_word' id='word_1_195' title='bbox 917 2224 1117 2296; x_wconf 76' lang='grc' dir='ltr'>μᾶλλον</span> <span class='ocrx_word' id='word_1_196' title='bbox 1146 2224 1384 2292; x_wconf 75' lang='grc' dir='ltr'>ἀφειδεῖν</span> <span class='ocrx_word' id='word_1_197' title='bbox 1410 2224 1535 2294; x_wconf 81' lang='grc' dir='ltr'>χρὴ,</span> <span class='ocrx_word' id='word_1_198' title='bbox 1566 2226 1598 2297; x_wconf 78' lang='grc' dir='ltr'>ἢ</span> <span class='ocrx_word' id='word_1_199' title='bbox 1633 2226 1823 2296; x_wconf 89' lang='grc' dir='ltr'>χρόνου</span> <span class='ocrx_word' id='word_1_200' title='bbox 1847 2237 1891 2279; x_wconf 77' lang='grc' dir='ltr'>ο.</span> <span class='ocrx_word' id='word_1_201' title='bbox 1919 2225 2156 2296; x_wconf 84' lang='grc' dir='ltr'>Χρυσίον</span> 
     </span>
    </p>
   </div>
   <div class='ocr_carea' id='block_1_25' title="bbox 578 2301 2156 2374">
    <p class='ocr_par' dir='ltr' id='par_1_25' title="bbox 578 2301 2156 2374">
     <span class='ocr_line' id='line_1_25' title="bbox 578 2301 2156 2374; baseline 0.001 -19"><span class='ocrx_word' id='word_1_202' title='bbox 578 2303 646 2355; x_wconf 79' lang='grc' dir='ltr'>ἃν</span> <span class='ocrx_word' id='word_1_203' title='bbox 676 2301 979 2374; x_wconf 72' lang='grc' dir='ltr'>ἀναλώσης,</span> <span class='ocrx_word' id='word_1_204' title='bbox 1005 2302 1205 2373; x_wconf 76' lang='grc' dir='ltr'>δυνήσῃ</span> <span class='ocrx_word' id='word_1_205' title='bbox 1232 2301 1390 2356; x_wconf 80' lang='grc' dir='ltr'>πάλιν</span> <span class='ocrx_word' id='word_1_206' title='bbox 1417 2303 1855 2372; x_wconf 78' lang='grc' dir='ltr'>ἀνακτήσασθαι·</span> <span class='ocrx_word' id='word_1_207' title='bbox 1886 2304 2074 2374; x_wconf 89' lang='grc' dir='ltr'>χρόνον</span> <span class='ocrx_word' id='word_1_208' title='bbox 2101 2303 2156 2357; x_wconf 81' lang='grc' dir='ltr'>δὲ</span> 
     </span>
    </p>
   </div>
   <div class='ocr_carea' id='block_1_26' title="bbox 574 2380 2157 2454">
    <p class='ocr_par' dir='ltr' id='par_1_26' title="bbox 574 2380 2157 2454">
     <span class='ocr_line' id='line_1_26' title="bbox 574 2380 2157 2454; baseline 0 -19"><span class='ocrx_word' id='word_1_209' title='bbox 574 2381 645 2437; x_wconf 71' lang='grc' dir='ltr'>ἂν</span> <span class='ocrx_word' id='word_1_210' title='bbox 671 2381 963 2454; x_wconf 74' lang='grc' dir='ltr'>ἀπολέσῃς,</span> <span class='ocrx_word' id='word_1_211' title='bbox 998 2380 1271 2444; x_wconf 75' lang='grc' dir='ltr'>δυσκόλως</span> <span class='ocrx_word' id='word_1_212' title='bbox 1312 2380 1473 2433; x_wconf 84' lang='grc' dir='ltr'>αὐτὸν</span> <span class='ocrx_word' id='word_1_213' title='bbox 1501 2381 1767 2453; x_wconf 76' lang='grc' dir='ltr'>ἀναλήψῃ.</span> <span class='ocrx_word' id='word_1_214' title='bbox 1814 2382 2020 2447; x_wconf 85' lang='grc' dir='ltr'>Ὀλίγος</span> <span class='ocrx_word' id='word_1_215' title='bbox 2048 2382 2157 2453; x_wconf 89' lang='lat'>769</span> 
     </span>
    </p>
   </div>
   <div class='ocr_carea' id='block_1_27' title="bbox 580 2457 2158 2530">
    <p class='ocr_par' dir='ltr' id='par_1_27' title="bbox 580 2457 2158 2530">
     <span class='ocr_line' id='line_1_27' title="bbox 580 2457 2158 2530; baseline -0.001 -17"><span class='ocrx_word' id='word_1_216' title='bbox 580 2462 711 2530; x_wconf 82' lang='grc' dir='ltr'>ἡμῖν</span> <span class='ocrx_word' id='word_1_217' title='bbox 738 2461 1091 2529; x_wconf 83' lang='grc' dir='ltr'>τεταμίευται</span> <span class='ocrx_word' id='word_1_218' title='bbox 1116 2458 1260 2512; x_wconf 80' lang='grc' dir='ltr'>κατά</span> <span class='ocrx_word' id='word_1_219' title='bbox 1286 2459 1375 2511; x_wconf 85' lang='grc' dir='ltr'>τὸν</span> <span class='ocrx_word' id='word_1_220' title='bbox 1407 2459 1647 2529; x_wconf 87' lang='grc' dir='ltr'>παρόντα</span> <span class='ocrx_word' id='word_1_221' title='bbox 1674 2460 1808 2529; x_wconf 82' lang='grc' dir='ltr'>βίον.</span> <span class='ocrx_word' id='word_1_222' title='bbox 1835 2462 1931 2513; x_wconf 78' lang='grc' dir='ltr'>Ἂν</span> <span class='ocrx_word' id='word_1_223' title='bbox 1956 2457 2049 2514; x_wconf 81' lang='grc' dir='ltr'>οὖν</span> <span class='ocrx_word' id='word_1_224' title='bbox 2078 2463 2158 2523; x_wconf 89' lang='grc' dir='ltr'>εἰς</span> 
     </span>
    </p>
   </div>
   <div class='ocr_carea' id='block_1_28' title="bbox 575 2535 2157 2608">
    <p class='ocr_par' dir='ltr' id='par_1_28' title="bbox 575 2535 2157 2608">
     <span class='ocr_line' id='line_1_28' title="bbox 575 2535 2157 2608; baseline 0 -18"><span class='ocrx_word' id='word_1_225' title='bbox 575 2538 699 2590; x_wconf 81' lang='grc' dir='ltr'>δέον</span> <span class='ocrx_word' id='word_1_226' title='bbox 742 2538 891 2607; x_wconf 83' lang='grc' dir='ltr'>αὐτῷ</span> <span class='ocrx_word' id='word_1_227' title='bbox 945 2537 1020 2607; x_wconf 77' lang='grc' dir='ltr'>μὴ</span> <span class='ocrx_word' id='word_1_228' title='bbox 1064 2535 1415 2607; x_wconf 86' lang='grc' dir='ltr'>χρησώμεθα,</span> <span class='ocrx_word' id='word_1_229' title='bbox 1452 2538 1504 2589; x_wconf 86' lang='grc' dir='ltr'>τί</span> <span class='ocrx_word' id='word_1_230' title='bbox 1554 2538 1785 2608; x_wconf 84' lang='grc' dir='ltr'>ἐροῦμεν</span> <span class='ocrx_word' id='word_1_231' title='bbox 1830 2538 2157 2600; x_wconf 75' lang='grc' dir='ltr'>ἀπελθόντες</span> 
     </span>
    </p>
   </div>
   <div class='ocr_carea' id='block_1_29' title="bbox 584 2615 2159 2687">
    <p class='ocr_par' dir='ltr' id='par_1_29' title="bbox 584 2615 2159 2687">
     <span class='ocr_line' id='line_1_29' title="bbox 584 2615 2159 2687; baseline 0.001 -19"><span class='ocrx_word' id='word_1_232' title='bbox 584 2616 729 2682; x_wconf 72' lang='grc' dir='ltr'>ἑκεῖ;</span> <span class='ocrx_word' id='word_1_233' title='bbox 756 2615 890 2669; x_wconf 82' lang='grc' dir='ltr'>Εἰπέ</span> <span class='ocrx_word' id='word_1_234' title='bbox 919 2616 1028 2687; x_wconf 92' lang='grc' dir='ltr'>γάρ</span> <span class='ocrx_word' id='word_1_235' title='bbox 1066 2632 1183 2685; x_wconf 90' lang='grc' dir='ltr'>μοι·</span> <span class='ocrx_word' id='word_1_236' title='bbox 1216 2617 1265 2668; x_wconf 82' lang='grc' dir='ltr'>εί</span> <span class='ocrx_word' id='word_1_237' title='bbox 1287 2615 1410 2669; x_wconf 88' lang='grc' dir='ltr'>τινά</span> <span class='ocrx_word' id='word_1_238' title='bbox 1440 2632 1534 2668; x_wconf 90' lang='grc' dir='ltr'>σου</span> <span class='ocrx_word' id='word_1_239' title='bbox 1567 2616 1672 2670; x_wconf 89' lang='grc' dir='ltr'>τῶν</span> <span class='ocrx_word' id='word_1_240' title='bbox 1710 2618 1840 2671; x_wconf 85' lang='grc' dir='ltr'>υἰῶν</span> <span class='ocrx_word' id='word_1_241' title='bbox 1871 2618 2159 2678; x_wconf 82' lang='grc' dir='ltr'>ἐκέλευσας</span> 
     </span>
    </p>
   </div>
   <div class='ocr_carea' id='block_1_30' title="bbox 586 2689 2157 2766">
    <p class='ocr_par' dir='ltr' id='par_1_30' title="bbox 586 2689 2157 2766">
     <span class='ocr_line' id='line_1_30' title="bbox 586 2689 2157 2766; baseline 0.001 -19"><span class='ocrx_word' id='word_1_242' title='bbox 586 2694 781 2764; x_wconf 81' lang='grc' dir='ltr'>τέχνην</span> <span class='ocrx_word' id='word_1_243' title='bbox 820 2695 1033 2765; x_wconf 87' lang='grc' dir='ltr'>μαθεῖν,</span> <span class='ocrx_word' id='word_1_244' title='bbox 1057 2689 1175 2747; x_wconf 76' lang='grc' dir='ltr'>εἷτα</span> <span class='ocrx_word' id='word_1_245' title='bbox 1208 2694 1413 2757; x_wconf 80' lang='grc' dir='ltr'>ἐκεῖνος</span> <span class='ocrx_word' id='word_1_246' title='bbox 1438 2693 1576 2747; x_wconf 87' lang='grc' dir='ltr'>οῖκοι</span> <span class='ocrx_word' id='word_1_247' title='bbox 1605 2694 1691 2748; x_wconf 89' lang='grc' dir='ltr'>διά</span> <span class='ocrx_word' id='word_1_248' title='bbox 1718 2696 1914 2759; x_wconf 75' lang='grc' dir='ltr'>παντὸς</span> <span class='ocrx_word' id='word_1_249' title='bbox 1948 2696 2157 2766; x_wconf 71' lang='grc' dir='ltr'>ἔμενεν,</span> 
     </span>
    </p>
   </div>
   <div class='ocr_carea' id='block_1_31' title="bbox 582 2773 2158 2846">
    <p class='ocr_par' dir='ltr' id='par_1_31' title="bbox 582 2773 2158 2846">
     <span class='ocr_line' id='line_1_31' title="bbox 582 2773 2158 2846; baseline -0.001 -17"><span class='ocrx_word' id='word_1_250' title='bbox 582 2775 619 2846; x_wconf 77' lang='grc' dir='ltr'>ἢ</span> <span class='ocrx_word' id='word_1_251' title='bbox 655 2776 748 2829; x_wconf 84' lang='lat'><em>1:61</em></span> <span class='ocrx_word' id='word_1_252' title='bbox 782 2773 1015 2844; x_wconf 81' lang='grc' dir='ltr'>ἀλλαχοῦ</span> <span class='ocrx_word' id='word_1_253' title='bbox 1047 2791 1149 2827; x_wconf 89' lang='grc' dir='ltr'>που</span> <span class='ocrx_word' id='word_1_254' title='bbox 1177 2774 1460 2845; x_wconf 84' lang='grc' dir='ltr'>διέτριϐεν,</span> <span class='ocrx_word' id='word_1_255' title='bbox 1489 2776 1589 2827; x_wconf 87' lang='grc' dir='ltr'>οὐκ</span> <span class='ocrx_word' id='word_1_256' title='bbox 1620 2774 1686 2829; x_wconf 81' lang='grc' dir='ltr'>ἀν</span> <span class='ocrx_word' id='word_1_257' title='bbox 1721 2775 1883 2828; x_wconf 74' lang='grc' dir='ltr'>αὐτον</span> <span class='ocrx_word' id='word_1_258' title='bbox 1908 2777 2158 2845; x_wconf 80' lang='grc' dir='ltr'>παρῃτή-</span> 
     </span>
    </p>
   </div>
   <div class='ocr_carea' id='block_1_32' title="bbox 586 2847 2159 2923">
    <p class='ocr_par' dir='ltr' id='par_1_32' title="bbox 586 2847 2159 2923">
     <span class='ocr_line' id='line_1_32' title="bbox 586 2847 2159 2923; baseline -0.001 -16"><span class='ocrx_word' id='word_1_259' title='bbox 586 2872 716 2907; x_wconf 90' lang='grc' dir='ltr'>σατο</span> <span class='ocrx_word' id='word_1_260' title='bbox 743 2855 773 2907; x_wconf 89' lang='lat'>6</span> <span class='ocrx_word' id='word_1_261' title='bbox 812 2852 1160 2916; x_wconf 87' lang='grc' dir='ltr'>διδάσκαλος;</span> <span class='ocrx_word' id='word_1_262' title='bbox 1187 2853 1285 2904; x_wconf 87' lang='lat'><em>061:</em></span> <span class='ocrx_word' id='word_1_263' title='bbox 1314 2852 1380 2905; x_wconf 83' lang='grc' dir='ltr'>ἂν</span> <span class='ocrx_word' id='word_1_264' title='bbox 1406 2847 1526 2905; x_wconf 80' lang='grc' dir='ltr'>εἷπε</span> <span class='ocrx_word' id='word_1_265' title='bbox 1559 2852 1693 2922; x_wconf 73' lang='lat'><em>1:96;</em></span> <span class='ocrx_word' id='word_1_266' title='bbox 1723 2853 1801 2905; x_wconf 88' lang='grc' dir='ltr'>σέ·</span> <span class='ocrx_word' id='word_1_267' title='bbox 1831 2854 2159 2923; x_wconf 83' lang='grc' dir='ltr'>Συγγραφὴν</span> 
     </span>
    </p>
   </div>
   <div class='ocr_carea' id='block_1_33' title="bbox 583 2930 2155 3003">
    <p class='ocr_par' dir='ltr' id='par_1_33' title="bbox 583 2930 2155 3003">
     <span class='ocr_line' id='line_1_33' title="bbox 583 2930 2155 3003; baseline -0.001 -18"><span class='ocrx_word' id='word_1_268' title='bbox 583 2932 719 3003; x_wconf 86' lang='grc' dir='ltr'>πρός</span> <span class='ocrx_word' id='word_1_269' title='bbox 759 2949 825 3001; x_wconf 91' lang='grc' dir='ltr'>με</span> <span class='ocrx_word' id='word_1_270' title='bbox 867 2931 1194 2999; x_wconf 80' lang='grc' dir='ltr'>πεποίηκας,</span> <span class='ocrx_word' id='word_1_271' title='bbox 1228 2930 1317 2984; x_wconf 86' lang='lat'><em>1:61</em></span> <span class='ocrx_word' id='word_1_272' title='bbox 1342 2930 1530 3002; x_wconf 83' lang='grc' dir='ltr'>χρόνον</span> <span class='ocrx_word' id='word_1_273' title='bbox 1559 2930 1781 3000; x_wconf 83' lang='grc' dir='ltr'>ῶρισας.</span> <span class='ocrx_word' id='word_1_274' title='bbox 1811 2933 1875 2985; x_wconf 87' lang='grc' dir='ltr'>Εί</span> <span class='ocrx_word' id='word_1_275' title='bbox 1912 2932 1985 3002; x_wconf 79' lang='grc' dir='ltr'>μὴ</span> <span class='ocrx_word' id='word_1_276' title='bbox 2028 2931 2155 3001; x_wconf 83' lang='grc' dir='ltr'>μέλ-</span> 
     </span>
    </p>
   </div>
   <div class='ocr_carea' id='block_1_34' title="bbox 580 3008 2159 3081">
    <p class='ocr_par' dir='ltr' id='par_1_34' title="bbox 580 3008 2159 3081">
     <span class='ocr_line' id='line_1_34' title="bbox 580 3008 2159 3081; baseline -0.003 -14"><span class='ocrx_word' id='word_1_277' title='bbox 580 3014 665 3067; x_wconf 88' lang='grc' dir='ltr'>λει</span> <span class='ocrx_word' id='word_1_278' title='bbox 694 3010 871 3064; x_wconf 87' lang='grc' dir='ltr'>τοίνυν</span> <span class='ocrx_word' id='word_1_279' title='bbox 893 3010 986 3063; x_wconf 79' lang='grc' dir='ltr'>τὸν</span> <span class='ocrx_word' id='word_1_280' title='bbox 1008 3008 1199 3079; x_wconf 91' lang='grc' dir='ltr'>χρόνον</span> <span class='ocrx_word' id='word_1_281' title='bbox 1232 3008 1420 3063; x_wconf 92' lang='grc' dir='ltr'>τοῦτον</span> <span class='ocrx_word' id='word_1_282' title='bbox 1443 3009 1573 3080; x_wconf 87' lang='grc' dir='ltr'>παρ’</span> <span class='ocrx_word' id='word_1_283' title='bbox 1601 3010 1750 3080; x_wconf 78' lang='grc' dir='ltr'>ἡμῖν,</span> <span class='ocrx_word' id='word_1_284' title='bbox 1780 3010 1893 3063; x_wconf 81' lang='grc' dir='ltr'>ἀλλ’</span> <span class='ocrx_word' id='word_1_285' title='bbox 1930 3009 2159 3081; x_wconf 75' lang='grc' dir='ltr'>ἑτέρωθι</span> 
     </span>
    </p>
   </div>
   <div class='ocr_carea' id='block_1_35' title="bbox 584 3086 2160 3157">
    <p class='ocr_par' dir='ltr' id='par_1_35' title="bbox 584 3086 2160 3157">
     <span class='ocr_line' id='line_1_35' title="bbox 584 3086 2160 3157; baseline -0.003 -13"><span class='ocrx_word' id='word_1_286' title='bbox 584 3088 895 3144; x_wconf 79' lang='grc' dir='ltr'>ἀναλίσκειν</span> <span class='ocrx_word' id='word_1_287' title='bbox 933 3088 962 3140; x_wconf 90' lang='lat'>6</span> <span class='ocrx_word' id='word_1_288' title='bbox 995 3088 1122 3149; x_wconf 89' lang='grc' dir='ltr'>παῖς</span> <span class='ocrx_word' id='word_1_289' title='bbox 1144 3126 1158 3148; x_wconf 94' lang='grc'>,</span> <span class='ocrx_word' id='word_1_290' title='bbox 1203 3086 1320 3149; x_wconf 89' lang='grc' dir='ltr'>πῶς</span> <span class='ocrx_word' id='word_1_291' title='bbox 1364 3102 1445 3139; x_wconf 92' lang='grc' dir='ltr'>σοι</span> <span class='ocrx_word' id='word_1_292' title='bbox 1482 3086 1946 3157; x_wconf 82' lang='grc' dir='ltr'>παραστησόμεθα</span> <span class='ocrx_word' id='word_1_293' title='bbox 1980 3087 2160 3156; x_wconf 81' lang='grc' dir='ltr'>μαθη-</span> 
     </span>
    </p>
   </div>
   <div class='ocr_carea' id='block_1_36' title="bbox 584 3164 2162 3238">
    <p class='ocr_par' dir='ltr' id='par_1_36' title="bbox 584 3164 2162 3238">
     <span class='ocr_line' id='line_1_36' title="bbox 584 3164 2162 3238; baseline 0 -19"><span class='ocrx_word' id='word_1_294' title='bbox 584 3170 684 3238; x_wconf 83' lang='grc' dir='ltr'>τήν</span> <span class='ocrx_word' id='word_1_295' title='bbox 711 3166 730 3206; x_wconf 74' lang='grc' dir='ltr'>ί</span> <span class='ocrx_word' id='word_1_296' title='bbox 754 3184 769 3232; x_wconf 82' lang='grc'>;</span> <span class='ocrx_word' id='word_1_297' title='bbox 802 3164 988 3219; x_wconf 88' lang='grc' dir='ltr'>Ταῦτα</span> <span class='ocrx_word' id='word_1_298' title='bbox 1015 3164 1107 3218; x_wconf 87' lang='lat'><em>1:61</em></span> <span class='ocrx_word' id='word_1_299' title='bbox 1136 3166 1284 3235; x_wconf 82' lang='grc' dir='ltr'>ἡμᾶς</span> <span class='ocrx_word' id='word_1_300' title='bbox 1323 3166 1498 3218; x_wconf 92' lang='grc' dir='ltr'>εἰπεῖν</span> <span class='ocrx_word' id='word_1_301' title='bbox 1530 3165 1765 3235; x_wconf 84' lang='grc' dir='ltr'>ἀνάγκη.</span> <span class='ocrx_word' id='word_1_302' title='bbox 1804 3166 1952 3237; x_wconf 87' lang='grc' dir='ltr'>Ἐρεῖ</span> <span class='ocrx_word' id='word_1_303' title='bbox 1981 3166 2038 3219; x_wconf 84' lang='grc' dir='ltr'>δὲ</span> <span class='ocrx_word' id='word_1_304' title='bbox 2065 3168 2162 3219; x_wconf 89' lang='lat'><em>1:61</em></span> 
     </span>
    </p>
   </div>
   <div class='ocr_carea' id='block_1_37' title="bbox 586 3242 2163 3315">
    <p class='ocr_par' dir='ltr' id='par_1_37' title="bbox 586 3242 2163 3315">
     <span class='ocr_line' id='line_1_37' title="bbox 586 3242 2163 3315; baseline 0 -18"><span class='ocrx_word' id='word_1_305' title='bbox 586 3250 614 3297; x_wconf 87' lang='lat'>6</span> <span class='ocrx_word' id='word_1_306' title='bbox 655 3245 789 3307; x_wconf 63' lang='grc' dir='ltr'>θεὸς</span> <span class='ocrx_word' id='word_1_307' title='bbox 837 3244 998 3314; x_wconf 74' lang='grc' dir='ltr'>ἡμῖν·</span> <span class='ocrx_word' id='word_1_308' title='bbox 1041 3242 1243 3313; x_wconf 85' lang='grc' dir='ltr'>Χρόνον</span> <span class='ocrx_word' id='word_1_309' title='bbox 1290 3243 1419 3312; x_wconf 89' lang='grc' dir='ltr'>ὑμῖν</span> <span class='ocrx_word' id='word_1_310' title='bbox 1469 3242 1701 3308; x_wconf 83' lang='grc' dir='ltr'>δέδωκα,</span> <span class='ocrx_word' id='word_1_311' title='bbox 1734 3242 1889 3314; x_wconf 64' lang='grc' dir='ltr'>φησι,</span> <span class='ocrx_word' id='word_1_312' title='bbox 1923 3244 2061 3315; x_wconf 83' lang='grc' dir='ltr'>πρὸς</span> <span class='ocrx_word' id='word_1_313' title='bbox 2102 3244 2163 3297; x_wconf 82' lang='lat'>:6</span> 
     </span>
    </p>
   </div>
   <div class='ocr_carea' id='block_1_38' title="bbox 650 3346 2166 3455">
    <p class='ocr_par' dir='ltr' id='par_1_38' title="bbox 650 3346 2166 3455">
     <span class='ocr_line' id='line_1_38' title="bbox 650 3346 2166 3455; baseline 0.001 -58"><span class='ocrx_word' id='word_1_314' title='bbox 650 3349 675 3377; x_wconf 84' lang='grc'><strong><em>⁸</em></strong></span> <span class='ocrx_word' id='word_1_315' title='bbox 720 3347 817 3398; x_wconf 79' lang='lat' dir='ltr'>Alii</span> <span class='ocrx_word' id='word_1_316' title='bbox 854 3347 1170 3422; x_wconf 62' lang='grc' dir='ltr'>ρυνείρουσιν.</span> <span class='ocrx_word' id='word_1_317' title='bbox 1199 3347 1287 3423; x_wconf 61' lang='grc' dir='ltr'>με.</span> <span class='ocrx_word' id='word_1_318' title='bbox 1320 3346 1511 3398; x_wconf 76' lang='lat' dir='ltr'>Orienl.</span> <span class='ocrx_word' id='word_1_319' title='bbox 1547 3348 1809 3455; x_wconf 50' lang='lat' dir='ltr'>marha;</span> <span class='ocrx_word' id='word_1_320' title='bbox 1842 3348 1889 3397; x_wconf 80' lang='grc' dir='ltr'>έν</span> <span class='ocrx_word' id='word_1_321' title='bbox 1921 3349 2018 3405; x_wconf 83' lang='grc' dir='ltr'>τοῖς</span> <span class='ocrx_word' id='word_1_322' title='bbox 2049 3352 2166 3398; x_wconf 72' lang='grc' dir='ltr'>θεωο</span> 
     </span>
     <span class='ocr_line' id='line_1_39' title="bbox 650 3407 2155 3455; baseline 0 0"><span class='ocrx_word' id='word_1_323' title='bbox 650 3426 729 3455; x_wconf 72' lang='grc' dir='ltr'>ιιι.</span> <span class='ocrx_word' id='word_1_324' title='bbox 756 3410 877 3455; x_wconf 77' lang='grc' dir='ltr'>ἀλλα</span> <span class='ocrx_word' id='word_1_325' title='bbox 909 3408 1088 3455; x_wconf 77' lang='grc' dir='ltr'>ιεακοὸν</span> <span class='ocrx_word' id='word_1_326' title='bbox 1120 3409 1376 3455; x_wconf 81' lang='grc' dir='ltr'>έγειοουσιν</span> <span class='ocrx_word' id='word_1_327' title='bbox 1401 3410 1537 3455; x_wconf 75' lang='grc' dir='ltr'>ὐπέο.</span> <span class='ocrx_word' id='word_1_328' title='bbox 1584 3407 1635 3455; x_wconf 79' lang='lat' dir='ltr'><strong>In</strong></span> <span class='ocrx_word' id='word_1_329' title='bbox 1660 3421 1709 3455; x_wconf 80' lang='lat' dir='ltr'><strong>ra</strong></span> <span class='ocrx_word' id='word_1_330' title='bbox 1751 3409 1884 3455; x_wconf 75' lang='lat' dir='ltr'>idem</span> <span class='ocrx_word' id='word_1_331' title='bbox 1921 3410 1950 3455; x_wconf 76' lang='grc' dir='ltr'><strong>ἢ</strong></span> <span class='ocrx_word' id='word_1_332' title='bbox 1989 3411 2155 3455; x_wconf 71' lang='grc' dir='ltr'>πόσοε.</span> 
     </span>
    </p>
   </div>
   <div class='ocr_carea' id='block_1_39' title="bbox 582 3407 2155 3481">
    <p class='ocr_par' dir='ltr' id='par_1_39' title="bbox 582 3407 2155 3481">
     <span class='ocr_line' id='line_1_40' title="bbox 582 3407 2155 3481; baseline 0 0"><span class='ocrx_word' id='word_1_333' title='bbox 582 3409 729 3481; x_wconf 47' lang='lat' dir='ltr'>vim.</span> <span class='ocrx_word' id='word_1_334' title='bbox 756 3409 877 3481; x_wconf 68' lang='grc' dir='ltr'>ἀλλά</span> <span class='ocrx_word' id='word_1_335' title='bbox 909 3407 1088 3481; x_wconf 47' lang='lat' dir='ltr'>vi?“</span> <span class='ocrx_word' id='word_1_336' title='bbox 1120 3409 1376 3481; x_wconf 50' lang='lat' dir='ltr'>Mm&quot;?</span> <span class='ocrx_word' id='word_1_337' title='bbox 1401 3407 1709 3481; x_wconf 59' lang='grc' dir='ltr'>ΰιτέροέιειίη</span> <span class='ocrx_word' id='word_1_338' title='bbox 1751 3409 1950 3481; x_wconf 61' lang='grc' dir='ltr'>’βψιρ</span> <span class='ocrx_word' id='word_1_339' title='bbox 1989 3411 2155 3481; x_wconf 59' lang='lat' dir='ltr'><em>16m-</em></span> 
     </span>
    </p>
   </div>
   <div class='ocr_carea' id='block_1_40' title="bbox 590 3468 2160 3530">
    <p class='ocr_par' dir='ltr' id='par_1_40' title="bbox 590 3468 2160 3530">
     <span class='ocr_line' id='line_1_41' title="bbox 590 3468 2160 3530; baseline 0.003 -16"><span class='ocrx_word' id='word_1_340' title='bbox 590 3468 616 3506; x_wconf 73' lang='grc' dir='ltr'>ι»</span> <span class='ocrx_word' id='word_1_341' title='bbox 666 3470 797 3519; x_wconf 84' lang='lat' dir='ltr'>Idem</span> <span class='ocrx_word' id='word_1_342' title='bbox 810 3468 1093 3530; x_wconf 72' lang='grc' dir='ltr'>ἀπολογίας.</span> <span class='ocrx_word' id='word_1_343' title='bbox 1123 3471 1144 3499; x_wconf 77' lang='grc' dir='ltr'>ε</span> <span class='ocrx_word' id='word_1_344' title='bbox 1168 3468 1297 3519; x_wconf 80' lang='lat' dir='ltr'><strong>EdiLi</strong></span> <span class='ocrx_word' id='word_1_345' title='bbox 1327 3470 1375 3517; x_wconf 81' lang='grc' dir='ltr'>ιν</span> <span class='ocrx_word' id='word_1_346' title='bbox 1403 3468 1571 3530; x_wconf 62' lang='grc' dir='ltr'>οὐδενί.</span> <span class='ocrx_word' id='word_1_347' title='bbox 1610 3469 1741 3517; x_wconf 83' lang='lat' dir='ltr'>Idem</span> <span class='ocrx_word' id='word_1_348' title='bbox 1768 3469 1841 3517; x_wconf 82' lang='grc' dir='ltr'>ιπ·</span> <span class='ocrx_word' id='word_1_349' title='bbox 1862 3471 2039 3529; x_wconf 82' lang='grc' dir='ltr'>οὐδενί,</span> <span class='ocrx_word' id='word_1_350' title='bbox 2064 3484 2160 3519; x_wconf 65' lang='grc' dir='ltr'>μου</span> 
     </span>
    </p>
   </div>
   <div class='ocr_carea' id='block_1_41' title="bbox 584 3527 2161 3592">
    <p class='ocr_par' dir='ltr' id='par_1_41' title="bbox 584 3527 2161 3592">
     <span class='ocr_line' id='line_1_42' title="bbox 584 3527 2161 3592; baseline 0.001 -13"><span class='ocrx_word' id='word_1_351' title='bbox 584 3531 733 3592; x_wconf 68' lang='lat' dir='ltr'><strong>male.</strong></span> <span class='ocrx_word' id='word_1_352' title='bbox 783 3528 825 3592; x_wconf 26' lang='lat' dir='ltr'>Ad</span> <span class='ocrx_word' id='word_1_353' title='bbox 852 3527 993 3592; x_wconf 63' lang='lat' dir='ltr'>[dem</span> <span class='ocrx_word' id='word_1_354' title='bbox 1024 3529 1376 3592; x_wconf 56' lang='lat'><em>6151111006116;._</em></span> <span class='ocrx_word' id='word_1_355' title='bbox 1424 3543 1451 3592; x_wconf 63' lang='lat'><em>3</em></span> <span class='ocrx_word' id='word_1_356' title='bbox 1480 3528 1616 3592; x_wconf 60' lang='lat' dir='ltr'><strong>Idem</strong></span> <span class='ocrx_word' id='word_1_357' title='bbox 1652 3527 2035 3592; x_wconf 81' lang='grc' dir='ltr'>παντὸςμᾶλλον</span> <span class='ocrx_word' id='word_1_358' title='bbox 2073 3531 2161 3580; x_wconf 86' lang='grc' dir='ltr'>τοῦ</span> 
     </span>
    </p>
   </div>
   <div class='ocr_carea' id='block_1_42' title="bbox 586 3588 2163 3656">
    <p class='ocr_par' dir='ltr' id='par_1_42' title="bbox 586 3588 2163 3656">
     <span class='ocr_line' id='line_1_43' title="bbox 586 3588 2163 3656; baseline 0.003 -19"><span class='ocrx_word' id='word_1_359' title='bbox 586 3591 757 3656; x_wconf 77' lang='grc' dir='ltr'>χρόνου</span> <span class='ocrx_word' id='word_1_360' title='bbox 776 3590 996 3656; x_wconf 67' lang='grc' dir='ltr'>έργασίαν</span> <span class='ocrx_word' id='word_1_361' title='bbox 1017 3588 1336 3656; x_wconf 67' lang='grc' dir='ltr'>ἀπαιτηθήσῃ.</span> <span class='ocrx_word' id='word_1_362' title='bbox 1356 3588 1487 3656; x_wconf 62' lang='lat' dir='ltr'><strong>jnfra</strong></span> <span class='ocrx_word' id='word_1_363' title='bbox 1519 3590 1651 3656; x_wconf 57' lang='lat' dir='ltr'><strong>[dgm</strong></span> <span class='ocrx_word' id='word_1_364' title='bbox 1679 3588 1975 3651; x_wconf 78' lang='grc' dir='ltr'>τεταμίευται</span> <span class='ocrx_word' id='word_1_365' title='bbox 1997 3593 2163 3656; x_wconf 80' lang='grc' dir='ltr'>χρόνος</span> 
     </span>
    </p>
   </div>
   <div class='ocr_carea' id='block_1_43' title="bbox 586 3647 1647 3713">
    <p class='ocr_par' dir='ltr' id='par_1_43' title="bbox 586 3647 1647 3713">
     <span class='ocr_line' id='line_1_44' title="bbox 586 3647 1647 3713; baseline 0.001 -14"><span class='ocrx_word' id='word_1_366' title='bbox 586 3647 711 3699; x_wconf 63' lang='grc' dir='ltr'>κὲτὰ</span> <span class='ocrx_word' id='word_1_367' title='bbox 740 3647 821 3699; x_wconf 73' lang='grc' dir='ltr'>τὸν</span> <span class='ocrx_word' id='word_1_368' title='bbox 838 3647 954 3713; x_wconf 72' lang='grc' dir='ltr'>παρ.</span> <span class='ocrx_word' id='word_1_369' title='bbox 1014 3647 1035 3687; x_wconf 70' lang='grc' dir='ltr'>ί</span> <span class='ocrx_word' id='word_1_370' title='bbox 1077 3650 1211 3699; x_wconf 78' lang='lat' dir='ltr'>Idem</span> <span class='ocrx_word' id='word_1_371' title='bbox 1241 3647 1453 3713; x_wconf 79' lang='grc' dir='ltr'>τεχνίτην</span> <span class='ocrx_word' id='word_1_372' title='bbox 1485 3652 1647 3700; x_wconf 80' lang='grc' dir='ltr'>αὐτόν.</span> 
     </span>
    </p>
   </div>
   <div class='ocr_carea' id='block_1_44' title="bbox 1254 384 3129 448">
    <p class='ocr_par' dir='ltr' id='par_1_44' title="bbox 1254 384 3129 448">
     <span class='ocr_line' id='line_1_45' title="bbox 1254 384 3129 448; baseline -0.003 -2"><span class='ocrx_word' id='word_1_373' title='bbox 1254 391 1312 448; x_wconf 73' lang='lat'>3.</span> <span class='ocrx_word' id='word_1_374' title='bbox 1352 386 1637 447; x_wconf 73' lang='lat' dir='ltr'>JOANMS</span> <span class='ocrx_word' id='word_1_375' title='bbox 1672 385 2169 444; x_wconf 70' lang='lat' dir='ltr'>CIIRYSOSTOBI</span> <span class='ocrx_word' id='word_1_376' title='bbox 2209 386 2535 444; x_wconf 72' lang='lat' dir='ltr'>ARCIIIEP.</span> <span class='ocrx_word' id='word_1_377' title='bbox 2572 384 3129 443; x_wconf 55' lang='lat' dir='ltr'>CONSTAATINOP.</span> 
     </span>
    </p>
   </div>
   <div class='ocr_carea' id='block_1_45' title="bbox 3716 376 3842 438">
    <p class='ocr_par' dir='ltr' id='par_1_45' title="bbox 3716 376 3842 438">
     <span class='ocr_line' id='line_1_46' title="bbox 3716 376 3842 438; baseline 0 0"><span class='ocrx_word' id='word_1_378' title='bbox 3716 376 3842 438; x_wconf 59' lang='grc' dir='ltr'>ω</span> 
     </span>
    </p>
   </div>
   <div class='ocr_carea' id='block_1_46' title="bbox 2256 495 3841 577">
    <p class='ocr_par' dir='ltr' id='par_1_46' title="bbox 2256 495 3841 577">
     <span class='ocr_line' id='line_1_47' title="bbox 2256 495 3841 577; baseline -0.006 -20"><span class='ocrx_word' id='word_1_379' title='bbox 2256 505 2448 574; x_wconf 78' lang='grc' dir='ltr'>μαθεῖν</span> <span class='ocrx_word' id='word_1_380' title='bbox 2475 506 2574 577; x_wconf 81' lang='grc' dir='ltr'>τήν</span> <span class='ocrx_word' id='word_1_381' title='bbox 2609 506 2805 575; x_wconf 88' lang='grc' dir='ltr'>τέχνην</span> <span class='ocrx_word' id='word_1_382' title='bbox 2836 503 3039 573; x_wconf 84' lang='grc' dir='ltr'>ταύτην</span> <span class='ocrx_word' id='word_1_383' title='bbox 3070 502 3171 571; x_wconf 83' lang='grc' dir='ltr'>τὴν</span> <span class='ocrx_word' id='word_1_384' title='bbox 3199 501 3300 573; x_wconf 79' lang='grc' dir='ltr'>τῆς</span> <span class='ocrx_word' id='word_1_385' title='bbox 3337 496 3627 577; x_wconf 85' lang='grc' dir='ltr'>εὐλαϐείας</span> <span class='ocrx_word' id='word_1_386' title='bbox 3646 512 3662 527; x_wconf 93' lang='grc'>·</span> <span class='ocrx_word' id='word_1_387' title='bbox 3684 495 3841 577; x_wconf 56' lang='grc' dir='ltr'>τινος</span> 
     </span>
    </p>
   </div>
   <div class='ocr_carea' id='block_1_47' title="bbox 2246 574 3840 655">
    <p class='ocr_par' dir='ltr' id='par_1_47' title="bbox 2246 574 3840 655">
     <span class='ocr_line' id='line_1_48' title="bbox 2246 574 3840 655; baseline -0.006 -21"><span class='ocrx_word' id='word_1_388' title='bbox 2246 582 2431 637; x_wconf 75' lang='grc' dir='ltr'>ένεκεν</span> <span class='ocrx_word' id='word_1_389' title='bbox 2459 574 2580 655; x_wconf 78' lang='grc' dir='ltr'>εἰκῆ</span> <span class='ocrx_word' id='word_1_390' title='bbox 2606 574 2697 636; x_wconf 67' lang='grc' dir='ltr'>καὶ</span> <span class='ocrx_word' id='word_1_391' title='bbox 2723 584 2905 653; x_wconf 80' lang='grc' dir='ltr'>μάτην</span> <span class='ocrx_word' id='word_1_392' title='bbox 2931 581 3023 634; x_wconf 82' lang='grc' dir='ltr'>τὸν</span> <span class='ocrx_word' id='word_1_393' title='bbox 3048 580 3239 651; x_wconf 82' lang='grc' dir='ltr'>χρόνον</span> <span class='ocrx_word' id='word_1_394' title='bbox 3264 575 3594 655; x_wconf 66' lang='grc' dir='ltr'>ἀνηλώσατε⁸</span> <span class='ocrx_word' id='word_1_395' title='bbox 3612 574 3840 655; x_wconf 73' lang='grc' dir='ltr'>τοῦτονς</span> 
     </span>
    </p>
   </div>
   <div class='ocr_carea' id='block_1_48' title="bbox 2246 651 3844 733">
    <p class='ocr_par' dir='ltr' id='par_1_48' title="bbox 2246 651 3844 733">
     <span class='ocr_line' id='line_1_49' title="bbox 2246 651 3844 733; baseline -0.006 -20"><span class='ocrx_word' id='word_1_396' title='bbox 2246 661 2300 713; x_wconf 89' lang='grc' dir='ltr'>τί</span> <span class='ocrx_word' id='word_1_397' title='bbox 2336 660 2393 713; x_wconf 77' lang='grc' dir='ltr'>δὲ</span> <span class='ocrx_word' id='word_1_398' title='bbox 2443 651 2579 733; x_wconf 80' lang='grc' dir='ltr'>πρὸς</span> <span class='ocrx_word' id='word_1_399' title='bbox 2626 651 3071 714; x_wconf 14' lang='grc' dir='ltr'>τὺνήδιδάσκαλον</span> <span class='ocrx_word' id='word_1_400' title='bbox 3118 654 3357 727; x_wconf 89' lang='grc' dir='ltr'>συνεχῶς</span> <span class='ocrx_word' id='word_1_401' title='bbox 3395 654 3495 708; x_wconf 90' lang='grc' dir='ltr'>οὐκ</span> <span class='ocrx_word' id='word_1_402' title='bbox 3534 651 3844 733; x_wconf 73' lang='grc' dir='ltr'>ἐϐαδίζετε,</span> 
     </span>
    </p>
   </div>
   <div class='ocr_carea' id='block_1_49' title="bbox 2245 729 3846 810">
    <p class='ocr_par' dir='ltr' id='par_1_49' title="bbox 2245 729 3846 810">
     <span class='ocr_line' id='line_1_50' title="bbox 2245 729 3846 810; baseline -0.007 -18"><span class='ocrx_word' id='word_1_403' title='bbox 2245 739 2367 792; x_wconf 78' lang='grc' dir='ltr'>οὐδὲ</span> <span class='ocrx_word' id='word_1_404' title='bbox 2388 729 2709 810; x_wconf 76' lang='grc' dir='ltr'>προσείχετε</span> <span class='ocrx_word' id='word_1_405' title='bbox 2734 740 2845 801; x_wconf 86' lang='grc' dir='ltr'>τοῖς</span> <span class='ocrx_word' id='word_1_406' title='bbox 2864 736 3205 806; x_wconf 87' lang='grc' dir='ltr'>λεγομένοις;</span> <span class='ocrx_word' id='word_1_407' title='bbox 3228 735 3351 786; x_wconf 82' lang='grc' dir='ltr'>Ὀτι</span> <span class='ocrx_word' id='word_1_408' title='bbox 3374 733 3484 803; x_wconf 90' lang='lat'>769</span> <span class='ocrx_word' id='word_1_409' title='bbox 3504 731 3670 801; x_wconf 80' lang='grc' dir='ltr'>τέχνη</span> <span class='ocrx_word' id='word_1_410' title='bbox 3693 729 3846 810; x_wconf 71' lang='grc' dir='ltr'>ἐστὶν</span> 
     </span>
    </p>
   </div>
   <div class='ocr_carea' id='block_1_50' title="bbox 2246 807 3846 886">
    <p class='ocr_par' dir='ltr' id='par_1_50' title="bbox 2246 807 3846 886">
     <span class='ocr_line' id='line_1_51' title="bbox 2246 807 3846 886; baseline -0.006 -17"><span class='ocrx_word' id='word_1_411' title='bbox 2246 816 2281 885; x_wconf 78' lang='grc' dir='ltr'>ἡ</span> <span class='ocrx_word' id='word_1_412' title='bbox 2315 807 2616 879; x_wconf 67' lang='grc' dir='ltr'>εὐλάϐεια,</span> <span class='ocrx_word' id='word_1_413' title='bbox 2647 817 2877 870; x_wconf 80' lang='grc' dir='ltr'>ἄκουσον</span> <span class='ocrx_word' id='word_1_414' title='bbox 2916 816 2970 869; x_wconf 89' lang='grc' dir='ltr'>τί</span> <span class='ocrx_word' id='word_1_415' title='bbox 3005 832 3169 885; x_wconf 89' lang='grc' dir='ltr'>φησιν</span> <span class='ocrx_word' id='word_1_416' title='bbox 3203 815 3232 867; x_wconf 90' lang='lat'>6</span> <span class='ocrx_word' id='word_1_417' title='bbox 3282 812 3603 886; x_wconf 82' lang='grc' dir='ltr'>προφήτης·</span> <span class='ocrx_word' id='word_1_418' title='bbox 3637 807 3846 886; x_wconf 64' lang='grc' dir='ltr'>Δεῦτε,</span> 
     </span>
    </p>
   </div>
   <div class='ocr_carea' id='block_1_51' title="bbox 2246 883 3845 963">
    <p class='ocr_par' dir='ltr' id='par_1_51' title="bbox 2246 883 3845 963">
     <span class='ocr_line' id='line_1_52' title="bbox 2246 883 3845 963; baseline -0.004 -17"><span class='ocrx_word' id='word_1_419' title='bbox 2246 883 2445 959; x_wconf 78' lang='grc' dir='ltr'>τέκνα,</span> <span class='ocrx_word' id='word_1_420' title='bbox 2468 894 2769 950; x_wconf 79' lang='grc' dir='ltr'>ἀκούσατέ</span> <span class='ocrx_word' id='word_1_421' title='bbox 2786 911 2925 963; x_wconf 83' lang='grc' dir='ltr'>μου,</span> <span class='ocrx_word' id='word_1_422' title='bbox 2954 883 3143 962; x_wconf 75' lang='grc' dir='ltr'>φόϐον</span> <span class='ocrx_word' id='word_1_423' title='bbox 3162 883 3383 960; x_wconf 84' lang='grc' dir='ltr'>Κυρίου</span> <span class='ocrx_word' id='word_1_424' title='bbox 3406 887 3629 951; x_wconf 77' lang='grc' dir='ltr'>διδάξω</span> <span class='ocrx_word' id='word_1_425' title='bbox 3648 883 3845 954; x_wconf 62' lang='lat' dir='ltr'>imit,&quot;</span> 
     </span>
    </p>
   </div>
   <div class='ocr_carea' id='block_1_52' title="bbox 2247 965 3847 1041">
    <p class='ocr_par' dir='ltr' id='par_1_52' title="bbox 2247 965 3847 1041">
     <span class='ocr_line' id='line_1_53' title="bbox 2247 965 3847 1041; baseline -0.001 -15"><span class='ocrx_word' id='word_1_426' title='bbox 2247 973 2340 1026; x_wconf 88' lang='lat'><em>1:61</em></span> <span class='ocrx_word' id='word_1_427' title='bbox 2369 973 2531 1026; x_wconf 86' lang='grc' dir='ltr'>πάλιν</span> <span class='ocrx_word' id='word_1_428' title='bbox 2549 990 2562 1005; x_wconf 92' lang='grc'>·</span> <span class='ocrx_word' id='word_1_429' title='bbox 2596 972 2894 1041; x_wconf 78' lang='grc' dir='ltr'>Μακάριος</span> <span class='ocrx_word' id='word_1_430' title='bbox 2927 974 3256 1040; x_wconf 76' lang='grc' dir='ltr'>ἄνθρωπος,</span> <span class='ocrx_word' id='word_1_431' title='bbox 3284 968 3356 1022; x_wconf 81' lang='grc' dir='ltr'>ὃν</span> <span class='ocrx_word' id='word_1_432' title='bbox 3377 965 3453 1021; x_wconf 76' lang='grc' dir='ltr'>ἂν</span> <span class='ocrx_word' id='word_1_433' title='bbox 3479 965 3847 1030; x_wconf 73' lang='grc' dir='ltr'>παιδεύστκν</span> 
     </span>
    </p>
   </div>
   <div class='ocr_carea' id='block_1_53' title="bbox 2246 1042 3846 1119">
    <p class='ocr_par' dir='ltr' id='par_1_53' title="bbox 2246 1042 3846 1119">
     <span class='ocr_line' id='line_1_54' title="bbox 2246 1042 3846 1119; baseline -0.007 -14"><span class='ocrx_word' id='word_1_434' title='bbox 2246 1052 2457 1118; x_wconf 78' lang='grc' dir='ltr'>Κύριε,</span> <span class='ocrx_word' id='word_1_435' title='bbox 2508 1051 2605 1105; x_wconf 82' lang='grc' dir='ltr'>καί</span> <span class='ocrx_word' id='word_1_436' title='bbox 2660 1052 2729 1104; x_wconf 78' lang='grc' dir='ltr'>ἐκ</span> <span class='ocrx_word' id='word_1_437' title='bbox 2791 1051 2898 1105; x_wconf 88' lang='grc' dir='ltr'>τοῦ</span> <span class='ocrx_word' id='word_1_438' title='bbox 2934 1053 3123 1119; x_wconf 81' lang='grc' dir='ltr'>νόμον</span> <span class='ocrx_word' id='word_1_439' title='bbox 3156 1064 3274 1103; x_wconf 88' lang='grc' dir='ltr'>σου</span> <span class='ocrx_word' id='word_1_440' title='bbox 3324 1044 3573 1111; x_wconf 75' lang='grc' dir='ltr'>διδάξῃς</span> <span class='ocrx_word' id='word_1_441' title='bbox 3626 1042 3846 1097; x_wconf 72' lang='grc' dir='ltr'>αὐτόν.</span> 
     </span>
    </p>
   </div>
   <div class='ocr_carea' id='block_1_54' title="bbox 2250 1121 3845 1199">
    <p class='ocr_par' dir='ltr' id='par_1_54' title="bbox 2250 1121 3845 1199">
     <span class='ocr_line' id='line_1_55' title="bbox 2250 1121 3845 1199; baseline -0.007 -16"><span class='ocrx_word' id='word_1_442' title='bbox 2250 1132 2418 1184; x_wconf 84' lang='grc' dir='ltr'>Ὅταν</span> <span class='ocrx_word' id='word_1_443' title='bbox 2446 1125 2541 1183; x_wconf 83' lang='grc' dir='ltr'>οῦν</span> <span class='ocrx_word' id='word_1_444' title='bbox 2570 1129 2759 1183; x_wconf 87' lang='grc' dir='ltr'>τοῦτον</span> <span class='ocrx_word' id='word_1_445' title='bbox 2801 1128 3085 1199; x_wconf 79' lang='grc' dir='ltr'>ἀναλώσης</span> <span class='ocrx_word' id='word_1_446' title='bbox 3131 1127 3277 1196; x_wconf 82' lang='grc' dir='ltr'>εἰκῆ,</span> <span class='ocrx_word' id='word_1_447' title='bbox 3315 1123 3651 1187; x_wconf 77' lang='grc' dir='ltr'>ποίανεξεις</span> <span class='ocrx_word' id='word_1_448' title='bbox 3695 1121 3845 1174; x_wconf 78' lang='grc' dir='ltr'>ἀπο-</span> 
     </span>
    </p>
   </div>
   <div class='ocr_carea' id='block_1_55' title="bbox 2246 1199 3846 1275">
    <p class='ocr_par' dir='ltr' id='par_1_55' title="bbox 2246 1199 3846 1275">
     <span class='ocr_line' id='line_1_56' title="bbox 2246 1199 3846 1275; baseline -0.006 -14"><span class='ocrx_word' id='word_1_449' title='bbox 2246 1207 2469 1275; x_wconf 89' lang='grc' dir='ltr'>λογίαν;</span> <span class='ocrx_word' id='word_1_450' title='bbox 2510 1208 2618 1260; x_wconf 72' lang='grc' dir='ltr'>Καὶ</span> <span class='ocrx_word' id='word_1_451' title='bbox 2650 1208 2795 1270; x_wconf 91' lang='grc' dir='ltr'>τίνος</span> <span class='ocrx_word' id='word_1_452' title='bbox 2856 1206 3065 1267; x_wconf 74' lang='grc' dir='ltr'>ένεκεν,</span> <span class='ocrx_word' id='word_1_453' title='bbox 3105 1205 3289 1275; x_wconf 73' lang='grc' dir='ltr'>φησὶν,</span> <span class='ocrx_word' id='word_1_454' title='bbox 3326 1204 3506 1271; x_wconf 87' lang='grc' dir='ltr'>ὀλίγον</span> <span class='ocrx_word' id='word_1_455' title='bbox 3551 1202 3687 1270; x_wconf 75' lang='grc' dir='ltr'>ἡμῖν</span> <span class='ocrx_word' id='word_1_456' title='bbox 3718 1199 3846 1271; x_wconf 66' lang='grc' dir='ltr'>ἐταο</span> 
     </span>
    </p>
   </div>
   <div class='ocr_carea' id='block_1_56' title="bbox 2253 1278 3847 1357">
    <p class='ocr_par' dir='ltr' id='par_1_56' title="bbox 2253 1278 3847 1357">
     <span class='ocr_line' id='line_1_57' title="bbox 2253 1278 3847 1357; baseline -0.005 -18"><span class='ocrx_word' id='word_1_457' title='bbox 2253 1286 2513 1357; x_wconf 83' lang='grc' dir='ltr'>μιεύσατο</span> <span class='ocrx_word' id='word_1_458' title='bbox 2545 1285 2768 1355; x_wconf 89' lang='grc' dir='ltr'>χρόνον;</span> <span class='ocrx_word' id='word_1_459' title='bbox 2805 1284 2868 1336; x_wconf 81' lang='grc' dir='ltr'><em>Ὃ</em></span> <span class='ocrx_word' id='word_1_460' title='bbox 2899 1285 2997 1355; x_wconf 84' lang='grc' dir='ltr'>τῆς</span> <span class='ocrx_word' id='word_1_461' title='bbox 3028 1282 3385 1352; x_wconf 82' lang='grc' dir='ltr'>ἀναισθησίας</span> <span class='ocrx_word' id='word_1_462' title='bbox 3411 1281 3504 1335; x_wconf 86' lang='grc' dir='ltr'><strong>καί</strong></span> <span class='ocrx_word' id='word_1_463' title='bbox 3529 1278 3631 1349; x_wconf 81' lang='grc' dir='ltr'>τῆς</span> <span class='ocrx_word' id='word_1_464' title='bbox 3660 1279 3847 1345; x_wconf 80' lang='grc' dir='ltr'>ἀγνω-</span> 
     </span>
    </p>
   </div>
   <div class='ocr_carea' id='block_1_57' title="bbox 2256 1360 3848 1439">
    <p class='ocr_par' dir='ltr' id='par_1_57' title="bbox 2256 1360 3848 1439">
     <span class='ocr_line' id='line_1_58' title="bbox 2256 1360 3848 1439; baseline -0.006 -18"><span class='ocrx_word' id='word_1_465' title='bbox 2256 1366 2523 1438; x_wconf 88' lang='grc' dir='ltr'>μοσύνηςί</span> <span class='ocrx_word' id='word_1_466' title='bbox 2568 1367 2711 1439; x_wconf 79' lang='grc' dir='ltr'>ὑπὲρ</span> <span class='ocrx_word' id='word_1_467' title='bbox 2736 1360 2798 1419; x_wconf 79' lang='grc' dir='ltr'>οὐ</span> <span class='ocrx_word' id='word_1_468' title='bbox 2828 1365 3063 1437; x_wconf 88' lang='grc' dir='ltr'>μάλιστα</span> <span class='ocrx_word' id='word_1_469' title='bbox 3092 1366 3437 1436; x_wconf 71' lang='grc' dir='ltr'>εὐχαριστεῖν</span> <span class='ocrx_word' id='word_1_470' title='bbox 3470 1362 3604 1425; x_wconf 74' lang='grc' dir='ltr'>ἔδει,</span> <span class='ocrx_word' id='word_1_471' title='bbox 3638 1362 3727 1439; x_wconf 80' lang='lat'>6::</span> <span class='ocrx_word' id='word_1_472' title='bbox 3760 1374 3848 1439; x_wconf 70' lang='grc' dir='ltr'>σοι¹</span> 
     </span>
    </p>
   </div>
   <div class='ocr_carea' id='block_1_58' title="bbox 2246 1436 3851 1515">
    <p class='ocr_par' dir='ltr' id='par_1_58' title="bbox 2246 1436 3851 1515">
     <span class='ocr_line' id='line_1_59' title="bbox 2246 1436 3851 1515; baseline -0.006 -16"><span class='ocrx_word' id='word_1_473' title='bbox 2246 1436 2375 1510; x_wconf 77' lang='grc' dir='ltr'>τοὺς</span> <span class='ocrx_word' id='word_1_474' title='bbox 2402 1446 2595 1509; x_wconf 88' lang='grc' dir='ltr'>πόνους</span> <span class='ocrx_word' id='word_1_475' title='bbox 2622 1436 2779 1500; x_wconf 76' lang='grc' dir='ltr'>ἐπέτε</span> <span class='ocrx_word' id='word_1_476' title='bbox 2790 1436 2877 1515; x_wconf 85' lang='grc' dir='ltr'>με,</span> <span class='ocrx_word' id='word_1_477' title='bbox 2913 1444 3003 1497; x_wconf 78' lang='grc' dir='ltr'>καὶ</span> <span class='ocrx_word' id='word_1_478' title='bbox 3034 1444 3160 1508; x_wconf 87' lang='grc' dir='ltr'>τούς</span> <span class='ocrx_word' id='word_1_479' title='bbox 3201 1442 3431 1515; x_wconf 77' lang='grc' dir='ltr'>ἱδρῶτας</span> <span class='ocrx_word' id='word_1_480' title='bbox 3461 1438 3715 1509; x_wconf 76' lang='grc' dir='ltr'>ἐνέκοψε,</span> <span class='ocrx_word' id='word_1_481' title='bbox 3750 1436 3851 1489; x_wconf 78' lang='grc' dir='ltr'>καὶ</span> 
     </span>
    </p>
   </div>
   <div class='ocr_carea' id='block_1_59' title="bbox 2248 1515 3851 1594">
    <p class='ocr_par' dir='ltr' id='par_1_59' title="bbox 2248 1515 3851 1594">
     <span class='ocr_line' id='line_1_60' title="bbox 2248 1515 3851 1594; baseline -0.006 -17"><span class='ocrx_word' id='word_1_482' title='bbox 2248 1524 2348 1594; x_wconf 81' lang='grc' dir='ltr'>τὴν</span> <span class='ocrx_word' id='word_1_483' title='bbox 2386 1525 2692 1579; x_wconf 81' lang='grc' dir='ltr'>ἀνάπαυσιν</span> <span class='ocrx_word' id='word_1_484' title='bbox 2734 1521 2951 1593; x_wconf 83' lang='grc' dir='ltr'>μακρὰν</span> <span class='ocrx_word' id='word_1_485' title='bbox 2981 1521 3204 1592; x_wconf 83' lang='grc' dir='ltr'>ἐποίησε</span> <span class='ocrx_word' id='word_1_486' title='bbox 3234 1522 3331 1576; x_wconf 74' lang='grc' dir='ltr'>καὶ</span> <span class='ocrx_word' id='word_1_487' title='bbox 3375 1519 3669 1580; x_wconf 87' lang='grc' dir='ltr'>ἀθάνατον,</span> <span class='ocrx_word' id='word_1_488' title='bbox 3700 1515 3851 1585; x_wconf 62' lang='grc' dir='ltr'>ὑπὲρ</span> 
     </span>
    </p>
   </div>
   <div class='ocr_carea' id='block_1_60' title="bbox 2249 1594 3845 1671">
    <p class='ocr_par' dir='ltr' id='par_1_60' title="bbox 2249 1594 3845 1671">
     <span class='ocr_line' id='line_1_61' title="bbox 2249 1594 3845 1671; baseline -0.006 -15"><span class='ocrx_word' id='word_1_489' title='bbox 2249 1601 2452 1656; x_wconf 91' lang='grc' dir='ltr'>τούτων</span> <span class='ocrx_word' id='word_1_490' title='bbox 2498 1601 2749 1670; x_wconf 76' lang='grc' dir='ltr'>ἐγκαλεῖς</span> <span class='ocrx_word' id='word_1_491' title='bbox 2794 1602 2889 1654; x_wconf 81' lang='grc' dir='ltr'>καὶ</span> <span class='ocrx_word' id='word_1_492' title='bbox 2942 1600 3342 1671; x_wconf 75' lang='grc' dir='ltr'>δυσχεραίνειςς</span> <span class='ocrx_word' id='word_1_493' title='bbox 3381 1598 3543 1651; x_wconf 81' lang='grc' dir='ltr'>Ἀλλά</span> <span class='ocrx_word' id='word_1_494' title='bbox 3587 1596 3703 1667; x_wconf 90' lang='grc' dir='ltr'>γάρ</span> <span class='ocrx_word' id='word_1_495' title='bbox 3737 1594 3845 1649; x_wconf 83' lang='grc' dir='ltr'>οὐκ</span> 
     </span>
    </p>
   </div>
   <div class='ocr_carea' id='block_1_61' title="bbox 2251 1671 3851 1748">
    <p class='ocr_par' dir='ltr' id='par_1_61' title="bbox 2251 1671 3851 1748">
     <span class='ocr_line' id='line_1_62' title="bbox 2251 1671 3851 1748; baseline -0.007 -14"><span class='ocrx_word' id='word_1_496' title='bbox 2251 1676 2368 1733; x_wconf 68' lang='grc' dir='ltr'>οἶδ..</span> <span class='ocrx_word' id='word_1_497' title='bbox 2401 1679 2518 1743; x_wconf 90' lang='grc' dir='ltr'>πῶς</span> <span class='ocrx_word' id='word_1_498' title='bbox 2547 1679 2782 1734; x_wconf 86' lang='grc' dir='ltr'>ἐνταῦθα</span> <span class='ocrx_word' id='word_1_499' title='bbox 2812 1678 2902 1732; x_wconf 82' lang='grc' dir='ltr'>τὸν</span> <span class='ocrx_word' id='word_1_500' title='bbox 2932 1678 3089 1746; x_wconf 84' lang='grc' dir='ltr'>λόγον</span> <span class='ocrx_word' id='word_1_501' title='bbox 3132 1678 3477 1748; x_wconf 81' lang='grc' dir='ltr'>ἐξηγάγομεν</span> <span class='ocrx_word' id='word_1_502' title='bbox 3504 1675 3598 1729; x_wconf 84' lang='lat'><em>1:61</em></span> <span class='ocrx_word' id='word_1_503' title='bbox 3631 1671 3851 1744; x_wconf 82' lang='grc' dir='ltr'>μακρὸν</span> 
     </span>
    </p>
   </div>
   <div class='ocr_carea' id='block_1_62' title="bbox 2256 1750 3853 1829">
    <p class='ocr_par' dir='ltr' id='par_1_62' title="bbox 2256 1750 3853 1829">
     <span class='ocr_line' id='line_1_63' title="bbox 2256 1750 3853 1829; baseline -0.003 -19"><span class='ocrx_word' id='word_1_504' title='bbox 2256 1757 2651 1829; x_wconf 91' lang='grc' dir='ltr'>εἰργασάμεθα.</span> <span class='ocrx_word' id='word_1_505' title='bbox 2680 1756 2880 1827; x_wconf 86' lang='grc' dir='ltr'>Διόπερ</span> <span class='ocrx_word' id='word_1_506' title='bbox 2913 1757 3208 1823; x_wconf 79' lang='grc' dir='ltr'>ἀναγκαῖον</span> <span class='ocrx_word' id='word_1_507' title='bbox 3238 1754 3400 1808; x_wconf 72' lang='grc' dir='ltr'>αὐτὸν</span> <span class='ocrx_word' id='word_1_508' title='bbox 3431 1752 3707 1806; x_wconf 82' lang='grc' dir='ltr'>συστεῖλαι</span> <span class='ocrx_word' id='word_1_509' title='bbox 3742 1750 3853 1806; x_wconf 82' lang='grc' dir='ltr'>πά·-</span> 
     </span>
    </p>
   </div>
   <div class='ocr_carea' id='block_1_63' title="bbox 2255 1830 3851 1907">
    <p class='ocr_par' dir='ltr' id='par_1_63' title="bbox 2255 1830 3851 1907">
     <span class='ocr_line' id='line_1_64' title="bbox 2255 1830 3851 1907; baseline -0.004 -18"><span class='ocrx_word' id='word_1_510' title='bbox 2255 1836 2358 1890; x_wconf 91' lang='grc' dir='ltr'>λιν.</span> <span class='ocrx_word' id='word_1_511' title='bbox 2390 1837 2499 1889; x_wconf 72' lang='grc' dir='ltr'>Καὶ</span> <span class='ocrx_word' id='word_1_512' title='bbox 2532 1836 2641 1907; x_wconf 87' lang='grc' dir='ltr'>γὰρ</span> <span class='ocrx_word' id='word_1_513' title='bbox 2684 1836 2779 1889; x_wconf 86' lang='lat'><em>1:61</em></span> <span class='ocrx_word' id='word_1_514' title='bbox 2811 1835 2969 1889; x_wconf 88' lang='lat'><em>:06:0</em></span> <span class='ocrx_word' id='word_1_515' title='bbox 3002 1837 3102 1905; x_wconf 83' lang='grc' dir='ltr'>τῆς</span> <span class='ocrx_word' id='word_1_516' title='bbox 3132 1834 3408 1905; x_wconf 75' lang='grc' dir='ltr'>ἡμετέρας</span> <span class='ocrx_word' id='word_1_517' title='bbox 3446 1830 3851 1901; x_wconf 76' lang='grc' dir='ltr'>ταλαιπωρίας,</span> 
     </span>
    </p>
   </div>
   <div class='ocr_carea' id='block_1_64' title="bbox 2258 1909 3849 1988">
    <p class='ocr_par' dir='ltr' id='par_1_64' title="bbox 2258 1909 3849 1988">
     <span class='ocr_line' id='line_1_65' title="bbox 2258 1909 3849 1988; baseline -0.006 -18"><span class='ocrx_word' id='word_1_518' title='bbox 2258 1914 2407 1988; x_wconf 73' lang='grc'><strong>[344]</strong></span> <span class='ocrx_word' id='word_1_519' title='bbox 2437 1916 2519 1968; x_wconf 82' lang='grc' dir='ltr'>δτι</span> <span class='ocrx_word' id='word_1_520' title='bbox 2558 1913 2792 1967; x_wconf 89' lang='grc' dir='ltr'>ἐνταῦθα</span> <span class='ocrx_word' id='word_1_521' title='bbox 2828 1914 2945 1984; x_wconf 77' lang='grc' dir='ltr'>μὲν,</span> <span class='ocrx_word' id='word_1_522' title='bbox 2985 1913 3051 1967; x_wconf 79' lang='grc' dir='ltr'>ἂν</span> <span class='ocrx_word' id='word_1_523' title='bbox 3092 1914 3299 1986; x_wconf 82' lang='grc' dir='ltr'>μακρὸς</span> <span class='ocrx_word' id='word_1_524' title='bbox 3337 1912 3563 1983; x_wconf 87' lang='grc' dir='ltr'>γένηται</span> <span class='ocrx_word' id='word_1_525' title='bbox 3600 1910 3631 1962; x_wconf 91' lang='lat'>6</span> <span class='ocrx_word' id='word_1_526' title='bbox 3660 1909 3849 1977; x_wconf 87' lang='grc' dir='ltr'>λόγος,</span> 
     </span>
    </p>
   </div>
   <div class='ocr_carea' id='block_1_65' title="bbox 2262 1988 3859 2062">
    <p class='ocr_par' dir='ltr' id='par_1_65' title="bbox 2262 1988 3859 2062">
     <span class='ocr_line' id='line_1_66' title="bbox 2262 1988 3859 2062; baseline 0.004 -17"><span class='ocrx_word' id='word_1_527' title='bbox 2262 1994 2463 2056; x_wconf 78' lang='grc' dir='ltr'>πάντες</span> <span class='ocrx_word' id='word_1_528' title='bbox 2504 1991 2847 2062; x_wconf 87' lang='grc' dir='ltr'>ἀκηδιῶμεν·</span> <span class='ocrx_word' id='word_1_529' title='bbox 2882 1994 2998 2045; x_wconf 88' lang='grc' dir='ltr'>ἐκεῖ</span> <span class='ocrx_word' id='word_1_530' title='bbox 3046 1992 3102 2045; x_wconf 87' lang='grc' dir='ltr'>δὲ</span> <span class='ocrx_word' id='word_1_531' title='bbox 3160 1992 3225 2045; x_wconf 84' lang='grc' dir='ltr'>ἐκ</span> <span class='ocrx_word' id='word_1_532' title='bbox 3271 1991 3444 2062; x_wconf 76' lang='grc' dir='ltr'>μέσης</span> <span class='ocrx_word' id='word_1_533' title='bbox 3492 1990 3707 2059; x_wconf 71' lang='grc' dir='ltr'>ἠμέρας</span> <span class='ocrx_word' id='word_1_534' title='bbox 3751 1988 3859 2057; x_wconf 76' lang='grc' dir='ltr'>ἀρ·</span> 
     </span>
    </p>
   </div>
   <div class='ocr_carea' id='block_1_66' title="bbox 2256 2065 3857 2143">
    <p class='ocr_par' dir='ltr' id='par_1_66' title="bbox 2256 2065 3857 2143">
     <span class='ocr_line' id='line_1_67' title="bbox 2256 2065 3857 2143; baseline -0.004 -18"><span class='ocrx_word' id='word_1_535' title='bbox 2256 2072 2495 2143; x_wconf 84' lang='grc' dir='ltr'>χόμενοι,</span> <span class='ocrx_word' id='word_1_536' title='bbox 2520 2071 2625 2125; x_wconf 87' lang='lat'><em>61:6</em></span> <span class='ocrx_word' id='word_1_537' title='bbox 2650 2072 2901 2140; x_wconf 85' lang='grc' dir='ltr'>λαμπάσι</span> <span class='ocrx_word' id='word_1_538' title='bbox 2927 2071 3021 2124; x_wconf 75' lang='grc' dir='ltr'>καὶ</span> <span class='ocrx_word' id='word_1_539' title='bbox 3047 2070 3261 2141; x_wconf 83' lang='grc' dir='ltr'>λύχνοις</span> <span class='ocrx_word' id='word_1_540' title='bbox 3280 2067 3677 2140; x_wconf 74' lang='grc' dir='ltr'>ἀναχωροῦσιν.</span> <span class='ocrx_word' id='word_1_541' title='bbox 3705 2065 3857 2119; x_wconf 76' lang='grc' dir='ltr'>Ἀλλ’</span> 
     </span>
    </p>
   </div>
   <div class='ocr_carea' id='block_1_67' title="bbox 2258 2145 3849 2221">
    <p class='ocr_par' dir='ltr' id='par_1_67' title="bbox 2258 2145 3849 2221">
     <span class='ocr_line' id='line_1_68' title="bbox 2258 2145 3849 2221; baseline -0.005 -16"><span class='ocrx_word' id='word_1_542' title='bbox 2258 2152 2345 2205; x_wconf 79' lang='grc' dir='ltr'>ῖνα</span> <span class='ocrx_word' id='word_1_543' title='bbox 2380 2150 2455 2221; x_wconf 81' lang='grc' dir='ltr'>μὴ</span> <span class='ocrx_word' id='word_1_544' title='bbox 2501 2151 2590 2203; x_wconf 71' lang='grc' dir='ltr'>ἀεὶ</span> <span class='ocrx_word' id='word_1_545' title='bbox 2626 2150 2965 2219; x_wconf 83' lang='grc' dir='ltr'>ἐγκαλῶμεν,</span> <span class='ocrx_word' id='word_1_546' title='bbox 3006 2149 3431 2220; x_wconf 83' lang='grc' dir='ltr'>παρακαλοῦμεν</span> <span class='ocrx_word' id='word_1_547' title='bbox 3471 2148 3616 2218; x_wconf 77' lang='grc' dir='ltr'>ὑμᾶς</span> <span class='ocrx_word' id='word_1_548' title='bbox 3652 2145 3849 2199; x_wconf 64' lang='grc' dir='ltr'>λοιπον</span> 
     </span>
    </p>
   </div>
   <div class='ocr_carea' id='block_1_68' title="bbox 2257 2223 3859 2299">
    <p class='ocr_par' dir='ltr' id='par_1_68' title="bbox 2257 2223 3859 2299">
     <span class='ocr_line' id='line_1_69' title="bbox 2257 2223 3859 2299; baseline -0.004 -17"><span class='ocrx_word' id='word_1_549' title='bbox 2257 2229 2351 2284; x_wconf 88' lang='lat'><em>1:61</em></span> <span class='ocrx_word' id='word_1_550' title='bbox 2384 2228 2645 2299; x_wconf 87' lang='grc' dir='ltr'>δεόμεθα·</span> <span class='ocrx_word' id='word_1_551' title='bbox 2686 2228 2804 2281; x_wconf 82' lang='grc' dir='ltr'>δότε</span> <span class='ocrx_word' id='word_1_552' title='bbox 2847 2227 3051 2298; x_wconf 90' lang='grc' dir='ltr'>ταύτην</span> <span class='ocrx_word' id='word_1_553' title='bbox 3083 2229 3183 2299; x_wconf 84' lang='grc' dir='ltr'>τὴν</span> <span class='ocrx_word' id='word_1_554' title='bbox 3229 2229 3389 2297; x_wconf 86' lang='grc' dir='ltr'>χάριν</span> <span class='ocrx_word' id='word_1_555' title='bbox 3436 2228 3532 2279; x_wconf 83' lang='lat'><em>1:61</em></span> <span class='ocrx_word' id='word_1_556' title='bbox 3562 2226 3695 2294; x_wconf 79' lang='grc' dir='ltr'>ἡμῖν</span> <span class='ocrx_word' id='word_1_557' title='bbox 3755 2223 3859 2277; x_wconf 69' lang='grc' dir='ltr'>καὶ</span> 
     </span>
    </p>
   </div>
   <div class='ocr_carea' id='block_1_69' title="bbox 2263 2302 3861 2375">
    <p class='ocr_par' dir='ltr' id='par_1_69' title="bbox 2263 2302 3861 2375">
     <span class='ocr_line' id='line_1_70' title="bbox 2263 2302 3861 2375; baseline -0.006 -11"><span class='ocrx_word' id='word_1_558' title='bbox 2263 2311 2475 2374; x_wconf 78' lang='grc' dir='ltr'>ἐαυτοῖς</span> <span class='ocrx_word' id='word_1_559' title='bbox 2500 2312 2546 2373; x_wconf 75' lang='grc'>⁸,</span> <span class='ocrx_word' id='word_1_560' title='bbox 2574 2308 2668 2363; x_wconf 86' lang='lat'><em>1:61</em></span> <span class='ocrx_word' id='word_1_561' title='bbox 2702 2307 2919 2361; x_wconf 86' lang='grc' dir='ltr'>πάντῶν</span> <span class='ocrx_word' id='word_1_562' title='bbox 2946 2308 3347 2375; x_wconf 80' lang='grc' dir='ltr'>ἀπαλλαγέντες</span> <span class='ocrx_word' id='word_1_563' title='bbox 3374 2308 3483 2360; x_wconf 90' lang='grc' dir='ltr'>τῶν</span> <span class='ocrx_word' id='word_1_564' title='bbox 3508 2305 3704 2365; x_wconf 82' lang='grc' dir='ltr'>ἀλλων,</span> <span class='ocrx_word' id='word_1_565' title='bbox 3730 2302 3861 2356; x_wconf 81' lang='lat'><em>:06-</em></span> 
     </span>
    </p>
   </div>
   <div class='ocr_carea' id='block_1_70' title="bbox 2255 2381 3860 2459">
    <p class='ocr_par' dir='ltr' id='par_1_70' title="bbox 2255 2381 3860 2459">
     <span class='ocr_line' id='line_1_71' title="bbox 2255 2381 3860 2459; baseline -0.004 -18"><span class='ocrx_word' id='word_1_566' title='bbox 2255 2407 2369 2453; x_wconf 82' lang='lat'><em>:0:;</em></span> <span class='ocrx_word' id='word_1_567' title='bbox 2409 2390 2635 2452; x_wconf 84' lang='grc' dir='ltr'>ἐαυτούς</span> <span class='ocrx_word' id='word_1_568' title='bbox 2674 2386 3136 2459; x_wconf 89' lang='grc' dir='ltr'>προσηλώσωμεν.</span> <span class='ocrx_word' id='word_1_569' title='bbox 3176 2383 3559 2456; x_wconf 80' lang='grc' dir='ltr'>Κερδανοῦμεν</span> <span class='ocrx_word' id='word_1_570' title='bbox 3603 2383 3716 2459; x_wconf 76' lang='lat'>769</span> <span class='ocrx_word' id='word_1_571' title='bbox 3757 2381 3860 2434; x_wconf 68' lang='grc' dir='ltr'>καὶ</span> 
     </span>
    </p>
   </div>
   <div class='ocr_carea' id='block_1_71' title="bbox 2257 2460 3853 2539">
    <p class='ocr_par' dir='ltr' id='par_1_71' title="bbox 2257 2460 3853 2539">
     <span class='ocr_line' id='line_1_72' title="bbox 2257 2460 3853 2539; baseline -0.006 -17"><span class='ocrx_word' id='word_1_572' title='bbox 2257 2470 2420 2539; x_wconf 75' lang='grc' dir='ltr'>ἡμεῖς</span> <span class='ocrx_word' id='word_1_573' title='bbox 2462 2468 2522 2532; x_wconf 82' lang='grc' dir='ltr'>ἐξ</span> <span class='ocrx_word' id='word_1_574' title='bbox 2554 2466 2708 2537; x_wconf 89' lang='grc' dir='ltr'>ὑμῶν</span> <span class='ocrx_word' id='word_1_575' title='bbox 2750 2466 2847 2535; x_wconf 80' lang='grc' dir='ltr'>τὴν</span> <span class='ocrx_word' id='word_1_576' title='bbox 2880 2465 3055 2536; x_wconf 85' lang='grc' dir='ltr'>χαρὰν</span> <span class='ocrx_word' id='word_1_577' title='bbox 3088 2466 3182 2519; x_wconf 74' lang='grc' dir='ltr'>καὶ</span> <span class='ocrx_word' id='word_1_578' title='bbox 3208 2465 3308 2535; x_wconf 81' lang='grc' dir='ltr'>τὴν</span> <span class='ocrx_word' id='word_1_579' title='bbox 3342 2461 3705 2532; x_wconf 84' lang='grc' dir='ltr'>εὐφροσύνην,</span> <span class='ocrx_word' id='word_1_580' title='bbox 3748 2460 3853 2539; x_wconf 74' lang='lat'><em>1:61</em></span> 
     </span>
    </p>
   </div>
   <div class='ocr_carea' id='block_1_72' title="bbox 2259 2537 3856 2615">
    <p class='ocr_par' dir='ltr' id='par_1_72' title="bbox 2259 2537 3856 2615">
     <span class='ocr_line' id='line_1_73' title="bbox 2259 2537 3856 2615; baseline -0.006 -16"><span class='ocrx_word' id='word_1_581' title='bbox 2259 2537 2319 2599; x_wconf 82' lang='lat'>:6</span> <span class='ocrx_word' id='word_1_582' title='bbox 2354 2545 2712 2615; x_wconf 84' lang='grc' dir='ltr'>σεμνύνεσθαι</span> <span class='ocrx_word' id='word_1_583' title='bbox 2748 2544 2831 2613; x_wconf 78' lang='grc' dir='ltr'>ἐφ’</span> <span class='ocrx_word' id='word_1_584' title='bbox 2854 2545 3003 2613; x_wconf 88' lang='grc' dir='ltr'>ὑμῖν,</span> <span class='ocrx_word' id='word_1_585' title='bbox 3036 2544 3130 2597; x_wconf 85' lang='lat'><em>1:61</em></span> <span class='ocrx_word' id='word_1_586' title='bbox 3157 2543 3255 2613; x_wconf 84' lang='grc' dir='ltr'>τὴν</span> <span class='ocrx_word' id='word_1_587' title='bbox 3294 2543 3386 2595; x_wconf 83' lang='grc' dir='ltr'>ἐπί</span> <span class='ocrx_word' id='word_1_588' title='bbox 3413 2540 3623 2603; x_wconf 88' lang='grc' dir='ltr'>τούτοις</span> <span class='ocrx_word' id='word_1_589' title='bbox 3658 2537 3856 2591; x_wconf 81' lang='grc' dir='ltr'>λαϐεῖν</span> 
     </span>
    </p>
   </div>
   <div class='ocr_carea' id='block_1_73' title="bbox 2260 2616 3850 2695">
    <p class='ocr_par' dir='ltr' id='par_1_73' title="bbox 2260 2616 3850 2695">
     <span class='ocr_line' id='line_1_74' title="bbox 2260 2616 3850 2695; baseline -0.005 -18"><span class='ocrx_word' id='word_1_590' title='bbox 2260 2624 2524 2695; x_wconf 77' lang='grc' dir='ltr'>ἀμοιϐήν·</span> <span class='ocrx_word' id='word_1_591' title='bbox 2546 2624 2638 2675; x_wconf 87' lang='grc' dir='ltr'>τδν</span> <span class='ocrx_word' id='word_1_592' title='bbox 2658 2622 2713 2675; x_wconf 74' lang='grc' dir='ltr'>δέ</span> <span class='ocrx_word' id='word_1_593' title='bbox 2738 2621 2925 2693; x_wconf 80' lang='grc' dir='ltr'>μισθὸν</span> <span class='ocrx_word' id='word_1_594' title='bbox 2944 2621 3157 2674; x_wconf 73' lang='grc' dir='ltr'>ἅπαντα</span> <span class='ocrx_word' id='word_1_595' title='bbox 3182 2621 3340 2689; x_wconf 80' lang='grc' dir='ltr'>ὑμεῖς</span> <span class='ocrx_word' id='word_1_596' title='bbox 3357 2616 3740 2691; x_wconf 83' lang='grc' dir='ltr'>καρπώσεσθε,</span> <span class='ocrx_word' id='word_1_597' title='bbox 3761 2616 3850 2670; x_wconf 81' lang='grc' dir='ltr'>ὅτι</span> 
     </span>
    </p>
   </div>
   <div class='ocr_carea' id='block_1_74' title="bbox 2264 2695 3859 2771">
    <p class='ocr_par' dir='ltr' id='par_1_74' title="bbox 2264 2695 3859 2771">
     <span class='ocr_line' id='line_1_75' title="bbox 2264 2695 3859 2771; baseline -0.004 -17"><span class='ocrx_word' id='word_1_598' title='bbox 2264 2698 2505 2771; x_wconf 83' lang='grc' dir='ltr'>μανικῶς</span> <span class='ocrx_word' id='word_1_599' title='bbox 2525 2700 2666 2753; x_wconf 84' lang='grc' dir='ltr'>οὐτω</span> <span class='ocrx_word' id='word_1_600' title='bbox 2686 2700 3095 2771; x_wconf 88' lang='grc' dir='ltr'>προσηλωμένοι</span> <span class='ocrx_word' id='word_1_601' title='bbox 3116 2702 3181 2769; x_wconf 82' lang='grc' dir='ltr'>τῇ</span> <span class='ocrx_word' id='word_1_602' title='bbox 3206 2698 3487 2769; x_wconf 76' lang='grc' dir='ltr'>ὀρχήστρᾳ</span> <span class='ocrx_word' id='word_1_603' title='bbox 3513 2695 3618 2767; x_wconf 82' lang='grc' dir='ltr'>πρὸ</span> <span class='ocrx_word' id='word_1_604' title='bbox 3634 2695 3859 2758; x_wconf 81' lang='grc' dir='ltr'>τούτου,</span> 
     </span>
    </p>
   </div>
   <div class='ocr_carea' id='block_1_75' title="bbox 2259 2773 3860 2849">
    <p class='ocr_par' dir='ltr' id='par_1_75' title="bbox 2259 2773 3860 2849">
     <span class='ocr_line' id='line_1_76' title="bbox 2259 2773 3860 2849; baseline -0.005 -16"><span class='ocrx_word' id='word_1_605' title='bbox 2259 2781 2347 2833; x_wconf 89' lang='grc' dir='ltr'>διά</span> <span class='ocrx_word' id='word_1_606' title='bbox 2377 2779 2467 2833; x_wconf 78' lang='grc' dir='ltr'>τὸν</span> <span class='ocrx_word' id='word_1_607' title='bbox 2488 2778 2582 2832; x_wconf 91' lang='grc' dir='ltr'>τοῦ</span> <span class='ocrx_word' id='word_1_608' title='bbox 2602 2778 2736 2831; x_wconf 83' lang='grc' dir='ltr'>Θεοῦ</span> <span class='ocrx_word' id='word_1_609' title='bbox 2759 2778 2920 2847; x_wconf 83' lang='grc' dir='ltr'>φόϐον</span> <span class='ocrx_word' id='word_1_610' title='bbox 2944 2779 3036 2831; x_wconf 87' lang='lat'><em>1:61</em></span> <span class='ocrx_word' id='word_1_611' title='bbox 3064 2778 3163 2848; x_wconf 80' lang='grc' dir='ltr'>τὴν</span> <span class='ocrx_word' id='word_1_612' title='bbox 3186 2777 3461 2849; x_wconf 80' lang='grc' dir='ltr'>ἡμετέραν</span> <span class='ocrx_word' id='word_1_613' title='bbox 3483 2773 3860 2847; x_wconf 83' lang='grc' dir='ltr'>παράκλησιν,</span> 
     </span>
    </p>
   </div>
   <div class='ocr_carea' id='block_1_76' title="bbox 2260 2849 3867 2928">
    <p class='ocr_par' dir='ltr' id='par_1_76' title="bbox 2260 2849 3867 2928">
     <span class='ocr_line' id='line_1_77' title="bbox 2260 2849 3867 2928; baseline -0.004 -16"><span class='ocrx_word' id='word_1_614' title='bbox 2260 2855 2605 2928; x_wconf 81' lang='grc' dir='ltr'>ἀπερρήξατε</span> <span class='ocrx_word' id='word_1_615' title='bbox 2646 2856 2740 2909; x_wconf 87' lang='grc' dir='ltr'>τοῦ</span> <span class='ocrx_word' id='word_1_616' title='bbox 2772 2858 3079 2928; x_wconf 88' lang='grc' dir='ltr'>νοσήματος</span> <span class='ocrx_word' id='word_1_617' title='bbox 3120 2855 3347 2919; x_wconf 83' lang='grc' dir='ltr'>ἐαυτούς</span> <span class='ocrx_word' id='word_1_618' title='bbox 3384 2855 3617 2919; x_wconf 82' lang='grc' dir='ltr'>ἐκείνου,</span> <span class='ocrx_word' id='word_1_619' title='bbox 3648 2854 3745 2908; x_wconf 85' lang='lat'><em>1:61</em></span> <span class='ocrx_word' id='word_1_620' title='bbox 3790 2849 3867 2905; x_wconf 80' lang='grc' dir='ltr'>τὰ</span> 
     </span>
    </p>
   </div>
   <div class='ocr_carea' id='block_1_77' title="bbox 2259 2930 3867 3007">
    <p class='ocr_par' dir='ltr' id='par_1_77' title="bbox 2259 2930 3867 3007">
     <span class='ocr_line' id='line_1_78' title="bbox 2259 2930 3867 3007; baseline -0.004 -17"><span class='ocrx_word' id='word_1_621' title='bbox 2259 2935 2431 3006; x_wconf 86' lang='grc' dir='ltr'>δεσμά</span> <span class='ocrx_word' id='word_1_622' title='bbox 2468 2936 2768 2996; x_wconf 87' lang='grc' dir='ltr'>διελύσατε,</span> <span class='ocrx_word' id='word_1_623' title='bbox 2804 2937 2897 2989; x_wconf 78' lang='grc' dir='ltr'>καὶ</span> <span class='ocrx_word' id='word_1_624' title='bbox 2944 2936 3077 3007; x_wconf 86' lang='lat'><em>1:96;</em></span> <span class='ocrx_word' id='word_1_625' title='bbox 3109 2936 3201 2989; x_wconf 86' lang='lat' dir='ltr'><em>:6v</em></span> <span class='ocrx_word' id='word_1_626' title='bbox 3237 2935 3369 2989; x_wconf 82' lang='grc' dir='ltr'>Θεὸν</span> <span class='ocrx_word' id='word_1_627' title='bbox 3412 2934 3703 3006; x_wconf 76' lang='grc' dir='ltr'>ἐδράμετε.</span> <span class='ocrx_word' id='word_1_628' title='bbox 3741 2930 3867 2985; x_wconf 88' lang='grc' dir='ltr'>Οὐκ</span> 
     </span>
    </p>
   </div>
   <div class='ocr_carea' id='block_1_78' title="bbox 2260 3010 3864 3086">
    <p class='ocr_par' dir='ltr' id='par_1_78' title="bbox 2260 3010 3864 3086">
     <span class='ocr_line' id='line_1_79' title="bbox 2260 3010 3864 3086; baseline -0.002 -19"><span class='ocrx_word' id='word_1_629' title='bbox 2260 3016 2376 3067; x_wconf 83' lang='grc' dir='ltr'>ἐκεῖ</span> <span class='ocrx_word' id='word_1_630' title='bbox 2403 3014 2459 3067; x_wconf 80' lang='grc' dir='ltr'>δέ</span> <span class='ocrx_word' id='word_1_631' title='bbox 2496 3014 2655 3084; x_wconf 91' lang='grc' dir='ltr'>μόνον</span> <span class='ocrx_word' id='word_1_632' title='bbox 2678 3014 2914 3083; x_wconf 76' lang='grc' dir='ltr'>λήψεσθε</span> <span class='ocrx_word' id='word_1_633' title='bbox 2942 3015 3034 3068; x_wconf 71' lang='grc' dir='ltr'>τὸν</span> <span class='ocrx_word' id='word_1_634' title='bbox 3067 3015 3275 3086; x_wconf 75' lang='grc' dir='ltr'>μισθὸν,</span> <span class='ocrx_word' id='word_1_635' title='bbox 3310 3014 3445 3068; x_wconf 89' lang='grc' dir='ltr'>ἀλλά</span> <span class='ocrx_word' id='word_1_636' title='bbox 3478 3014 3573 3067; x_wconf 77' lang='grc' dir='ltr'>καὶ</span> <span class='ocrx_word' id='word_1_637' title='bbox 3617 3010 3864 3066; x_wconf 82' lang='grc' dir='ltr'>ἐνταῦθα</span> 
     </span>
    </p>
   </div>
   <div class='ocr_carea' id='block_1_79' title="bbox 2260 3090 3865 3165">
    <p class='ocr_par' dir='ltr' id='par_1_79' title="bbox 2260 3090 3865 3165">
     <span class='ocr_line' id='line_1_80' title="bbox 2260 3090 3865 3165; baseline 0 -21"><span class='ocrx_word' id='word_1_638' title='bbox 2260 3093 2521 3163; x_wconf 77' lang='grc' dir='ltr'>εἰλικρινῆ</span> <span class='ocrx_word' id='word_1_639' title='bbox 2556 3092 2914 3162; x_wconf 75' lang='grc' dir='ltr'>καρπώσεσθε</span> <span class='ocrx_word' id='word_1_640' title='bbox 2956 3094 3055 3163; x_wconf 82' lang='grc' dir='ltr'>τὴν</span> <span class='ocrx_word' id='word_1_641' title='bbox 3106 3093 3318 3165; x_wconf 61' lang='grc' dir='ltr'>⁴ἡδονήν.</span> <span class='ocrx_word' id='word_1_642' title='bbox 3370 3091 3624 3146; x_wconf 85' lang='grc' dir='ltr'>Τοιοῦτον</span> <span class='ocrx_word' id='word_1_643' title='bbox 3662 3090 3776 3161; x_wconf 85' lang='grc' dir='ltr'>γὰρ</span> <span class='ocrx_word' id='word_1_644' title='bbox 3828 3090 3865 3161; x_wconf 75' lang='grc' dir='ltr'><strong>ἠ</strong></span> 
     </span>
    </p>
   </div>
   <div class='ocr_carea' id='block_1_80' title="bbox 2262 3169 3862 3241">
    <p class='ocr_par' dir='ltr' id='par_1_80' title="bbox 2262 3169 3862 3241">
     <span class='ocr_line' id='line_1_81' title="bbox 2262 3169 3862 3241; baseline -0.001 -17"><span class='ocrx_word' id='word_1_645' title='bbox 2262 3173 2461 3240; x_wconf 87' lang='grc' dir='ltr'>ἀρετή·</span> <span class='ocrx_word' id='word_1_646' title='bbox 2495 3170 2636 3241; x_wconf 90' lang='grc' dir='ltr'>μετά</span> <span class='ocrx_word' id='word_1_647' title='bbox 2675 3171 2783 3223; x_wconf 90' lang='grc' dir='ltr'>τῶν</span> <span class='ocrx_word' id='word_1_648' title='bbox 2824 3172 2941 3224; x_wconf 82' lang='grc' dir='ltr'>ἐκεῖ</span> <span class='ocrx_word' id='word_1_649' title='bbox 2979 3172 3257 3239; x_wconf 84' lang='grc' dir='ltr'>στεφάνων</span> <span class='ocrx_word' id='word_1_650' title='bbox 3308 3173 3403 3225; x_wconf 83' lang='grc' dir='ltr'>καὶ</span> <span class='ocrx_word' id='word_1_651' title='bbox 3442 3169 3677 3225; x_wconf 87' lang='grc' dir='ltr'>ἐνταῦθα</span> <span class='ocrx_word' id='word_1_652' title='bbox 3719 3169 3862 3239; x_wconf 82' lang='grc' dir='ltr'>ήδύν</span> 
     </span>
    </p>
   </div>
   <div class='ocr_carea' id='block_1_81' title="bbox 2259 3248 3870 3320">
    <p class='ocr_par' dir='ltr' id='par_1_81' title="bbox 2259 3248 3870 3320">
     <span class='ocr_line' id='line_1_82' title="bbox 2259 3248 3870 3320; baseline -0.001 -18"><span class='ocrx_word' id='word_1_653' title='bbox 2259 3249 2582 3318; x_wconf 87' lang='grc' dir='ltr'>καθίστησιν</span> <span class='ocrx_word' id='word_1_654' title='bbox 2604 3250 2735 3320; x_wconf 78' lang='grc' dir='ltr'>ἡμῖν</span> <span class='ocrx_word' id='word_1_655' title='bbox 2765 3249 2855 3302; x_wconf 79' lang='grc' dir='ltr'>τὸν</span> <span class='ocrx_word' id='word_1_656' title='bbox 2876 3249 3007 3318; x_wconf 88' lang='grc' dir='ltr'>βίον.</span> <span class='ocrx_word' id='word_1_657' title='bbox 3034 3248 3359 3319; x_wconf 85' lang='grc' dir='ltr'>Πειθώμεθα</span> <span class='ocrx_word' id='word_1_658' title='bbox 3375 3249 3551 3303; x_wconf 90' lang='grc' dir='ltr'>τοίνυν</span> <span class='ocrx_word' id='word_1_659' title='bbox 3582 3250 3693 3312; x_wconf 87' lang='grc' dir='ltr'>τοῖς</span> <span class='ocrx_word' id='word_1_660' title='bbox 3714 3249 3870 3319; x_wconf 85' lang='grc' dir='ltr'>εἰρη-</span> 
     </span>
    </p>
   </div>
   <div class='ocr_carea' id='block_1_82' title="bbox 2268 3326 3867 3398">
    <p class='ocr_par' dir='ltr' id='par_1_82' title="bbox 2268 3326 3867 3398">
     <span class='ocr_line' id='line_1_83' title="bbox 2268 3326 3867 3398; baseline -0.001 -17"><span class='ocrx_word' id='word_1_661' title='bbox 2268 3330 2467 3398; x_wconf 86' lang='grc' dir='ltr'>μένοις,</span> <span class='ocrx_word' id='word_1_662' title='bbox 2486 3328 2573 3381; x_wconf 82' lang='grc' dir='ltr'>ῐνα</span> <span class='ocrx_word' id='word_1_663' title='bbox 2591 3330 2684 3382; x_wconf 86' lang='lat'><em>1:61</em></span> <span class='ocrx_word' id='word_1_664' title='bbox 2703 3327 2812 3381; x_wconf 90' lang='grc' dir='ltr'>τῶν</span> <span class='ocrx_word' id='word_1_665' title='bbox 2829 3328 3060 3381; x_wconf 89' lang='grc' dir='ltr'>ἐνταῦθα</span> <span class='ocrx_word' id='word_1_666' title='bbox 3078 3328 3295 3382; x_wconf 78' lang='grc' dir='ltr'>καὶτῶν</span> <span class='ocrx_word' id='word_1_667' title='bbox 3312 3330 3490 3382; x_wconf 80' lang='grc' dir='ltr'>ἐκεῖσε</span> <span class='ocrx_word' id='word_1_668' title='bbox 3513 3326 3867 3397; x_wconf 85' lang='grc' dir='ltr'>ἐπιτύχωμεν</span> 
     </span>
    </p>
   </div>
   <div class='ocr_carea' id='block_1_83' title="bbox 2268 3403 3869 3477">
    <p class='ocr_par' dir='ltr' id='par_1_83' title="bbox 2268 3403 3869 3477">
     <span class='ocr_line' id='line_1_84' title="bbox 2268 3403 3869 3477; baseline -0.001 -19"><span class='ocrx_word' id='word_1_669' title='bbox 2268 3405 2508 3472; x_wconf 85' lang='grc' dir='ltr'>ἀγαθῶν,</span> <span class='ocrx_word' id='word_1_670' title='bbox 2536 3406 2720 3475; x_wconf 88' lang='grc' dir='ltr'>χάριτι</span> <span class='ocrx_word' id='word_1_671' title='bbox 2769 3406 2862 3459; x_wconf 87' lang='lat'><em>1:61</em></span> <span class='ocrx_word' id='word_1_672' title='bbox 2904 3406 3283 3477; x_wconf 77' lang='grc' dir='ltr'>φιλανθρωπίᾳ</span> <span class='ocrx_word' id='word_1_673' title='bbox 3319 3404 3415 3459; x_wconf 91' lang='grc' dir='ltr'>τοῦ</span> <span class='ocrx_word' id='word_1_674' title='bbox 3454 3404 3660 3477; x_wconf 78' lang='grc' dir='ltr'>Κυρίου</span> <span class='ocrx_word' id='word_1_675' title='bbox 3703 3403 3869 3474; x_wconf 74' lang='grc' dir='ltr'>ήμῶν</span> 
     </span>
    </p>
   </div>
   <div class='ocr_carea' id='block_1_84' title="bbox 2282 3477 3870 3555">
    <p class='ocr_par' dir='ltr' id='par_1_84' title="bbox 2282 3477 3870 3555">
     <span class='ocr_line' id='line_1_85' title="bbox 2282 3477 3870 3555; baseline -0.001 -19"><span class='ocrx_word' id='word_1_676' title='bbox 2282 3481 2457 3551; x_wconf 78' lang='grc' dir='ltr'>Ἰησοῦ</span> <span class='ocrx_word' id='word_1_677' title='bbox 2493 3484 2750 3547; x_wconf 85' lang='grc' dir='ltr'>Χριστοῦ,</span> <span class='ocrx_word' id='word_1_678' title='bbox 2786 3484 2903 3553; x_wconf 85' lang='grc' dir='ltr'>μεθ’</span> <span class='ocrx_word' id='word_1_679' title='bbox 2926 3478 2987 3537; x_wconf 76' lang='grc' dir='ltr'>οὗ</span> <span class='ocrx_word' id='word_1_680' title='bbox 3034 3484 3110 3553; x_wconf 83' lang='grc' dir='ltr'>τῷ</span> <span class='ocrx_word' id='word_1_681' title='bbox 3145 3486 3319 3555; x_wconf 82' lang='lat'><em>[16:91</em></span> <span class='ocrx_word' id='word_1_682' title='bbox 3361 3486 3392 3554; x_wconf 88' lang='grc' dir='ltr'>ή</span> <span class='ocrx_word' id='word_1_683' title='bbox 3423 3483 3570 3548; x_wconf 79' lang='grc' dir='ltr'>δόξα,</span> <span class='ocrx_word' id='word_1_684' title='bbox 3620 3482 3739 3552; x_wconf 70' lang='grc' dir='ltr'>ἅμα</span> <span class='ocrx_word' id='word_1_685' title='bbox 3785 3477 3870 3552; x_wconf 71' lang='grc' dir='ltr'>τῷ</span> 
     </span>
    </p>
   </div>
   <div class='ocr_carea' id='block_1_85' title="bbox 2269 3560 3867 3631">
    <p class='ocr_par' dir='ltr' id='par_1_85' title="bbox 2269 3560 3867 3631">
     <span class='ocr_line' id='line_1_86' title="bbox 2269 3560 3867 3631; baseline -0.001 -16"><span class='ocrx_word' id='word_1_686' title='bbox 2269 3560 2411 3631; x_wconf 83' lang='grc' dir='ltr'>ἀγίῳ</span> <span class='ocrx_word' id='word_1_687' title='bbox 2442 3561 2737 3631; x_wconf 85' lang='grc' dir='ltr'>Πνεύματι,</span> <span class='ocrx_word' id='word_1_688' title='bbox 2769 3565 2848 3625; x_wconf 86' lang='grc' dir='ltr'>εἰς</span> <span class='ocrx_word' id='word_1_689' title='bbox 2877 3564 3002 3627; x_wconf 76' lang='grc' dir='ltr'>τούς</span> <span class='ocrx_word' id='word_1_690' title='bbox 3032 3564 3236 3625; x_wconf 86' lang='grc' dir='ltr'>αἰῶνας</span> <span class='ocrx_word' id='word_1_691' title='bbox 3260 3562 3368 3615; x_wconf 89' lang='grc' dir='ltr'>τῶν</span> <span class='ocrx_word' id='word_1_692' title='bbox 3393 3560 3623 3615; x_wconf 89' lang='grc' dir='ltr'>αἰώνων.</span> <span class='ocrx_word' id='word_1_693' title='bbox 3663 3560 3867 3631; x_wconf 75' lang='grc' dir='ltr'>Ἀμήν.</span> 
     </span>
    </p>
   </div>
   <div class='ocr_carea' id='block_1_86' title="bbox 2336 3662 3867 3728">
    <p class='ocr_par' dir='ltr' id='par_1_86' title="bbox 2336 3662 3867 3728">
     <span class='ocr_line' id='line_1_87' title="bbox 2336 3662 3867 3728; baseline -0.001 -15"><span class='ocrx_word' id='word_1_694' title='bbox 2336 3666 2360 3703; x_wconf 70' lang='grc'>⁸</span> <span class='ocrx_word' id='word_1_695' title='bbox 2386 3664 2475 3713; x_wconf 68' lang='lat' dir='ltr'>Ms.</span> <span class='ocrx_word' id='word_1_696' title='bbox 2502 3664 2589 3714; x_wconf 86' lang='lat' dir='ltr'>0r.</span> <span class='ocrx_word' id='word_1_697' title='bbox 2614 3664 2789 3721; x_wconf 86' lang='grc' dir='ltr'>ταύτην</span> <span class='ocrx_word' id='word_1_698' title='bbox 2807 3664 2920 3726; x_wconf 84' lang='grc' dir='ltr'>ἡμῖν</span> <span class='ocrx_word' id='word_1_699' title='bbox 2952 3666 3037 3722; x_wconf 78' lang='grc' dir='ltr'>τήν</span> <span class='ocrx_word' id='word_1_700' title='bbox 3060 3666 3214 3728; x_wconf 79' lang='grc' dir='ltr'>χάριν,</span> <span class='ocrx_word' id='word_1_701' title='bbox 3237 3667 3414 3727; x_wconf 80' lang='grc' dir='ltr'>μᾶλλον</span> <span class='ocrx_word' id='word_1_702' title='bbox 3439 3664 3491 3713; x_wconf 78' lang='grc' dir='ltr'>δὲ</span> <span class='ocrx_word' id='word_1_703' title='bbox 3509 3670 3591 3711; x_wconf 85' lang='grc' dir='ltr'>καί</span> <span class='ocrx_word' id='word_1_704' title='bbox 3611 3662 3725 3725; x_wconf 74' lang='grc' dir='ltr'>ἡμῖν</span> <span class='ocrx_word' id='word_1_705' title='bbox 3743 3679 3794 3711; x_wconf 76' lang='grc' dir='ltr'>κ.</span> <span class='ocrx_word' id='word_1_706' title='bbox 3822 3664 3867 3711; x_wconf 78' lang='grc' dir='ltr'>ε.</span> 
     </span>
    </p>
   </div>
   <div class='ocr_carea' id='block_1_87' title="bbox 627 3748 3785 3786">
    <p class='ocr_par' dir='ltr' id='par_1_87' title="bbox 627 3748 3785 3786">
     <span class='ocr_line' id='line_1_88' title="bbox 627 3748 3785 3786; baseline 0 -15"><span class='ocrx_word' id='word_1_707' title='bbox 627 3748 3785 3786; x_wconf 66' lang='lat'>——-———-—__—_—_—_—_——_—————_——</span> 
     </span>
    </p>
   </div>
   <div class='ocr_carea' id='block_1_88' title="bbox 2055 3822 2463 3878">
    <p class='ocr_par' dir='ltr' id='par_1_88' title="bbox 2055 3822 2463 3878">
     <span class='ocr_line' id='line_1_89' title="bbox 2055 3822 2463 3878; baseline 0.005 -3"><span class='ocrx_word' id='word_1_708' title='bbox 2055 3823 2296 3875; x_wconf 79' lang='grc' dir='ltr'>ΟΜῐΔΙΑ</span> <span class='ocrx_word' id='word_1_709' title='bbox 2336 3822 2463 3878; x_wconf 75' lang='grc' dir='ltr'>ΝΘ⁴.</span> 
     </span>
    </p>
   </div>
   <div class='ocr_carea' id='block_1_89' title="bbox 582 3905 2165 3977">
    <p class='ocr_par' dir='ltr' id='par_1_89' title="bbox 582 3905 2165 3977">
     <span class='ocr_line' id='line_1_90' title="bbox 582 3905 2165 3977; baseline 0.004 -19"><span class='ocrx_word' id='word_1_710' title='bbox 582 3905 697 3977; x_wconf 55' lang='grc' dir='ltr'>Καὶ</span> <span class='ocrx_word' id='word_1_711' title='bbox 724 3905 1011 3977; x_wconf 72' lang='grc' dir='ltr'>ἐξέϐαλον</span> <span class='ocrx_word' id='word_1_712' title='bbox 1035 3907 1222 3962; x_wconf 81' lang='grc' dir='ltr'>αὐτὸν</span> <span class='ocrx_word' id='word_1_713' title='bbox 1240 3909 1383 3973; x_wconf 72' lang='grc' dir='ltr'>ἔξω·</span> <span class='ocrx_word' id='word_1_714' title='bbox 1416 3908 1513 3963; x_wconf 82' lang='grc' dir='ltr'>καί</span> <span class='ocrx_word' id='word_1_715' title='bbox 1545 3908 1817 3977; x_wconf 77' lang='grc' dir='ltr'>ἤκουσεν</span> <span class='ocrx_word' id='word_1_716' title='bbox 1842 3914 1875 3965; x_wconf 87' lang='grc' dir='ltr'>ό</span> <span class='ocrx_word' id='word_1_717' title='bbox 1909 3910 2165 3977; x_wconf 83' lang='grc' dir='ltr'>Ἰησοῦς,</span> 
     </span>
    </p>
   </div>
   <div class='ocr_carea' id='block_1_90' title="bbox 659 3972 2169 4045">
    <p class='ocr_par' dir='ltr' id='par_1_90' title="bbox 659 3972 2169 4045">
     <span class='ocr_line' id='line_1_91' title="bbox 659 3972 2169 4045; baseline 0.005 -18"><span class='ocrx_word' id='word_1_718' title='bbox 659 3972 748 4028; x_wconf 77' lang='grc' dir='ltr'>ὅτι</span> <span class='ocrx_word' id='word_1_719' title='bbox 776 3976 1067 4039; x_wconf 64' lang='grc' dir='ltr'>ἐξέϐαλον</span> <span class='ocrx_word' id='word_1_720' title='bbox 1089 3972 1295 4031; x_wconf 70' lang='grc' dir='ltr'>αὐτὸν·</span> <span class='ocrx_word' id='word_1_721' title='bbox 1313 3978 1428 4042; x_wconf 69' lang='grc' dir='ltr'>ἄξω</span> <span class='ocrx_word' id='word_1_722' title='bbox 1447 3995 1460 4007; x_wconf 89' lang='grc'>·</span> <span class='ocrx_word' id='word_1_723' title='bbox 1494 3972 1593 4031; x_wconf 70' lang='grc' dir='ltr'>καί</span> <span class='ocrx_word' id='word_1_724' title='bbox 1624 3980 1817 4045; x_wconf 81' lang='grc' dir='ltr'>εὑρὼν</span> <span class='ocrx_word' id='word_1_725' title='bbox 1843 3972 2052 4045; x_wconf 77' lang='grc' dir='ltr'>αὐτόν,</span> <span class='ocrx_word' id='word_1_726' title='bbox 2086 3972 2169 4036; x_wconf 79' lang='grc' dir='ltr'>εῖ-</span> 
     </span>
    </p>
   </div>
   <div class='ocr_carea' id='block_1_91' title="bbox 652 4045 2161 4114">
    <p class='ocr_par' dir='ltr' id='par_1_91' title="bbox 652 4045 2161 4114">
     <span class='ocr_line' id='line_1_92' title="bbox 652 4045 2161 4114; baseline 0.006 -19"><span class='ocrx_word' id='word_1_727' title='bbox 652 4059 775 4114; x_wconf 36' lang='grc' dir='ltr'>μπεγ</span> <span class='ocrx_word' id='word_1_728' title='bbox 792 4045 970 4110; x_wconf 80' lang='grc' dir='ltr'>αὐτῷ·</span> <span class='ocrx_word' id='word_1_729' title='bbox 982 4065 1000 4097; x_wconf 80' lang='grc' dir='ltr'><strong>ι</strong></span> <span class='ocrx_word' id='word_1_730' title='bbox 1027 4046 1109 4101; x_wconf 85' lang='grc' dir='ltr'>Σὺ</span> <span class='ocrx_word' id='word_1_731' title='bbox 1130 4048 1430 4113; x_wconf 80' lang='grc' dir='ltr'>πιστεύεις</span> <span class='ocrx_word' id='word_1_732' title='bbox 1442 4050 1527 4110; x_wconf 81' lang='grc' dir='ltr'>εἰς</span> <span class='ocrx_word' id='word_1_733' title='bbox 1538 4048 1646 4101; x_wconf 83' lang='grc' dir='ltr'>τὸν</span> <span class='ocrx_word' id='word_1_734' title='bbox 1668 4048 1804 4102; x_wconf 78' lang='grc' dir='ltr'>Υίὸν</span> <span class='ocrx_word' id='word_1_735' title='bbox 1815 4050 1920 4104; x_wconf 85' lang='grc' dir='ltr'>τοῦ</span> <span class='ocrx_word' id='word_1_736' title='bbox 1938 4051 2084 4104; x_wconf 84' lang='grc' dir='ltr'>Θεοῦ</span> <span class='ocrx_word' id='word_1_737' title='bbox 2102 4068 2121 4114; x_wconf 87' lang='grc'><strong><em>;</em></strong></span> <span class='ocrx_word' id='word_1_738' title='bbox 2143 4070 2161 4103; x_wconf 83' lang='lat'>1</span> 
     </span>
    </p>
   </div>
   <div class='ocr_carea' id='block_1_92' title="bbox 673 4113 2165 4185">
    <p class='ocr_par' dir='ltr' id='par_1_92' title="bbox 673 4113 2165 4185">
     <span class='ocr_line' id='line_1_93' title="bbox 673 4113 2165 4185; baseline 0.003 -18"><span class='ocrx_word' id='word_1_739' title='bbox 673 4113 981 4185; x_wconf 61' lang='grc' dir='ltr'>Ἀπεκρίθη</span> <span class='ocrx_word' id='word_1_740' title='bbox 1027 4115 1262 4181; x_wconf 71' lang='grc' dir='ltr'>ἐκεῖνος</span> <span class='ocrx_word' id='word_1_741' title='bbox 1306 4118 1403 4169; x_wconf 79' lang='grc' dir='ltr'>καί</span> <span class='ocrx_word' id='word_1_742' title='bbox 1462 4114 1619 4171; x_wconf 76' lang='grc' dir='ltr'>εἷπε·</span> <span class='ocrx_word' id='word_1_743' title='bbox 1658 4136 1676 4169; x_wconf 82' lang='grc' dir='ltr'><strong>ι</strong></span> <span class='ocrx_word' id='word_1_744' title='bbox 1707 4118 1815 4172; x_wconf 74' lang='grc' dir='ltr'>Καὶ</span> <span class='ocrx_word' id='word_1_745' title='bbox 1864 4119 1955 4185; x_wconf 85' lang='grc' dir='ltr'>τίς</span> <span class='ocrx_word' id='word_1_746' title='bbox 2000 4113 2165 4184; x_wconf 84' lang='grc' dir='ltr'>ἐστι,</span> 
     </span>
    </p>
   </div>
   <div class='ocr_carea' id='block_1_93' title="bbox 654 4182 2164 4251">
    <p class='ocr_par' dir='ltr' id='par_1_93' title="bbox 654 4182 2164 4251">
     <span class='ocr_line' id='line_1_94' title="bbox 654 4182 2164 4251; baseline 0.006 -14"><span class='ocrx_word' id='word_1_747' title='bbox 654 4183 856 4251; x_wconf 73' lang='grc' dir='ltr'>Κύριε,</span> <span class='ocrx_word' id='word_1_748' title='bbox 886 4182 986 4236; x_wconf 76' lang='grc' dir='ltr'>ἵνα</span> <span class='ocrx_word' id='word_1_749' title='bbox 1014 4186 1318 4238; x_wconf 75' lang='grc' dir='ltr'>πιστεύσω</span> <span class='ocrx_word' id='word_1_750' title='bbox 1345 4187 1431 4251; x_wconf 85' lang='grc' dir='ltr'>εἰς</span> <span class='ocrx_word' id='word_1_751' title='bbox 1451 4188 1670 4250; x_wconf 80' lang='grc' dir='ltr'>αὐτόν;</span> <span class='ocrx_word' id='word_1_752' title='bbox 1707 4205 1727 4239; x_wconf 85' lang='lat'>1</span> <span class='ocrx_word' id='word_1_753' title='bbox 1757 4189 1850 4241; x_wconf 88' lang='lat'><em>1:61</em></span> <span class='ocrx_word' id='word_1_754' title='bbox 1882 4182 1951 4243; x_wconf 84' lang='lat'>:6</span> <span class='ocrx_word' id='word_1_755' title='bbox 1982 4182 2164 4245; x_wconf 80' lang='grc' dir='ltr'>λοιπά.</span> 
     </span>
    </p>
   </div>
   <div class='ocr_carea' id='block_1_94' title="bbox 655 4308 2169 4383">
    <p class='ocr_par' dir='ltr' id='par_1_94' title="bbox 655 4308 2169 4383">
     <span class='ocr_line' id='line_1_95' title="bbox 655 4308 2169 4383; baseline 0.003 -20"><span class='ocrx_word' id='word_1_756' title='bbox 655 4315 731 4363; x_wconf 80' lang='grc' dir='ltr'>α’.</span> <span class='ocrx_word' id='word_1_757' title='bbox 758 4311 821 4362; x_wconf 81' lang='grc' dir='ltr'>οι</span> <span class='ocrx_word' id='word_1_758' title='bbox 849 4308 937 4362; x_wconf 87' lang='lat'>6:6</span> <span class='ocrx_word' id='word_1_759' title='bbox 958 4308 1056 4380; x_wconf 81' lang='grc' dir='ltr'>τήν</span> <span class='ocrx_word' id='word_1_760' title='bbox 1088 4309 1344 4378; x_wconf 88' lang='grc' dir='ltr'>ἀλήθειαν</span> <span class='ocrx_word' id='word_1_761' title='bbox 1372 4312 1468 4364; x_wconf 86' lang='lat'><em>1:61</em></span> <span class='ocrx_word' id='word_1_762' title='bbox 1488 4310 1588 4380; x_wconf 78' lang='grc' dir='ltr'>τὴν</span> <span class='ocrx_word' id='word_1_763' title='bbox 1610 4312 1690 4374; x_wconf 89' lang='grc' dir='ltr'>εἰς</span> <span class='ocrx_word' id='word_1_764' title='bbox 1722 4312 1954 4381; x_wconf 80' lang='grc' dir='ltr'>Χριστὸν</span> <span class='ocrx_word' id='word_1_765' title='bbox 1978 4314 2169 4383; x_wconf 83' lang='grc' dir='ltr'>ὁμολο-</span> 
     </span>
    </p>
   </div>
   <div class='ocr_carea' id='block_1_95' title="bbox 586 4384 2171 4461">
    <p class='ocr_par' dir='ltr' id='par_1_95' title="bbox 586 4384 2171 4461">
     <span class='ocr_line' id='line_1_96' title="bbox 586 4384 2171 4461; baseline 0.002 -18"><span class='ocrx_word' id='word_1_766' title='bbox 586 4390 716 4456; x_wconf 82' lang='grc' dir='ltr'>γίαν</span> <span class='ocrx_word' id='word_1_767' title='bbox 749 4388 1053 4458; x_wconf 84' lang='grc' dir='ltr'>πάσχοντές</span> <span class='ocrx_word' id='word_1_768' title='bbox 1075 4406 1127 4441; x_wconf 88' lang='grc' dir='ltr'>τι</span> <span class='ocrx_word' id='word_1_769' title='bbox 1165 4386 1336 4441; x_wconf 80' lang='grc' dir='ltr'>δεινὸν</span> <span class='ocrx_word' id='word_1_770' title='bbox 1369 4388 1463 4441; x_wconf 86' lang='lat'><em>1:61</em></span> <span class='ocrx_word' id='word_1_771' title='bbox 1492 4389 1860 4459; x_wconf 75' lang='grc' dir='ltr'>ὑϐριζόμενοι,</span> <span class='ocrx_word' id='word_1_772' title='bbox 1889 4384 2033 4445; x_wconf 82' lang='lat'><em>06:0:</em></span> <span class='ocrx_word' id='word_1_773' title='bbox 2068 4393 2171 4461; x_wconf 86' lang='grc' dir='ltr'>μά-</span> 
     </span>
    </p>
   </div>
   <div class='ocr_carea' id='block_1_96' title="bbox 593 4464 2171 4541">
    <p class='ocr_par' dir='ltr' id='par_1_96' title="bbox 593 4464 2171 4541">
     <span class='ocr_line' id='line_1_97' title="bbox 593 4464 2171 4541; baseline 0.004 -23"><span class='ocrx_word' id='word_1_774' title='bbox 593 4466 755 4519; x_wconf 88' lang='grc' dir='ltr'>λιστά</span> <span class='ocrx_word' id='word_1_775' title='bbox 803 4469 938 4519; x_wconf 87' lang='grc' dir='ltr'>εἰσιν</span> <span class='ocrx_word' id='word_1_776' title='bbox 978 4468 1025 4517; x_wconf 92' lang='grc' dir='ltr'>οἰ</span> <span class='ocrx_word' id='word_1_777' title='bbox 1075 4465 1395 4541; x_wconf 76' lang='grc' dir='ltr'>τιμώμενοι.</span> <span class='ocrx_word' id='word_1_778' title='bbox 1437 4464 1643 4537; x_wconf 83' lang='grc' dir='ltr'>Ὥσπερ</span> <span class='ocrx_word' id='word_1_779' title='bbox 1686 4467 1793 4539; x_wconf 84' lang='grc' dir='ltr'>γὰρ</span> <span class='ocrx_word' id='word_1_780' title='bbox 1834 4470 1863 4521; x_wconf 94' lang='lat'>6</span> <span class='ocrx_word' id='word_1_781' title='bbox 1912 4472 2171 4541; x_wconf 88' lang='grc' dir='ltr'>χρήματα</span> 
     </span>
    </p>
   </div>
   <div class='ocr_carea' id='block_1_97' title="bbox 596 4539 2167 4620">
    <p class='ocr_par' dir='ltr' id='par_1_97' title="bbox 596 4539 2167 4620">
     <span class='ocr_line' id='line_1_98' title="bbox 596 4539 2167 4620; baseline 0.004 -23"><span class='ocrx_word' id='word_1_782' title='bbox 596 4542 832 4606; x_wconf 86' lang='grc' dir='ltr'>ἀπολλύς</span> <span class='ocrx_word' id='word_1_783' title='bbox 870 4543 935 4596; x_wconf 85' lang='grc' dir='ltr'>δι’</span> <span class='ocrx_word' id='word_1_784' title='bbox 962 4544 1145 4607; x_wconf 81' lang='grc' dir='ltr'>αὐτὸν,</span> <span class='ocrx_word' id='word_1_785' title='bbox 1172 4539 1326 4607; x_wconf 77' lang='grc' dir='ltr'>οὗτος</span> <span class='ocrx_word' id='word_1_786' title='bbox 1358 4544 1593 4613; x_wconf 86' lang='grc' dir='ltr'>μάλιστά</span> <span class='ocrx_word' id='word_1_787' title='bbox 1624 4548 1771 4599; x_wconf 81' lang='grc' dir='ltr'>ἐστιν</span> <span class='ocrx_word' id='word_1_788' title='bbox 1795 4549 1825 4601; x_wconf 94' lang='lat'>6</span> <span class='ocrx_word' id='word_1_789' title='bbox 1863 4539 2132 4620; x_wconf 84' lang='grc' dir='ltr'>εὑρίσκων</span> <span class='ocrx_word' id='word_1_790' title='bbox 2152 4565 2167 4583; x_wconf 78' lang='grc'><strong><em>⁸</em></strong></span> 
     </span>
    </p>
   </div>
   <div class='ocr_carea' id='block_1_98' title="bbox 597 4620 2171 4695">
    <p class='ocr_par' dir='ltr' id='par_1_98' title="bbox 597 4620 2171 4695">
     <span class='ocr_line' id='line_1_99' title="bbox 597 4620 2171 4695; baseline 0.002 -19"><span class='ocrx_word' id='word_1_791' title='bbox 597 4623 692 4677; x_wconf 81' lang='grc' dir='ltr'>καὶ</span> <span class='ocrx_word' id='word_1_792' title='bbox 719 4625 746 4676; x_wconf 93' lang='lat'>6</span> <span class='ocrx_word' id='word_1_793' title='bbox 772 4621 869 4693; x_wconf 80' lang='grc' dir='ltr'>τὴν</span> <span class='ocrx_word' id='word_1_794' title='bbox 895 4620 1071 4691; x_wconf 77' lang='grc' dir='ltr'>ψυχὴν</span> <span class='ocrx_word' id='word_1_795' title='bbox 1097 4622 1262 4675; x_wconf 88' lang='grc' dir='ltr'>αὐτοῦ</span> <span class='ocrx_word' id='word_1_796' title='bbox 1298 4620 1492 4691; x_wconf 88' lang='grc' dir='ltr'>μισῶν,</span> <span class='ocrx_word' id='word_1_797' title='bbox 1520 4623 1682 4687; x_wconf 80' lang='grc' dir='ltr'>αὐτὸς</span> <span class='ocrx_word' id='word_1_798' title='bbox 1712 4624 1948 4695; x_wconf 81' lang='grc' dir='ltr'>μάλιστά</span> <span class='ocrx_word' id='word_1_799' title='bbox 1972 4628 2117 4680; x_wconf 81' lang='grc' dir='ltr'>ἐστιν</span> <span class='ocrx_word' id='word_1_800' title='bbox 2143 4630 2171 4680; x_wconf 94' lang='lat'>6</span> 
     </span>
    </p>
   </div>
   <div class='ocr_carea' id='block_1_99' title="bbox 597 4695 2170 4771">
    <p class='ocr_par' dir='ltr' id='par_1_99' title="bbox 597 4695 2170 4771">
     <span class='ocr_line' id='line_1_100' title="bbox 597 4695 2170 4771; baseline 0.003 -19"><span class='ocrx_word' id='word_1_801' title='bbox 597 4699 794 4767; x_wconf 87' lang='grc' dir='ltr'>φιλῶν·</span> <span class='ocrx_word' id='word_1_802' title='bbox 822 4698 964 4752; x_wconf 78' lang='grc' dir='ltr'>οὕτω</span> <span class='ocrx_word' id='word_1_803' title='bbox 990 4699 1085 4751; x_wconf 88' lang='lat'><em>1:61</em></span> <span class='ocrx_word' id='word_1_804' title='bbox 1112 4700 1140 4751; x_wconf 89' lang='lat'>6</span> <span class='ocrx_word' id='word_1_805' title='bbox 1168 4697 1541 4769; x_wconf 79' lang='grc' dir='ltr'>ὑϐριζόμενος,</span> <span class='ocrx_word' id='word_1_806' title='bbox 1566 4695 1719 4765; x_wconf 83' lang='lat'><em>06:0;</em></span> <span class='ocrx_word' id='word_1_807' title='bbox 1751 4702 1987 4771; x_wconf 87' lang='grc' dir='ltr'>μάλιστά</span> <span class='ocrx_word' id='word_1_808' title='bbox 2024 4705 2170 4757; x_wconf 84' lang='grc' dir='ltr'>ἐστιν</span> 
     </span>
    </p>
   </div>
   <div class='ocr_carea' id='block_1_100' title="bbox 593 4775 2168 4855">
    <p class='ocr_par' dir='ltr' id='par_1_100' title="bbox 593 4775 2168 4855">
     <span class='ocr_line' id='line_1_101' title="bbox 593 4775 2168 4855; baseline 0.003 -23"><span class='ocrx_word' id='word_1_809' title='bbox 593 4782 624 4833; x_wconf 87' lang='lat'>6</span> <span class='ocrx_word' id='word_1_810' title='bbox 664 4777 1006 4855; x_wconf 58' lang='grc' dir='ltr'>τιμώμενος</span> <span class='ocrx_word' id='word_1_811' title='bbox 1037 4776 1183 4855; x_wconf 81' lang='grc' dir='ltr'>ὅπερ</span> <span class='ocrx_word' id='word_1_812' title='bbox 1210 4775 1306 4829; x_wconf 89' lang='lat'><em>1:61</em></span> <span class='ocrx_word' id='word_1_813' title='bbox 1352 4778 1459 4855; x_wconf 24' lang='lat'><em>11:1”</em></span> <span class='ocrx_word' id='word_1_814' title='bbox 1475 4778 1568 4831; x_wconf 88' lang='lat'>:06</span> <span class='ocrx_word' id='word_1_815' title='bbox 1613 4780 1815 4849; x_wconf 82' lang='grc' dir='ltr'>τυφλοῦ</span> <span class='ocrx_word' id='word_1_816' title='bbox 1859 4783 2168 4855; x_wconf 87' lang='grc' dir='ltr'>γεγένηται.</span> 
     </span>
    </p>
   </div>
   <div class='ocr_carea' id='block_1_101' title="bbox 610 4849 2173 4925">
    <p class='ocr_par' dir='ltr' id='par_1_101' title="bbox 610 4849 2173 4925">
     <span class='ocr_line' id='line_1_102' title="bbox 610 4849 2173 4925; baseline 0.005 -19"><span class='ocrx_word' id='word_1_817' title='bbox 610 4854 893 4920; x_wconf 79' lang='grc' dir='ltr'>Ἐξέϐαλον</span> <span class='ocrx_word' id='word_1_818' title='bbox 935 4849 1029 4906; x_wconf 80' lang='grc' dir='ltr'>οὖν</span> <span class='ocrx_word' id='word_1_819' title='bbox 1070 4854 1230 4906; x_wconf 81' lang='grc' dir='ltr'>αὐτὸν</span> <span class='ocrx_word' id='word_1_820' title='bbox 1261 4854 1325 4907; x_wconf 82' lang='grc' dir='ltr'>ἐκ</span> <span class='ocrx_word' id='word_1_821' title='bbox 1369 4853 1463 4907; x_wconf 89' lang='grc' dir='ltr'>τοῦ</span> <span class='ocrx_word' id='word_1_822' title='bbox 1512 4855 1656 4925; x_wconf 90' lang='grc' dir='ltr'>ἰεροῦ</span> <span class='ocrx_word' id='word_1_823' title='bbox 1685 4858 1735 4909; x_wconf 91' lang='grc' dir='ltr'>οἰ</span> <span class='ocrx_word' id='word_1_824' title='bbox 1766 4849 2056 4922; x_wconf 67' lang='grc' dir='ltr'>Ἰουδαῖοι,⁷</span> <span class='ocrx_word' id='word_1_825' title='bbox 2078 4862 2173 4915; x_wconf 78' lang='grc' dir='ltr'>καὶ</span> 
     </span>
    </p>
   </div>
   <div class='ocr_carea' id='block_1_102' title="bbox 597 4928 2171 5006">
    <p class='ocr_par' dir='ltr' id='par_1_102' title="bbox 597 4928 2171 5006">
     <span class='ocr_line' id='line_1_103' title="bbox 597 4928 2171 5006; baseline 0.004 -21"><span class='ocrx_word' id='word_1_826' title='bbox 597 4928 753 5002; x_wconf 81' lang='grc' dir='ltr'>εὐρεν</span> <span class='ocrx_word' id='word_1_827' title='bbox 799 4930 962 4984; x_wconf 77' lang='grc' dir='ltr'>αὐτὸν</span> <span class='ocrx_word' id='word_1_828' title='bbox 988 4933 1018 4983; x_wconf 94' lang='lat'>6</span> <span class='ocrx_word' id='word_1_829' title='bbox 1062 4930 1345 5001; x_wconf 77' lang='grc' dir='ltr'>Δεσπότης.</span> <span class='ocrx_word' id='word_1_830' title='bbox 1382 4932 1476 4985; x_wconf 91' lang='grc' dir='ltr'>τοῦ</span> <span class='ocrx_word' id='word_1_831' title='bbox 1522 4933 1684 5004; x_wconf 89' lang='grc' dir='ltr'>ἰεροῦ.</span> <span class='ocrx_word' id='word_1_832' title='bbox 1724 4937 2036 5006; x_wconf 83' lang='grc' dir='ltr'>’Δπηλλάγη</span> <span class='ocrx_word' id='word_1_833' title='bbox 2078 4940 2171 4993; x_wconf 88' lang='grc' dir='ltr'>τοῦ</span> 
     </span>
    </p>
   </div>
   <div class='ocr_carea' id='block_1_103' title="bbox 600 5007 2173 5089">
    <p class='ocr_par' dir='ltr' id='par_1_103' title="bbox 600 5007 2173 5089">
     <span class='ocr_line' id='line_1_104' title="bbox 600 5007 2173 5089; baseline 0.006 -27"><span class='ocrx_word' id='word_1_834' title='bbox 600 5009 876 5079; x_wconf 87' lang='grc' dir='ltr'>συνεδρίου</span> <span class='ocrx_word' id='word_1_835' title='bbox 913 5007 1008 5089; x_wconf 89' lang='grc' dir='ltr'>τοῦ</span> <span class='ocrx_word' id='word_1_836' title='bbox 1054 5008 1322 5081; x_wconf 89' lang='grc' dir='ltr'>λοιμικοῦ,</span> <span class='ocrx_word' id='word_1_837' title='bbox 1360 5013 1455 5065; x_wconf 81' lang='grc' dir='ltr'>καὶ</span> <span class='ocrx_word' id='word_1_838' title='bbox 1492 5013 1777 5084; x_wconf 78' lang='grc' dir='ltr'>περιέτυχε</span> <span class='ocrx_word' id='word_1_839' title='bbox 1810 5019 1875 5087; x_wconf 74' lang='grc' dir='ltr'>τῇ</span> <span class='ocrx_word' id='word_1_840' title='bbox 1921 5019 2173 5089; x_wconf 87' lang='grc' dir='ltr'>σωτηρίῳ</span> 
     </span>
    </p>
   </div>
   <div class='ocr_carea' id='block_1_104' title="bbox 598 5088 2175 5165">
    <p class='ocr_par' dir='ltr' id='par_1_104' title="bbox 598 5088 2175 5165">
     <span class='ocr_line' id='line_1_105' title="bbox 598 5088 2175 5165; baseline 0.009 -28"><span class='ocrx_word' id='word_1_841' title='bbox 598 5091 749 5159; x_wconf 75' lang='grc' dir='ltr'>πηγῇ</span> <span class='ocrx_word' id='word_1_842' title='bbox 772 5104 785 5116; x_wconf 89' lang='grc'>·</span> <span class='ocrx_word' id='word_1_843' title='bbox 823 5088 1098 5158; x_wconf 80' lang='grc' dir='ltr'>ὴτιμάσθη</span> <span class='ocrx_word' id='word_1_844' title='bbox 1139 5090 1289 5159; x_wconf 90' lang='grc' dir='ltr'>παρά</span> <span class='ocrx_word' id='word_1_845' title='bbox 1329 5091 1436 5143; x_wconf 90' lang='grc' dir='ltr'>τῶν</span> <span class='ocrx_word' id='word_1_846' title='bbox 1466 5090 1557 5142; x_wconf 81' lang='grc' dir='ltr'>τὸν</span> <span class='ocrx_word' id='word_1_847' title='bbox 1596 5092 1832 5162; x_wconf 83' lang='grc' dir='ltr'>Χριστὸν</span> <span class='ocrx_word' id='word_1_848' title='bbox 1873 5088 2175 5165; x_wconf 80' lang='grc' dir='ltr'>ἀτιμασάν-</span> 
     </span>
    </p>
   </div>
   <div class='ocr_carea' id='block_1_105' title="bbox 598 5165 2163 5237">
    <p class='ocr_par' dir='ltr' id='par_1_105' title="bbox 598 5165 2163 5237">
     <span class='ocr_line' id='line_1_106' title="bbox 598 5165 2163 5237; baseline 0.006 -19"><span class='ocrx_word' id='word_1_849' title='bbox 598 5184 726 5229; x_wconf 82' lang='grc' dir='ltr'>των,</span> <span class='ocrx_word' id='word_1_850' title='bbox 753 5169 849 5221; x_wconf 86' lang='lat'><em>1:61</em></span> <span class='ocrx_word' id='word_1_851' title='bbox 882 5166 1114 5237; x_wconf 82' lang='grc' dir='ltr'>ἐτιμήθη</span> <span class='ocrx_word' id='word_1_852' title='bbox 1146 5165 1302 5237; x_wconf 84' lang='grc' dir='ltr'>παρά</span> <span class='ocrx_word' id='word_1_853' title='bbox 1328 5166 1425 5219; x_wconf 90' lang='grc' dir='ltr'>τοῦ</span> <span class='ocrx_word' id='word_1_854' title='bbox 1454 5166 1564 5219; x_wconf 91' lang='grc' dir='ltr'>τῶν</span> <span class='ocrx_word' id='word_1_855' title='bbox 1592 5170 1837 5237; x_wconf 90' lang='grc' dir='ltr'>ἀγγέλων</span> <span class='ocrx_word' id='word_1_856' title='bbox 1873 5173 2163 5227; x_wconf 81' lang='grc' dir='ltr'>Δεσπότου.</span> 
     </span>
    </p>
   </div>
   <div class='ocr_carea' id='block_1_106' title="bbox 600 5244 2166 5322">
    <p class='ocr_par' dir='ltr' id='par_1_106' title="bbox 600 5244 2166 5322">
     <span class='ocr_line' id='line_1_107' title="bbox 600 5244 2166 5322; baseline 0.005 -26"><span class='ocrx_word' id='word_1_857' title='bbox 600 5245 850 5322; x_wconf 80' lang='grc' dir='ltr'>Τοιαῦτα</span> <span class='ocrx_word' id='word_1_858' title='bbox 875 5244 944 5297; x_wconf 91' lang='grc' dir='ltr'>τά</span> <span class='ocrx_word' id='word_1_859' title='bbox 977 5245 1079 5313; x_wconf 81' lang='grc' dir='ltr'>τῆς</span> <span class='ocrx_word' id='word_1_860' title='bbox 1114 5244 1372 5316; x_wconf 83' lang='grc' dir='ltr'>ἀληθείας</span> <span class='ocrx_word' id='word_1_861' title='bbox 1406 5244 1635 5300; x_wconf 71' lang='grc' dir='ltr'>ἔπαθλα.</span> <span class='ocrx_word' id='word_1_862' title='bbox 1665 5247 1819 5302; x_wconf 75' lang='grc' dir='ltr'>Οὕτω</span> <span class='ocrx_word' id='word_1_863' title='bbox 1848 5252 1943 5303; x_wconf 75' lang='grc' dir='ltr'>καὶ</span> <span class='ocrx_word' id='word_1_864' title='bbox 1982 5254 2166 5322; x_wconf 83' lang='grc' dir='ltr'>ἡμεῖς,</span> 
     </span>
    </p>
   </div>
   <div class='ocr_carea' id='block_1_107' title="bbox 599 5321 2171 5398">
    <p class='ocr_par' dir='ltr' id='par_1_107' title="bbox 599 5321 2171 5398">
     <span class='ocr_line' id='line_1_108' title="bbox 599 5321 2171 5398; baseline 0.005 -22"><span class='ocrx_word' id='word_1_865' title='bbox 599 5323 665 5376; x_wconf 79' lang='grc' dir='ltr'>ἃν</span> <span class='ocrx_word' id='word_1_866' title='bbox 709 5321 943 5377; x_wconf 77' lang='grc' dir='ltr'>ἐνταῦθα</span> <span class='ocrx_word' id='word_1_867' title='bbox 977 5322 1311 5398; x_wconf 24' lang='grc' dir='ltr'>ἀφῶμεν-Ατά</span> <span class='ocrx_word' id='word_1_868' title='bbox 1343 5327 1629 5396; x_wconf 87' lang='grc' dir='ltr'>χρήματα,</span> <span class='ocrx_word' id='word_1_869' title='bbox 1682 5321 2171 5398; x_wconf 84' lang='grc' dir='ltr'>εὑρίσκομενέκεῖ</span> 
     </span>
    </p>
   </div>
   <div class='ocr_carea' id='block_1_108' title="bbox 600 5395 2167 5471">
    <p class='ocr_par' dir='ltr' id='par_1_108' title="bbox 600 5395 2167 5471">
     <span class='ocr_line' id='line_1_109' title="bbox 600 5395 2167 5471; baseline -0.003 -19"><span class='ocrx_word' id='word_1_870' title='bbox 600 5399 909 5471; x_wconf 76' lang='grc' dir='ltr'>παρρησίαν</span> <span class='ocrx_word' id='word_1_871' title='bbox 927 5412 941 5426; x_wconf 98' lang='grc'>·</span> <span class='ocrx_word' id='word_1_872' title='bbox 968 5396 1035 5450; x_wconf 81' lang='grc' dir='ltr'>ἀν</span> <span class='ocrx_word' id='word_1_873' title='bbox 1062 5395 1291 5449; x_wconf 74' lang='grc' dir='ltr'>ἐνταῦθα</span> <span class='ocrx_word' id='word_1_874' title='bbox 1314 5395 1494 5467; x_wconf 85' lang='grc' dir='ltr'>δῶμεν</span> <span class='ocrx_word' id='word_1_875' title='bbox 1518 5402 1631 5463; x_wconf 89' lang='grc' dir='ltr'>τοῖς</span> <span class='ocrx_word' id='word_1_876' title='bbox 1662 5395 2014 5471; x_wconf 58' lang='grc' dir='ltr'>θλιδομινρις,</span> <span class='ocrx_word' id='word_1_877' title='bbox 2040 5408 2167 5460; x_wconf 78' lang='grc' dir='ltr'><strong>ἀνα.</strong></span> 
     </span>
    </p>
   </div>
   <div class='ocr_carea' id='block_1_109' title="bbox 602 5476 2169 5552">
    <p class='ocr_par' dir='ltr' id='par_1_109' title="bbox 602 5476 2169 5552">
     <span class='ocr_line' id='line_1_110' title="bbox 602 5476 2169 5552; baseline 0.006 -22"><span class='ocrx_word' id='word_1_878' title='bbox 602 5476 921 5552; x_wconf 84' lang='grc' dir='ltr'>παυσόμεθα</span> <span class='ocrx_word' id='word_1_879' title='bbox 956 5477 1016 5528; x_wconf 80' lang='grc' dir='ltr'>ἐν</span> <span class='ocrx_word' id='word_1_880' title='bbox 1048 5477 1158 5537; x_wconf 73' lang='grc' dir='ltr'>τοῖς</span> <span class='ocrx_word' id='word_1_881' title='bbox 1177 5476 1447 5547; x_wconf 82' lang='grc' dir='ltr'>οὐρανοῖς·</span> <span class='ocrx_word' id='word_1_882' title='bbox 1482 5478 1548 5531; x_wconf 76' lang='grc' dir='ltr'>ἂν</span> <span class='ocrx_word' id='word_1_883' title='bbox 1584 5479 1931 5552; x_wconf 87' lang='grc' dir='ltr'>ὑϐρισθῶμεν</span> <span class='ocrx_word' id='word_1_884' title='bbox 1958 5484 2047 5537; x_wconf 83' lang='grc' dir='ltr'>διὰ</span> <span class='ocrx_word' id='word_1_885' title='bbox 2079 5486 2169 5539; x_wconf 79' lang='grc' dir='ltr'>τὸν</span> 
     </span>
    </p>
   </div>
   <div class='ocr_carea' id='block_1_110' title="bbox 600 5550 2176 5627">
    <p class='ocr_par' dir='ltr' id='par_1_110' title="bbox 600 5550 2176 5627">
     <span class='ocr_line' id='line_1_111' title="bbox 600 5550 2176 5627; baseline 0.005 -20"><span class='ocrx_word' id='word_1_886' title='bbox 600 5555 754 5615; x_wconf 84' lang='grc' dir='ltr'>Θεὸν,</span> <span class='ocrx_word' id='word_1_887' title='bbox 778 5550 1070 5625; x_wconf 85' lang='grc' dir='ltr'>τιμώμεθα</span> <span class='ocrx_word' id='word_1_888' title='bbox 1097 5555 1193 5609; x_wconf 78' lang='grc' dir='ltr'>καὶ</span> <span class='ocrx_word' id='word_1_889' title='bbox 1222 5554 1474 5619; x_wconf 84' lang='grc' dir='ltr'>ἐνταῦθα,</span> <span class='ocrx_word' id='word_1_890' title='bbox 1500 5557 1593 5610; x_wconf 84' lang='lat'><em>1:61</em></span> <span class='ocrx_word' id='word_1_891' title='bbox 1622 5559 1755 5611; x_wconf 81' lang='grc' dir='ltr'>ἐκεῖ.</span> <span class='ocrx_word' id='word_1_892' title='bbox 1900 5560 1957 5613; x_wconf 64' lang='grc' dir='ltr'>δὲ</span> <span class='ocrx_word' id='word_1_893' title='bbox 1986 5560 2176 5627; x_wconf 74' lang='grc' dir='ltr'>ἐξέϐα-</span> 
     </span>
    </p>
   </div>
   <div class='ocr_carea' id='block_1_111' title="bbox 601 5629 2179 5710">
    <p class='ocr_par' dir='ltr' id='par_1_111' title="bbox 601 5629 2179 5710">
     <span class='ocr_line' id='line_1_112' title="bbox 601 5629 2179 5710; baseline -0.004 -20"><span class='ocrx_word' id='word_1_894' title='bbox 601 5636 691 5690; x_wconf 83' lang='grc' dir='ltr'>λον</span> <span class='ocrx_word' id='word_1_895' title='bbox 727 5637 889 5691; x_wconf 77' lang='grc' dir='ltr'>αὐτὸν</span> <span class='ocrx_word' id='word_1_896' title='bbox 916 5636 982 5689; x_wconf 82' lang='grc' dir='ltr'>ἐκ</span> <span class='ocrx_word' id='word_1_897' title='bbox 1019 5633 1114 5688; x_wconf 89' lang='grc' dir='ltr'>τοῦ</span> <span class='ocrx_word' id='word_1_898' title='bbox 1158 5634 1326 5705; x_wconf 87' lang='grc' dir='ltr'>ἰεροῦ,</span> <span class='ocrx_word' id='word_1_899' title='bbox 1359 5629 1516 5706; x_wconf 78' lang='grc' dir='ltr'>εὗρεν</span> <span class='ocrx_word' id='word_1_900' title='bbox 1562 5637 1721 5691; x_wconf 82' lang='grc' dir='ltr'>αὐτὸν</span> <span class='ocrx_word' id='word_1_901' title='bbox 1745 5641 1773 5692; x_wconf 89' lang='lat'>6</span> <span class='ocrx_word' id='word_1_902' title='bbox 1804 5640 2029 5710; x_wconf 83' lang='grc' dir='ltr'>Ἰησοῦς.</span> <span class='ocrx_word' id='word_1_903' title='bbox 2060 5642 2179 5695; x_wconf 71' lang='grc' dir='ltr'>Διί-</span> 
     </span>
    </p>
   </div>
   <div class='ocr_carea' id='block_1_112' title="bbox 605 5714 2175 5789">
    <p class='ocr_par' dir='ltr' id='par_1_112' title="bbox 605 5714 2175 5789">
     <span class='ocr_line' id='line_1_113' title="bbox 605 5714 2175 5789; baseline 0.006 -24"><span class='ocrx_word' id='word_1_904' title='bbox 605 5732 790 5768; x_wconf 82' lang='grc' dir='ltr'>κνυσιν</span> <span class='ocrx_word' id='word_1_905' title='bbox 832 5718 861 5769; x_wconf 91' lang='lat'>6</span> <span class='ocrx_word' id='word_1_906' title='bbox 900 5714 1287 5784; x_wconf 80' lang='grc' dir='ltr'>εὐαγγελιστὴς</span> <span class='ocrx_word' id='word_1_907' title='bbox 1323 5714 1405 5767; x_wconf 80' lang='grc' dir='ltr'>ὅτι</span> <span class='ocrx_word' id='word_1_908' title='bbox 1443 5715 1537 5767; x_wconf 79' lang='grc' dir='ltr'>ἐπὶ</span> <span class='ocrx_word' id='word_1_909' title='bbox 1578 5717 1753 5787; x_wconf 87' lang='grc' dir='ltr'>τούτῳ</span> <span class='ocrx_word' id='word_1_910' title='bbox 1800 5714 1981 5789; x_wconf 76' lang='grc' dir='ltr'>ἦλθεν,</span> <span class='ocrx_word' id='word_1_911' title='bbox 2034 5720 2175 5774; x_wconf 86' lang='grc' dir='ltr'>ῶστε</span> 
     </span>
    </p>
   </div>
   <div class='ocr_carea' id='block_1_113' title="bbox 604 5791 2175 5867">
    <p class='ocr_par' dir='ltr' id='par_1_113' title="bbox 604 5791 2175 5867">
     <span class='ocr_line' id='line_1_114' title="bbox 604 5791 2175 5867; baseline 0.004 -24"><span class='ocrx_word' id='word_1_912' title='bbox 604 5792 752 5861; x_wconf 80' lang='grc' dir='ltr'>αὐτῷ</span> <span class='ocrx_word' id='word_1_913' title='bbox 783 5794 1081 5862; x_wconf 85' lang='grc' dir='ltr'>συντυχεῖν.</span> <span class='ocrx_word' id='word_1_914' title='bbox 1110 5792 1217 5844; x_wconf 80' lang='lat' dir='ltr'><em>K61</em></span> <span class='ocrx_word' id='word_1_915' title='bbox 1250 5794 1350 5864; x_wconf 83' lang='grc' dir='ltr'>ὅρα</span> <span class='ocrx_word' id='word_1_916' title='bbox 1380 5791 1521 5846; x_wconf 90' lang='grc' dir='ltr'>τίσιν</span> <span class='ocrx_word' id='word_1_917' title='bbox 1550 5794 1714 5847; x_wconf 85' lang='grc' dir='ltr'>αὐτὸν</span> <span class='ocrx_word' id='word_1_918' title='bbox 1746 5795 2031 5865; x_wconf 88' lang='grc' dir='ltr'>ἀμείϐεται</span> <span class='ocrx_word' id='word_1_919' title='bbox 2052 5813 2066 5828; x_wconf 94' lang='grc'>·</span> <span class='ocrx_word' id='word_1_920' title='bbox 2098 5797 2175 5867; x_wconf 82' lang='grc' dir='ltr'>τῷ</span> 
     </span>
    </p>
   </div>
   <div class='ocr_carea' id='block_1_114' title="bbox 605 5869 2173 5944">
    <p class='ocr_par' dir='ltr' id='par_1_114' title="bbox 605 5869 2173 5944">
     <span class='ocr_line' id='line_1_115' title="bbox 605 5869 2173 5944; baseline 0.002 -21"><span class='ocrx_word' id='word_1_921' title='bbox 605 5869 884 5939; x_wconf 78' lang='grc' dir='ltr'>κεφαλαίῳ</span> <span class='ocrx_word' id='word_1_922' title='bbox 920 5870 1025 5922; x_wconf 90' lang='grc' dir='ltr'>τῶν</span> <span class='ocrx_word' id='word_1_923' title='bbox 1074 5870 1313 5936; x_wconf 87' lang='grc' dir='ltr'>ἀγαθῶν.</span> <span class='ocrx_word' id='word_1_924' title='bbox 1362 5869 1467 5922; x_wconf 81' lang='lat' dir='ltr'><em>K61</em></span> <span class='ocrx_word' id='word_1_925' title='bbox 1508 5870 1615 5940; x_wconf 86' lang='lat'>769</span> <span class='ocrx_word' id='word_1_926' title='bbox 1662 5872 1852 5925; x_wconf 76' lang='grc' dir='ltr'>ἐαυτὸν</span> <span class='ocrx_word' id='word_1_927' title='bbox 1882 5875 2173 5944; x_wconf 76' lang='grc' dir='ltr'>ἐγνώρισεν</span> 
     </span>
    </p>
   </div>
   <div class='ocr_carea' id='block_1_115' title="bbox 604 5947 2177 6019">
    <p class='ocr_par' dir='ltr' id='par_1_115' title="bbox 604 5947 2177 6019">
     <span class='ocr_line' id='line_1_116' title="bbox 604 5947 2177 6019; baseline 0.002 -16"><span class='ocrx_word' id='word_1_928' title='bbox 604 5947 753 6019; x_wconf 81' lang='grc' dir='ltr'>αὐτῷ</span> <span class='ocrx_word' id='word_1_929' title='bbox 796 5950 1053 6019; x_wconf 79' lang='grc' dir='ltr'>πρότερον</span> <span class='ocrx_word' id='word_1_930' title='bbox 1096 5950 1407 6016; x_wconf 72' lang='grc' dir='ltr'>ἀγνοοῦντι,</span> <span class='ocrx_word' id='word_1_931' title='bbox 1458 5954 1548 6004; x_wconf 85' lang='lat'><em>1:61</em></span> <span class='ocrx_word' id='word_1_932' title='bbox 1594 5952 1669 6015; x_wconf 85' lang='grc' dir='ltr'>εἰς</span> <span class='ocrx_word' id='word_1_933' title='bbox 1702 5953 1791 6005; x_wconf 85' lang='grc' dir='ltr'>τὸν</span> <span class='ocrx_word' id='word_1_934' title='bbox 1819 5954 1925 6006; x_wconf 91' lang='grc' dir='ltr'>τῶν</span> <span class='ocrx_word' id='word_1_935' title='bbox 1964 5954 2177 6008; x_wconf 85' lang='grc' dir='ltr'>οἰκείων</span> 
     </span>
    </p>
   </div>
   <div class='ocr_carea' id='block_1_116' title="bbox 2280 3912 3873 3988">
    <p class='ocr_par' dir='ltr' id='par_1_116' title="bbox 2280 3912 3873 3988">
     <span class='ocr_line' id='line_1_117' title="bbox 2280 3912 3873 3988; baseline 0.004 -24"><span class='ocrx_word' id='word_1_936' title='bbox 2280 3912 2539 3983; x_wconf 89' lang='grc' dir='ltr'>μαθητῶν</span> <span class='ocrx_word' id='word_1_937' title='bbox 2573 3914 2895 3982; x_wconf 78' lang='grc' dir='ltr'>ἐγκατέλεξε</span> <span class='ocrx_word' id='word_1_938' title='bbox 2927 3915 3108 3985; x_wconf 89' lang='grc' dir='ltr'>χορόν.</span> <span class='ocrx_word' id='word_1_939' title='bbox 3138 3914 3287 3988; x_wconf 73' lang='grc'><strong>[545]</strong></span> <span class='ocrx_word' id='word_1_940' title='bbox 3321 3916 3392 3970; x_wconf 77' lang='grc' dir='ltr'>Σὺ</span> <span class='ocrx_word' id='word_1_941' title='bbox 3413 3915 3470 3969; x_wconf 80' lang='grc' dir='ltr'>δέ</span> <span class='ocrx_word' id='word_1_942' title='bbox 3506 3915 3721 3981; x_wconf 87' lang='grc' dir='ltr'>σκόπει,</span> <span class='ocrx_word' id='word_1_943' title='bbox 3748 3916 3873 3980; x_wconf 77' lang='grc' dir='ltr'>πῶς</span> 
     </span>
    </p>
   </div>
   <div class='ocr_carea' id='block_1_117' title="bbox 2275 3992 3874 4065">
    <p class='ocr_par' dir='ltr' id='par_1_117' title="bbox 2275 3992 3874 4065">
     <span class='ocr_line' id='line_1_118' title="bbox 2275 3992 3874 4065; baseline 0.003 -21"><span class='ocrx_word' id='word_1_944' title='bbox 2275 3992 2375 4060; x_wconf 83' lang='grc' dir='ltr'>τὴν</span> <span class='ocrx_word' id='word_1_945' title='bbox 2422 3992 2711 4063; x_wconf 85' lang='grc' dir='ltr'>ἀκρίϐειαν</span> <span class='ocrx_word' id='word_1_946' title='bbox 2752 3996 2780 4047; x_wconf 90' lang='lat'>6</span> <span class='ocrx_word' id='word_1_947' title='bbox 2822 3995 3211 4063; x_wconf 83' lang='grc' dir='ltr'>εύαγγελιστὴς</span> <span class='ocrx_word' id='word_1_948' title='bbox 3261 3995 3559 4065; x_wconf 83' lang='grc' dir='ltr'>ἐξηγεῖται.</span> <span class='ocrx_word' id='word_1_949' title='bbox 3603 3994 3874 4059; x_wconf 78' lang='grc' dir='ltr'>Εἰπόντος</span> 
     </span>
    </p>
   </div>
   <div class='ocr_carea' id='block_1_118' title="bbox 2276 4069 3874 4139">
    <p class='ocr_par' dir='ltr' id='par_1_118' title="bbox 2276 4069 3874 4139">
     <span class='ocr_line' id='line_1_119' title="bbox 2276 4069 3874 4139; baseline 0.004 -18"><span class='ocrx_word' id='word_1_950' title='bbox 2276 4069 2387 4138; x_wconf 84' lang='lat'>769</span> <span class='ocrx_word' id='word_1_951' title='bbox 2421 4070 2608 4134; x_wconf 86' lang='lat'><em>66:06,</em></span> <span class='ocrx_word' id='word_1_952' title='bbox 2641 4071 2725 4125; x_wconf 89' lang='grc' dir='ltr'>Σὺ</span> <span class='ocrx_word' id='word_1_953' title='bbox 2756 4074 3063 4139; x_wconf 77' lang='grc' dir='ltr'>πιστεύεις</span> <span class='ocrx_word' id='word_1_954' title='bbox 3098 4075 3186 4139; x_wconf 79' lang='grc' dir='ltr'>εἰς</span> <span class='ocrx_word' id='word_1_955' title='bbox 3214 4072 3319 4127; x_wconf 73' lang='grc' dir='ltr'>τὸν</span> <span class='ocrx_word' id='word_1_956' title='bbox 3356 4072 3494 4126; x_wconf 78' lang='grc' dir='ltr'>Υἰὸν</span> <span class='ocrx_word' id='word_1_957' title='bbox 3524 4071 3630 4127; x_wconf 86' lang='grc' dir='ltr'>τοῦ</span> <span class='ocrx_word' id='word_1_958' title='bbox 3677 4072 3874 4137; x_wconf 80' lang='grc' dir='ltr'>Θεοῦ;</span> 
     </span>
    </p>
   </div>
   <div class='ocr_carea' id='block_1_119' title="bbox 2274 4148 3875 4221">
    <p class='ocr_par' dir='ltr' id='par_1_119' title="bbox 2274 4148 3875 4221">
     <span class='ocr_line' id='line_1_120' title="bbox 2274 4148 3875 4221; baseline 0.004 -21"><span class='ocrx_word' id='word_1_959' title='bbox 2274 4148 2451 4217; x_wconf 84' lang='grc' dir='ltr'>λέγει·</span> <span class='ocrx_word' id='word_1_960' title='bbox 2488 4151 2687 4217; x_wconf 79' lang='grc' dir='ltr'>Κύριε,</span> <span class='ocrx_word' id='word_1_961' title='bbox 2723 4152 2823 4205; x_wconf 81' lang='grc' dir='ltr'>καί</span> <span class='ocrx_word' id='word_1_962' title='bbox 2870 4153 2961 4217; x_wconf 87' lang='grc' dir='ltr'>τίς</span> <span class='ocrx_word' id='word_1_963' title='bbox 3013 4153 3213 4213; x_wconf 62' lang='grc' dir='ltr'>ἐστιν-ς</span> <span class='ocrx_word' id='word_1_964' title='bbox 3267 4150 3495 4207; x_wconf 84' lang='grc' dir='ltr'>Οὐδέπω</span> <span class='ocrx_word' id='word_1_965' title='bbox 3540 4149 3652 4221; x_wconf 86' lang='grc' dir='ltr'>γὰρ</span> <span class='ocrx_word' id='word_1_966' title='bbox 3701 4150 3875 4207; x_wconf 78' lang='grc' dir='ltr'>αὐτὸν</span> 
     </span>
    </p>
   </div>
   <div class='ocr_carea' id='block_1_120' title="bbox 2274 4224 3872 4301">
    <p class='ocr_par' dir='ltr' id='par_1_120' title="bbox 2274 4224 3872 4301">
     <span class='ocr_line' id='line_1_121' title="bbox 2274 4224 3872 4301; baseline 0.004 -24"><span class='ocrx_word' id='word_1_967' title='bbox 2274 4226 2412 4297; x_wconf 68' lang='grc' dir='ltr'>ᾔδει,</span> <span class='ocrx_word' id='word_1_968' title='bbox 2442 4227 2621 4281; x_wconf 84' lang='grc' dir='ltr'>καίτοι</span> <span class='ocrx_word' id='word_1_969' title='bbox 2652 4228 3144 4299; x_wconf 85' lang='grc' dir='ltr'>τεθεραπευμένος.</span> <span class='ocrx_word' id='word_1_970' title='bbox 3172 4226 3386 4295; x_wconf 82' lang='grc' dir='ltr'>Τυφλδς</span> <span class='ocrx_word' id='word_1_971' title='bbox 3418 4228 3528 4298; x_wconf 77' lang='grc' dir='ltr'>γὰρ</span> <span class='ocrx_word' id='word_1_972' title='bbox 3552 4224 3642 4299; x_wconf 79' lang='grc' dir='ltr'>ἦν.</span> <span class='ocrx_word' id='word_1_973' title='bbox 3670 4230 3804 4301; x_wconf 76' lang='grc' dir='ltr'>πρὶν</span> <span class='ocrx_word' id='word_1_974' title='bbox 3835 4230 3872 4301; x_wconf 79' lang='grc' dir='ltr'>ἢ</span> 
     </span>
    </p>
   </div>
   <div class='ocr_carea' id='block_1_121' title="bbox 2276 4304 3872 4379">
    <p class='ocr_par' dir='ltr' id='par_1_121' title="bbox 2276 4304 3872 4379">
     <span class='ocr_line' id='line_1_122' title="bbox 2276 4304 3872 4379; baseline 0.004 -23"><span class='ocrx_word' id='word_1_975' title='bbox 2276 4304 2416 4374; x_wconf 81' lang='grc' dir='ltr'>πρὸς</span> <span class='ocrx_word' id='word_1_976' title='bbox 2444 4305 2536 4358; x_wconf 82' lang='grc' dir='ltr'>τὸν</span> <span class='ocrx_word' id='word_1_977' title='bbox 2565 4306 2861 4377; x_wconf 82' lang='grc' dir='ltr'>εὐεργέτην</span> <span class='ocrx_word' id='word_1_978' title='bbox 2903 4306 3101 4370; x_wconf 88' lang='grc' dir='ltr'>ἐλθεῖν,</span> <span class='ocrx_word' id='word_1_979' title='bbox 3131 4307 3225 4359; x_wconf 87' lang='lat'><em>1:61</em></span> <span class='ocrx_word' id='word_1_980' title='bbox 3266 4306 3404 4376; x_wconf 79' lang='grc' dir='ltr'>μετὰ</span> <span class='ocrx_word' id='word_1_981' title='bbox 3434 4307 3535 4379; x_wconf 81' lang='grc' dir='ltr'>τὴν</span> <span class='ocrx_word' id='word_1_982' title='bbox 3583 4308 3731 4362; x_wconf 87' lang='grc' dir='ltr'>ῖασιν</span> <span class='ocrx_word' id='word_1_983' title='bbox 3761 4308 3872 4362; x_wconf 84' lang='lat'><em>61:6</em></span> 
     </span>
    </p>
   </div>
   <div class='ocr_carea' id='block_1_122' title="bbox 2276 4380 3871 4457">
    <p class='ocr_par' dir='ltr' id='par_1_122' title="bbox 2276 4380 3871 4457">
     <span class='ocr_line' id='line_1_123' title="bbox 2276 4380 3871 4457; baseline 0.005 -23"><span class='ocrx_word' id='word_1_984' title='bbox 2276 4380 2387 4435; x_wconf 86' lang='grc' dir='ltr'>τῶν</span> <span class='ocrx_word' id='word_1_985' title='bbox 2433 4382 2612 4437; x_wconf 88' lang='grc' dir='ltr'>κυνῶν</span> <span class='ocrx_word' id='word_1_986' title='bbox 2657 4386 2882 4438; x_wconf 83' lang='grc' dir='ltr'>ἐκείνων</span> <span class='ocrx_word' id='word_1_987' title='bbox 2935 4384 3297 4455; x_wconf 88' lang='grc' dir='ltr'>περιείλκετο.</span> <span class='ocrx_word' id='word_1_988' title='bbox 3337 4386 3601 4457; x_wconf 81' lang='grc' dir='ltr'>Καθάπερ</span> <span class='ocrx_word' id='word_1_989' title='bbox 3648 4382 3746 4442; x_wconf 81' lang='grc' dir='ltr'>οὖν</span> <span class='ocrx_word' id='word_1_990' title='bbox 3785 4404 3871 4451; x_wconf 84' lang='grc' dir='ltr'>τις</span> 
     </span>
    </p>
   </div>
   <div class='ocr_carea' id='block_1_123' title="bbox 2277 4460 3870 4533">
    <p class='ocr_par' dir='ltr' id='par_1_123' title="bbox 2277 4460 3870 4533">
     <span class='ocr_line' id='line_1_124' title="bbox 2277 4460 3870 4533; baseline 0.003 -19"><span class='ocrx_word' id='word_1_991' title='bbox 2277 4460 2623 4531; x_wconf 85' lang='grc' dir='ltr'>ἀγωνοθέτης</span> <span class='ocrx_word' id='word_1_992' title='bbox 2644 4502 2657 4528; x_wconf 90' lang='grc'>,</span> <span class='ocrx_word' id='word_1_993' title='bbox 2704 4462 2943 4533; x_wconf 79' lang='grc' dir='ltr'>ἀθλητήν</span> <span class='ocrx_word' id='word_1_994' title='bbox 2978 4462 3151 4516; x_wconf 87' lang='grc' dir='ltr'>πολλά</span> <span class='ocrx_word' id='word_1_995' title='bbox 3181 4464 3424 4533; x_wconf 89' lang='grc' dir='ltr'>καμόντα</span> <span class='ocrx_word' id='word_1_996' title='bbox 3454 4463 3548 4516; x_wconf 86' lang='lat'><em>1:61</em></span> <span class='ocrx_word' id='word_1_997' title='bbox 3588 4480 3870 4533; x_wconf 80' lang='grc' dir='ltr'>στεφανω-</span> 
     </span>
    </p>
   </div>
   <div class='ocr_carea' id='block_1_124' title="bbox 2278 4539 3870 4612">
    <p class='ocr_par' dir='ltr' id='par_1_124' title="bbox 2278 4539 3870 4612">
     <span class='ocr_line' id='line_1_125' title="bbox 2278 4539 3870 4612; baseline 0.003 -19"><span class='ocrx_word' id='word_1_998' title='bbox 2278 4539 2439 4593; x_wconf 86' lang='grc' dir='ltr'>θέντα</span> <span class='ocrx_word' id='word_1_999' title='bbox 2462 4541 2693 4609; x_wconf 85' lang='grc' dir='ltr'>δέχεται.</span> <span class='ocrx_word' id='word_1_1000' title='bbox 2719 4544 2828 4595; x_wconf 78' lang='grc' dir='ltr'>Καὶ</span> <span class='ocrx_word' id='word_1_1001' title='bbox 2850 4543 2905 4595; x_wconf 90' lang='grc' dir='ltr'>τί</span> <span class='ocrx_word' id='word_1_1002' title='bbox 2929 4560 3115 4612; x_wconf 83' lang='grc' dir='ltr'>φησιν,</span> <span class='ocrx_word' id='word_1_1003' title='bbox 3141 4540 3449 4607; x_wconf 82' lang='grc' dir='ltr'>Πιστεύεις</span> <span class='ocrx_word' id='word_1_1004' title='bbox 3471 4544 3560 4609; x_wconf 83' lang='grc' dir='ltr'>εἰς</span> <span class='ocrx_word' id='word_1_1005' title='bbox 3588 4542 3697 4596; x_wconf 74' lang='grc' dir='ltr'>τὸν</span> <span class='ocrx_word' id='word_1_1006' title='bbox 3731 4543 3870 4597; x_wconf 69' lang='grc' dir='ltr'>Υίὸν·</span> 
     </span>
    </p>
   </div>
   <div class='ocr_carea' id='block_1_125' title="bbox 2276 4618 3871 4693">
    <p class='ocr_par' dir='ltr' id='par_1_125' title="bbox 2276 4618 3871 4693">
     <span class='ocr_line' id='line_1_126' title="bbox 2276 4618 3871 4693; baseline 0.002 -22"><span class='ocrx_word' id='word_1_1007' title='bbox 2276 4618 2384 4673; x_wconf 85' lang='grc' dir='ltr'>τοῦ</span> <span class='ocrx_word' id='word_1_1008' title='bbox 2410 4619 2590 4683; x_wconf 83' lang='grc' dir='ltr'>Θεοῦ;</span> <span class='ocrx_word' id='word_1_1009' title='bbox 2622 4619 2687 4673; x_wconf 85' lang='grc' dir='ltr'>Τί</span> <span class='ocrx_word' id='word_1_1010' title='bbox 2707 4619 2898 4687; x_wconf 87' lang='grc' dir='ltr'>τοῦτο;</span> <span class='ocrx_word' id='word_1_1011' title='bbox 2936 4620 3091 4674; x_wconf 83' lang='grc' dir='ltr'>Μετὰ</span> <span class='ocrx_word' id='word_1_1012' title='bbox 3118 4619 3387 4689; x_wconf 87' lang='grc' dir='ltr'>τοσαύτην</span> <span class='ocrx_word' id='word_1_1013' title='bbox 3421 4620 3749 4692; x_wconf 76' lang='grc' dir='ltr'>ἀντίρρησιν</span> <span class='ocrx_word' id='word_1_1014' title='bbox 3768 4621 3871 4693; x_wconf 76' lang='grc' dir='ltr'>τὴν</span> 
     </span>
    </p>
   </div>
   <div class='ocr_carea' id='block_1_126' title="bbox 2277 4696 3870 4770">
    <p class='ocr_par' dir='ltr' id='par_1_126' title="bbox 2277 4696 3870 4770">
     <span class='ocr_line' id='line_1_127' title="bbox 2277 4696 3870 4770; baseline 0.001 -21"><span class='ocrx_word' id='word_1_1015' title='bbox 2277 4696 2415 4766; x_wconf 86' lang='grc' dir='ltr'>πρὸς</span> <span class='ocrx_word' id='word_1_1016' title='bbox 2440 4697 2569 4759; x_wconf 86' lang='grc' dir='ltr'>τούς</span> <span class='ocrx_word' id='word_1_1017' title='bbox 2602 4697 2908 4761; x_wconf 83' lang='grc' dir='ltr'>Ἰουδαίους,</span> <span class='ocrx_word' id='word_1_1018' title='bbox 2947 4698 3085 4767; x_wconf 86' lang='grc' dir='ltr'>μετά</span> <span class='ocrx_word' id='word_1_1019' title='bbox 3118 4698 3356 4751; x_wconf 80' lang='grc' dir='ltr'>τοσαῦτα</span> <span class='ocrx_word' id='word_1_1020' title='bbox 3384 4697 3629 4768; x_wconf 81' lang='grc' dir='ltr'>ῥήματα,</span> <span class='ocrx_word' id='word_1_1021' title='bbox 3660 4700 3870 4770; x_wconf 70' lang='grc' dir='ltr'>ἐρωτᾷ,</span> 
     </span>
    </p>
   </div>
   <div class='ocr_carea' id='block_1_127' title="bbox 2280 4773 3874 4846">
    <p class='ocr_par' dir='ltr' id='par_1_127' title="bbox 2280 4773 3874 4846">
     <span class='ocr_line' id='line_1_128' title="bbox 2280 4773 3874 4846; baseline 0.003 -19"><span class='ocrx_word' id='word_1_1022' title='bbox 2280 4773 2343 4827; x_wconf 86' lang='grc' dir='ltr'>Εἰ</span> <span class='ocrx_word' id='word_1_1023' title='bbox 2374 4776 2686 4838; x_wconf 88' lang='grc' dir='ltr'>πιστεύεις;</span> <span class='ocrx_word' id='word_1_1024' title='bbox 2734 4777 2833 4829; x_wconf 85' lang='grc' dir='ltr'>οὐκ</span> <span class='ocrx_word' id='word_1_1025' title='bbox 2878 4777 3110 4844; x_wconf 87' lang='grc' dir='ltr'>ἀγνοῶν,</span> <span class='ocrx_word' id='word_1_1026' title='bbox 3137 4776 3275 4829; x_wconf 85' lang='grc' dir='ltr'>ἀλλὰ</span> <span class='ocrx_word' id='word_1_1027' title='bbox 3316 4776 3641 4846; x_wconf 81' lang='grc' dir='ltr'>βουλόμενος</span> <span class='ocrx_word' id='word_1_1028' title='bbox 3674 4776 3874 4832; x_wconf 69' lang='grc' dir='ltr'>ἐαυτὸν</span> 
     </span>
    </p>
   </div>
   <div class='ocr_carea' id='block_1_128' title="bbox 2278 4853 3877 4926">
    <p class='ocr_par' dir='ltr' id='par_1_128' title="bbox 2278 4853 3877 4926">
     <span class='ocr_line' id='line_1_129' title="bbox 2278 4853 3877 4926; baseline 0.005 -23"><span class='ocrx_word' id='word_1_1029' title='bbox 2278 4853 2571 4923; x_wconf 91' lang='grc' dir='ltr'>γνωρίσαι,</span> <span class='ocrx_word' id='word_1_1030' title='bbox 2603 4856 2699 4907; x_wconf 80' lang='grc' dir='ltr'>καὶ</span> <span class='ocrx_word' id='word_1_1031' title='bbox 2731 4854 2969 4918; x_wconf 84' lang='grc' dir='ltr'>δεικνὺς,</span> <span class='ocrx_word' id='word_1_1032' title='bbox 3009 4857 3092 4908; x_wconf 86' lang='grc' dir='ltr'>ὃτι</span> <span class='ocrx_word' id='word_1_1033' title='bbox 3133 4854 3333 4908; x_wconf 87' lang='grc' dir='ltr'>πολλοῦ</span> <span class='ocrx_word' id='word_1_1034' title='bbox 3364 4855 3593 4925; x_wconf 75' lang='grc' dir='ltr'>τιμᾶται</span> <span class='ocrx_word' id='word_1_1035' title='bbox 3626 4854 3725 4926; x_wconf 80' lang='grc' dir='ltr'>τὴν</span> <span class='ocrx_word' id='word_1_1036' title='bbox 3774 4858 3877 4911; x_wconf 84' lang='grc' dir='ltr'>αὐ-</span> 
     </span>
    </p>
   </div>
   <div class='ocr_carea' id='block_1_129' title="bbox 2278 4930 3871 5003">
    <p class='ocr_par' dir='ltr' id='par_1_129' title="bbox 2278 4930 3871 5003">
     <span class='ocr_line' id='line_1_130' title="bbox 2278 4930 3871 5003; baseline 0.004 -22"><span class='ocrx_word' id='word_1_1037' title='bbox 2278 4930 2371 4982; x_wconf 88' lang='grc' dir='ltr'>τοῦ</span> <span class='ocrx_word' id='word_1_1038' title='bbox 2408 4931 2610 4984; x_wconf 90' lang='grc' dir='ltr'>πίστιν.</span> <span class='ocrx_word' id='word_1_1039' title='bbox 2641 4932 2869 5003; x_wconf 81' lang='grc' dir='ltr'>’Υϐρισέ</span> <span class='ocrx_word' id='word_1_1040' title='bbox 2901 4950 2967 5003; x_wconf 90' lang='grc' dir='ltr'>με</span> <span class='ocrx_word' id='word_1_1041' title='bbox 3012 4934 3180 5003; x_wconf 79' lang='grc' dir='ltr'>δῆμος</span> <span class='ocrx_word' id='word_1_1042' title='bbox 3216 4931 3488 4997; x_wconf 88' lang='grc' dir='ltr'>τοσοῦτος,</span> <span class='ocrx_word' id='word_1_1043' title='bbox 3529 4932 3719 5003; x_wconf 76' lang='grc' dir='ltr'>φησὶν,</span> <span class='ocrx_word' id='word_1_1044' title='bbox 3752 4933 3871 4989; x_wconf 79' lang='grc' dir='ltr'>ἀλλ’</span> 
     </span>
    </p>
   </div>
   <div class='ocr_carea' id='block_1_130' title="bbox 2279 5008 3874 5081">
    <p class='ocr_par' dir='ltr' id='par_1_130' title="bbox 2279 5008 3874 5081">
     <span class='ocr_line' id='line_1_131' title="bbox 2279 5008 3874 5081; baseline 0.004 -21"><span class='ocrx_word' id='word_1_1045' title='bbox 2279 5008 2452 5071; x_wconf 80' lang='grc' dir='ltr'>οὐδεὶς</span> <span class='ocrx_word' id='word_1_1046' title='bbox 2492 5010 2617 5080; x_wconf 67' lang='grc' dir='ltr'>ἐμοὶ</span> <span class='ocrx_word' id='word_1_1047' title='bbox 2646 5011 2802 5079; x_wconf 88' lang='grc' dir='ltr'>λόγος</span> <span class='ocrx_word' id='word_1_1048' title='bbox 2847 5012 3105 5065; x_wconf 80' lang='grc' dir='ltr'>ἐκείνων·</span> <span class='ocrx_word' id='word_1_1049' title='bbox 3150 5012 3268 5073; x_wconf 81' lang='grc' dir='ltr'>ἐνός</span> <span class='ocrx_word' id='word_1_1050' title='bbox 3317 5028 3409 5080; x_wconf 91' lang='grc' dir='ltr'>μοι</span> <span class='ocrx_word' id='word_1_1051' title='bbox 3457 5010 3638 5081; x_wconf 82' lang='grc' dir='ltr'>μέλει,</span> <span class='ocrx_word' id='word_1_1052' title='bbox 3671 5011 3769 5066; x_wconf 88' lang='grc' dir='ltr'>τοῦ</span> <span class='ocrx_word' id='word_1_1053' title='bbox 3811 5014 3874 5067; x_wconf 74' lang='grc' dir='ltr'>σέ</span> 
     </span>
    </p>
   </div>
   <div class='ocr_carea' id='block_1_131' title="bbox 2281 5085 3872 5161">
    <p class='ocr_par' dir='ltr' id='par_1_131' title="bbox 2281 5085 3872 5161">
     <span class='ocr_line' id='line_1_132' title="bbox 2281 5085 3872 5161; baseline 0.004 -23"><span class='ocrx_word' id='word_1_1054' title='bbox 2281 5085 2589 5141; x_wconf 89' lang='grc' dir='ltr'>πιστεῦσαι.</span> <span class='ocrx_word' id='word_1_1055' title='bbox 2641 5088 2907 5159; x_wconf 78' lang='grc' dir='ltr'>Κρεῖττον</span> <span class='ocrx_word' id='word_1_1056' title='bbox 2941 5089 3051 5161; x_wconf 88' lang='grc' dir='ltr'>γάρ</span> <span class='ocrx_word' id='word_1_1057' title='bbox 3096 5086 3177 5152; x_wconf 78' lang='grc' dir='ltr'>εἷς</span> <span class='ocrx_word' id='word_1_1058' title='bbox 3221 5089 3393 5142; x_wconf 73' lang='grc' dir='ltr'>ποιιῖιν</span> <span class='ocrx_word' id='word_1_1059' title='bbox 3424 5088 3486 5142; x_wconf 89' lang='lat'>:6</span> <span class='ocrx_word' id='word_1_1060' title='bbox 3525 5088 3741 5160; x_wconf 81' lang='grc' dir='ltr'>θέλημα</span> <span class='ocrx_word' id='word_1_1061' title='bbox 3775 5091 3872 5145; x_wconf 87' lang='grc' dir='ltr'>τοῦ</span> 
     </span>
    </p>
   </div>
   <div class='ocr_carea' id='block_1_132' title="bbox 2286 5164 3873 5237">
    <p class='ocr_par' dir='ltr' id='par_1_132' title="bbox 2286 5164 3873 5237">
     <span class='ocr_line' id='line_1_133' title="bbox 2286 5164 3873 5237; baseline 0.004 -20"><span class='ocrx_word' id='word_1_1062' title='bbox 2286 5164 2514 5236; x_wconf 82' lang='grc' dir='ltr'>Κυρίου.</span> <span class='ocrx_word' id='word_1_1063' title='bbox 2541 5166 2573 5235; x_wconf 75' lang='grc' dir='ltr'>ἦ</span> <span class='ocrx_word' id='word_1_1064' title='bbox 2614 5168 2799 5237; x_wconf 90' lang='grc' dir='ltr'>μυρίοι</span> <span class='ocrx_word' id='word_1_1065' title='bbox 2829 5168 3155 5237; x_wconf 85' lang='grc' dir='ltr'>παράνομοι.</span> <span class='ocrx_word' id='word_1_1066' title='bbox 3187 5166 3272 5221; x_wconf 84' lang='grc' dir='ltr'>Σὺ</span> <span class='ocrx_word' id='word_1_1067' title='bbox 3306 5166 3612 5233; x_wconf 83' lang='grc' dir='ltr'>πιστεύεις</span> <span class='ocrx_word' id='word_1_1068' title='bbox 3640 5170 3731 5233; x_wconf 74' lang='grc' dir='ltr'>είς</span> <span class='ocrx_word' id='word_1_1069' title='bbox 3766 5168 3873 5223; x_wconf 75' lang='grc' dir='ltr'>τὸν</span> 
     </span>
    </p>
   </div>
   <div class='ocr_carea' id='block_1_133' title="bbox 2298 5244 3872 5317">
    <p class='ocr_par' dir='ltr' id='par_1_133' title="bbox 2298 5244 3872 5317">
     <span class='ocr_line' id='line_1_134' title="bbox 2298 5244 3872 5317; baseline 0.001 -21"><span class='ocrx_word' id='word_1_1070' title='bbox 2298 5244 2432 5298; x_wconf 82' lang='grc' dir='ltr'>Υίὸν</span> <span class='ocrx_word' id='word_1_1071' title='bbox 2479 5246 2584 5299; x_wconf 84' lang='grc' dir='ltr'>τοῦ</span> <span class='ocrx_word' id='word_1_1072' title='bbox 2615 5246 2796 5308; x_wconf 83' lang='grc' dir='ltr'>Θεοῦ;</span> <span class='ocrx_word' id='word_1_1073' title='bbox 2837 5246 2923 5310; x_wconf 83' lang='grc' dir='ltr'>Ὦς</span> <span class='ocrx_word' id='word_1_1074' title='bbox 2956 5247 3049 5300; x_wconf 79' lang='grc' dir='ltr'>καὶ</span> <span class='ocrx_word' id='word_1_1075' title='bbox 3084 5245 3296 5317; x_wconf 86' lang='grc' dir='ltr'>παρὼν,</span> <span class='ocrx_word' id='word_1_1076' title='bbox 3336 5246 3430 5299; x_wconf 80' lang='grc' dir='ltr'>καὶ</span> <span class='ocrx_word' id='word_1_1077' title='bbox 3470 5244 3872 5317; x_wconf 78' lang='grc' dir='ltr'>ἀποδεχόμενος</span> 
     </span>
    </p>
   </div>
   <div class='ocr_carea' id='block_1_134' title="bbox 2286 5321 3873 5396">
    <p class='ocr_par' dir='ltr' id='par_1_134' title="bbox 2286 5321 3873 5396">
     <span class='ocr_line' id='line_1_135' title="bbox 2286 5321 3873 5396; baseline 0.003 -21"><span class='ocrx_word' id='word_1_1078' title='bbox 2286 5321 2355 5375; x_wconf 79' lang='lat'>:6</span> <span class='ocrx_word' id='word_1_1079' title='bbox 2396 5324 2680 5393; x_wconf 82' lang='grc' dir='ltr'>εἰρημένα,</span> <span class='ocrx_word' id='word_1_1080' title='bbox 2718 5325 2889 5387; x_wconf 79' lang='grc' dir='ltr'>οὕτως</span> <span class='ocrx_word' id='word_1_1081' title='bbox 2917 5324 3078 5379; x_wconf 80' lang='grc' dir='ltr'>αὐτὸν</span> <span class='ocrx_word' id='word_1_1082' title='bbox 3104 5326 3314 5396; x_wconf 77' lang='grc' dir='ltr'>ἐρωτᾷ·</span> <span class='ocrx_word' id='word_1_1083' title='bbox 3348 5325 3443 5377; x_wconf 84' lang='grc' dir='ltr'>καὶ</span> <span class='ocrx_word' id='word_1_1084' title='bbox 3474 5323 3743 5395; x_wconf 88' lang='grc' dir='ltr'>πρότερον</span> <span class='ocrx_word' id='word_1_1085' title='bbox 3772 5326 3873 5379; x_wconf 67' lang='grc' dir='ltr'>αι’)⁴</span> 
     </span>
    </p>
   </div>
   <div class='ocr_carea' id='block_1_135' title="bbox 2285 5398 3874 5475">
    <p class='ocr_par' dir='ltr' id='par_1_135' title="bbox 2285 5398 3874 5475">
     <span class='ocr_line' id='line_1_136' title="bbox 2285 5398 3874 5475; baseline 0.001 -19"><span class='ocrx_word' id='word_1_1086' title='bbox 2285 5403 2376 5456; x_wconf 82' lang='grc' dir='ltr'>τὸν</span> <span class='ocrx_word' id='word_1_1087' title='bbox 2405 5403 2484 5466; x_wconf 94' lang='grc' dir='ltr'>εἰς</span> <span class='ocrx_word' id='word_1_1088' title='bbox 2518 5403 2682 5457; x_wconf 89' lang='grc' dir='ltr'>πόθον</span> <span class='ocrx_word' id='word_1_1089' title='bbox 2709 5403 2902 5458; x_wconf 82' lang='grc' dir='ltr'>ἐαυτοῦ</span> <span class='ocrx_word' id='word_1_1090' title='bbox 2930 5405 3283 5475; x_wconf 77' lang='grc' dir='ltr'>κατέστησεν.</span> <span class='ocrx_word' id='word_1_1091' title='bbox 3314 5405 3391 5457; x_wconf 84' lang='grc' dir='ltr'>υύ</span> <span class='ocrx_word' id='word_1_1092' title='bbox 3420 5403 3531 5473; x_wconf 84' lang='grc' dir='ltr'>γὰρ</span> <span class='ocrx_word' id='word_1_1093' title='bbox 3560 5398 3737 5466; x_wconf 76' lang='grc' dir='ltr'>εἶπεν,</span> <span class='ocrx_word' id='word_1_1094' title='bbox 3768 5405 3874 5458; x_wconf 81' lang='lat' dir='ltr'>E6-</span> 
     </span>
    </p>
   </div>
   <div class='ocr_carea' id='block_1_136' title="bbox 2287 5476 3869 5554">
    <p class='ocr_par' dir='ltr' id='par_1_136' title="bbox 2287 5476 3869 5554">
     <span class='ocr_line' id='line_1_137' title="bbox 2287 5476 3869 5554; baseline 0 -18"><span class='ocrx_word' id='word_1_1095' title='bbox 2287 5483 2424 5545; x_wconf 84' lang='grc' dir='ltr'>θέως</span> <span class='ocrx_word' id='word_1_1096' title='bbox 2458 5483 2763 5547; x_wconf 87' lang='grc' dir='ltr'>πίστευσον,</span> <span class='ocrx_word' id='word_1_1097' title='bbox 2787 5484 2923 5537; x_wconf 91' lang='grc' dir='ltr'>ἀλλά</span> <span class='ocrx_word' id='word_1_1098' title='bbox 2950 5484 3072 5537; x_wconf 80' lang='grc' dir='ltr'>κατ’</span> <span class='ocrx_word' id='word_1_1099' title='bbox 3102 5482 3391 5554; x_wconf 82' lang='grc' dir='ltr'>ἐρώτησιν.</span> <span class='ocrx_word' id='word_1_1100' title='bbox 3420 5481 3485 5533; x_wconf 86' lang='grc' dir='ltr'>Τί</span> <span class='ocrx_word' id='word_1_1101' title='bbox 3516 5476 3609 5535; x_wconf 81' lang='grc' dir='ltr'>οὖν</span> <span class='ocrx_word' id='word_1_1102' title='bbox 3632 5485 3869 5547; x_wconf 55' lang='grc' dir='ltr'>ἐκεῖνος</span> 
     </span>
    </p>
   </div>
   <div class='ocr_carea' id='block_1_137' title="bbox 2283 5561 3870 5629">
    <p class='ocr_par' dir='ltr' id='par_1_137' title="bbox 2283 5561 3870 5629">
     <span class='ocr_line' id='line_1_138' title="bbox 2283 5561 3870 5629; baseline 0 -14"><span class='ocrx_word' id='word_1_1103' title='bbox 2283 5561 2391 5615; x_wconf 61' lang='grc' dir='ltr'>Καὶ</span> <span class='ocrx_word' id='word_1_1104' title='bbox 2438 5561 2530 5627; x_wconf 80' lang='grc' dir='ltr'>τις</span> <span class='ocrx_word' id='word_1_1105' title='bbox 2563 5562 2714 5627; x_wconf 77' lang='grc' dir='ltr'>ἐστι,</span> <span class='ocrx_word' id='word_1_1106' title='bbox 2744 5563 2956 5629; x_wconf 83' lang='grc' dir='ltr'>Κύριε,</span> <span class='ocrx_word' id='word_1_1107' title='bbox 3004 5563 3106 5615; x_wconf 74' lang='grc' dir='ltr'>ἵνα</span> <span class='ocrx_word' id='word_1_1108' title='bbox 3150 5561 3461 5614; x_wconf 71' lang='grc' dir='ltr'>πιστεύσω</span> <span class='ocrx_word' id='word_1_1109' title='bbox 3521 5563 3607 5627; x_wconf 83' lang='grc' dir='ltr'>εἰς</span> <span class='ocrx_word' id='word_1_1110' title='bbox 3642 5563 3870 5625; x_wconf 65' lang='grc' dir='ltr'>αὐτόνξ</span> 
     </span>
    </p>
   </div>
   <div class='ocr_carea' id='block_1_138' title="bbox 2280 5636 3867 5712">
    <p class='ocr_par' dir='ltr' id='par_1_138' title="bbox 2280 5636 3867 5712">
     <span class='ocr_line' id='line_1_139' title="bbox 2280 5636 3867 5712; baseline 0.003 -20"><span class='ocrx_word' id='word_1_1111' title='bbox 2280 5636 2563 5708; x_wconf 79' lang='grc' dir='ltr'>Ποθούσης</span> <span class='ocrx_word' id='word_1_1112' title='bbox 2599 5642 2694 5694; x_wconf 81' lang='grc' dir='ltr'>καὶ</span> <span class='ocrx_word' id='word_1_1113' title='bbox 2728 5642 2932 5712; x_wconf 82' lang='grc' dir='ltr'>σφόδρα</span> <span class='ocrx_word' id='word_1_1114' title='bbox 2964 5639 3329 5711; x_wconf 79' lang='grc' dir='ltr'>ἐπιζητούσης</span> <span class='ocrx_word' id='word_1_1115' title='bbox 3373 5639 3553 5709; x_wconf 76' lang='grc' dir='ltr'>ψυχῆς</span> <span class='ocrx_word' id='word_1_1116' title='bbox 3592 5640 3654 5693; x_wconf 88' lang='lat'>:6</span> <span class='ocrx_word' id='word_1_1117' title='bbox 3694 5642 3867 5711; x_wconf 81' lang='grc' dir='ltr'>ρήμα.</span> 
     </span>
    </p>
   </div>
   <div class='ocr_carea' id='block_1_139' title="bbox 2294 5714 3870 5793">
    <p class='ocr_par' dir='ltr' id='par_1_139' title="bbox 2294 5714 3870 5793">
     <span class='ocr_line' id='line_1_140' title="bbox 2294 5714 3870 5793; baseline 0.002 -23"><span class='ocrx_word' id='word_1_1118' title='bbox 2294 5718 2463 5789; x_wconf 73' lang='grc' dir='ltr'>’Υπὲρ</span> <span class='ocrx_word' id='word_1_1119' title='bbox 2487 5714 2549 5771; x_wconf 81' lang='lat'>06</span> <span class='ocrx_word' id='word_1_1120' title='bbox 2578 5719 2816 5774; x_wconf 81' lang='grc' dir='ltr'>τοσαῦτα</span> <span class='ocrx_word' id='word_1_1121' title='bbox 2836 5719 3105 5789; x_wconf 82' lang='grc' dir='ltr'>διελέχθη,</span> <span class='ocrx_word' id='word_1_1122' title='bbox 3128 5717 3319 5793; x_wconf 72' lang='grc' dir='ltr'>τοῦτον</span> <span class='ocrx_word' id='word_1_1123' title='bbox 3344 5720 3546 5786; x_wconf 86' lang='grc' dir='ltr'>ἀγνοεῖ,</span> <span class='ocrx_word' id='word_1_1124' title='bbox 3574 5718 3659 5771; x_wconf 82' lang='grc' dir='ltr'>ἴνα</span> <span class='ocrx_word' id='word_1_1125' title='bbox 3690 5720 3870 5793; x_wconf 79' lang='grc' dir='ltr'>μάθῃς</span> 
     </span>
    </p>
   </div>
   <div class='ocr_carea' id='block_1_140' title="bbox 2281 5790 3864 5869">
    <p class='ocr_par' dir='ltr' id='par_1_140' title="bbox 2281 5790 3864 5869">
     <span class='ocr_line' id='line_1_141' title="bbox 2281 5790 3864 5869; baseline 0.003 -20"><span class='ocrx_word' id='word_1_1126' title='bbox 2281 5795 2447 5850; x_wconf 84' lang='grc' dir='ltr'>αὐτοῦ</span> <span class='ocrx_word' id='word_1_1127' title='bbox 2479 5798 2541 5851; x_wconf 89' lang='lat'>:6</span> <span class='ocrx_word' id='word_1_1128' title='bbox 2568 5798 2881 5867; x_wconf 85' lang='grc' dir='ltr'>φιλάληθες.</span> <span class='ocrx_word' id='word_1_1129' title='bbox 2926 5796 3094 5850; x_wconf 83' lang='grc' dir='ltr'>υῦπω</span> <span class='ocrx_word' id='word_1_1130' title='bbox 3131 5795 3240 5869; x_wconf 82' lang='grc' dir='ltr'>γὰρ</span> <span class='ocrx_word' id='word_1_1131' title='bbox 3268 5790 3335 5865; x_wconf 76' lang='grc' dir='ltr'>ἦν</span> <span class='ocrx_word' id='word_1_1132' title='bbox 3383 5795 3547 5849; x_wconf 82' lang='grc' dir='ltr'>αὐτὸν</span> 
     </span>
    </p>
   </div>
   <div class='ocr_carea' id='block_1_141' title="bbox 2281 5873 3866 5945">
    <p class='ocr_par' dir='ltr' id='par_1_141' title="bbox 2281 5873 3866 5945">
     <span class='ocr_line' id='line_1_142' title="bbox 2281 5873 3866 5945; baseline 0.001 -16"><span class='ocrx_word' id='word_1_1133' title='bbox 2281 5876 2451 5945; x_wconf 78' lang='grc' dir='ltr'>Λέγει</span> <span class='ocrx_word' id='word_1_1134' title='bbox 2503 5876 2692 5942; x_wconf 82' lang='grc' dir='ltr'>αὐτῷ·</span> <span class='ocrx_word' id='word_1_1135' title='bbox 2740 5877 2850 5931; x_wconf 71' lang='grc' dir='ltr'>Καὶ</span> <span class='ocrx_word' id='word_1_1136' title='bbox 2884 5877 3149 5944; x_wconf 79' lang='grc' dir='ltr'>ἑώρακας</span> <span class='ocrx_word' id='word_1_1137' title='bbox 3198 5873 3404 5936; x_wconf 80' lang='grc' dir='ltr'>αὐτὸν,</span> <span class='ocrx_word' id='word_1_1138' title='bbox 3450 5876 3548 5929; x_wconf 80' lang='grc' dir='ltr'>καί</span> <span class='ocrx_word' id='word_1_1139' title='bbox 3592 5878 3625 5928; x_wconf 84' lang='grc' dir='ltr'>ό</span> <span class='ocrx_word' id='word_1_1140' title='bbox 3655 5876 3866 5931; x_wconf 63' lang='grc' dir='ltr'>λαλῶν</span> 
     </span>
    </p>
   </div>
   <div class='ocr_carea' id='block_1_142' title="bbox 2280 5948 3857 6026">
    <p class='ocr_par' dir='ltr' id='par_1_142' title="bbox 2280 5948 3857 6026">
     <span class='ocr_line' id='line_1_143' title="bbox 2280 5948 3857 6026; baseline -0.002 -15"><span class='ocrx_word' id='word_1_1141' title='bbox 2280 5958 2427 6025; x_wconf 81' lang='grc' dir='ltr'>μετὰ</span> <span class='ocrx_word' id='word_1_1142' title='bbox 2462 5957 2598 6023; x_wconf 89' lang='grc' dir='ltr'>σοῦ,</span> <span class='ocrx_word' id='word_1_1143' title='bbox 2644 5956 2875 6024; x_wconf 81' lang='grc' dir='ltr'>ἐκεῖνός</span> <span class='ocrx_word' id='word_1_1144' title='bbox 2918 5958 3106 6010; x_wconf 80' lang='grc' dir='ltr'>ἐστιν.</span> <span class='ocrx_word' id='word_1_1145' title='bbox 3141 5954 3252 6005; x_wconf 88' lang='grc' dir='ltr'>Οὐκ</span> <span class='ocrx_word' id='word_1_1146' title='bbox 3304 5948 3477 6019; x_wconf 69' lang='grc' dir='ltr'>εἶπεν,</span> <span class='ocrx_word' id='word_1_1147' title='bbox 3522 5954 3663 6022; x_wconf 70' lang='grc' dir='ltr'>Ἐγώ</span> <span class='ocrx_word' id='word_1_1148' title='bbox 3708 5956 3857 6026; x_wconf 72' lang='grc' dir='ltr'>εἶμι·</span> 
     </span>
    </p>
   </div>
  </div>
