4054 6424
171 361 280 422 ﬁt

170 475 484 547 impendete
507 512 523 537 ,
552 478 610 526 t‘u
634 468 688 524 in
719 460 1045 522 clamoribus
1062 499 1078 526 ,
1109 457 1161 512 in
1181 453 1422 547 tumultu
1443 491 1459 517 ,
1487 445 1763 547 obscaenis

169 538 345 622 verbis
363 605 380 630 ,
412 560 602 634 pugnis
623 597 642 622 ,
690 549 1084 624 intempestivis
1113 543 1473 634 voluptatibus
1497 582 1514 607 ,
1547 538 1762 634 praesti-

164 658 300 731 giis,
331 631 503 711 totam
528 652 688 706 vitam
719 642 1033 706 consumis;
1072 639 1231 708 idque
1253 633 1450 690 frustra
1479 641 1534 687 et
1555 631 1608 684 in
1639 643 1760 731 per-

168 715 368 804 niciem
409 754 579 800 tuam.
625 741 694 796 Et
721 744 842 808 post
865 733 984 790 htec
1029 729 1211 784 omnia
1239 726 1574 794 interrogas,
1621 715 1766 789 quod

163 840 240 893 ait
266 836 529 892 damnum
558 849 572 886 :
600 842 775 898 neque
796 821 1073 892 intelligis,
1093 816 1227 873 nihil
1253 814 1466 886 parcius
1494 812 1769 866 insumen«

167 925 301 983 dum
331 938 456 981 esse
485 936 645 993 quam
673 927 885 985 tempus
907 914 948 966 ⁸.
981 913 1187 965 Aurum
1214 907 1259 962 si
1287 901 1648 974 impenderis.
1679 909 1772 954 re-

170 1030 437 1088 cuperare
458 1011 691 1084 poteris;
713 1006 974 1090 amissum
992 1011 1203 1072 tempus
1222 994 1442 1051 difﬁcile
1456 1003 1758 1063 recuperes.

173 1087 347 1167 Breve
372 1118 606 1174 nanque
631 1102 749 1172 ejus
789 1087 1018 1170 spatium
1042 1094 1095 1148 in
1121 1091 1222 1148 hac
1248 1090 1356 1146 vita
1398 1087 1555 1143 nobis
1578 1097 1772 1141 conce-

174 1202 362 1267 ditur;
392 1213 500 1270 quo
531 1196 634 1252 nisi
671 1201 728 1249 ut
759 1207 854 1262 par
879 1197 964 1246 est
1002 1195 1249 1251 utamur,
1292 1179 1422 1253 quid
1466 1177 1772 1270 illo-adve-

178 1267 728 1348 trientes—dicemus?
775 1281 910 1348 Dic,
959 1289 1146 1348 quaeso
1172 1315 1187 1340 ,
1236 1274 1281 1328 si
1330 1284 1492 1342 quem
1543 1267 1775 1322 ﬁliorum

177 1392 395 1438 tuorum
418 1377 642 1449 iuberes
667 1380 840 1429 artem
885 1368 1193 1440 quampiam
1222 1363 1498 1428 ediscere,
1529 1359 1618 1418 ille
1644 1372 1777 1413 vero

179 1472 268 1527 vel
311 1467 462 1525 domi
500 1467 586 1522 vel
611 1463 742 1520 alibi
782 1470 996 1530 tempus
1037 1464 1268 1522 tereret,
1300 1467 1481 1509 annon
1525 1450 1779 1521 magister

177 1559 331 1619 illum
380 1555 658 1613 deferret?
688 1565 866 1608 annon
905 1550 1110 1606 diceret
1136 1547 1228 1601 tibi
1261 1563 1275 1600 :
1307 1543 1526 1599 Pactum
1567 1555 1778 1596 mecum

182 1653 386 1720 scripto
415 1646 621 1711 fecisti,
655 1653 974 1714 tempusque
1003 1637 1288 1694 deﬁnivisti
1334 1653 1347 1689 :
1387 1634 1432 1690 si
1461 1648 1588 1688 vero
1641 1631 1786 1686 ﬁlius

185 1755 311 1801 tuus
336 1756 446 1798 non
475 1739 607 1796 velit
648 1747 860 1807 tempus
897 1730 1039 1804 apud
1069 1745 1170 1786 nos
1196 1731 1506 1791 insumere,
1534 1723 1630 1781 sed
1655 1723 1782 1778 alibi

185 1846 365 1892 terere
388 1873 404 1899 ,
431 1827 702 1903 quomodo
727 1824 1024 1898 poterimus
1063 1821 1161 1876 tibi
1187 1817 1511 1888 discipulum
1548 1814 1784 1872 sistere?

187 1925 320 1981 Haec
355 1937 456 1980 nos
486 1935 701 1993 quoque
743 1917 924 1973 dicere
967 1913 1234 1984 cogimur.
1263 1909 1398 1965 Nam
1443 1906 1592 1963 dicet
1630 1905 1788 1962 nobis

191 2015 334 2071 Deus
371 2030 386 2068 :
426 2011 662 2081 Tempus
690 2005 956 2076 assignavi
986 2003 1141 2060 vobis
1166 2043 1180 2069 ,
1208 2015 1317 2073 que
1361 1998 1578 2070 pietatis
1616 2003 1789 2052 artem

188 2104 537 2170 edisceretis;
584 2117 682 2159 cur
722 2099 924 2155 frustra
955 2105 1012 2153 et
1061 2095 1334 2150 incassum
1391 2099 1607 2160 tempus
1657 2087 1790 2143 illud

191 2195 558 2266 insumpsistis
573 2194 596 2248 ἓ
612 2207 712 2248 cur
731 2205 838 2246 non
859 2187 1173 2258 magistrum
1199 2183 1415 2239 assidue
1437 2180 1681 2237 adiistis‘l
1695 2195 1792 2235 cur

192 2286 354 2341 dictis
382 2298 492 2340 non
518 2279 863 2338 attendistis?
888 2276 1042 2346 Quod
1071 2275 1213 2331 enim
1235 2273 1407 2344 pietas
1435 2272 1505 2327 sit
1531 2286 1620 2327 ars
1641 2285 1792 2342 quat-

195 2376 354 2440 dam,
397 2373 520 2429 audi
553 2371 871 2443 prophetam
904 2368 1174 2425 dicentem
1206 2383 1219 2419 :
1277 2362 1454 2419 Venite
1476 2403 1492 2430 ,
1520 2362 1618 2432 ﬁlii
1640 2404 1657 2430 ,
1693 2377 1791 2415 au-

199 2466 306 2520 dite
331 2479 409 2518 me
426 2503 443 2531 ,
466 2463 698 2518 timorem
722 2459 940 2514 Domini
970 2457 1157 2512 docebo
1185 2471 1271 2511 vos
1301 2452 1491 2527 (Psal.
1530 2453 1621 2510 55.
1666 2451 1733 2508 12
1749 2450 1794 2524 );

203 2566 264 2612 et
301 2556 499 2610 iterum
518 2595 534 2619 ,
567 2551 756 2608 Beatus
779 2551 856 2605 vir
890 2566 1038 2621 quem
1064 2559 1118 2602 tu
1161 2545 1441 2611 erudieris,
1471 2543 1689 2599 Domine
1708 2584 1723 2609 ,
1752 2551 1799 2597 et

203 2651 267 2704 de
297 2647 408 2718 lege
447 2655 536 2700 tua
578 2645 812 2699 docueris
855 2659 971 2698 eum
1013 2639 1184 2713 (Psal.
1218 2639 1307 2694 95.
1347 2635 1457 2710 l2).
1488 2637 1622 2692 Cum
1669 2651 1799 2708 ergo

269 2781 288 2812 ί
324 2780 382 2830 In
405 2777 583 2840 iisdem
613 2777 694 2827 hic
708 2777 780 2827 sic
801 2775 1011 2840 habetur
1034 2770 1187 2828 locus,
1209 2781 1362 2840 neque
1385 2766 1612 2828 attendis,
1627 2773 1673 2819 te
1695 2781 1803 2820 ma-

203 2841 337 2895 οὐκ
357 2839 590 2904 temporis
610 2852 726 2890 usus
749 2835 987 2888 rationem
1007 2846 1110 2885 esse
1132 2833 1463 2882 redditurum.

1206 338 1271 396 IN
1306 333 1618 395 JOANNEM
1657 327 1888 387 llOlllL.
1933 320 2069 384 ῐΣΙΧὶ.
2110 325 2181 382 al.
2224 319 2406 379 LVIII.

3362 320 3479 378 529'
3501 336 3510 344 "

1872 448 2085 510 tenipus
2116 437 2378 493 inutiliter
2401 427 2804 505 consumpseris
2815 445 3032 504 '-,-quam
3062 437 3467 492 excusationem

1870 529 2139 585 habebis?
2169 527 2238 583 Et
2263 541 2380 594 cur,
2404 525 2618 594 inquies
2641 566 2658 592 ,
2690 523 2850 580 nobis
2875 525 3042 582 breve
3069 534 3282 595 tempus
3323 540 3465 594 pne-

1869 619 2128 692 scripsit?
2165 618 2210 675 0
2239 616 2638 688 insipientiam!
2667 629 2701 671 o
2731 615 3000 687 ingratum
3027 615 3307 672 animum?
3334 614 3468 682 Quia

1873 713 1968 768 tibi
2001 712 2215 768 labores
2243 711 2576 780 sudoresque
2604 708 2796 763 minuit
2821 749 2836 776 ,
2869 722 2934 764 ac
2963 709 3204 780 requiem
3233 707 3328 764 tibi
3354 708 3496 763 diu-~

1875 813 2086 859 turnam
2113 810 2168 858 et
2194 799 2552 857 immortalem
2584 798 2835 870 paravit,
2867 797 2992 855 ideo
3021 800 3236 855 incusas
3260 807 3317 856 et
3361 813 3478 853 mo-

1873 892 2008 948 leste
2029 891 2176 948 fers?
2197 891 2305 948 Sed
2326 891 2512 947 nescio
2538 888 2810 960 quomodo
2837 904 3146 946 sermonem
3171 888 3278 946 huc
3302 900 3480 945 trans-

1877 984 2118 1051 tulimus,
2143 991 2200 1040 et
2221 981 2424 1038 tamdiu
2451 996 2789 1051 peroramus.
2820 979 3164 1052 Quapropter
3179 981 3292 1052 jam
3318 981 3481 1040 finem

1878 1074 2062 1131 facere
2107 1088 2246 1145 opus
2278 1081 2381 1130 est.
2434 1071 2568 1128 Nam
2614 1070 2718 1127 hoc
2763 1085 2979 1142 quoque
3018 1071 3252 1128 miseriae
3282 1083 3485 1130 nostra:

1879 1164 2264 1232 tribuendum,
2312 1162 2452 1235 quod
2497 1163 2544 1218 si
2593 1161 2684 1218 hic
2740 1161 2901 1238 longa
2947 1162 3019 1218 sit
3073 1163 3287 1233 oratio,
3336 1163 3484 1220 illam

1880 1273 2070 1315 omnes
2115 1257 2474 1323 fastidiamus;
2509 1254 2623 1310 illic
2672 1269 2804 1311 vero
2832 1269 2865 1310 a
2908 1254 3136 1312 meridie
3165 1257 3276 1313 orsi
3302 1298 3318 1326 ,
3359 1273 3485 1314 cum

1881 1348 2118 1406 lucernis
2161 1346 2438 1404 recedant.
2492 1344 2695 1402 Verum
2745 1360 2816 1402 ne
2861 1359 3079 1416 semper
3129 1346 3442 1410 incusemus
3471 1390 3485 1413 ,

1882 1457 2136 1514 rogamus
2162 1455 2258 1496 vos
2286 1448 2343 1496 et
2376 1439 2726 1495 obsecramus
2757 1456 2772 1495 :
2819 1438 2958 1494 hanc
2986 1447 3040 1496 et
3069 1437 3225 1495 nobis
3253 1448 3311 1496 et
3335 1441 3489 1497 vobis

1885 1535 2113 1607 gratiam
2137 1531 2420 1590 concedite
2439 1573 2454 1597 ,
2484 1539 2543 1586 ut
2567 1530 2687 1586 aliis
2715 1530 2934 1586 omissis
2961 1529 3214 1586 omnibus
3239 1571 3254 1597 ,
3284 1531 3369 1587 his
3400 1533 3483 1587 in-

1887 1625 2229 1682 cumbamus.
2287 1621 2564 1693 Siquidem
2624 1621 2739 1676 huic
2789 1635 2858 1676 ex
2916 1619 3072 1676 vobis
3117 1620 3490 1691 lucrabimur,

1887 1715 2140 1787 gaudium
2164 1753 2182 1782 ,
2209 1713 2451 1768 laetitiam
2476 1752 2491 1776 ,
2522 1710 2736 1766 laudem
2762 1750 2778 1776 ,
2807 1709 3034 1781 gloriam
3061 1719 3119 1766 et
3159 1711 3492 1769 mercedem.

1890 1807 2087 1863 Totum
2113 1813 2294 1860 autem
2333 1801 2612 1874 prmmium
2643 1815 2740 1856 vos
2763 1799 3101 1856 lucrabimini
3122 1841 3139 1868 ,
3170 1800 3316 1872 quod
3342 1812 3496 1858 ante-

1894 1896 1997 1953 hac
2043 1893 2112 1950 ad
2157 1894 2394 1950 furorem
2443 1906 2615 1962 usque
2645 1889 2943 1947 orchestra:
2987 1889 3227 1958 addicti;
3281 1890 3354 1946 ob
3402 1891 3498 1947 Dei

1897 1985 2150 2042 timorem
2177 1993 2231 2040 et
2247 1981 2678 2040 cohortationem
2700 1990 2963 2048 nostram,
2987 1996 3086 2037 vos
3102 1981 3171 2038 ab
3192 1980 3499 2051 huiusmodi

1895 2075 2087 2132 morbo
2111 2073 2361 2131 emeritis
2380 2114 2395 2139 ,
2415 2081 2470 2128 et
2500 2071 2730 2127 vinculis
2755 2070 2947 2127 solutis
2967 2112 2982 2138 ,
3005 2070 3074 2126 ad
3113 2071 3288 2129 Deum
3311 2085 3504 2128 accur-

1897 2165 2098 2224 teritis.
2130 2164 2316 2236 Neque
2338 2163 2413 2220 ibi
2441 2162 2621 2219 solum
2648 2161 2954 2219 mercedem
2981 2163 3252 2234 recipietis
3275 2180 3291 2231 ;
3313 2178 3502 2221 verum

1898 2256 2062 2313 etiam
2091 2255 2144 2311 in
2175 2254 2280 2312 hac
2318 2253 2422 2310 vita
2456 2268 2638 2309 veram
2691 2253 3098 2324 consequemini
3149 2253 3504 2326 voluptatem.

1901 2347 2048 2404 Talis
2076 2348 2277 2419 quippe
2303 2346 2474 2402 virtus
2505 2353 2591 2402 est
2640 2363 2656 2402 :
2709 2355 2909 2416 printer
2937 2360 3170 2402 coronas
3217 2346 3375 2416 illas,
3421 2346 3512 2404 hie

1903 2454 2119 2513 quoque
2146 2453 2370 2497 suavem
2398 2438 2554 2496 nobis
2570 2438 2733 2493 vitam
2761 2449 2932 2508 parat.
2959 2437 3126 2494 Dictis
3144 2452 3275 2511 ergo
3299 2439 3511 2496 obtem-

1907 2546 2197 2604 peremus,
2225 2538 2284 2587 ut
2311 2529 2430 2586 hrcc
2469 2538 2525 2586 et
2554 2529 2643 2585 illa
2685 2542 3084 2600 consequamur
3125 2528 3303 2598 bona,
3336 2531 3513 2603 gratia

1906 2632 1964 2678 et
2007 2621 2382 2679 misericordia
2411 2619 2627 2677 Domini
2656 2620 2830 2676 nostri
2857 2619 2989 2676 Jesu
3015 2618 3217 2678 Christi
3242 2661 3259 2690 ,
3292 2622 3513 2694 quicum

1909 2702 2300 2785 Patri'gloria,
2349 2712 2620 2784 simulque
2662 2711 2884 2783 Spiritui
2936 2719 3164 2780 sancto,
3217 2713 3271 2769 iu
3317 2714 3516 2771 swcula

1911 2802 2256 2860 saeculorum.
2291 2807 2487 2860 Amen.

1535 2999 1885 3063 HOMILIA
1927 3000 2092 3062 LIX.

210 3153 345 3212 En.
375 3153 431 3209 9.
456 3167 510 3207 v.
541 3151 632 3208 35.
655 3149 723 3204 Et
751 3149 1001 3220 ejecerunt
1030 3161 1145 3200 eum
1173 3148 1414 3216 [ornant
1444 3143 1635 3197 audivit
1665 3143 1819 3199 Iesus

286 3261 410 3318 quia
428 3245 682 3316 eiecerunt
703 3256 814 3296 cum
836 3243 976 3307 [oras
999 3253 1018 3292 :
1038 3246 1085 3292 et
1102 3251 1217 3291 cum
1235 3235 1505 3290 invenisset
1525 3251 1661 3302 nm,
1685 3235 1818 3290 dixit

284 3337 332 3392 ei
355 3333 474 3391 :Tu
509 3333 672 3388 credis
701 3333 755 3387 in
784 3329 979 3385 Filium
1007 3326 1140 3383 Dei?
1167 3326 1257 3382 36.
1289 3325 1573 3396 Respondit
1618 3328 1663 3381 ei
1687 3368 1706 3396 ,
1752 3326 1821 3382 Et

289 3430 406 3500 quis
430 3436 526 3493 est,
557 3425 796 3489 Domine,
822 3433 877 3478 ut
901 3411 1103 3476 credam
1124 3420 1179 3474 in
1207 3435 1318 3474 cum
1334 3419 1360 3472 ?
1391 3425 1499 3474 etc.

293 3521 348 3576 Ι.
381 3516 727 3574 Contumelias
759 3513 948 3570 Christi
985 3527 1142 3566 causa
1179 3511 1426 3581 patientes
1462 3511 1717 3579 quomodo
1742 3526 1831 3566 re-

223 3619 565 3669 munerentur.
605 3607 781 3666 Cacus
808 3614 965 3660 natus
1003 3605 1056 3658 in
1100 3601 1467 3669 discipulorum
1495 3600 1706 3655 chorum
1730 3602 1826 3655 ad-

221 3706 398 3761 scitus.
416 3732 489 3743 —
507 3701 608 3770 Qui
637 3707 858 3772 propter
888 3696 1169 3752 veritatem
1211 3700 1266 3748 et
1292 3690 1494 3747 Christi
1523 3691 1824 3747 confessio-

223 3810 370 3862 nem,
417 3791 562 3848 malo
604 3791 688 3846 vel
734 3786 1062 3844 contumelia
1100 3782 1332 3854 Quadam
1376 3782 1718 3850 afﬁciuntur,
1773 3783 1825 3839 1ιί

227 3886 460 3942 maxime
480 3897 512 3938 a
536 3883 646 3938 Deo
671 3880 1024 3936 honorantur.
1053 3875 1118 3933 Ut
1142 3875 1285 3931 enim
1308 3873 1399 3944 qui
1421 3881 1642 3944 propter
1661 3873 1827 3928 Deum

227 3975 485 4048 pecunias
516 3970 781 4044 perdidit,
823 3969 911 4026 hic
954 3967 1189 4024 maxime
1231 3965 1350 4020 illas
1393 3965 1627 4031 invenit;
1658 3972 1713 4018 et
1738 3965 1828 4034 qui

229 4068 345 4123 edit
371 4065 609 4121 animam
637 4077 790 4119 suam
813 4101 828 4127 ,
870 4060 960 4116 hic
983 4058 1323 4131 potissimum
1347 4055 1522 4128 diligit
1543 4056 1689 4110 illam
1715 4072 1729 4110 :
1753 4057 1833 4112 sic

230 4160 319 4232 qui
345 4155 674 4215 contumelia
705 4153 938 4209 afﬁcitur
956 4193 972 4218 ,
1025 4151 1112 4206 hic
1139 4149 1474 4221 potissimum
1501 4147 1706 4205 honore
1734 4162 1831 4204 cu-

234 4253 499 4316 mutatur;
529 4248 581 4305 id
611 4246 757 4319 quod
781 4259 927 4302 catco
945 4243 1158 4300 accidit.
1182 4241 1337 4298 lllum
1365 4240 1524 4312 igitur
1547 4256 1612 4295 ex
1635 4239 1835 4310 templo

233 4342 407 4400 ιιιδεί
435 4341 737 4411 eiecerunt,
767 4347 824 4394 et
851 4337 1056 4393 invenit
1081 4334 1229 4390 illum
1257 4332 1442 4403 templi
1475 4331 1756 4387 Dominus.
1788 4329 1835 4384 Δ

233 4431 494 4505 pestifero
518 4443 778 4486 consessu
810 4428 1067 4483 liberatus
1086 4465 1104 4494 ,
1148 4421 1482 4480 salutiferum
1529 4421 1728 4477 fontem
1756 4429 1840 4476 est

236 4531 603 4594 consequutus
635 4537 652 4576 :
685 4518 1074 4576 dehonestatus
1115 4523 1203 4572 est
1237 4515 1306 4569 ab
1345 4513 1408 4569 iis
1445 4513 1535 4582 qui
1565 4510 1838 4568 Christum

236 4615 665 4673 delionestarunt
688 4651 706 4679 ,
749 4619 807 4666 et
851 4611 1145 4665 honoratus
1185 4615 1268 4663 est
1295 4605 1365 4662 ab
1392 4605 1703 4676 angelorum
1730 4605 1839 4658 Do-

238 4708 408 4765 mino.
447 4704 575 4761 llasc
613 4709 744 4758 sunt
782 4700 1027 4758 veritatis
1067 4698 1308 4769 praemia.
1335 4695 1426 4753 Sic
1451 4703 1504 4752 et
1533 4709 1634 4751 nos
1671 4695 1714 4750 si
1755 4694 1842 4749 hic

239 4795 501 4870 pecunias
521 4794 863 4859 amittamus,
893 4791 1006 4847 illic
1035 4789 1282 4845 ﬁduciam
1309 4787 1650 4859 reperimus;
1679 4785 1725 4840 si
1755 4783 1844 4841 hic

241 4885 566 4945 aerumnosis
590 4885 900 4957 largiamur,
931 4883 1330 4953 requiescemus
1355 4881 1408 4935 in
1435 4879 1614 4944 caelis;
1648 4879 1691 4934 si
1716 4893 1844 4948 pro-

245 4987 365 5050 pter
393 4978 564 5035 Deum
590 4975 932 5033 contumeliis
956 4973 1287 5039 aftieiamur,
1329 4983 1386 5028 et
1415 4970 1502 5028 hic
1530 4980 1585 5026 et
1609 4971 1716 5026 illic
1742 4970 1843 5027 ho-

246 5083 437 5126 norem
462 5068 862 5140 consequimur.
889 5065 1134 5142 Ejectum
1156 5080 1187 5120 e
1207 5065 1412 5135 templo
1439 5063 1642 5120 invenit
1665 5062 1849 5119 Jesus.

245 5149 526 5235 Signiﬁcat
552 5159 882 5231 evangelista
921 5157 1043 5215 ideo
1071 5157 1303 5223 venisse,
1327 5165 1382 5211 ut
1413 5155 1490 5211 illi
1518 5163 1844 5212 occurreret.

250 5254 317 5310 Et
341 5251 628 5312 considera
652 5251 798 5322 quod
824 5250 925 5321 ipsi
957 5250 1235 5320 praemium
1259 5248 1502 5305 conferat
1525 5266 1540 5303 :
1561 5258 1721 5319 caput
1746 5248 1849 5304 ho-

251 5359 467 5402 norum.
496 5343 568 5400 Se
594 5358 828 5413 namque
849 5343 902 5398 ei
928 5349 1116 5398 notum
1144 5340 1268 5397 facit
1299 5339 1450 5411 prius
1476 5340 1768 5410 ignoranti;
1796 5349 1854 5397 et

253 5449 377 5490 eum
417 5434 472 5490 in
499 5433 893 5504 discipulorum
915 5433 1142 5489 chorum
1180 5430 1428 5488 adscivit.
1457 5429 1540 5486 Tu
1569 5445 1697 5486 vero
1721 5445 1853 5488 con-

255 5523 460 5581 siderea
499 5524 659 5581 velim
687 5524 962 5594 quomodo
996 5523 1112 5594 ejus
1153 5523 1482 5595 diligentiam
1526 5524 1852 5594 evangelista

257 5615 530 5672 exhibeat.
561 5615 658 5673 lllo
686 5617 830 5673 enim
855 5617 1094 5683 dicente,
1123 5614 1201 5671 Tu
1225 5617 1388 5672 credis
1411 5617 1466 5671 in
1496 5615 1693 5672 Filium
1712 5617 1813 5674 Dei
1829 5620 1855 5676 ?

261 5705 552 5779 respondet
572 5746 590 5772 .
630 5706 884 5776 Domine,
927 5708 1040 5778 quis
1066 5695 1142 5764 est
1163 5709 1190 5761 2
1228 5707 1474 5764 Nondum
1505 5710 1649 5766 enim
1678 5711 1852 5782 ipsum

263 5807 435 5870 norat,
463 5796 568 5858 etei
593 5811 812 5858 sanatus
830 5841 848 5872 ,
891 5800 1014 5874 quia
1042 5815 1216 5859 curus
1241 5799 1414 5859 fuerat
1440 5803 1747 5876 priusquam
1787 5806 1854 5864 ad

1926 3146 2226 3202 beneﬁcum
2257 3147 2560 3214 accederet,
2589 3156 2645 3203 et
2669 3156 2791 3218 post
2819 3156 3098 3219 receptum
3123 3150 3298 3206 visum
3328 3165 3359 3207 a
3379 3153 3530 3208 cani-

1924 3238 2026 3294 bus
2054 3238 2161 3294 illis
2191 3239 2526 3295 trahebatur.
2555 3238 2715 3295 Jesus
2744 3253 2874 3309 ergo
2904 3253 3003 3295 ceu
3036 3240 3360 3310 ago'notheta
3382 3245 3532 3312 quis-

1928 3332 2071 3401 piam
2097 3331 2353 3386 athletam
2375 3341 2500 3402 post
2519 3331 2724 3387 multos
2744 3331 2961 3386 labores
2979 3341 3295 3389 coronatum
3312 3337 3531 3406 excipit.

1928 3421 1998 3478 Et
2032 3423 2158 3495 quid
2183 3423 2351 3479 dicit?
2381 3422 2560 3480 Credis
2583 3425 2638 3479 in
2666 3421 2862 3480 Filium
2893 3422 3036 3479 Dei?
3069 3424 3209 3495 Quid
3239 3425 3382 3485 hoc?
3409 3428 3539 3486 Post

1929 3522 2133 3569 tantam
2157 3529 2289 3570 cum
2304 3513 2505 3570 Iudaeis
2526 3513 2974 3584 disceptationem
2999 3556 3016 3587 ,
3062 3527 3188 3587 post
3219 3526 3298 3574 tot
3339 3520 3500 3576 verba
3522 3564 3536 3584 .

1930 3604 2229 3676 interrogat
2255 3620 2382 3660 num
2412 3603 2640 3660 credat?
2668 3604 2786 3661 Non
2818 3604 2959 3676 quod
2991 3596 3242 3677 ignoret,
3274 3608 3370 3666 sed
3397 3612 3540 3682 quod

1930 3695 2061 3751 velit
2087 3710 2146 3752 se
2176 3704 2361 3752 notum
2400 3694 2618 3763 laeere,
2665 3705 2720 3750 et
2757 3697 2941 3768 quanti
2980 3696 3143 3754 faciat
3181 3699 3299 3770 ejus
3339 3700 3498 3758 ﬁdem
3521 3747 3537 3770 ,

1933 3789 2245 3844 ostendere.
2291 3788 2378 3844 Me
2418 3789 2782 3854 contumelia,
2831 3788 3039 3860 inquit,
3093 3799 3272 3846 tantus
3313 3795 3545 3865 populus

1933 3879 2134 3947 aﬁ‘ccit,
2161 3879 2258 3935 sed
2278 3879 2412 3934 nihil
2441 3894 2603 3946 curo;
2649 3895 2815 3935 unum
2844 3891 2998 3952 opto,
3023 3890 3082 3936 ut
3111 3882 3323 3940 credas.
3356 3885 3546 3942 Melior

1936 3973 2135 4043 quippe
2159 3979 2244 4027 est
2269 3985 2410 4034 unus
2441 3971 2532 4042 qui
2577 3971 2705 4027 facit
2728 3972 3065 4029 voluntatem
3094 3973 3345 4043 Domini,
3383 3993 3547 4047 quam

1936 4062 2084 4118 mille
2112 4061 2280 4132 iniqui
2312 4060 2504 4134 (Eccli.
2540 4061 2627 4117 16.
2659 4061 2739 4132 3).
2771 4060 2853 4117 Tu
2880 4064 3047 4119 credis
3086 4065 3141 4119 in
3181 4063 3379 4122 Filium
3413 4066 3513 4123 Dei
3525 4071 3550 4124 .’

1938 4151 2010 4208 Ut
2036 4165 2276 4221 praesens
2303 4161 2358 4206 et
2382 4149 2524 4207 dicta
2551 4151 2846 4222 excipiens,
2871 4154 2951 4210 sic
2971 4155 3296 4227 interrogat;
3325 4166 3378 4214 et
3401 4159 3550 4229 prius

1940 4243 1994 4298 in
2027 4243 2120 4298 illo
2144 4243 2227 4298 sui
2251 4241 2579 4299 desiderium
2606 4243 2822 4299 excitat.
2853 4243 2972 4300 Non
3002 4244 3139 4302 dixit
3163 4246 3330 4312 enim,
3353 4248 3548 4306 Statim

1940 4337 2127 4406 crede,
2158 4337 2256 4394 sed
2285 4339 2654 4410 interrogavit.
2687 4337 2825 4408 Quid
2860 4339 3024 4410 igitur
3049 4339 3180 4396 ille?
3211 4339 3280 4394 Et
3302 4343 3417 4406 quis
3441 4354 3549 4410 est,

1941 4427 2192 4498 Domine,
2223 4439 2280 4484 ut
2305 4429 2512 4484 credam
2552 4431 2608 4484 in
2636 4431 2796 4485 eum?
2836 4430 3087 4502 Optantis
3110 4447 3174 4488 ac
3203 4433 3552 4492 vehementer

1943 4520 2305 4578 desiderantis
2325 4521 2572 4577 verbum.
2594 4521 2698 4576 Pro
2719 4536 2826 4593 quo
2845 4531 2990 4577 tanta
3013 4522 3266 4595 loquutus
3286 4534 3391 4592 est,
3411 4504 3555 4583 hunc

1945 4611 2174 4683 ignorat,
2193 4620 2253 4668 ut
2270 4612 2450 4669 discas
2470 4627 2630 4685 quam
2652 4613 2892 4669 veritatis
2910 4629 3098 4670 amans
3117 4625 3282 4672 esset.
3306 4616 3556 4675 Nondum

1939 4704 2090 4760 enim
2122 4705 2300 4775 ipsum
2338 4703 2566 4761 viderat.
2595 4705 2683 4761 37.
2713 4703 2854 4759 Dicit
2894 4706 2939 4760 ei
2970 4721 2991 4760 :
3021 4705 3087 4760 Et
3124 4707 3296 4762 vidisti
3337 4725 3472 4777 eum,
3510 4717 3557 4765 et

1946 4797 2282 4868 qui'loquitttr
2310 4804 2474 4850 tecum
2498 4837 2514 4864 ,
2543 4795 2632 4851 ille
2656 4803 2749 4851 est.
2778 4795 2894 4851 Non
2923 4795 3093 4861 dixit,
3125 4796 3240 4869 Ego
3265 4813 3382 4854 sum
3409 4841 3424 4867 ,
3462 4802 3558 4856 sed

1949 4887 2228 4942 remissius
2257 4886 2435 4942 adhuc
2456 4928 2472 4952 ,
2521 4885 2591 4940 Et
2620 4886 2790 4942 vidisti
2819 4903 2953 4942 eum.
2994 4886 3131 4942 illud
3161 4887 3339 4944 adhuc
3364 4890 3563 4947 obscu-

1951 4995 2070 5033 rum
2097 4987 2245 5044 erat;
2275 4977 2400 5034 ideo
2421 4978 2620 5033 clarius
2649 4977 2950 5043 addit,’Qui
2973 4977 3200 5048 loquatur
3228 4989 3390 5035 tecum
3415 5022 3432 5049 ,
3472 4981 3563 5036 ille

1951 5080 2048 5127 est.
2084 5068 2384 5141 Respondit
2416 5069 2513 5124 ille
2537 5087 2552 5124 :
2578 5068 2669 5125 '58.
2713 5066 2878 5124 Credo
2898 5109 2914 5135 ,
2963 5059 3180 5124 Domine
3213 5080 3304 5126 :et
3330 5072 3563 5126 adorauit

1953 5177 2068 5214 eum
2092 5162 2284 5215 statim.
2313 5158 2499 5232 Neque
2526 5159 2694 5224 dixit,
2741 5158 2857 5230 Ego
2883 5173 3001 5215 sum
3033 5159 3124 5231 qui
3150 5161 3336 5217 sanavi
3367 5170 3441 5228 te,
3471 5164 3562 5233 qui

1953 5252 2064 5308 dixi
2093 5253 2218 5320 tibi,
2249 5252 2417 5318 Vade,
2446 5252 2625 5307 lavare
2650 5252 2703 5306 in
2733 5250 2883 5307 Siloe
2909 5269 2922 5305 :
2947 5251 3044 5308 sed
3077 5251 3160 5307 his
3183 5253 3400 5309 silentio
3427 5255 3564 5310 mis-

1956 5342 2032 5398 sis
2054 5381 2071 5409 ,
2119 5340 2195 5397 ait
2219 5359 2232 5396 :
2256 5340 2435 5397 Credis
2462 5341 2516 5396 in
2547 5339 2742 5395 Filium
2779 5338 2918 5395 Dei?
2948 5340 3155 5398 Deinde
3185 5341 3302 5411 ille,
3337 5343 3565 5399 multum

1957 5435 2220 5492 exhibens
2245 5433 2494 5489 aﬁ'cctum
2522 5474 2542 5499 ,
2580 5434 2761 5490 statim
2791 5434 3036 5490 adoravit
3059 5451 3181 5492 eum
3207 5425 3565 5508 :quod'pauci

1957 5542 2026 5584 ex
2056 5526 2123 5582 iis
2149 5526 2239 5596 qui
2269 5525 2442 5582 curati
2479 5533 2605 5580 sunt
2624 5563 2640 5590 ,
2675 5523 2920 5580 fecerunt
2940 5565 2957 5594 ,
2987 5536 3049 5582 ut
3073 5527 3274 5599 leprosi
3301 5529 3378 5583 illi
3398 5569 3416 5596 ,
3442 5537 3498 5585 et
3521 5530 3566 5584 si

1957 5619 2050 5690 qui
2087 5618 2217 5674 alii:
2243 5617 2368 5674 hinc
2411 5616 2648 5674 ostendit
2683 5615 2923 5672 divinam
2972 5633 3126 5675 suam
3175 5620 3453 5676 virtutem.
3490 5619 3571 5676 Ne

1959 5713 2080 5782 quis
2106 5712 2254 5768 enim
2275 5718 2487 5782 putaret
2506 5709 2624 5766 haec
2644 5709 2810 5765 verba
2837 5719 3044 5767 tantum
3069 5726 3214 5780 esse,
3237 5712 3414 5784 ipsum
3435 5729 3570 5784 opus

1963 5805 2188 5862 addidit.
2240 5804 2338 5860 illo
2380 5810 2559 5859 autem
2609 5801 2909 5872 adorante,
2953 5801 3034 5860 ait
3067 5801 3356 5862 Christus:
3385 5806 3454 5862 3t!
3513 5805 3574 5858 in
