4054 6442
565 321 671 378 Si!

558 430 806 502 judicium
833 444 925 496 ego
951 425 1061 478 reni
1084 419 1132 474 in
1164 420 1429 480 mundum,
1460 428 1632 472 utnon
1656 417 1873 472 videntes
1904 415 2129 472 rideant,

563 534 613 576 ct
644 522 730 590 qui
757 520 919 573 vident
939 555 953 580 ,
993 515 1112 568 caeci
1139 514 1282 581 ﬁant.
1330 509 1558 580 ldipsum
1590 509 1784 563 Paulus
1809 507 1970 561 dicit:
1999 502 2135 568 Quid

563 626 682 678 ergo
725 605 977 661 dicimus?
1013 603 1160 669 Quod
1205 611 1371 672 gentes
1417 616 1517 653 non
1563 607 1816 668 sequentes
1849 595 2132 667 justitiam,

562 703 857 765 acceperunt
893 693 1176 765 justitiam,
1215 691 1468 762 justitiam
1510 695 1674 740 autem
1703 701 1815 755 qua:
1842 694 1910 740 est
1938 700 2000 739 ea:
2035 681 2135 750 [ide

563 787 687 840 Jestt
718 801 737 838 :
761 784 925 839 Israel
963 793 1126 836 autem
1174 795 1379 849 sequens
1420 779 1577 847 legem
1611 776 1860 846 jnstitite,
1899 775 1951 827 in
1979 775 2135 842 legem

557 873 772 942 iustitia:
796 891 895 928 non
925 873 1050 926 venit
1077 871 1253 940 (Rom.
1299 868 1352 922 9.
1389 867 1501 935 50).
1531 864 1663 920 Cum
1709 864 1842 918 dixit
1869 861 2135 921 Christus,

563 965 630 1020 In
648 967 899 1036 justitiam
921 965 1029 1018 veni
1053 964 1105 1016 in
1127 964 1259 1015 hunc
1285 959 1526 1013 mundum
1541 975 1562 1023 ;
1588 965 1638 1012 et
1667 957 1813 1011 illum
1843 955 1962 1009 lidei
1988 962 2137 1008 tena-

566 1057 764 1110 ciurcm
792 1056 962 1110 etlecit
983 1094 998 1118 ,
1045 1062 1100 1108 et
1137 1059 1419 1120 sequentes
1445 1063 1504 1103 se
1529 1047 1779 1102 excitavit
1805 1065 1816 1100 :
1845 1060 1964 1100 nam
1993 1043 2133 1099 Pha-

562 1147 700 1200 ris-.oi
733 1145 1086 1214 sequebantur
1114 1144 1294 1208 illum,
1339 1142 1403 1194 lu
1436 1138 1690 1209 judicium
1733 1150 1892 1206 porro
1918 1143 2034 1202 est,
2081 1136 2134 1188 in

564 1236 735 1304 majus
766 1234 1080 1304 supplicium
1103 1249 1116 1295 ;
1162 1231 1448 1286 ostendens
1472 1245 1565 1284 eos
1591 1229 1680 1298 qui
1709 1243 1766 1282 se
1789 1227 2130 1291 damnarent,

560 1342 678 1380 esse
708 1325 1013 1389 damnatos,
1043 1333 1097 1379 et
1122 1325 1210 1392 qui
1238 1338 1294 1377 se
1322 1331 1651 1390 peccatorem
1693 1319 2132 1389 pronuntiarent,

563 1417 706 1483 ipsos
737 1431 857 1470 esse
884 1423 1099 1484 peccato
1128 1412 1406 1467 obnoxios.
1433 1412 1526 1465 llic
1551 1424 1677 1463 vero
1702 1409 1966 1476 duplicem
1990 1407 2134 1460 visus

562 1507 948 1558 restitutionem
977 1514 1028 1558 et
1049 1502 1310 1570 duplicem
1337 1501 1628 1555 caecitatem
1658 1507 1934 1558 memorat,
1966 1495 2134 1550 sensi-

562 1593 720 1648 bilem
751 1608 941 1661 nempe
965 1635 979 1658 ,
1018 1601 1070 1645 et
1097 1590 1442 1661 spiritualem.
1470 1589 1602 1642 Tum
1631 1588 1812 1642 dicunt
1844 1587 1891 1641 ei
1918 1585 2131 1655 quidam

557 1694 616 1732 ex
671 1675 1029 1745 sequentibus
1060 1691 1074 1728 :
1107 1674 1195 1728 40.
1230 1671 1501 1741 Numquid
1541 1680 1588 1724 et
1621 1688 1714 1725 nos
1757 1673 1881 1726 cruci
1916 1670 2137 1725 sumus?

559 1767 620 1819 Et
646 1776 703 1821 ut
733 1767 859 1821 alibi
887 1767 1160 1830 dicebant,
1192 1762 1406 1817 Nemini
1433 1763 1737 1817 seruiuimus
1764 1779 2029 1834 unquam;
2059 1769 2134 1828 et,

559 1858 680 1912 Non
714 1873 778 1912 ea:
817 1858 1166 1926 fornicatione
1199 1857 1312 1912 nati
1349 1871 1528 1910 sumus
1570 1852 1750 1908 lJoan.
1783 1855 1836 1909 8.
1873 1855 1962 1908 53.
2000 1851 2084 1923 ll)
2120 1867 2134 1902 :

563 1949 633 2000 ita
662 1958 714 2002 et
745 1964 884 2003 nunc
911 1949 1248 2004 scnsibilibus
1277 1956 1477 2001 tantum
1505 1944 1729 2010 inhiant,
1756 1955 1809 1999 et
1840 1945 1992 2012 hujus
2017 1945 2134 1998 illos

564 2040 793 2108 pudebat
832 2041 1103 2094 cst-citatis.
1155 2038 1352 2093 Deinde
1399 2039 1686 2092 ostendens
1738 2037 1928 2090 melius
1979 2050 2130 2101 esse,

562 2133 704 2200 ipsos
732 2144 851 2184 esse
875 2143 1044 2184 ccecos
1061 2144 1218 2198 quam
1242 2127 1441 2192 videre,
1461 2128 1532 2181 ait
1557 2145 1569 2180 :
1591 2128 1677 2181 41.
1709 2128 1768 2181 Si
1800 2127 1917 2179 caeci
1942 2127 2128 2189 essetis,

561 2240 659 2276 non
686 2221 928 2276 haberetis
959 2232 1233 2291 peccatum.
1256 2222 1387 2275 Cum
1414 2221 1766 2275 calamitatem
1795 2222 1958 2283 illam,
1989 2221 2136 2291 igno-

564 2313 780 2366 miniam
810 2327 927 2366 esse
959 2322 1199 2381 putarent
1227 2354 1238 2377 ,
1270 2311 1319 2366 id
1353 2313 1403 2365 in
1432 2314 1663 2382 ipsorum
1688 2324 1844 2383 caput
1873 2314 2136 2367 convertit

566 2404 748 2458 dicens
768 2443 781 2467 ,
833 2403 944 2457 Hoc
976 2402 1124 2457 vobis
1173 2403 1496 2458 tolerabilius
1525 2404 1771 2458 redderet
1798 2403 2132 2472 supplicium.

565 2493 640 2548 Ita
672 2508 880 2560 semper
905 2492 1164 2546 humanos
1203 2507 1393 2546 sensus
1437 2501 1677 2558 resecat,
1720 2502 1773 2547 et
1798 2494 1864 2547 ad
1891 2507 2136 2561 magnam

563 2581 961 2651 mirabilcmque
998 2582 1370 2651 cngitationem
1410 2583 1582 2650 erigit.
1631 2582 1786 2636 Nunc
1837 2592 2001 2637 autem
2054 2599 2138 2638 vos

562 2675 727 2728 uidere
765 2673 944 2726 dicitis.
978 2674 1124 2728 Sicut
1154 2673 1224 2728 ibi
1265 2673 1420 2740 dicit,
1465 2673 1623 2738 Quem
1648 2691 1732 2730 vos
1754 2676 1991 2730 dicebatis
2017 2677 2138 2746 quia

563 2767 698 2822 Deus
729 2780 881 2822 vester
911 2778 981 2822 est
1009 2784 1024 2821 :
1047 2769 1120 2822 sic
1147 2777 1198 2822 et
1219 2767 1319 2822 hoc
1345 2769 1480 2832 loco,
1509 2766 1659 2821 Nunc
1677 2779 1842 2822 autem
1867 2787 1951 2824 vos
1974 2771 2137 2824 videre

562 2859 723 2913 dicitis
755 2873 775 2912 :
805 2874 974 2928 neque
1023 2859 1161 2912 enim
1211 2858 1417 2912 videtis.
1464 2859 1558 2911 llic
1593 2859 1733 2927 quod
1769 2859 1868 2914 sibi
1907 2861 2136 2914 maxime

565 2947 702 3002 laudi
729 2963 847 3003 esse
881 2948 1304 3014 arbitrabantur,
1349 2947 1402 3002 id
1443 2949 1700 3016 supplicio
1739 2947 1854 3003 fore
1880 2949 2132 3003 ostendit.

567 3040 627 3092 Et
647 3053 843 3092 crocum
874 3049 1050 3092 natum
1078 3037 1144 3093 de
1167 3038 1340 3106 priore
1369 3036 1606 3091 caecitate
1628 3039 1962 3092 consolatur:
1993 3047 2139 3107 post-

563 3145 623 3183 ea
644 3129 709 3184 de
727 3129 940 3183 illorum
965 3130 1200 3183 caecitate
1224 3129 1470 3198 loquitur.
1492 3127 1564 3182 Ne
1578 3128 1814 3183 dicerent
1833 3128 2001 3182 enim:
2023 3128 2135 3183 Non

566 3236 630 3272 ex
657 3221 895 3274 cmeitate
923 3226 1186 3289 provenit,
1211 3220 1350 3290 quod
1379 3219 1445 3273 ad
1473 3228 1522 3274 te
1547 3236 1650 3275 non
1679 3221 2011 3286 accedamus,
2043 3221 2136 3276 sed

565 3323 612 3362 tu
639 3319 692 3362 ut
719 3309 1056 3378 deceptorem
1082 3324 1425 3373 aversantur;
1456 3325 1513 3362 ea
1544 3311 1713 3363 solum
1737 3311 1802 3364 de
1825 3326 1882 3364 re
1901 3311 2130 3365 disserit.

632 3399 685 3451 ‘2.
733 3397 841 3453 Nec
875 3400 986 3452 sine
1015 3413 1170 3453 causa
1202 3399 1524 3467 evangelista
1555 3401 1808 3463 narravit,
1839 3400 2135 3455 Pharisa-os

562 3489 841 3559 quosdam,
861 3489 947 3556 qui
971 3505 1088 3543 cum
1111 3489 1200 3542 illo
1217 3501 1388 3554 erant,
1415 3489 1527 3544 ha'c
1547 3489 1811 3544 audivisse
1831 3505 1893 3544 ac
1913 3491 2130 3558 dixisse,

567 3577 830 3646 Numquid
850 3588 894 3630 ct
926 3594 1014 3631 nos
1039 3579 1156 3631 croci
1185 3592 1355 3631 sumus
1374 3578 1400 3629 Ρ
1427 3579 1518 3632 sed
1550 3587 1604 3632 ut
1628 3579 1718 3632 tibi
1745 3581 1796 3632 in
1825 3581 2132 3634 memoriam

564 3676 841 3721 revocaret
867 3683 956 3722 eos
989 3669 1131 3737 ipsos
1152 3683 1293 3733 esse,
1316 3668 1405 3738 qui
1429 3678 1550 3723 ante
1576 3669 1642 3723 ab
1668 3669 1758 3723 illo
1783 3681 2131 3735 recesserant,

561 3760 814 3827 illumque
849 3759 1174 3827 lapidahant.
1201 3759 1362 3823 Erant
1389 3760 1530 3812 enim
1562 3759 1769 3828 quidam
1800 3761 1887 3829 qui
1919 3761 2135 3829 perfun-

560 3844 1126 3915 ctoriesequebantur,
1164 3858 1214 3902 et
1244 3848 1396 3902 facile
1425 3849 1476 3900 in
1513 3849 1833 3902 contrarium
1859 3849 2135 3904 verteban-

563 3948 664 3990 tur.
701 3937 971 3992 Uudenam
1005 3953 1131 4006 ergo
1156 3955 1214 3992 se
1247 3938 1452 4008 probat,
1486 3953 1588 3992 non
1619 3938 1957 4007 deceptorem
1982 3981 1996 4006 ,
2039 3941 2133 3995 sed

563 4037 827 4096 pastorem
869 4030 1031 4083 esse?
1072 4031 1259 4084 Allatis
1302 4030 1545 4098 utrinque
1592 4031 1800 4085 indiciis
1825 4040 1877 4085 et
1905 4033 2132 4100 pastoris

558 4129 613 4173 et
637 4120 951 4187 deceptoris,
977 4129 1030 4175 et
1052 4121 1171 4175 hinc
1199 4122 1301 4176 illis
1322 4123 1658 4191 explorandae
1687 4123 1922 4179 veritatis
1946 4140 2131 4179 ansam

561 4211 780 4280 praebet.
830 4212 895 4264 Et
939 4213 1109 4279 primo
1137 4213 1255 4280 quis
1287 4213 1356 4264 sit
1397 4212 1650 4280 deceptor
1680 4222 1733 4266 et
1761 4212 1844 4265 fur
1869 4214 2129 4279 ostendit,

560 4317 626 4354 ex
654 4302 939 4369 Scripturis
982 4302 1059 4355 sic
1089 4316 1282 4354 vocans
1319 4301 1466 4354 illum
1509 4302 1590 4354 his
1618 4303 1790 4356 verbis
1818 4303 1965 4372 (Cap.
2006 4303 2090 4372 10)
2117 4321 2128 4356 :

560 4393 613 4444 1.
648 4390 821 4454 Amen,
852 4407 995 4443 amen
1026 4391 1136 4443 dico
1166 4391 1318 4454 vobis,
1345 4393 1430 4460 qui
1457 4408 1554 4444 non
1581 4393 1733 4444 intrat
1763 4409 1851 4462 per
1877 4395 2053 4446 ostium
2082 4395 2133 4448 in

559 4482 685 4533 orile
715 4481 897 4544 ovium,
927 4481 1014 4534 sed
1039 4481 1261 4533 ascendit
1299 4481 1533 4545 aliunde,
1567 4482 1652 4535 ille
1680 4483 1764 4549 fur
1803 4493 1876 4536 est
1902 4493 1948 4537 et
1979 4483 2126 4538 latro.

563 4570 691 4624 Vide
713 4572 931 4625 latronis
955 4574 1129 4639 signa;
1164 4572 1352 4639 primo,
1385 4586 1488 4623 non
1524 4572 1691 4640 palam
1716 4573 1908 4638 intrat;
1937 4589 2128 4629 secun-

560 4661 649 4724 do,
679 4676 784 4713 non
814 4675 906 4727 per
930 4661 1313 4728 Scripturarum
1345 4661 1699 4715 testimonium
1723 4681 1734 4716 :
1762 4663 1858 4718 hoc
1883 4664 2023 4718 enim
2050 4674 2132 4720 est

563 4767 665 4804 non
697 4751 894 4803 intrare
923 4763 1015 4817 per
1042 4751 1256 4803 ostium.
1292 4749 1387 4804 llic
1413 4766 1572 4820 porro
1598 4765 1650 4806 et
1681 4753 1767 4822 qui
1795 4753 2006 4808 fuerunt
2030 4796 2043 4820 ,
2077 4763 2131 4808 et

559 4843 647 4910 qui
679 4842 834 4895 futuri
859 4850 1011 4896 erant
1031 4841 1247 4906 indicat,
1268 4842 1670 4911 Antichristum,
1692 4845 1851 4898 falsos
1867 4844 2127 4912 Christos,

558 4933 744 4986 ludam
774 4941 825 4986 et
850 4931 1143 4995 Theudam,
1175 4941 1229 4985 et
1253 4932 1383 4985 alios
1424 4933 1752 5000 hujusmodi;
1795 4935 1913 5004 jure
1954 4947 2128 4989 autem

561 5025 757 5077 Ostium
797 5024 1096 5091 Scripturas
1128 5031 1298 5077 vocat.
1341 5023 1432 5077 Ha:
1472 5039 1696 5094 namque
1724 5042 1818 5082 nos
1852 5027 1919 5081 ad
1960 5027 2128 5081 Deum

557 5117 774 5181 ducunt,
805 5124 858 5168 et
881 5115 970 5168 Dei
993 5115 1344 5184 cognitionem
1365 5116 1607 5184 aperiunt
1627 5134 1640 5169 :
1659 5117 1739 5171 hae
1759 5134 1886 5172 oves
1911 5118 2128 5184 faciunt,

558 5209 641 5264 hac
669 5206 1012 5273 custodiunt,
1061 5223 1157 5261 nec
1183 5209 1334 5277 lupos
1363 5207 1564 5278 ingredi
1597 5209 1793 5264 sinunt.
1837 5211 2130 5278 Tamquam

557 5300 699 5353 enim
742 5309 911 5352 tutum
949 5299 1176 5366 ostium,
1225 5299 1505 5355 haereticos
1531 5301 1599 5355 ab
1625 5301 1866 5371 ingressu
1912 5313 2127 5369 arcent,

558 5407 758 5462 nosque
801 5394 850 5446 in
897 5393 1177 5447 securitate
1204 5409 1303 5466 qua
1333 5395 1576 5450 volumus
1619 5397 1984 5461 constituunt,
2035 5413 2132 5451 nec

559 5485 734 5536 sinunt
772 5497 972 5538 errare.
1005 5483 1069 5536 Et
1093 5483 1135 5537 si
1165 5484 1263 5538 hoc
1291 5485 1486 5539 ostium
1519 5502 1622 5540 non
1667 5487 1958 5556 pandamus
1981 5530 1993 5551 ,
2027 5503 2129 5540 non

563 5576 759 5630 erimus
806 5576 1034 5632 inimicis
1079 5586 1234 5646 captu
1285 5578 1482 5631 faciles.
1534 5579 1666 5637 lliuc
1712 5594 1824 5644 eos,
1877 5580 1961 5649 qui
2009 5595 2131 5632 vere

565 5687 594 5741 ιι
614 5656 819 5735 ιδιοτοέ,
842 5679 893 5724 et
915 5668 1002 5741 qui
1024 5683 1126 5724 non
1153 5679 1388 5738 pastores
1410 5682 1550 5736 sunt,
1570 5685 1966 5742 cognoscemus.
1993 5671 2126 5738 Quid

1297 307 1349 362 S.
1391 304 1663 362 JOANNIS
1702 298 2169 361 CIIRYSOSTOMI
2205 299 2519 357 ABCIllEP.
2559 295 2763 354 CONS'I
2781 298 3087 356 ANTINOP.

3722 302 3825 359 318

2238 407 2340 465 sibi
2366 412 2476 465 vult
2498 420 2673 467 autem
2696 455 2710 478 ,
2746 412 2810 466 In
2837 417 3006 470 ovile?
3032 418 3086 472 id
3125 429 3236 483 est.
3274 420 3351 476 Ad
3382 425 3648 483 curandas
3671 445 3824 486 oves.

2239 498 2338 565 Qui
2373 501 2516 556 enim
2558 517 2709 558 sacra
2757 519 2860 559 non
2904 508 3068 561 utitur
3113 509 3416 581 Scriptura,
3463 519 3559 571 sed
3608 521 3828 576 aliunde

2235 596 2509 661 ascendit;
2541 597 2591 651 id
2622 609 2722 663 est,
2753 600 2840 668 qui
2877 601 2975 656 sibi
3005 603 3161 657 aliam
3189 616 3242 660 et
3269 622 3371 661 non
3401 619 3658 665 statutam
3685 615 3826 668 viam

2241 687 2450 752 aperit:
2477 687 2560 741 hic
2587 689 2669 742 fur
2693 697 2794 744 est.
2831 690 3017 746 Viden’
3047 694 3168 750 hinc
3195 712 3314 750 eum
3343 714 3462 753 cum
3502 701 3661 758 Patre
3691 719 3826 758 con-

2241 776 2440 831 sentire
2460 817 2476 842 ,
2515 778 2641 834 dum
2685 779 2988 850 Scripturas
3013 785 3065 839 in
3096 786 3326 841 medium
3355 790 3542 845 aliert?
3583 793 3711 848 ldeo
3734 795 3830 850 Ju-

2241 863 2372 919 dtnis
2398 866 2628 934 dicebat,
2655 871 2968 926 Scrutamini
2996 875 3289 944 Scripturas
3317 880 3494 949 (Joan.
3531 885 3586 939 5.
3613 885 3742 952 59);
3775 898 3831 941 et

2241 955 2458 1027 Moysen
2501 959 2554 1013 in
2584 961 2818 1016 medium
2851 963 3076 1019 adduxit
3104 968 3154 1020 in
3185 978 3372 1024 testem
3393 1013 3409 1036 ,
3459 989 3670 1028 necnon
3705 994 3832 1045 pro-

2243 1045 2429 1115 phetas
2459 1064 2666 1105 omnes.
2693 1050 2894 1116 Omnes,
2931 1055 3118 1126 inquit,
3150 1061 3238 1129 qui
3263 1063 3477 1117 audiunt
3510 1068 3828 1135 praphetas,

2241 1139 2434 1193 venient
2459 1141 2528 1193 ad
2565 1158 2685 1206 me;
2725 1153 2810 1209 et,
2860 1144 2922 1198 Si
2948 1148 3216 1202 crederetis
3245 1151 3415 1222 Moysi
3437 1193 3453 1218 ,
3483 1155 3756 1210 crederetis
3785 1167 3832 1210 et

2241 1230 2368 1283 mihi
2392 1230 2549 1303 (Ibid.
2578 1247 2625 1286 υ.
2650 1234 2757 1300 46).
2789 1235 2886 1290 llic
2911 1252 3071 1306 porro
3099 1241 3226 1295 illud
3259 1243 3427 1310 ipsum
3457 1247 3832 1314 metaphorice

2241 1322 2408 1389 ponit.
2433 1323 2565 1376 Cum
2618 1323 2750 1378 dixit
2798 1335 2996 1394 autem,
3055 1330 3292 1386 Ascendit
3339 1336 3568 1400 aliunde,
3621 1339 3832 1391 scribas

2242 1410 2596 1467 subindicavit
2616 1454 2630 1477 ,
2673 1415 2792 1485 quia
2823 1415 3084 1472 docebant
3119 1432 3403 1491 praecepta,
3429 1424 3709 1480 doctrinas
3734 1427 3833 1480 bo-

2241 1501 2440 1554 miuum
2479 1501 2692 1571 (Matth.
2725 1505 2809 1559 l5.
2841 1505 2918 1576 9),
2961 1517 3014 1562 et
3042 1510 3228 1579 legem
3269 1515 3829 1583 transgrediebantur,

2240 1591 2541 1668 quod'ipsis
2579 1594 2906 1662 exprobrans
2949 1599 3383 1658 dieebat:tV'ettto
3427 1615 3649 1658 oestrum
3704 1610 3832 1676 facit

2241 1687 2395 1752 legent
2418 1687 2590 1760 (Joan.
2622 1687 2804 1757 7.19).
2832 1692 2907 1747 Ac
2930 1695 3095 1762 probe
3117 1695 3266 1761 dixit,
3297 1697 3553 1760 Ascendit,
3582 1715 3714 1765 non,
3749 1699 3832 1754 ln-

2241 1776 2494 1843 greditur,
2517 1780 2657 1847 quod
2686 1790 2768 1834 est
2792 1781 2924 1837 luris
2954 1786 3206 1852 parietem
3238 1789 3549 1857 supergredi
3580 1791 3827 1854 nitentis,

2241 1874 2293 1919 ct
2311 1879 2427 1918 cum
2453 1869 2687 1935 periculo
2703 1871 2876 1925 omnia
2892 1872 3346 1929 lacientis.\’iden‘
3366 1878 3637 1946 quomodo
3653 1877 3829 1933 furem

2240 1955 2682 2024 descripsit?Jam
2707 1964 2931 2028 pastoris
2963 1963 3212 2019 indicium
3241 1967 3830 2036 animadverte.Quod-

2241 2059 2361 2099 nam
2396 2046 2520 2101 illud
2562 2051 2686 2102 eSt?
2727 2052 2779 2104 2.
2825 2052 2924 2114 Qui
2962 2054 3115 2108 intrat
3158 2072 3248 2124 per
3295 2058 3510 2124 ostium,
3555 2072 3731 2128 pastor
3755 2070 3832 2115 cst

2240 2137 2424 2190 ovium.
2458 2139 2508 2193 ’5.
2543 2139 2674 2195 Huic
2699 2144 2932 2197 ostiarius
2958 2147 3140 2213 aperit,
3187 2155 3234 2200 et
3273 2164 3436 2202 vocem
3460 2152 3568 2220 ejus
3593 2168 3706 2206 oves
3735 2171 3833 2204 au-

2242 2230 2405 2296 diunt,
2435 2241 2478 2284 et
2505 2233 2734 2300 praprias
2762 2245 2900 2287 vocat
2926 2238 3222 2291 nontinatim
3238 2257 3260 2306 ;
3287 2241 3340 2294 4.
3373 2249 3418 2293 et
3446 2257 3559 2294 cum
3584 2260 3670 2296 eas
3697 2244 3798 2296 emi
3809 2274 3830 2283 -

2238 2323 2398 2395 serit,
2445 2333 2560 2375 ante
2587 2340 2670 2376 eas
2700 2326 2856 2378 vadit.
2887 2325 3082 2382 Iudicia
3123 2331 3300 2396 posuit
3325 2340 3377 2385 et
3401 2333 3632 2401 pastoris
3664 2343 3718 2386 et
3754 2334 3832 2386 la-

2245 2411 2428 2464 tronis.
2476 2411 2762 2467 Videamus
2801 2430 2906 2484 quo
2952 2427 3105 2486 pacto
3135 2419 3238 2474 illis
3265 2423 3539 2489 sequentia
3572 2423 3830 2491 applicet.

2244 2498 2402 2564 Iluic,
2435 2502 2620 2571 inquit,
2652 2506 2889 2560 ostiarius
2915 2511 3095 2576 aperit.
3132 2509 3186 2563 In
3227 2511 3534 2581 metaphora
3564 2515 3833 2583 persistit,

2243 2600 2302 2645 ut
2345 2593 2725 2661 signiﬁcantius
2769 2597 3034 2667 loquatur.
3087 2599 3238 2667 Quod
3279 2605 3323 2656 si
3356 2606 3623 2674 parabolas
3665 2606 3834 2664 verba

2242 2683 2443 2752 singula
2490 2686 2771 2755 explorare
2817 2690 2981 2752 velis,
3031 2690 3163 2746 nihil
3203 2692 3377 2748 obstat
3418 2697 3702 2763 quominus
3742 2699 3836 2753 hic

2241 2772 2515 2827 ostiarium
2562 2776 2920 2846 intelligamus
2948 2780 3184 2850 Moysen.
3219 2781 3292 2836 Illi
3325 2798 3552 2854 namque
3592 2787 3687 2841 Dei
3716 2789 3834 2842 elo-

2242 2865 2361 2932 quia
2392 2867 2590 2921 credita
2618 2879 2760 2935 sunt,
2787 2873 2938 2940 cujus
2965 2888 3149 2928 vocem
3178 2889 3305 2930 oves
3333 2877 3571 2942 audiunt,
3607 2878 3672 2931 Et
3703 2897 3833 2946 pro-

2243 2955 2381 3022 prias
2424 2967 2565 3010 vocat
2606 2960 2919 3014 nontinatim.
2967 2961 3100 3016 Cum
3141 2965 3283 3020 enim
3324 2965 3472 3020 illum
3519 2968 3834 3037 frequenter

2242 3045 2578 3115 deceptorem
2607 3061 2879 3117 vocarent,
2912 3054 3067 3124 idque
3094 3070 3158 3110 ex
3187 3055 3555 3113 incredulitate
3579 3073 3670 3112 sua
3697 3075 3835 3114 cou-

2243 3135 2516 3193 lirmarent
2559 3139 2827 3205 dicentes,
2865 3143 2987 3209 Quis
3029 3147 3320 3216 principum
3361 3148 3572 3203 credidit
3618 3152 3671 3205 in
3711 3169 3833 3207 eum

2247 3225 2422 3296 (Joan.
2456 3230 2506 3282 '1.
2541 3230 2668 3299 48)?
2700 3247 2803 3286 non
2835 3249 2898 3288 ex
2930 3235 3162 3303 ipsorum
3202 3238 3572 3295 incredulitate
3597 3256 3657 3296 se
3677 3282 3691 3304 ,
3730 3245 3833 3297 sed

2242 3316 2362 3372 illos
2403 3318 2719 3390 dereptores
2740 3331 2795 3376 et
2825 3327 3150 3388 perniciosos
3189 3343 3310 3383 esse
3358 3331 3627 3386 vocandus
3657 3333 3788 3386 dicit
3813 3374 3830 3396 ,

2241 3411 2380 3479 quod
2409 3413 2506 3465 sibi
2537 3429 2641 3467 non
2673 3416 3010 3471 attenderem
3032 3460 3045 3480 ,
3078 3433 3140 3473 ac
3172 3421 3390 3489 proinde
3417 3437 3484 3475 ex
3512 3423 3694 3476 ovium
3723 3441 3832 3478 uu-

2241 3515 2389 3555 mero
2411 3501 2530 3572 jure
2568 3504 2723 3573 ejecti
2755 3516 2951 3560 essent.
2981 3507 3112 3562 Nam
3141 3510 3185 3563 si
3219 3512 3443 3579 pastoris
3479 3522 3559 3566 est
3586 3528 3682 3580 per
3713 3527 3832 3568 sta-

2242 3602 2409 3647 tutum
2451 3595 2652 3665 ingredi
2681 3597 2912 3664 ostium,
2938 3606 2992 3652 et
3018 3599 3131 3668 ipse
3156 3615 3252 3670 per
3279 3601 3378 3656 hoc
3409 3604 3678 3672 ingressus
3708 3616 3827 3671 est;

2240 3685 2330 3754 qui
2352 3695 2644 3754 sequuntur
2673 3702 2876 3751 omnes,
2910 3704 3038 3744 oves
3061 3704 3180 3746 esse
3211 3700 3489 3760 poterunt;
3522 3695 3612 3763 qui
3640 3706 3826 3751 autem

2240 3788 2298 3827 se
2323 3784 2739 3843 sequestrarunt,
2772 3791 2872 3830 non
2898 3777 3017 3832 ideo
3044 3780 3242 3848 pastori
3271 3796 3521 3848 nocuere,
3549 3786 3643 3839 sed
3671 3801 3731 3841 se
3759 3804 3828 3842 cx

2240 3866 2420 3918 ovium
2451 3867 2704 3921 societate
2745 3868 3132 3937 disjunxerunt.
3165 3871 3316 3940 Quod
3342 3874 3386 3928 si
3412 3889 3472 3928 se
3498 3889 3611 3945 Ipse
3638 3888 3828 3945 postea

2239 3956 2432 4009 ostium
2458 3956 2585 4010 dicit
2603 3998 2617 4022 ,
2649 3973 2804 4013 nemo
2831 3960 3170 4028 perturbetur
3195 3981 3207 4016 :
3233 3979 3354 4017 nam
3384 3979 3443 4018 se
3469 3974 3523 4019 et
3554 3977 3826 4034 pastorem

2238 4046 2360 4100 dicit
2403 4056 2456 4100 et
2498 4063 2686 4111 ovem,
2729 4049 3021 4103 secundum
3062 4051 3302 4106 diversas
3341 4055 3657 4109 oeconomia:
3711 4071 3829 4112 sua:

2239 4139 2490 4190 rationes.
2530 4137 2661 4191 Nam
2692 4140 2902 4206 quando
2947 4155 3044 4195 nos
3092 4141 3234 4195 Patri
3281 4143 3475 4209 oll‘ert,
3515 4159 3574 4199 se
3623 4149 3822 4202 ostitu..

2240 4228 2502 4297 appellat;
2535 4243 2654 4282 cum
2680 4230 2845 4284 nostri
2876 4246 3055 4285 curam
3077 4234 3230 4302 gerit,
3257 4244 3544 4302 pastorem.
3570 4235 3649 4290 Ne
3678 4245 3824 4294 enim

2240 4320 2408 4374 solum
2437 4321 2550 4389 ejus
2580 4336 2711 4391 opus
2740 4337 2859 4376 esse
2889 4332 3040 4391 putes
3061 4365 3074 4388 ,
3113 4324 3250 4394 quod
3299 4341 3396 4381 nos
3425 4326 3566 4381 Patri
3596 4330 3786 4385 atterat
3805 4374 3822 4396 ,

2238 4423 2296 4466 se
2323 4418 2583 4480 pastorem
2617 4422 2787 4467 vocat.
2814 4415 2881 4467 Et
2901 4431 3013 4470 oves
3039 4430 3205 4470 vocem
3229 4417 3339 4486 ejus
3364 4419 3598 4485 audiunt,
3625 4432 3672 4474 et
3700 4441 3826 4491 pro-

2238 4503 2372 4570 prius
2399 4517 2509 4557 oves
2531 4513 2691 4568 vocat,
2721 4514 2765 4558 et
2789 4506 2954 4559 educit
2985 4523 3068 4560 eas
3089 4549 3103 4572 ,
3137 4516 3182 4560 et
3218 4519 3336 4562 ante
3360 4526 3443 4564 eas
3470 4511 3626 4565 vadit.
3661 4515 3824 4585 Atqui

2237 4601 2418 4646 contra
2442 4635 2455 4658 ,
2489 4602 2726 4662 pastores
2757 4607 3048 4664 sequuntur
3077 4611 3223 4652 oves.
3254 4596 3453 4652 Verum
3485 4600 3573 4654 ille
3594 4643 3606 4664 ,
3645 4612 3702 4655 ut
3731 4621 3824 4656 ns-

2240 4682 2417 4737 tendat
2433 4698 2490 4738 se
2510 4698 2695 4739 omnes
2718 4686 2782 4738 ad
2808 4693 3080 4742 veritatem
3104 4689 3452 4744 deducturum
3471 4707 3608 4753 esse,
3631 4706 3823 4750 contra

2237 4783 2507 4843 pastorum
2536 4789 2738 4832 morem
2768 4777 2872 4843 agit
2898 4795 2909 4827 :
2935 4788 3185 4832 utautem
3213 4795 3332 4833 eum
3356 4795 3485 4834 oves
3513 4783 3709 4844 emisit.
3743 4787 3824 4854 (α)

2242 4865 2368 4933 (non
2403 4874 2578 4928 extra,
2625 4865 2717 4919 sed
2757 4867 2808 4920 in
2857 4867 3086 4920 medium
3133 4868 3374 4938 luporum
3419 4871 3638 4942 emisit).
3683 4872 3818 4931 Nam

2238 4955 2390 5025 longe
2436 4956 2709 5009 nirabilior
2737 4966 2914 5010 nostra
2946 4957 3058 5011 hme
3089 4962 3369 5027 pastoralis
3397 4977 3524 5016 cura
3555 4973 3658 5018 est.

2307 5050 2357 5102 3.
2387 5049 2450 5100 In
2491 5063 2589 5118 quo
2616 5049 2947 5116 distinguatur
2976 5065 3118 5102 verus
3144 5051 3370 5105 Christus
3410 5069 3440 5104 η
3482 5055 3626 5123 falsis
3671 5057 3821 5110 Chri-

2235 5139 2340 5191 stis.
2369 5169 2435 5177 —
2460 5139 2680 5193 Videtur
2708 5150 2883 5194 autem
2926 5141 3052 5194 mihi
3084 5140 3171 5195 hic
3211 5157 3408 5196 catcum
3452 5144 3778 5222 subindicart
3805 5191 3819 5213 ,

2235 5244 2389 5297 quem
2417 5231 2622 5283 vocavit
2651 5246 2714 5283 ex
2749 5230 2924 5284 medio
2954 5230 3279 5296 Judworum,
3304 5243 3357 5287 et
3382 5235 3472 5289 ille
3495 5251 3677 5290 vocem
3702 5239 3820 5305 ejus

2234 5321 2430 5374 audivit
2455 5330 2508 5376 et
2535 5322 2697 5374 novit.
2733 5323 2782 5376 5.
2817 5323 3048 5376 Alienum
3087 5335 3199 5377 vero
3243 5342 3340 5379 non
3371 5339 3667 5398 sequuntur,
3733 5335 3818 5385 uin

2235 5414 2510 5467 alienorum
2533 5430 2697 5466 vocem
2726 5416 2967 5469 nesciunt.
3000 5418 3094 5472 llic
3119 5418 3351 5472 Theudae
3385 5429 3474 5473 aut
3496 5420 3646 5474 Judae
3670 5440 3816 5479 asse.

2233 5505 2344 5558 clas
2371 5505 2494 5558 dicit
2521 5507 2671 5572 (nam
2704 5509 2974 5576 Quotquot,
3012 5510 3206 5578 inquit,
3241 5513 3290 5563 in
3323 5511 3441 5565 illos
3472 5514 3816 5580 crediderunt,

2301 5622 2370 5678 la)
2406 5629 2514 5676 (tua:
2575 5623 2744 5669 .uriais
2770 5621 3074 5683 ciattduntur,
3104 5626 3147 5670 in
3168 5625 3452 5685 quibusdam
3478 5632 3582 5674 Mss.
3624 5645 3683 5676 υιι
3711 5629 3803 5677 issu

2226 5690 2354 5730 sunt.
