4054 6426
186 377 298 437 $35

188 481 405 554 disponi
429 487 548 536 sunt
576 475 710 550 (Act.
732 473 788 531 5.
809 471 902 529 36.
923 463 1055 540 37);
1081 465 1196 522 sive
1211 466 1375 520 etiam
1391 461 1780 554 futurospseu-

185 548 492 636 inebriato!
517 548 611 642 qut
639 565 835 623 multos
859 567 1045 632 postea
1082 554 1350 613 seducturi
1377 560 1553 608 erant.
1580 549 1660 606 Ne
1697 548 1784 642 di-

189 673 376 722 cerent
393 640 573 728 enim,
599 672 660 715 se
687 652 972 728 quemdam
1010 651 1247 721 ipsorum
1273 659 1417 711 esse,
1450 643 1608 713 longe
1631 655 1692 697 se
1716 640 1786 697 ab

190 755 294 813 illis
326 754 606 811 diversum
637 745 891 806 ostendit.
921 742 1158 799 Primam
1183 737 1541 794 differentiam
1589 731 1783 798 affert,

190 847 492 904 doctrinam
515 860 586 901 ex
602 837 896 910 Scripturis
915 842 1208 903 sumptam,
1230 843 1456 900 quarum
1484 825 1647 883 ductu
1668 823 1792 879 illos

191 939 383 1012 agebat
422 955 439 994 :
481 935 571 991 alii
621 945 750 988 vero
787 942 970 986 secus.
1023 922 1267 981 Secunda
1312 917 1614 1012 differentia
1669 922 1789 972 erat

191 1009 368 1086 ovium
400 1023 729 1083 obedientia.
763 1019 866 1092 Ipsi
894 1016 1125 1085 namque
1163 1027 1271 1068 non
1314 1009 1512 1067 viventi
1544 1017 1783 1074 tantum,

197 1120 293 1177 sed
316 1121 486 1176 etiam
513 1126 726 1173 mortuo
747 1111 1095 1187 crediderunt
1122 1126 1136 1164 :
1166 1107 1286 1162 illos
1313 1118 1442 1160 vero
1483 1102 1663 1159 statim
1696 1114 1791 1156 re-

192 1209 490 1280 liquerunt.
521 1205 757 1263 Tertiam
783 1216 884 1259 nec
925 1199 1194 1256 modicam
1223 1195 1457 1266 adjicere
1480 1205 1786 1265 possumus.

193 1302 272 1356 Illi
301 1309 362 1356 ut
391 1298 604 1372 tyranni
631 1296 703 1353 ad
721 1293 1074 1351 defectionem
1101 1288 1281 1344 omnia
1310 1283 1583 1342 faciebant
1624 1299 1638 1336 :
1676 1282 1792 1352 ipse

194 1400 402 1448 tantum
426 1405 458 1445 a
489 1390 580 1446 tali
601 1385 910 1458 suspicione
932 1382 1137 1446 aberat,
1162 1387 1222 1434 ut
1241 1392 1364 1434 cum
1388 1376 1588 1432 vellent
1615 1374 1790 1443 ipsum

191 1496 376 1552 regem
404 1479 606 1546 ﬁcere,
637 1477 874 1549 fugerit;
909 1482 1115 1529 etcum
1147 1472 1541 1538 interrogarent
1564 1477 1634 1518 an
1659 1463 1798 1518 lice-

192 1581 280 1629 ret
297 1585 522 1629 censum
558 1570 690 1626 dare
714 1568 916 1625 Caesari
939 1608 956 1634 ,
990 1567 1203 1622 solvere
1221 1563 1460 1635 juberet,
1490 1568 1653 1630 atque
1678 1557 1794 1628 ipse

191 1662 358 1720 etiam
378 1661 692 1718 didrachma
713 1659 889 1714 daret.
919 1657 1003 1712 Ad
1021 1656 1139 1711 haec
1162 1655 1276 1726 ipse
1300 1667 1399 1725 pro
1416 1652 1590 1708 salute
1614 1649 1792 1704 ovium

191 1753 365 1819 venit,
398 1760 457 1807 ut
499 1752 668 1806 vitam
691 1749 980 1815 baberent,
1012 1755 1068 1804 et
1099 1744 1456 1801 abundantius
1482 1741 1746 1797 haberent
1774 1754 1790 1794 :

197 1843 281 1900 illi
315 1857 447 1898 vero
471 1840 724 1913 praesenti
766 1841 928 1896 etiam
951 1839 1059 1893 vita
1107 1849 1236 1892 suos
1263 1834 1560 1906 privarunt.
1589 1829 1670 1886 Illi
1700 1842 1796 1885 eos

191 1933 288 2004 qui
341 1933 446 1989 sibi
491 1931 682 1988 crediti
735 1938 891 1986 erant
928 1927 1324 1999 prodiderunt,
1379 1931 1438 1983 et
1486 1922 1738 1993 fugerunt
1776 1935 1792 1975 :

191 2019 446 2078 Christus
469 2036 598 2076 vero
627 2021 699 2075 ita
729 2018 944 2075 fortiter
967 2018 1150 2084 stetit,
1176 2025 1235 2071 ut
1258 2013 1492 2070 animm
1512 2026 1664 2067 suam
1690 2019 1798 2064 tra-

192 2113 372 2169 deret.
401 2111 481 2166 Illi
521 2110 714 2178 inviti,
741 2110 914 2165 coacti
941 2116 998 2164 et
1025 2106 1291 2178 fugientes
1320 2103 1465 2175 passi
1493 2108 1621 2158 sunt
1647 2119 1662 2156 :
1708 2099 1798 2155 hic

195 2205 378 2260 libens
404 2213 462 2260 et
487 2204 676 2258 volens
718 2203 896 2258 omnia
929 2199 1171 2270 pertulit.
1204 2197 1262 2253 6.
1318 2195 1436 2251 Hoc
1479 2191 1799 2265 prouerbium

197 2296 334 2350 dixit
358 2295 432 2350 eis
453 2293 627 2348 Iesus.
661 2291 754 2347 Illi
777 2302 948 2346 autem
977 2306 1081 2346 non
1119 2285 1463 2360 cognouerunt
1481 2284 1603 2356 quid
1626 2281 1804 2355 loque-

197 2395 344 2440 retur
384 2385 478 2440 eis.
526 2380 640 2441 Cu'r
681 2383 913 2440 obscure
959 2379 1315 2452 loquebatur?
1366 2376 1439 2434 Ut
1483 2375 1802 2431 attentiores

198 2474 478 2532 redderet.
503 2473 606 2531 Ubi
634 2483 817 2530 autem
849 2471 981 2529 illud
1008 2471 1185 2528 ed‘ecit
1203 2511 1218 2537 ,
1245 2469 1628 2526 obscuritatem
1661 2464 1800 2519 tollit

200 2564 288 2621 his
312 2564 528 2620 verbis:
556 2563 611 2619 9.
644 2562 765 2636 Ego
788 2579 901 2619 sum
925 2563 1113 2618 ostium
1137 2577 1156 2616 :
1184 2577 1274 2632 per
1293 2575 1374 2614 me
1398 2559 1443 2613 si
1459 2557 1571 2624 quis
1590 2554 1801 2610 introie-

199 2655 306 2721 rit,
335 2654 647 2726 ingredietur
671 2661 719 2709 et
754 2653 1060 2725 egredietur,
1098 2661 1147 2707 et
1184 2664 1374 2722 pascua
1401 2648 1638 2704 inveniet.
1689 2645 1806 2702 Hoc

195 2752 324 2812 est,
355 2744 414 2800 In
440 2746 730 2803 securitate
751 2756 804 2802 et
826 2746 1076 2802 libertate
1099 2743 1244 2800 vivet
1274 2742 1495 2814 (pascua
1520 2749 1701 2796 autem
1720 2739 1808 2794 hic

202 2846 364 2893 vocat
384 2837 638 2908 pabulum
662 2838 864 2905 ovium,
889 2845 1317 2908 potestatemque
1337 2837 1393 2890 et
1411 2831 1807 2903 dominatum);

206 2925 315 2984 hoe
341 2935 446 2994 est,
481 2927 632 2984 Intus
661 2928 916 2996 manebit,
949 2937 1003 2984 et
1028 2941 1187 2983 nemo
1207 2925 1332 2982 inde
1355 2924 1632 2995 expellet:
1658 2920 1805 2994 quod

208 3020 374 3074 etiam
417 3019 684 3089 apostolis
712 3019 924 3085 evenit,
955 3019 1048 3089 qui
1075 3017 1242 3072 libere
1279 3015 1553 3071 intrabant
1594 3022 1650 3069 et
1691 3013 1808 3069 eui-

209 3105 366 3174 bant,
395 3107 548 3178 quasi
571 3107 812 3162 universi
841 3107 989 3162 orbis
1014 3104 1250 3171 domini;
1275 3119 1542 3176 nemoque
1571 3101 1692 3158 illos
1715 3102 1815 3174 eji-

208 3211 337 3254 cere
367 3196 559 3267 potuit.
590 3195 644 3253 8.
678 3195 866 3251 Omnes
903 3205 1148 3268 quotquot
1172 3205 1289 3250 ante
1313 3210 1395 3249 me
1414 3196 1812 3270 uenerunt,_fu-

211 3304 296 3344 res
316 3297 438 3344 sunt
465 3297 513 3342 et
537 3289 801 3352 latrones;
816 3289 908 3341 sed
928 3302 1032 3340 non
1051 3285 1320 3339 audierunt
1340 3301 1425 3339 eos
1453 3301 1589 3338 oves.
1610 3284 1724 3339 Non
1747 3283 1816 3338 de

216 3377 504 3448 prophetis
524 3375 614 3432 hic
657 3376 911 3443 loquitur,
940 3375 1176 3454 uthiunt
1204 3373 1440 3430 haeretici
1485 3367 1634 3444 (illos
1671 3372 1814 3428 enim

213 3468 535 3534 audierunt,
593 3475 651 3524 et
700 3482 797 3538 per
843 3466 966 3523 illos
1036 3464 1385 3522 crediderunt
1448 3472 1708 3536 quotquot
1762 3463 1816 3519 in

215 3556 492 3614 Christum
519 3555 892 3630 crediderunt)
917 3573 933 3623 ;
964 3556 1058 3612 sed
1081 3555 1147 3610 de
1165 3555 1383 3611 Theuda
1413 3563 1468 3610 et
1493 3552 1631 3609 .Iuda
1671 3553 1821 3608 aliis-

217 3663 327 3720 que
353 3647 630 3704 seditiosis
668 3648 797 3718 agit.
827 3647 1102 3703 Prmterea
1134 3645 1356 3702 verbum
1381 3643 1514 3700 illud
1533 3685 1548 3711 ,
1576 3642 1700 3698 Non
1723 3660 1821 3698 au-

218 3739 424 3794 dierunt
448 3755 596 3804 eses,
629 3738 686 3794 in
715 3753 902 3794 earum
949 3737 1161 3794 laudem
1191 3736 1322 3792 dicit
1351 3755 1365 3793 :
1395 3752 1658 3808 nusquam
1686 3751 1818 3792 vero

219 3829 405 3885 laudat
448 3843 545 3885 eos
586 3829 678 3900 qui
725 3828 1016 3898 prophetas
1043 3842 1149 3882 non
1189 3826 1511 3892 audierunt;
1544 3828 1653 3882 imo
1701 3826 1820 3881 illos

220 3918 512 3975 admodum
547 3919 812 3989 improbat
837 3927 890 3974 et
909 3917 1270 3988 reprehendit.
1296 3916 1432 3972 Hinc
1449 3917 1621 3988 palam
1647 3926 1732 3973 est
1755 3917 1821 3972 il-

221 4010 341 4079 lud,
374 4010 500 4066 Non
537 4008 810 4065 audierunt
829 4051 844 4076 ,
872 4009 943 4066 de
971 4009 1243 4064 seditiosis
1278 4008 1383 4064 illis
1404 4008 1606 4064 dictum
1634 4008 1821 4064 fuisse.

226 4101 319 4158 ιο.
346 4100 463 4157 Fur
491 4117 594 4156 non
614 4101 770 4168 venit,
797 4102 895 4156 nisi
929 4111 984 4156 ut
1020 4105 1219 4171 [aretur
1248 4111 1295 4154 et
1325 4110 1506 4154 mactet
1529 4110 1577 4155 et
1606 4102 1824 4171 perdat:

227 4202 286 4246 ut
314 4191 405 4247 hic
431 4191 691 4263 contigit;
721 4205 913 4247 omnes
939 4191 1082 4247 enim
1111 4191 1327 4247 mactati
1366 4189 1637 4261 occisique
1679 4201 1822 4247 sunt.

229 4278 343 4355 Ego
368 4291 536 4337 autem
565 4284 678 4338 verti
711 4293 767 4338 ut
791 4286 947 4338 vitam
984 4283 1201 4337 habeant
1225 4323 1240 4348 ,
1269 4291 1320 4338 et
1345 4282 1689 4339 abundantius
1727 4285 1826 4340 Ita-

230 4372 405 4429 beant.
431 4373 571 4442 Quid
592 4415 608 4441 ,
640 4389 856 4444 quasso,
890 4375 998 4428 vita
1025 4373 1426 4429 abundantius?
1448 4373 1692 4445 Regnum
1722 4391 1828 4432 cm-

231 4463 430 4518 lorum.
465 4461 661 4517 Verum
691 4463 745 4517 id
775 4463 1011 4518 nondum
1038 4463 1206 4526 dicit,
1233 4453 1328 4518 sed
1355 4463 1478 4519 vitae
1513 4479 1709 4520 nomen
1749 4463 1830 4519 af-

232 4552 463 4618 I'crt,‘ut
487 4559 671 4607 notum
700 4552 826 4607 illis.
856 4553 947 4607 11.
980 4550 1096 4624 Ego
1127 4568 1245 4608 sunt
1287 4562 1463 4624 pastor
1499 4556 1680 4611 bonus.
1731 4554 1830 4611 Hic

230 4641 452 4698 demum
493 4641 561 4698 de
607 4644 860 4713 passione
903 4643 1157 4714 loquitur,
1199 4642 1495 4699 ostendens
1533 4644 1676 4700 illam
1731 4659 1832 4716 pro

233 4731 421 4789 mundi
466 4733 638 4789 salute
684 4731 917 4788 futuram
967 4747 1132 4802 esse,
1163 4748 1265 4790 nec
1309 4748 1370 4789 se
1419 4734 1641 4790 invitum
1686 4735 1830 4790 illam

234 4821 408 4877 adire.
458 4822 664 4880 Deinde
710 4824 1018 4895 exemplum
1064 4838 1252 4880 rursus
1299 4823 1457 4880 atI‘ert
1499 4827 1729 4896 pastoris
1778 4835 1833 4882 et

237 4912 582 4969 mercenarii.
611 4911 789 4969 Bonus
832 4914 969 4969 enirn
1015 4925 1189 4984 pastor
1228 4916 1453 4970 animant
1477 4932 1625 4972 suam
1666 4917 1830 4988 ponit.

239 5003 331 5060 12.
362 5001 714 5059 Πσναηωνὶαε
738 5013 906 5060 autem
927 5046 944 5072 ,
982 5005 1070 5075 qui
1096 5020 1199 5060 non
1225 5015 1301 5067 est
1328 5017 1525 5076 pastor,
1558 5008 1703 5077 cujus
1731 5023 1836 5062 non

238 5102 358 5150 sunt
382 5108 500 5149 om
527 5095 785 5167 propria,
814 5097 949 5152 ridet
979 5096 1158 5168 lupum
1200 5099 1476 5154 uenientem
1493 5140 1509 5164 ,
1555 5109 1603 5155 et
1628 5100 1836 5156 dimittit

239 5203 356 5242 oves
375 5227 394 5253 ,
422 5197 470 5241 et
495 5187 658 5258 fugit,
680 5197 728 5243 et
747 5189 879 5243 venit
904 5188 1077 5260 lupus,
1107 5198 1154 5244 et
1195 5191 1330 5261 rapit
1355 5207 1463 5245 eas.
1490 5191 1588 5247 Hic
1617 5208 1677 5248 se
1713 5207 1836 5263 per-

240 5277 369 5334 inde
405 5287 568 5352 atque
613 5279 826 5336 Patrem
880 5281 1235 5352 imperantem
1273 5283 1524 5350 exhibet;
1571 5285 1836 5356 siquidem

241 5378 431 5441 pastor
454 5363 575 5442 ipse
596 5383 681 5427 est
703 5372 860 5444 cujus
883 5375 1115 5445 propriae
1148 5385 1275 5430 sunt
1300 5391 1448 5432 oves.
1482 5377 1669 5434 Viden’
1697 5396 1836 5451 quo-

243 5461 407 5519 modo
431 5462 486 5519 in
517 5465 788 5536 parabolis
813 5466 1097 5523 sublimius
1120 5467 1396 5538 loquatur,
1431 5469 1518 5524 ubi
1559 5470 1840 5528 obscurior

248 5562 327 5610 est
351 5568 570 5623 sermo,
596 5570 774 5632 neque
816 5556 1157 5613 auditoribus
1179 5559 1432 5629 carpendi
1477 5575 1662 5616 ansam
1703 5577 1843 5632 prae-

244 5645 412 5703 beat?
435 5647 576 5716 Quid
603 5663 734 5721 ergo
756 5647 883 5706 facit
911 5650 1319 5707 mercenarius?
1368 5649 1514 5707 Videt
1539 5653 1718 5722 lupum
1756 5668 1841 5708 se-

245 5739 466 5795 uientem
488 5779 506 5810 ,
546 5747 596 5796 et
618 5740 825 5797 dimittit
847 5757 984 5813 om,
1017 5751 1065 5798 et
1094 5742 1227 5798 venit
1265 5742 1436 5823 lupus,
1466 5753 1516 5799 et
1556 5744 1696 5816 rapit
1728 5760 1833 5801 eas.

1203 352 1270 409 IN
1309 340 1621 408 JOANNELI
1661 339 1897 398 IIOﬁIL.
1935 336 2070 394 LIX.
2111 337 2183 392 al.
2224 334 2404 393 LVIII.

2588 386 2599 440 θ
3385 336 3501 393 δρα

1895 451 2010 511 IIoc
2038 454 2115 511 illi
2145 456 2406 518 fecerunt,
2433 453 2547 524 ipse
2568 462 2776 510 contra.
2804 454 3026 512 Etenim
3041 470 3162 512 cum
3187 458 3494 527 apprchen-

1892 560 1985 601 sus
2014 544 2135 613 fuit,
2164 543 2299 601 dixit
2323 554 2339 600 τ
2367 544 2536 600 Sinite
2557 544 2677 599 illos
2707 545 2846 600 abire
2873 543 3052 616 (Joan.
3083 546 3172 603 18.
3197 546 3280 619 8),
3308 555 3367 602 ut
3390 547 3495 603 im-

1894 637 2132 707 pleretur
2154 649 2365 699 sermo,
2396 635 2539 707 quod
2569 635 2745 691 nullus
2775 652 2961 693 eorum
2988 639 3228 709 perierit.
3261 639 3360 696 IIic
3389 655 3493 711 [ιο-ν

1894 735 2002 782 test
2030 727 2190 781 etiam
2219 725 2513 796 spiritualis
2541 725 2700 796 lupus
2729 727 2982 799 intelligi,
3028 741 3190 799 quem
3229 745 3337 784 non
3367 731 3494 786 sivit

1894 831 2026 872 oves
2055 815 2323 887 abripere.
2356 814 2474 871 Non
2505 816 2661 888 lupus
2692 825 2897 878 tantum
2942 817 3032 874 hic
3054 828 3180 889 est,
3204 820 3300 875 sed
3329 821 3506 877 etiam

1894 907 2000 962 Ico.
2033 906 2166 961 Nam
2196 907 2530 962 Adversarius
2553 918 2722 963 noster
2743 909 2978 964 diabolus
3007 919 3268 981 tamquam
3293 911 3371 967 leo
3402 929 3493 967 ru-

1893 997 2036 1069 giens
2058 998 2239 1052 circuit
2263 995 2314 1072 (1
2369 996 2488 1054 Pet.
2515 999 2572 1065 5,
2602 999 2682 1071 8).
2715 999 2815 1056 Hic
2841 1014 3067 1072 serpens
3087 1011 3149 1058 et
3167 1002 3334 1059 draco
3359 1013 3454 1061 est
3475 1022 3507 1062 τι

1896 1089 2103 1146 Caicate
2120 1107 2276 1162 super
2302 1100 2559 1162 serpentes
2587 1101 2636 1147 et
2673 1094 2964 1165 scorpiones
2985 1092 3144 1169 (Lua.
3176 1095 3268 1152 1ο.
3301 1095 3418 1167 19).

1965 1183 2022 1237 4.
2063 1180 2178 1236 Vos:
2197 1181 2390 1238 Christi
2413 1183 2672 1239 audienda
2690 1184 2888 1257 ipsique
2903 1187 3000 1243 soli
3015 1188 3333 1245 hct-endam.
3360 1189 3496 1245 Ara.

1894 1272 2016 1328 ritia
2071 1273 2284 1349 seruitus
2346 1275 2577 1330 omnium
2620 1274 2911 1331 deterrima.
2957 1276 3297 1350 Eleemosyna
3349 1297 3504 1335 cont--

1895 1364 2184 1419 mentiatur.
2211 1392 2288 1406 —-
2312 1364 2491 1434 Quare
2543 1380 2676 1438 rogo
2699 1407 2715 1432 ,
2749 1382 3064 1425 maneamus
3112 1369 3214 1426 sub
3262 1372 3495 1441 pastoris

1896 1471 2024 1512 cura
2056 1473 2072 1510 :
2103 1457 2444 1514 manebimus
2471 1467 2652 1515 autem
2678 1461 2724 1515 si
2747 1475 2935 1517 vocem
2965 1462 3080 1533 ejus
3111 1463 3418 1533 audiamus,
3447 1467 3508 1521 si»

1896 1546 2000 1619 ipsi
2050 1562 2257 1604 morem
2307 1564 2596 1620 geramus,
2651 1552 2696 1607 si
2744 1552 2981 1610 alienum
3031 1570 3140 1611 non
3184 1571 3494 1627 sequamur.

1897 1637 2083 1710 Ecqua
2102 1654 2206 1695 vos
2226 1640 2343 1710 ejus
2359 1642 2476 1696 est?
2499 1640 2648 1697 Beati
2658 1659 2906 1714 pauperes
2919 1645 3105 1716 spiritu
3119 1660 3140 1702 :
3153 1646 3287 1702 beati
3303 1648 3511 1705 mundo

1895 1734 2048 1788 corde
2071 1748 2091 1788 .'
2119 1733 2253 1789 beati
2275 1735 2625 1791 misericordes
2652 1733 2867 1810 (Hatth.
2899 1739 2955 1795 5.
2982 1737 3038 1795 5.
3069 1737 3238 1812 8.,7).
3279 1739 3340 1797 Si
3382 1741 3510 1800 haec"

1898 1839 2216 1894 sanemus,
2257 1824 2360 1881 sub
2412 1834 2627 1896 pastore
2667 1828 3046 1900 manebimus,
3094 1839 3152 1888 et
3199 1831 3360 1903 lupus
3413 1835 3498 1891 iu-

1898 1915 2051 1987 gredi
2091 1931 2200 1971 non
2248 1916 2467 1986 poterit.
2499 1916 2606 1974 Sed
2651 1919 2863 1977 etiamsi
2912 1921 3125 1991 irruat,
3170 1922 3225 1979 id
3275 1923 3331 1979 in
3378 1940 3502 1996 per.

1900 2007 2098 2063 nieiem
2125 2021 2279 2062 suam
2322 2006 2503 2064 faciet.
2531 2009 2810 2066 Pastorem
2860 2011 3005 2068 enim
3051 2013 3126 2069 ita
3169 2029 3270 2071 nos
3306 2031 3504 2073 aman-

1903 2107 2011 2154 tem
2065 2098 2367 2168 habemus,
2418 2109 2478 2156 ut
2522 2100 2758 2157 animam
2796 2118 2952 2160 suam
2995 2119 3096 2177 pro
3124 2108 3282 2164 nobis
3335 2109 3503 2166 tradi.

1903 2189 2064 2249 derit.
2111 2188 2248 2245 Cum
2303 2205 2434 2261 ergo
2482 2199 2539 2247 et
2594 2202 2788 2262 potens
2843 2194 2916 2251 sit
2979 2205 3037 2254 et
3088 2197 3312 2270 diligat,
3367 2201 3498 2272 quid

1903 2282 2127 2353 impedit
2154 2284 2444 2354 quominus
2479 2284 2709 2342 salutem
2735 2291 3165 2360 consequamur?
3184 2292 3363 2360 Nihil,
3397 2295 3504 2352 nisi

1905 2389 2010 2431 nos
2035 2374 2138 2446 ipsi
2166 2375 2500 2433 deficiamus.
2522 2377 2806 2445 Quomodo
2831 2380 3192 2440 deiiciemus?
3219 2384 3374 2444 Illum
3397 2402 3500 2444 au-

1906 2467 1960 2522 di
1986 2467 2256 2523 dicentem
2289 2484 2305 2523 :
2351 2466 2480 2523 Non
2519 2473 2728 2542 potestis
2773 2471 2970 2529 duobus
3005 2474 3227 2532 dominis
3265 2479 3453 2536 seruire
3484 2521 3510 2547 ν

1908 2557 2091 2614 Deo'et
2111 2559 2598 2632 mamonteUIatth.
2628 2562 2680 2618 6.
2701 2563 2832 2634 21).
2857 2564 2914 2621 Si
2941 2580 3072 2638 ergo
3120 2566 3249 2624 huic
3299 2570 3505 2625 servia-

1910 2666 2065 2715 mus,
2093 2651 2239 2706 illius
2275 2651 2544 2723 tyrannidi
2573 2652 2802 2723 subjecti
2841 2670 2950 2711 non
2980 2657 3203 2714 erimus.
3235 2657 3370 2715 Nam
3414 2668 3500 2733 ty-

1909 2740 2135 2798 rannide
2157 2742 2345 2813 quavis
2371 2743 2616 2799 acerbior
2632 2754 2718 2802 est
2744 2746 3090 2816 pecuniarum
3117 2752 3511 2823 concupiscen-

1915 2835 2010 2892 tia.
2033 2834 2246 2890 Nullam
2271 2834 2432 2892 habet
2452 2836 2782 2908 voluptatem
2803 2880 2820 2905 ,
2850 2841 2946 2897 sed
2973 2841 3389 2910 sollicitudines,
3422 2845 3511 2901 iu-

1912 2927 2131 2996 vidiam,
2159 2928 2398 2997 insidias,
2429 2931 2634 2996 odium,
2667 2932 3068 3006 sycophantias,
3097 2938 3316 2995 etmille
3338 2939 3510 2994 virtu-

1914 3017 1988 3075 tis
2017 3020 2420 3089 impedimenta,
2463 3020 2726 3079 desidiam
2750 3064 2768 3091 ,
2819 3025 3094 3082 lasciviam
3116 3069 3134 3096 ,
3187 3029 3466 3084 avaritiam
3488 3071 3510 3096 ,

1915 3108 2266 3176 ebrietatem,
2317 3124 2437 3180 quae
2478 3110 2679 3167 liberos
2710 3114 2766 3168 in
2794 3115 3109 3172 servitutem
3152 3116 3424 3188 redigunt,
3456 3129 3514 3175 et

1919 3201 2095 3256 servis
2123 3201 2425 3258 deteriores
2453 3204 2790 3260 constituunt
2818 3223 2833 3259 :
2865 3220 3055 3263 servos
3078 3249 3094 3273 ,
3123 3209 3365 3280 inquam,
3389 3211 3517 3267 red-

1918 3291 2092 3358 dunt,
2136 3307 2244 3347 non
2276 3292 2592 3360 hominum,
2621 3295 2717 3352 sed
2743 3297 3047 3366 gravissimi
3074 3300 3318 3356 omnium
3346 3302 3514 3358 animi

1919 3381 2253 3437 morborum.
2315 3381 2415 3439 Hic
2458 3385 2623 3440 multa
2651 3386 2814 3442 audet
2856 3403 2976 3460 qua:
3004 3403 3106 3446 nec
3149 3390 3262 3447 Deo
3284 3392 3519 3449 necho-

1923 3472 2158 3528 minibus
2189 3471 2422 3543 placent,
2445 3484 2692 3532 metuens
2719 3491 2788 3534 ne
2810 3478 2932 3548 quis
2960 3494 3022 3535 se
3039 3479 3108 3536 ab
3131 3481 3229 3536 hac
3246 3483 3511 3539 servitute

1922 3564 2136 3621 liberet.
2177 3563 2222 3620 0
2247 3565 2498 3621 acerbam
2537 3567 2890 3635 servitutem,
2929 3577 2985 3625 et
3011 3569 3333 3628 diabolica
3364 3580 3520 3643 pote-

1925 3657 2149 3712 statem!
2181 3655 2307 3712 Eme
2324 3656 2522 3726 quippe
2543 3665 2630 3715 est
2646 3659 2886 3714 omnium
2907 3660 3247 3730 gravissima,
3273 3662 3417 3734 quod
3444 3671 3526 3722 tot

1925 3747 2133 3805 detenti
2163 3749 2319 3805 malis
2349 3749 2705 3818 delectemur,
2741 3760 2798 3808 et
2821 3741 3045 3809 mtenas
3089 3754 3482 3825 amplectamur
3503 3799 3522 3824 ,

1926 3851 1981 3897 et
2006 3841 2151 3912 quod
2179 3841 2523 3897 tenebrosum
2563 3856 2839 3899 carcerem
2865 3841 3192 3913 habitantes,
3226 3847 3404 3905 lucem
3434 3847 3524 3904 fu-

1927 3935 2159 4004 giamus,
2192 3932 2286 3988 sed
2329 3947 2430 3988 nos
2466 3933 2624 3988 malis
2662 3937 3131 4008 constringamus,
3162 3948 3218 3996 et
3245 3940 3299 3996 in
3329 3943 3528 3999 morbo

1929 4024 2283 4090 oblcctemur.
2309 4022 2488 4090 Quare
2513 4026 2845 4083 necliberari
2871 4042 3158 4099 possumus
3175 4073 3192 4099 ,
3241 4041 3299 4088 et
3339 4031 3527 4105 peiore

1929 4129 2090 4184 quam
2115 4113 2208 4184 qui
2245 4113 2460 4169 metalla
2493 4113 2705 4172 fodiunt
2732 4118 3046 4177 conditione
3071 4135 3280 4192 sumus,
3303 4122 3431 4179 dum
3449 4123 3533 4181 la-

1931 4203 2065 4259 bore
2100 4213 2158 4259 et
2199 4203 2417 4260 miseria
2441 4203 2644 4273 obruti,
2685 4207 2892 4263 nullum
2917 4210 3044 4267 inde
3082 4211 3314 4270 fructum
3349 4217 3531 4285 perci-

1933 4293 2130 4364 pimus.
2162 4292 2430 4364 Quodque
2457 4295 2698 4350 omnium
2727 4296 3080 4356 deterrimum
3094 4312 3200 4370 est,
3218 4305 3263 4359 si
3284 4305 3407 4377 quis
3430 4322 3542 4364 nos

1934 4385 2003 4440 ab
2027 4385 2222 4441 acerba
2245 4383 2557 4455 huiusmodi
2585 4388 2898 4458 captivitate
2927 4406 3123 4448 eruere
3151 4394 3302 4461 velit,
3333 4395 3387 4451 id
3418 4412 3538 4455 non

1933 4477 2208 4548 patimur;
2241 4477 2352 4532 imo
2395 4477 2558 4532 etiam
2593 4493 2737 4549 aegre
2785 4478 3008 4539 ferimus
3049 4490 3107 4539 et
3149 4484 3540 4557 indignamur;

1935 4569 2070 4626 nihil
2110 4568 2304 4625 melius
2324 4567 2502 4624 ah‘ecti
2523 4584 2685 4641 quam
2713 4571 2805 4642 qui
2842 4572 3049 4629 insania
3067 4577 3210 4647 capti
3240 4588 3389 4647 sunt,
3420 4580 3539 4639 imo

1937 4662 2099 4733 longe
2123 4659 2548 4716 miserabiliores
2573 4661 2697 4726 illis,
2749 4662 2895 4731 quod
2945 4667 3178 4722 nolimus
3218 4660 3539 4728 ab'iusania

1935 4751 2176 4811 liberari.
2232 4750 2502 4822 Numquid
2528 4766 2593 4806 ea
2620 4751 2691 4808 de
2719 4767 2882 4809 causa
2925 4756 2978 4810 in
3011 4759 3272 4816 mundum
3302 4764 3498 4820 venisti
3519 4805 3539 4831 ,

1937 4861 1973 4901 o
2001 4845 2166 4901 homo
2189 4845 2215 4897 Ἰ
2238 4857 2306 4899 an
2337 4842 2464 4901 ideo
2503 4841 2668 4898 homo
2696 4842 2870 4901 factus
2903 4860 2964 4902 es
2987 4887 3005 4914 ,
3048 4856 3109 4903 ut
3154 4848 3271 4907 lucc
3319 4853 3538 4911 metalla

1940 4936 2247 5008 operareris
2274 4943 2331 4991 et
2363 4949 2555 4990 aurum
2598 4936 2883 5007 colligeres
2909 4938 2934 4993 ?
2979 4939 3097 4996 Non
3128 4942 3250 4999 ideo
3294 4955 3446 5004 certe
3471 4950 3542 5005 ad

1943 5029 2234 5099 imaginem
2287 5040 2440 5082 suam
2476 5035 2531 5082 te
2555 5025 2808 5082 formavit
2831 5029 3000 5094 ;‘sed
3027 5040 3086 5087 ut
3115 5032 3217 5104 ipsi
3247 5034 3492 5104 placem
3524 5082 3543 5106 v

1941 5133 2004 5179 ut
2043 5121 2222 5178 futura
2266 5120 2682 5191 consequercris
2710 5162 2727 5186 ,
2780 5129 2839 5177 ut
2888 5136 3016 5180 cum
3059 5127 3268 5199 angelis
3309 5130 3544 5190 choreas

1942 5229 2134 5286 ageres
2152 5215 2192 5268 ⁸.
2236 5213 2347 5269 Cur
2373 5221 2427 5268 te
2450 5212 2522 5268 ab
2547 5213 2649 5268 hac
2668 5213 2952 5271 nobilitate
2972 5215 3127 5286 ejicis
3144 5259 3160 5285 ,
3200 5229 3257 5276 et
3282 5221 3335 5277 iu
3358 5233 3541 5280 extre-

1945 5323 2090 5364 mam
2109 5307 2336 5378 eonjicis
2357 5305 2746 5378 ignobilitatem
2770 5317 2827 5364 et
2852 5308 3174 5366 infamiam?
3215 5313 3318 5383 Qui
3348 5317 3543 5374 eodem

1945 5416 2056 5474 quo
2083 5411 2139 5456 tu
2167 5409 2324 5474 partu
2351 5411 2511 5457 natus
2530 5412 2635 5468 est,
2666 5411 2822 5473 partu
2852 5402 2976 5459 dico
2996 5405 3281 5475 spirituali,
3304 5407 3446 5466 fame
3463 5418 3546 5464 ta-

1946 5494 2158 5552 bescit:
2189 5503 2247 5551 tu
2286 5493 2441 5566 cepia
2468 5507 2651 5551 rerum
2697 5493 3046 5567 dirumperis.
3090 5494 3285 5554 Frater
3338 5499 3544 5556 nudum

2014 5745 2037 5788 ⁸
2068 5746 2218 5810 tice,
2233 5746 2287 5798 ut
2301 5754 2414 5799 συσπ
2432 5739 2618 5808 augetis
2641 5739 2843 5798 choreas
2865 5753 3058 5806 ageres,
3070 5739 3286 5793 deerant
3309 5737 3361 5793 ia
3383 5739 3530 5790 ﬂoret
3553 5782 3561 5793 .
