4054 6438
551 328 654 386 ssi

558 451 754 507 corpus
776 432 1079 491 circumfert
1117 449 1129 487 :
1162 441 1213 486 tu
1248 442 1422 488 vestes
1452 431 1690 487 vestibus
1737 432 1924 498 addis,
1968 432 2123 486 tineis

560 527 700 581 hunc
728 529 976 579 amictum
1004 538 1288 595 apparens.
1320 527 1533 590 Quanto
1579 524 1770 578 melius
1820 533 1962 579 esset
1994 538 2126 593 pau-

559 632 739 686 perum
786 629 1008 685 corpora
1032 614 1114 669 his
1163 614 1452 684 obtegere?
1476 614 1547 668 ita
1577 614 1717 668 enim
1755 613 1840 668 illa
1873 629 1977 667 non
2001 628 2128 668 con-

552 712 914 767 sumerentur,
959 713 1008 757 te
1026 719 1151 758 cura
1175 707 1317 757 omni
1355 703 1664 766 liberarent,
1696 711 1749 758 et
1775 702 1999 756 futuram
2032 701 2124 755 tibi

554 804 800 864 parerent
834 796 1013 848 vitam.
1046 794 1100 847 Si
1129 796 1264 848 nolis
1281 808 1338 847 ea
1358 809 1385 847 a
1414 794 1566 846 tineis
1589 795 1830 848 consumi
1857 833 1873 859 ,
1903 793 1967 846 da
2001 809 2127 861 pau-

552 885 768 954 paribus
795 900 813 936 ι
850 884 923 937 illi
958 898 1184 952 namque
1217 883 1327 935 hzec
1379 891 1697 936 vestimenta
1733 885 1898 951 probe
1948 884 2126 937 sciunt

556 987 832 1030 excutere.
879 974 1074 1029 Christi
1106 989 1332 1043 namque
1356 988 1552 1044 corpus
1575 974 1809 1044 qualibet
1839 990 1958 1028 arca
2006 990 2128 1044 pre-

557 1067 746 1120 tiosius
791 1075 845 1119 et
895 1066 1058 1120 tutius
1101 1074 1220 1130 est;
1265 1080 1436 1134 neque
1468 1076 1670 1120 tantum
1700 1082 1758 1132 ea
1787 1067 2016 1119 custodit
2047 1069 2127 1120 in-

558 1166 804 1224 corrupta
829 1196 844 1220 ,
878 1155 969 1209 sed
997 1159 1154 1210 etiam
1201 1156 1562 1223 Splendidiora
1592 1157 1783 1210 reddit.
1815 1159 1946 1210 Area
1981 1173 2124 1228 saepe

555 1265 673 1302 emn
695 1249 930 1303 vestibus
956 1248 1171 1317 abrepta
1205 1257 1444 1301 extremo
1469 1257 1519 1302 te
1549 1247 1723 1302 affecit
1748 1248 1963 1302 damno:
1991 1249 2127 1304 hanc

561 1353 690 1393 vero
730 1338 1023 1392 custodiam
1072 1354 1138 1392 ne
1167 1352 1310 1391 mors
1339 1338 1551 1406 quidem
1583 1347 1752 1406 potest
1785 1338 2122 1394 labefactare.

567 1429 746 1497 Neque
777 1430 917 1483 enim
966 1430 1130 1497 portis
1158 1438 1248 1481 aut
1276 1429 1513 1481 vectilms
1545 1428 1631 1482 hic
1661 1429 1811 1482 nobis
1840 1439 1919 1482 est
1940 1444 2074 1497 Opus
2108 1472 2122 1495 ,

566 1533 669 1572 non
709 1519 873 1572 servis
903 1519 1254 1586 vigilantibus,
1286 1533 1384 1572 nec
1410 1519 1510 1570 alia
1540 1519 1722 1586 quavis
1747 1520 2010 1572 cautione.
2045 1519 2126 1574 Ab

556 1611 768 1665 insidiis
802 1623 1018 1678 prorsus
1049 1609 1208 1661 libera
1232 1619 1353 1660 sunt
1383 1649 1396 1672 ,
1431 1618 1486 1660 ut
1525 1624 1620 1677 par
1645 1618 1756 1673 est,
1792 1625 1908 1678 qua:
1945 1610 1994 1662 in
2017 1626 2125 1664 ca:-

561 1701 624 1755 lis
648 1709 772 1753 sunt
799 1700 1092 1753 recondita.
1126 1698 1296 1753 Locus
1340 1701 1479 1753 enim
1527 1700 1617 1754 ille
1643 1715 1671 1751 a
1699 1701 1930 1770 nequitia
1983 1703 2124 1756 nulla

560 1790 694 1843 adiri
746 1797 939 1857 potest.
987 1788 1110 1842 llaec
1138 1803 1233 1843 nos
1265 1789 1473 1844 dicendi
1509 1790 1666 1844 finem
1704 1806 1807 1844 non
1856 1791 2079 1846 facimus
2107 1833 2123 1859 ,

561 1895 760 1950 vosque
790 1879 1069 1934 audientes
1092 1896 1194 1933 non
1228 1881 1627 1949 obtemperatis.
1671 1883 1830 1950 Cujus
1856 1885 1929 1937 rei
1968 1901 2126 1939 causa

554 1984 659 2038 est,
693 1973 835 2040 quod
869 1973 1044 2042 pusilli
1075 1974 1239 2026 simus
1269 1973 1452 2037 animi,
1503 1982 1556 2028 et
1588 1975 1812 2028 terrenis
1838 1975 2123 2032 inhicmus.

552 2061 662 2115 lmo
682 2064 817 2116 absit
842 2071 894 2115 nt
921 2077 1110 2116 omnes
1139 2079 1232 2115 vos
1259 2063 1505 2116 damnent
1531 2105 1544 2126 ,
1572 2078 1633 2116 ac
1672 2063 1715 2116 si
1743 2079 1930 2118 omnes
1964 2068 2119 2120 incu-

556 2152 795 2205 rahiliter
842 2154 1131 2221 a‘grotctis.
1163 2153 1383 2206 Etiamsi
1415 2155 1553 2207 enim
1582 2153 1614 2206 ii
1665 2156 1752 2224 qtti
1795 2156 1990 2210 divitiis
2015 2157 2124 2212 iue-

556 2242 794 2295 briantur
820 2283 834 2307 ,
873 2243 1151 2295 obstruunt
1203 2257 1358 2296 aures
1393 2259 1458 2296 ne
1504 2243 1756 2309 audiant;
1804 2254 1855 2297 at
1901 2246 1932 2298 ii
1957 2249 2042 2314 qtti
2070 2248 2122 2301 in

555 2341 862 2400 paupertate
899 2334 1058 2386 vitam
1087 2343 1283 2402 agunt,
1316 2333 1472 2387 dictis
1531 2335 1803 2389 attendere
1851 2346 2121 2405 poterunt.

556 2422 619 2476 lit
643 2423 765 2490 quid
799 2422 911 2476 htec
938 2423 1001 2476 ad
1030 2439 1287 2492 pauperes
1312 2465 1326 2486 ,
1379 2425 1603 2493 inquies,
1645 2427 1733 2493 qui
1778 2443 1875 2481 nec
1915 2445 2122 2495 aurum,

555 2529 648 2566 nec
673 2515 984 2566 vestimenta
1014 2513 1316 2580 hujusmodi
1348 2513 1579 2567 habent?
1620 2514 1810 2568 \‘crum
1844 2518 1912 2570 illi
1939 2535 2124 2586 panem

554 2603 750 2656 habent
791 2613 844 2656 et
882 2619 1070 2671 aquam
1116 2603 1389 2672 frigidam;
1424 2604 1617 2658 habent
1660 2606 1792 2659 duos
1841 2609 2024 2664 obolos
2075 2624 2128 2667 ct

554 2695 734 2759 pedes,
770 2695 920 2762 queis
947 2709 1118 2761 {egros
1146 2694 1410 2757 invisant;
1447 2693 1641 2748 habent
1684 2697 1910 2765 linguam
1938 2713 1987 2754 et
2008 2717 2124 2756 scr-

553 2795 762 2833 tuonem
786 2820 798 2842 ,
834 2789 889 2831 ut
920 2782 1264 2833 consolentur
1291 2783 1428 2835 tnale
1468 2783 1715 2837 afl'ectutu
1742 2804 1754 2847 ;
1809 2788 2003 2843 habent
2029 2792 2125 2844 do-

1289 323 1342 380 S.
1385 321 1658 378 JOANNIS
1697 318 2165 380 CilRYSOSTOMI
2208 319 2518 376 ARCHIEP.
2561 318 3088 376 CONSTAN'I‘IXOP.

3723 318 3845 374 3³3

2236 447 2380 487 ιιιιιιιι
2412 443 2464 486 et
2489 441 2830 502 tectum,quo
2856 433 3110 502 recipiant
3147 431 3434 502 hospitem.
3472 433 3656 503 Neque
3678 440 3840 488 ιςτεειιι

2236 531 2313 576 tot
2346 532 2398 577 et
2436 531 2510 577 tot
2540 523 2735 576 talenta
2775 526 2887 578 auri
2921 538 2949 577 a
2981 523 3337 593 pauperibus.
3370 524 3464 578 sed
3502 543 3533 577 ι
3563 525 3840 578 divitibm

2235 611 2515 680 exigimus.
2539 611 2688 679 Quod
2713 613 2755 665 si
2788 613 2850 664 ad
2881 615 3130 682 pauperis
3162 614 3355 667 ostium
3395 615 3602 671 venerit
3629 616 3794 670 Domi
3823 649 3836 656 -

2236 717 2367 762 nus,
2403 718 2506 754 non
2550 700 2762 772 pudebit
2793 717 2911 756 cum
2959 703 3039 755 vel
3071 687 3290 758 obolnui
3318 705 3596 774 accipere;
3625 708 3723 758 sed
3769 723 3842 759 se

2236 794 2386 862 plura
2403 795 2672 861 accepisse
2702 793 2861 860 dicet,
2883 809 3040 863 quam
3069 795 3137 848 ab
3167 795 3230 849 iis
3253 797 3339 865 qui
3364 797 3529 850 multa
3553 797 3841 864 deposue-

2235 893 2376 938 runt.
2408 884 2545 952 Quot
2573 900 2712 939 nunc
2730 885 2969 939 homines
2992 885 3080 940 illo
3101 897 3338 956 tempore
3357 887 3519 942 fuisse
3543 898 3833 958 optarent.

2234 989 2339 1043 quo
2365 973 2607 1028 Christus
2635 975 2685 1027 in
2714 990 2876 1030 carne
2901 985 3095 1030 terram
3132 977 3331 1042 obibat,
3378 989 3433 1032 ιιι
3461 979 3717 1050 colloquii
3770 991 3837 1034 et

2240 1080 2438 1119 mensa:
2465 1081 2586 1118 cum
2610 1080 2675 1119 eo
2707 1075 2985 1122 conslirtes
3023 1077 3204 1122 essent
3241 1071 3254 1122 !
3313 1069 3447 1124 Ecce
3484 1071 3596 1137 jam
3654 1072 3780 1125 licet
3812 1113 3831 1134 ,

2235 1169 2512 1223 possumus
2544 1155 2687 1209 illtnn
2714 1156 2779 1209 ad
2813 1158 3092 1224 praudiutn
3119 1174 3312 1214 vocare
3335 1202 3349 1226 ,
3390 1177 3510 1214 cum
3548 1162 3666 1231 ipSo
3690 1177 3836 1216 con-

2233 1246 2422 1306 vivari,
2451 1255 2502 1300 ct
2549 1261 2665 1299 cum
2697 1247 2883 1315 majori
2917 1247 3084 1302 luero.
3133 1250 3328 1304 Eorum
3378 1253 3522 1306 enim
3570 1259 3658 1322 qui
3699 1271 3832 1308 cum

2234 1338 2758 1391 illoconvivabantur
2787 1339 2935 1392 multi
2963 1341 3254 1408 perierunt,
3283 1353 3339 1396 ttt
3368 1341 3533 1396 Judas
3563 1355 3616 1398 et
3635 1345 3832 1412 hujus-

2236 1427 2376 1481 modi
2422 1429 2696 1492 homines;
2747 1430 3068 1498 quicumque
3118 1445 3246 1486 vero
3288 1434 3433 1486 illttm
3465 1435 3574 1501 jam
3595 1436 3832 1489 domum

2237 1519 2521 1584 vocabunt,
2558 1529 2613 1572 ut
2643 1535 2842 1574 mensa:
2871 1530 2924 1574 et
2959 1523 3080 1574 tecti
3108 1533 3409 1577 consortem
3430 1526 3666 1580 efficiant
3691 1570 3703 1588 ,
3735 1528 3837 1577 he-

2235 1610 2536 1665 uedietione
2585 1627 2771 1680 magna
2802 1611 3062 1666 fruentur.
3122 1612 3315 1680 l’euite,
3347 1617 3537 1684 inquit,
3572 1619 3826 1672 bent-dim

2235 1701 2405 1755 Patris
2424 1705 2538 1763 mei,
2566 1702 2813 1769 possidete
2841 1715 3181 1771 pra’paratum
3237 1708 3371 1758 vobis
3400 1725 3611 1777 regnum
3639 1726 3670 1760 ιι
3702 1727 3825 1760 ron-

2233 1794 2486 1845 stitutione
2508 1794 2699 1862 nmudi.
2732 1794 2933 1848 Esurivi
2957 1798 3103 1859 enim,
3137 1809 3181 1850 et
3210 1799 3418 1852 dedistis
3445 1802 3570 1853 iui/ti
3597 1804 3827 1856 mandu~

2233 1901 2350 1938 care
2380 1901 2397 1938 :
2427 1886 2578 1949 sitiri,
2608 1896 2653 1938 ct
2682 1887 2891 1941 dedistis
2921 1890 3044 1942 milii
3071 1890 3234 1944 bibere
3266 1911 3279 1946 :
3330 1892 3510 1960 hospes
3561 1912 3727 1958 eram,
3779 1907 3827 1948 et

2233 1977 2516 2042 suscepistis
2533 1992 2611 2029 me
2628 1995 2646 2030 .·
2664 1978 2911 2045 inﬁrmus,
2931 1989 2975 2032 et
2993 1982 3225 2036 ttisitastis
3248 2000 3356 2036 me:
3375 1985 3424 2036 in
3443 2001 3643 2038 carcere
3658 2004 3824 2050 eram,

2232 2078 2276 2120 et
2314 2069 2510 2121 venistis
2549 2070 2616 2121 ad
2658 2087 2734 2123 me
2766 2072 2784 2140 (
2815 2070 2999 2125 Matt/1.
3023 2075 3109 2128 2.3.
3151 2077 3315 2130 56-56
3341 2077 3378 2145 ).
3417 2078 3482 2133 Ut
3528 2095 3658 2150 ergo
3708 2083 3826 2136 hac

2231 2159 2510 2211 audiamus
2533 2160 2711 2224 verba,
2741 2161 2938 2214 nudum
2969 2165 3274 2230 vestian‘ius,
3307 2167 3622 2236 Colligamus
3647 2171 3827 2239 hospi-

2232 2258 2335 2302 tcnt
2368 2292 2380 2315 ,
2409 2251 2701 2304 nutriamus
2723 2253 3074 2316 esurientem,
3113 2257 3309 2310 sitienti
3343 2267 3525 2326 potum
3578 2261 3775 2314 demus
3809 2304 3822 2324 ,

2232 2358 2431 2412 a-grum
2461 2352 2748 2399 etearcere
2781 2346 3056 2400 detentum
3102 2349 3392 2404 invisamus
3419 2373 3437 2413 ς
3466 2362 3521 2404 ιιι
3565 2354 3823 2407 fiduciam

2232 2443 2286 2486 et
2331 2435 2538 2488 veniant
2575 2445 2909 2502 peccatorum
2939 2440 3290 2506 accipiamus.
3325 2451 3378 2494 et
3421 2442 3504 2494 illa
3531 2443 3670 2496 bona
3699 2463 3772 2513 qu
3796 2467 3827 2495 ιε

2234 2537 2445 2577 omnem
2477 2540 2778 2579 sermonem
2800 2536 3098 2582 etmettlcut
3124 2541 3375 2597 superant
3398 2548 3822 2601 consequantur:

2233 2629 2349 2681 qua:
2378 2617 2573 2667 utinam
2607 2631 2791 2668 omnes
2817 2617 3193 2684 adipist-antnr,
3221 2623 3387 2687 gratia
3410 2633 3459 2675 et
3491 2622 3826 2691 benignitate

2233 2705 2437 2758 llotnini
2462 2707 2629 2758 nostri
2659 2705 2784 2759 Jesu
2813 2706 3032 2772 Christi,
3062 2709 3145 2761 cui
3177 2710 3341 2779 gloria
3373 2723 3422 2765 et
3449 2712 3730 2782 imperium
3770 2717 3822 2768 in

2232 2796 2421 2848 s;ccula
2455 2797 2788 2848 surculorum.
2818 2800 3004 2851 Anien.

2713 2915 2814 2922 -..ς

2815 2917 3150 2926 ο--κ-υ-

3157 2921 3308 2928 --⁴.-..ι
3335 2922 3350 2928 .-
3362 2923 3508 2930 .-αμ-
3525 2924 3556 2930 ~-

1920 2992 2258 3058 110Mll.lA
2309 2999 2442 3058 LX.

549 3129 676 3181 Car.
721 3127 803 3182 10.
849 3142 900 3180 v.
943 3127 1029 3180 Η.
1075 3125 1183 3195 Ego
1225 3141 1334 3177 smn
1378 3134 1550 3195 pastor
1580 3127 1769 3194 bonus,
1799 3140 1843 3181 et
1887 3146 2130 3199 cognosco

621 3233 730 3269 oves
757 3232 911 3281 meas,
942 3226 987 3269 et
1014 3224 1313 3285 cognoscunt
1339 3232 1416 3267 me
1442 3232 1582 3269 mete.
1609 3217 1692 3271 15.
1720 3218 1863 3272 Sicut
1891 3224 2022 3273 novit
2052 3240 2129 3275 me

621 3293 811 3371 Pater,
841 3318 885 3359 et
923 3323 1012 3375 ego
1050 3322 1296 3376 cognosco
1338 3304 1541 3360 Patrem
1570 3348 1584 3372 ,
1619 3318 1662 3361 et
1707 3312 1926 3365 animam
1969 3331 2126 3367 meam

621 3412 751 3463 pono
782 3413 872 3462 pro
899 3396 1068 3449 ovibus
1101 3398 1242 3449 meis.
1684 3447 1688 3451 .

621 3489 674 3538 1.
715 3485 902 3538 Pastor
931 3484 1167 3538 Ecclesia:
1204 3486 1349 3555 fortis
1390 3502 1495 3539 esse
1531 3488 1690 3543 debet.
1731 3487 1966 3544 Pastores
2005 3494 2128 3548 mali

548 3578 654 3644 qui.
682 3603 751 3615 —
774 3575 1013 3644 Magnum
1045 3575 1310 3643 quidpiam
1337 3619 1350 3638 ,
1385 3591 1632 3646 magnum
1659 3589 1802 3633 certe
1829 3591 1909 3633 est
1939 3581 2124 3636 Eccle-

549 3667 641 3718 siae
671 3665 997 3734 prtefectura,
1024 3679 1142 3732 quze
1168 3665 1331 3717 multa
1361 3674 1513 3733 egeat
1543 3667 1876 3735 philosophia
1901 3678 1954 3723 et
1980 3669 2126 3724 forti-

551 3755 750 3817 tmliue,
777 3769 839 3807 ac
863 3763 1058 3822 quanta
1086 3752 1330 3813 Christus
1356 3754 1507 3818 dixit,
1532 3756 1602 3809 ita
1629 3766 1682 3808 ut
1711 3757 1938 3811 animam
1969 3771 2125 3827 ponat

547 3863 643 3915 pro
672 3845 888 3907 ovibus,
921 3859 1204 3912 numquam
1234 3844 1348 3898 illas
1382 3844 1626 3909 deserat,
1656 3855 1710 3901 et
1736 3857 1916 3900 contra
1947 3849 2123 3917 lupum

545 3947 648 3990 :let
679 3935 901 3990 fortiter.
938 3935 990 3990 In
1036 3936 1132 3989 hoc.
1159 3935 1334 3989 differt
1380 3945 1558 4004 pastor
1586 3951 1614 3988 a
1648 3939 1995 3991 mercenaria.
2032 3939 2126 3995 llic

548 4029 689 4081 rniut
726 4029 1045 4095 contemptis
1072 4027 1259 4081 ovibus
1289 4030 1515 4097 propriae
1545 4030 1698 4082 saluti
1738 4045 1948 4098 semper
1977 4032 2123 4084 advi-

547 4118 674 4181 rilat
703 4137 715 4170 :
750 4118 836 4171 ille
866 4133 994 4172 vero
1021 4157 1036 4180 ,
1068 4131 1161 4169 sua
1194 4116 1419 4170 demissa
1442 4158 1456 4181 ,
1491 4119 1712 4172 salutem
1742 4130 1890 4172 curat
1921 4122 2119 4175 ovium.

548 4210 671 4263 l‘ost
696 4209 817 4263 data
842 4223 968 4278 ergo
995 4209 1222 4276 pastoris
1253 4207 1442 4260 indicia
1468 4249 1481 4269 ,
1511 4207 1644 4262 duos
1684 4211 1829 4276 gregi
1863 4213 2124 4277 pernicio-

546 4313 636 4352 sos
665 4307 922 4353 memorat
952 4318 965 4352 :
1000 4298 1167 4351 furem
1201 4307 1518 4350 mactantem
1547 4308 1600 4352 et
1630 4301 1920 4364 rapientem
1953 4317 2079 4354 oves
2106 4319 2118 4364 ;

546 4400 600 4444 ct
629 4391 851 4444 alterum
889 4389 976 4457 qui
1009 4405 1109 4441 non
1146 4389 1256 4458 ipse
1287 4387 1496 4455 perdit,
1525 4386 1616 4439 sed
1652 4386 1817 4442 furem
1847 4404 1949 4441 non
1979 4401 2123 4445 arcet

549 4494 646 4534 nec
687 4478 923 4548 impedit.
967 4479 1069 4531 Per
1109 4478 1250 4529 illum
1293 4485 1469 4528 autem
1513 4475 1782 4529 Theudam
1824 4479 2116 4546 significat,

549 4585 642 4637 per
682 4569 820 4621 hunc
847 4566 1147 4620 Jndazorum
1180 4566 1424 4620 doctores
1453 4566 1676 4620 traducit
1701 4607 1714 4631 ,
1759 4569 1845 4636 qui
1875 4569 1940 4622 de
1967 4585 2117 4623 eom-

549 4659 723 4712 missis
762 4657 860 4709 sibi
901 4656 1084 4708 ovibus
1121 4657 1315 4707 nullam
1359 4654 1618 4708 habebant
1660 4670 1872 4720 curant;
1915 4673 2015 4727 qua
2053 4659 2119 4712 de

548 4763 604 4801 re
630 4748 737 4814 jam
766 4746 888 4797 ulitu
922 4743 1162 4798 Ezechiel
1195 4744 1312 4796 illos
1357 4744 1628 4797 incusabat
1660 4744 1740 4797 his
1769 4746 1942 4799 verbis
1977 4765 1987 4798 :
2034 4747 2120 4800 ι”ιε

549 4835 828 4905 pastoribus
849 4834 1047 4889 Israel!
1068 4834 1252 4888 Nonne
1269 4845 1487 4904 pastores
1511 4837 1776 4903 pascebant
1793 4841 2079 4906 semetipsos
2094 4842 2118 4892 ?

548 4941 710 4980 nonne
739 4942 849 4978 oves
875 4935 1148 4992 pascuntur
1169 4941 1199 4976 a
1228 4925 1505 4993 pastoribus
1533 4926 1745 4992 (Ezeclt.
1776 4928 1860 4980 5L
1891 4928 1987 4994 2)?
2013 4929 2115 4983 Sed

548 5020 620 5072 illi
652 5017 975 5074 contrarium
1016 5016 1315 5079 faciebant,
1343 5018 1479 5085 quod
1511 5019 1723 5071 malitia:
1751 5021 1992 5072 maxume
2023 5035 2114 5087 ge-

549 5123 645 5161 nus
686 5115 804 5171 est,
848 5106 1178 5174 aliorumque
1219 5121 1375 5159 causa
1417 5107 1693 5160 malorum.
1730 5107 1853 5161 ldeo
1891 5126 2116 5179 namque

544 5198 670 5258 dicit
701 5214 715 5252 :
743 5197 919 5266 Neque
947 5208 1183 5253 errantes
1215 5213 1345 5252 oves
1375 5198 1695 5252 reducebant
1722 5241 1737 5265 ,
1773 5217 1942 5269 neque
1975 5203 2114 5270 quod

547 5291 772 5355 perierat
794 5288 1099 5356 quatrehant
1120 5287 1279 5356 (Ibid.
1303 5306 1351 5341 υ.
1377 5288 1451 5354 4),
1478 5304 1646 5357 neque
1667 5291 1804 5358 quod
1828 5295 2112 5347 contritum

545 5387 653 5430 erat
682 5377 993 5446 alligabunt,
1023 5393 1190 5446 neque
1215 5379 1354 5447 quod
1387 5379 1649 5432 infirmum
1679 5380 1964 5444 curabant,
1995 5397 2112 5451 quia

545 5469 746 5536 st-ipsos
771 5509 784 5531 ,
827 5483 930 5519 non
973 5483 1097 5521 oves
1123 5509 1136 5530 ,
1187 5469 1485 5536 pascebant.
1530 5470 1756 5536 ldipsutn
1791 5469 1980 5525 Paulus
2008 5473 2113 5525 alio

547 5573 590 5605 ιι
615 5559 704 5608 rho
731 5557 1059 5626 signifiCabat
1091 5574 1101 5608 :
1139 5557 1320 5611 Omnes
1347 5575 1457 5626 qua."
1481 5576 1570 5611 sua
1599 5571 1711 5612 sunt
1737 5572 1986 5627 (prterunt,
2012 5579 2110 5616 non

547 5662 654 5710 qua'
678 5644 796 5699 Jesu
843 5646 1028 5700 Christi
1062 5646 1295 5716 (Philip.
1326 5650 1376 5702 2.
1413 5649 1473 5702 21
1507 5656 1558 5719 );
1592 5661 1643 5705 ct
1675 5665 1912 5716 rursum,
1951 5652 2110 5705 Nemo

2233 3154 2343 3204 quw
2367 3155 2459 3190 sua
2484 3149 2600 3191 sunt
2626 3155 2749 3207 quas
2765 3151 2833 3206 at,
2863 3142 2951 3194 sed
2977 3144 3196 3208 proximi
3224 3149 3557 3218 unusquisque
3584 3151 3627 3219 (Ι
3645 3190 3656 3201 .
3694 3151 3819 3204 (ἴον.

2235 3232 2318 3283 10.
2347 3231 2461 3299 Si).
2491 3231 2569 3282 Ah
2600 3241 2822 3300 utroque.
2851 3249 3046 3298 genere
3073 3250 3134 3289 se
3160 3235 3402 3293 Christus
3428 3252 3671 3309 segregat
3704 3259 3715 3294 τ
3750 3247 3825 3293 ab

2232 3320 2335 3374 illis
2363 3325 2450 3390 qui
2479 3323 2543 3375 ad
2580 3324 2864 3389 perniciem
2901 3326 3146 3389 veniunt,
3179 3343 3297 3381 cum
3327 3330 3434 3392 ait,
3470 3328 3590 3383 Ideo
3622 3335 3736 3385 veni
3767 3345 3825 3386 ut

2231 3415 2379 3464 eiram
2425 3413 2634 3465 habeant
2664 3454 2678 3478 ,
2711 3423 2756 3466 et
2803 3415 3142 3469 abundantius
3189 3419 3437 3484 habeant;
3467 3423 3534 3474 ab
3573 3422 3652 3475 Itis
3688 3441 3824 3477 vero

2229 3503 2319 3569 qtti
2352 3503 2477 3555 nihil
2509 3514 2717 3566 curant,
2751 3507 2792 3557 si
2825 3521 2952 3559 oves
2981 3522 3008 3559 a
3045 3508 3180 3575 lupis
3210 3511 3510 3578 rapiantur;
3542 3529 3660 3566 cum
3698 3516 3824 3568 illas

2229 3607 2332 3645 non
2359 3592 2624 3661 relinquit,
2651 3595 2741 3647 sed
2766 3596 2993 3648 animant
3016 3613 3164 3651 suam
3191 3601 3330 3666 ponit
3355 3617 3420 3655 ne
3445 3602 3548 3655 illa:
3569 3618 3816 3671 peream,

2227 3684 2357 3736 Cum
2388 3683 2527 3737 enim
2560 3687 2924 3738 consultarent
2967 3687 3110 3740 illum
3143 3691 3381 3744 occidere
3406 3733 3419 3756 ,
3456 3709 3626 3762 neque
3651 3709 3681 3746 a
3713 3695 3820 3746 do-

2228 3777 2392 3828 ctrina
2424 3775 2657 3838 destitit,
2693 3793 2861 3843 neque
2892 3779 3170 3834 credentes
3202 3783 3462 3849 prodidit;
3495 3787 3586 3838 sed
3627 3789 3771 3840 stetit
3803 3831 3816 3847 ,

2228 3874 2275 3916 el
2302 3876 2524 3918 mortem
2548 3866 2725 3919 subiit.
2757 3864 2878 3920 Ideo
2901 3869 3095 3935 ubique
3117 3869 3345 3935 dicebat,
3371 3872 3477 3942 Ego
3497 3891 3607 3926 sum
3636 3889 3820 3944 pastor

2227 3955 2402 4009 bonus.
2437 3956 2632 4010 lleiude
2660 3973 2779 4009 cum
2814 3959 3016 4011 nttllunt
3044 3960 3230 4014 adesse
3259 3962 3526 4018 videretur
3554 3967 3630 4020 rei
3663 3969 3820 4020 testi-

2226 4045 2459 4098 monium
2485 4047 2628 4115 (nam
2654 4047 2799 4110 illud,
2827 4049 3059 4101 Animam
3085 4067 3245 4103 meam
3270 4069 3417 4119 pono,
3450 4054 3591 4108 brevi
3624 4069 3813 4124 postea

2224 4137 2450 4198 accidit;
2483 4138 2609 4190 illud
2644 4156 2766 4192 vero
2790 4181 2802 4201 ,
2836 4151 2886 4192 ut
2918 4143 3070 4193 vitam
3110 4142 3358 4206 habeant,
3395 4155 3438 4197 et
3466 4145 3817 4203 abundantius

2226 4229 2477 4291 habeant,
2511 4239 2629 4294 post
2672 4245 2826 4282 suum
2857 4246 2921 4283 ex
2963 4232 3059 4284 hac
3101 4233 3201 4286 vita
3233 4234 3523 4290 discessum
3573 4239 3812 4294 futurum

2224 4318 2384 4385 erat),
2410 4317 2532 4386 qttid
2570 4319 2726 4371 facit?
2756 4321 2992 4373 Alterum
3026 4322 3091 4373 ab
3120 4323 3290 4375 alttru
3316 4325 3631 4389 confirmat;
3658 4343 3818 4382 netu-

2224 4424 2289 4475 pe
2319 4424 2383 4461 ex
2423 4424 2487 4462 eo
2517 4409 2654 4476 quod
2691 4410 2779 4462 det
2820 4413 3049 4463 animam
3079 4453 3094 4476 ,
3125 4413 3264 4481 quod
3307 4416 3395 4467 det
3431 4417 3589 4468 etiam
3621 4419 3807 4472 vitam.

2221 4498 2368 4562 Quod
2396 4508 2448 4551 et
2479 4498 2672 4553 Paulus
2702 4500 2908 4553 dicebat
2937 4519 2951 4553 :
2981 4501 3039 4555 Si
3077 4518 3189 4553 cum
3220 4503 3410 4556 inimici
3436 4522 3656 4560 assensus
3680 4549 3694 4572 ,
3731 4527 3812 4561 re-

2220 4591 2472 4642 conciliati
2498 4607 2668 4643 sumus
2697 4590 2805 4644 Deo
2834 4609 2922 4659 per
2948 4602 3155 4645 mortem
3183 4592 3309 4646 Filii
3336 4598 3444 4664 ejus
3473 4613 3491 4648 :
3511 4599 3671 4650 multo
3700 4618 3812 4652 ma.

2218 4683 2293 4748 gis
2322 4683 2629 4736 reconciliati
2665 4685 2792 4736 salvi
2819 4685 3003 4738 erimus
3029 4687 3046 4752 (
3074 4684 3219 4738 Rom.
3246 4687 3296 4742 5.
3333 4689 3400 4742 10
3497 4689 3562 4743 Ει
3590 4707 3805 4746 rursnnt

2218 4771 2340 4824 alibi
2363 4789 2375 4822 :
2400 4773 2499 4838 Qui
2517 4775 2664 4825 etiam
2685 4773 2818 4826 Filio
2831 4793 2921 4827 suo
2938 4793 3037 4828 non
3070 4779 3304 4844 pepercit,
3325 4778 3399 4849 (a)
3418 4779 3529 4851 [sed
3544 4799 3636 4850 pro
3663 4786 3806 4838 nobis

2219 4860 2444 4914 omnibus
2485 4862 2692 4914 tradidit
2730 4865 2872 4916 illum
2899 4863 2937 4935 ,]
2963 4868 3215 4933 quonwdo
3256 4884 3356 4920 non
3393 4872 3541 4922 etiam
3571 4889 3683 4923 cum
3716 4876 3806 4926 illo

2219 4955 2385 5005 omnia
2429 4954 2568 5006 nobis
2597 4954 2800 5008 donabit
2827 4963 2839 5021 (
2870 4955 3014 5009 Rom.
3045 4957 3096 5012 8.
3128 4959 3194 5011 52
3216 4960 3233 5026 )
3256 4959 3278 5011 ?
3303 4959 3405 5013 Sed
3437 4976 3529 5014 cur
3558 4978 3662 5016 non
3691 4965 3803 5032 jaut

2217 5058 2467 5100 accusant
2495 5047 2644 5101 illum
2674 5056 2728 5100 ut
2757 5050 2903 5116 prius
2923 5091 2935 5111 ,
2969 5050 3208 5105 dicentes
3234 5069 3245 5102 :
3279 5051 3352 5104 Tu
3381 5053 3442 5104 de
3469 5055 3626 5121 teipse
3660 5057 3803 5108 testi-

2217 5141 2436 5191 monium
2475 5139 2740 5208 perhibes,
2790 5142 3126 5193 testimonium
3176 5153 3314 5194 tuum
3360 5159 3459 5194 non
3508 5156 3580 5196 est
3631 5160 3804 5197 verum

2217 5228 2406 5293 (Joan.
2436 5229 2487 5284 8.
2523 5229 2670 5298 £5)?
2699 5231 2828 5296 Quia
2860 5247 3002 5300 smpe
3031 5232 3150 5286 illos
3180 5233 3336 5287 silere
3363 5246 3644 5301 coegerat:
3679 5247 3733 5289 et
3773 5253 3802 5292 a

2215 5321 2378 5389 signis
2423 5322 2592 5389 major
2634 5331 2932 5376 accesserat
2977 5322 3204 5387 fiducia,
3249 5334 3305 5377 ut
3347 5325 3448 5377 illis
3488 5325 3797 5380 obsisteret.

2216 5411 2414 5465 Deinde
2443 5413 2562 5482 quia
2593 5414 2836 5481 superius
2863 5413 3068 5467 dixerat
3096 5431 3109 5466 :
3143 5414 3206 5466 Et
3239 5429 3350 5468 oves
3378 5431 3543 5468 vocem
3567 5417 3677 5486 ejus
3704 5433 3801 5468 au.

2212 5505 2377 5570 diunt,
2401 5515 2446 5557 et
2472 5515 2744 5574 sequuntur
2768 5521 2915 5568 eum;
2948 5519 3012 5559 ne
3041 5506 3159 5574 quis
3183 5504 3403 5570 diceret,
3430 5505 3564 5574 Quid
3593 5507 3657 5560 ad
3689 5522 3797 5561 non

2272 5661 2342 5720 (α)
2369 5660 2556 5709 t'neinis
2588 5657 2744 5709 clausa
2769 5660 2943 5711 desunt
2969 5673 3017 5710 in
3041 5661 3326 5723 quibusdam
3344 5669 3445 5710 λιες.
