4054 6504
459 451 553 509 33]
1199 435 1253 491 S.
1291 429 1560 488 JOANNIS
1596 420 2069 483 CIIRYSOSTOMI
2108 417 2429 473 ARClllEP.
2461 415 2991 472 CONSTAX’HNUI'.

537 560 589 612 5.
627 554 822 609 Dei-ide
871 566 936 604 ne
981 547 1219 608 audiens,
1253 540 1569 609 Praeceptum
1598 537 1768 605 accepi
1801 554 1829 588 a
1867 533 2040 595 Patre,

469 650 698 703 alienun:
747 643 813 694 ab
855 655 920 693 eo
967 638 1068 692 hoc
1108 650 1240 704 opus
1288 647 1404 686 esse
1457 641 1691 699 putares,
1744 627 1852 693 jam
1903 624 2050 690 prius

470 743 692 799 dixerat,
727 733 898 786 Bonus
926 739 1096 799 pastor
1127 727 1350 778 animant
1375 738 1517 775 suam
1567 724 1703 786 ponit
1731 733 1822 785 pro
1855 714 2044 774 oribus,

471 832 551 884 his
580 827 870 882 ostendens
896 836 1024 874 υνυς
1053 834 1173 873 esse
1197 833 1338 878 suas,
1387 825 1440 868 ct
1485 826 1617 880 Opus
1646 819 1849 878 gestum
1884 815 2047 859 totum

471 936 589 974 esse
620 931 795 980 suum,
831 928 927 967 nec
974 927 1031 965 se
1083 923 1246 978 egere
1299 913 1582 973 pracepto.
1628 900 1756 952 Nam
1814 897 1857 948 si
1918 912 2051 962 pne-

469 1020 624 1076 ccpto
677 1022 811 1076 opus
863 1003 1152 1064 habuisset,
1197 1013 1291 1051 cur
1345 995 1586 1054 dixisset,
1648 991 1688 1041 Λ
1737 988 1922 1055 mripso
1952 1002 2046 1053 po-

472 1102 580 1154 no?
623 1099 752 1153 Nam
797 1095 883 1164 qui
929 1109 959 1148 a
1010 1093 1184 1158 scipso
1216 1088 1384 1156 ponit,
1442 1101 1545 1136 non
1592 1092 1712 1150 eget
1763 1087 2047 1148 praecepto.

470 1193 695 1244 Causam
767 1198 978 1254 quoque
1047 1180 1195 1234 addit
1258 1194 1354 1232 cur
1412 1176 1514 1229 hoc
1562 1173 1736 1226 faciat.
1795 1172 2048 1236 Quzenam

471 1282 598 1335 illa?
623 1278 770 1344 Quod
821 1285 1000 1346 pastor
1039 1274 1126 1338 sit,
1173 1280 1227 1326 et
1273 1271 1443 1324 bonus
1474 1278 1670 1337 pastor.
1718 1265 1892 1318 Boims
1925 1275 2054 1314 vero

470 1381 648 1440 pastor
675 1384 779 1422 non
820 1378 940 1436 eget
983 1365 1084 1418 alio
1127 1362 1217 1432 qui
1257 1362 1321 1415 ad
1369 1376 1479 1413 rem
1523 1358 1666 1410 illam
1701 1371 1757 1408 sc
1788 1355 2047 1406 hortetur.

465 1460 616 1526 Quod
656 1459 700 1512 si
749 1457 801 1512 id
832 1459 880 1509 in
914 1455 1236 1516 hominibus,
1283 1450 1449 1505 multo
1486 1449 1651 1518 magis
1681 1447 1731 1499 in
1763 1445 1892 1499 Deo.
1928 1443 2052 1497 Ideo

471 1550 662 1602 l'anlns
683 1548 908 1608 dicebat,
940 1546 1273 1612 Semetipsum
1307 1541 1581 1595 exinanieit
1611 1540 1628 1610 (
1658 1537 1848 1606 Philip.
1876 1534 1930 1588 2.
1959 1534 2048 1601 7).

473 1642 612 1695 Nihil
645 1656 770 1710 ergo
799 1640 937 1692 aliud
974 1639 1059 1690 hic
1085 1637 1182 1689 sibi
1225 1636 1334 1687 vult
1366 1641 1705 1701 prtcceptnm,
1739 1643 1894 1698 quam
1923 1640 2052 1681 coo-

471 1731 704 1784 (‘Ol'tllatll
731 1744 847 1780 cum
874 1728 1027 1779 Patre
1048 1724 1348 1780 ostendere.
1377 1722 1524 1788 Quod
1549 1722 1590 1773 si
1623 1730 1796 1772 tamen
1820 1717 2052 1770 humano

476 1829 530 1874 et
553 1817 738 1872 humili
765 1831 912 1869 more
940 1816 1138 1868 dictum
1169 1813 1254 1875 sit,
1291 1812 1342 1865 id
1369 1811 1672 1864 auditorum
1702 1805 2049 1861 imbecillitati

472 1910 834 1964 tribuendum.
888 1906 972 1961 l9.
1031 1905 1286 1958 Dissensio
1332 1905 1498 1971 itaque
1522 1902 1658 1969 facta
1686 1909 1759 1953 est
1787 1900 1916 1951 inter
1949 1896 2051 1949 Ju-

469 2004 630 2056 dazos.
659 2000 748 2054 ‘20.
793 1997 1034 2051 Dicebant
1058 1997 1168 2061 alii,
1217 1993 1532 2047 Dirmonium
1562 1993 1707 2044 habet
1751 2001 1799 2044 et
1842 1990 2051 2042 insanit.

475 2094 614 2158 Quid
643 2108 753 2146 eum
801 2089 1027 2142 auditis?
1051 2089 1139 2141 21.
1183 2087 1286 2139 Alii
1313 2085 1541 2138 dicebant
1568 2099 1585 2134 :
1627 2081 1753 2134 Haec
1779 2080 1925 2134 verba
1956 2095 2055 2131 non

473 2193 588 2238 sunt
628 2181 929 2234 dwmonium
959 2178 1204 2230 habentis.
1256 2174 1518 2243 Numquid
1555 2173 1856 2225 dreinonium
1895 2177 2056 2236 potest

472 2288 715 2326 meorum
759 2270 928 2323 oculos
965 2266 1198 2336 aperire?
1242 2265 1370 2318 Cum
1421 2264 1559 2314 cnim
1609 2261 1726 2328 plus
1766 2273 1920 2327 quam
1953 2257 2054 2308 hu-

475 2381 626 2416 mana
659 2369 837 2415 essent.
883 2375 1001 2427 qua:
1031 2357 1362 2416 dicebantur,
1392 2363 1444 2407 et
1490 2361 1681 2421 przcter
1719 2363 2055 2404 communem

475 2451 931 2509 consuetudinem,
960 2445 1341 2500 da-moniacum
1373 2444 1518 2496 illtnn
1544 2442 1810 2504 dicebant,
1842 2441 2057 2508 jamque

476 2537 758 2610 quatcr(a)
790 2540 866 2591 sic
899 2538 1043 2590 illum
1079 2543 1351 2588 vocarunt.
1395 2533 1524 2586 Nam
1569 2542 1725 2585 antea
1764 2531 2053 2586 dicebant:

479 2632 797 2686 Diemonium
815 2631 986 2682 habes:
1007 2629 1116 2695 quis
1145 2638 1188 2679 te
1209 2626 1386 2694 quierit
1409 2624 1722 2690 inter/icere?
1744 2639 1805 2676 ac
1825 2639 2057 2687 rursum,

480 2723 664 2776 Nonne
712 2721 830 2772 bene
878 2719 1096 2770 diximus
1142 2717 1259 2784 quia
1305 2714 1659 2768 Samaritanus
1705 2730 1754 2766 es
1781 2721 1853 2772 tu,
1887 2711 2062 2764 ctdw-

481 2815 698 2866 monium
742 2809 928 2861 habes?
961 2817 1012 2860 et
1045 2806 1148 2866 hic,
1199 2805 1516 2858 Dtenioniam
1563 2803 1707 2856 habet
1745 2815 1791 2854 et
1837 2801 2062 2861 insanit;

481 2903 601 2970 quid
647 2916 760 2953 eum
812 2898 996 2949 auditis
1047 2895 1238 2965 (Joan.
1268 2896 1318 2947 7.
1348 2894 1435 2946 20.
1467 2903 1512 2944 et
1541 2893 1591 2946 8.
1616 2891 1757 2961 48)?
1805 2890 1913 2944 lmo
1956 2907 2059 2943 non

480 3000 689 3058 quater,
721 2987 811 3040 scd
861 2986 1056 3052 sa-pius
1088 2984 1135 3036 id
1183 2983 1329 3036 illmn
1363 2981 1634 3034 audivisse
1672 2989 1901 3034 constat.
1930 2979 2060 3032 Nam

478 3080 617 3150 quod
647 3080 846 3141 dicunt,
904 3075 1087 3128 A'onne
1112 3075 1231 3127 bene
1254 3074 1470 3125 diximus
1497 3072 1613 3141 quia
1640 3071 1942 3124 da'monium
1975 3071 2065 3121 ha-

483 3171 600 3224 bes?
629 3186 732 3223 non
779 3169 858 3221 bis
908 3167 989 3220 vel
1039 3178 1137 3225 ter,
1171 3166 1261 3218 sed
1299 3165 1493 3232 sacpius
1522 3164 1646 3215 illud
1678 3162 1875 3215 dictum
1907 3163 2066 3215 fuisse

483 3264 820 3316 Confirmant.
855 3258 953 3308 Alii
982 3257 1230 3316 dicebant,
1264 3255 1449 3320 inquit,
1485 3251 1611 3305 lla’c
1641 3251 1789 3303 rerba
1817 3267 1914 3303 non
1949 3259 2066 3302 sunt

485 3351 788 3404 dwmoniuin
819 3347 1063 3398 habentis.
1102 3343 1363 3408 Numquid
1390 3343 1694 3395 (Ιίιίηοιιὶιιιη
1721 3351 1878 3409 potest
1904 3357 2066 3393 (ατο-

487 3459 598 3494 rum
630 3441 800 3493 oculos
831 3437 1064 3503 aperire?
1090 3435 1219 3502 Quia
1243 3435 1382 3488 enim
1411 3450 1472 3487 ex
1503 3433 1676 3487 verbis
1695 3449 1796 3484 nou
1824 3443 2067 3500 poterant

488 3532 589 3584 illis
619 3528 882 3581 silentium
918 3527 1211 3594 imponere,
1233 3541 1296 3578 cx
1321 3523 1571 3592 cperibus
1596 3524 1644 3576 id
1671 3525 2062 3577 demonstrant.

487 3622 643 3675 Certe
674 3619 828 3671 verba
861 3632 962 3672 ιιοιι
994 3625 1116 3670 sunt
1145 3615 1474 3668 dtemoniaei.
1506 3615 1657 3680 Quod
1690 3616 1731 3666 si
1760 3615 1933 3667 verbis
1962 3630 2068 3668 non

487 3711 884 3778 obtemperatis,
911 3723 1067 3776 opera
1093 3707 1441 3761 revet‘camini
1469 3705 1645 3773 (Joan.
1676 3705 1760 3759 10.
1784 3707 1893 3773 58).
1916 3705 2068 3771 Quod

490 3804 534 3855 si
568 3818 668 3854 non
700 3800 1031 3860 da'moniaei,
1085 3799 1176 3850 ειιιι
1209 3798 1323 3864 plus
1349 3813 1506 3865 quam
1554 3797 1780 3849 humana
1810 3797 1891 3849 illa
1922 3808 2065 3862 sunt,

495 3893 664 3961 palam
695 3905 774 3945 ρει
804 3906 831 3941 a
855 3890 1030 3943 divina
1059 3888 1285 3957 quadam
1334 3890 1524 3940 virtute
1571 3887 1853 3954 proﬁcisci.
1887 3887 2068 3940 \‘iden‘

492 3983 897 4054 syllogisiunni?
955 3982 1102 4046 Quod
1149 3981 1287 4033 enim
1335 3995 1491 4047 supra
1548 3978 1815 4032 hominem
1868 3988 2066 4043 essent,

495 4074 616 4127 hinc
670 4073 836 4139 palam
887 4079 1001 4124 erat
1044 4070 1182 4138 quod
1226 4070 1484 4133 dicerent,
1535 4069 1849 4121 Daunoniam
1890 4069 2070 4122 habet:

495 4164 634 4231 quod
662 4179 785 4215 vero
815 4162 1134 4214 darmonium
1167 4175 1269 4214 non
1316 4161 1554 4224 haberet,
1605 4176 1667 4212 ex
1713 4161 1774 4213 iis
1805 4176 1920 4228 qtuc
1951 4160 2072 4214 fecit

496 4255 896 4310 denumstrm'it.
930 4253 1063 4320 Quid
1091 4269 1217 4320 ergo
1244 4253 1526 4306 Christus?
1557 4252 1694 4306 Nihil
1736 4253 1799 4306 ad
1849 4253 1958 4306 haec
1989 4269 2073 4307 re-

496 4347 724 4414 Spondit.
761 4347 910 4399 Prius
938 4345 1076 4398 enim
1110 4343 1475 4412 responderat,
1503 4343 1613 4412 Ego
1637 4345 1939 4396 dwmonitnn
1972 4361 2072 4396 non

497 4438 689 4500 habeo;
717 4452 855 4490 nunc
884 4451 1009 4488 vero
1037 4451 1139 4486 non
1169 4437 1312 4487 item.
1347 4436 1476 4500 Quia
1503 4437 1644 4488 enim
1673 4451 1735 4487 ex
1767 4437 1924 4488 rebus
1950 4437 2075 4503 ipsis

499 4525 1006 4581 demoiistrationem
1057 4525 1487 4589 concinnaret-at,
1523 4525 1733 4577 demum
1765 4528 1946 4578 tacuit.
1971 4527 2076 4581 Ne-

500 4634 602 4686 que
625 4619 764 4670 enim
800 4617 1144 4684 responsione
1167 4615 1306 4683 digni
1334 4625 1482 4668 crant
1511 4616 1541 4667 ii
1575 4617 1659 4683 qui
1691 4616 2074 4671 dwnumiacum

499 4709 766 4779 dicebant,
801 4722 877 4759 ex
922 4708 1170 4774 operibus
1211 4723 1327 4774 qua:
1368 4707 1616 4759 admirari
1676 4709 1974 4775 Oportebat,
2026 4721 2078 4762 et

505 4802 668 4854 Deum
712 4801 878 4866 ipsum
905 4815 1020 4851 csse
1052 4809 1256 4864 putare.
1305 4799 1503 4867 Ecquid
1549 4816 1680 4865 "IIIIS
1722 4811 1852 4862 erat,
1882 4811 1929 4853 ut
1961 4802 2078 4854 illos

504 4893 821 4952 confutaret,
848 4908 961 4942 cum
991 4892 1095 4956 jam
1127 4893 1220 4957 ipsi
1250 4893 1385 4945 inter
1412 4910 1467 4945 sc
1507 4895 1811 4948 dissidirent
1838 4904 1889 4947 et
1915 4895 2080 4964 digla-

504 4983 815 5036 diarcntur?
844 4982 960 5034 Ideo
991 4983 1175 5036 silebat
1199 4995 1251 5036 et
1273 4985 1446 5036 omnia
1475 5001 1626 5055 mallit)
1650 4989 1824 5039 animo
1857 4988 2075 5041 ferebat.

504 5074 618 5128 Non
658 5088 719 5126 ea
771 5071 938 5124 Solum
986 5073 1050 5126 dc
1092 5090 1268 5138 causa,
1316 5077 1408 5130 sed
1451 5088 1504 5130 ut
1553 5093 1651 5132 nos
1685 5079 1986 5134 institueret
2015 5082 2080 5136 ad

505 5164 962 5219 mansuetudinem
994 5173 1046 5217 et
1076 5169 1398 5229 patientiam.

579 5258 627 5308 4.
675 5255 918 5322 Discipuli
944 5254 1127 5308 Christi
1153 5259 1402 5325 ofﬁcia—
1419 5259 1567 5314 llunc
1590 5262 1766 5332 itaque
1789 5261 2076 5318 imitemur.

510 5347 688 5414 Neque
719 5347 887 5398 solum
935 5347 1073 5399 enim
1106 5350 1285 5413 tacuit,
1320 5351 1407 5403 scd
1437 5353 1594 5405 etiam
1639 5354 1830 5408 iterum
1871 5366 1993 5420 stat,
2027 5367 2080 5411 et

577 5501 648 5561 (τι)
673 5500 763 5565 llic
789 5510 919 5565 notat.
943 5505 1123 5551 Boisius
1165 5519 1175 5552 :
1227 5507 1355 5565 .rtqni
1380 5507 1471 5555 tria
1494 5516 1676 5558 tantum
1701 5513 1804 5559 loca
1827 5511 2082 5560 adducun-

511 5570 604 5617 tur,
637 5569 680 5625 i;t
699 5563 1159 5625 factelegmnhptsit
1189 5563 1390 5619 ten—hoc
1417 5570 1516 5616 loro
1539 5578 1580 5618 et
1606 5585 1731 5620 mox.
1762 5573 1942 5620 Verum
1972 5573 2084 5624 licet

513 5626 598 5672 tria
637 5623 733 5670 loca
761 5623 940 5694 tantum
980 5625 1164 5694 adierat,
1187 5644 1195 5685 ι
1216 5636 1286 5675 ost
1324 5632 1519 5694 tertium
1545 5633 1659 5680 dicit
1684 5634 1775 5681 alia
1799 5623 2079 5694 superesse.

512 5694 665 5738 tutare
691 5698 802 5755 cum
826 5691 990 5744 quater
1015 5687 1354 5755 ιΐῖκιδςυιηκιδι
1377 5692 1515 5740 allata
1536 5695 1622 5739 tria
1650 5694 1744 5742 lout
1771 5687 1991 5755 quartum
2013 5710 2084 5744 sic

515 5747 837 5818 expresserit.
887 5758 1104 5818 .jt't';_.'..'(p{e
1133 5747 1282 5818 fuitis.
1323 5751 1468 5801 (Icrte
1514 5759 1680 5818 quater
1719 5747 1896 5806 habent
1933 5763 2081 5806 annua

518 5819 676 5865 ιιι-ειη
700 5807 828 5866 latin,
860 5817 908 5854 et.
935 5809 1005 5855 bis
1033 5809 1105 5855 hic
1133 5809 1351 5860 ludetur.

3633 415 3748 473 5ἷὲ

2159 527 2842 599 interrogatusrespondet,
2872 537 2924 580 et
2946 525 3290 597 providentia:
3317 542 3427 583 sua:
3453 530 3605 599 signa
3627 533 3720 584 dat
3753 540 3765 574 ε

2155 627 2312 689 atque
2339 620 2698 674 dm'aoniacus
2727 619 3020 688 appellatus
3046 628 3098 673 et
3130 619 3366 682 insanus,
3412 620 3479 673 ab
3525 621 3763 676 homini-

2157 712 2254 765 bus
2285 713 2373 781 qui
2405 712 2552 766 mille
2579 711 2644 763 ab
2689 727 2746 765 se
2789 711 3062 765 beneficiis
3095 710 3265 764 affecti
3315 713 3545 774 inerant,
3593 713 3761 779 idch

2156 820 2259 857 non
2309 804 2472 857 semel
2524 813 2613 855 ant
2660 803 2760 864 bis,
2811 804 2902 855 sed
2955 803 3174 870 plttries,
3226 817 3328 856 non
3359 801 3518 857 modo
3553 819 3617 858 se
3647 819 3760 858 non

2159 895 2300 947 ultus
2331 905 2431 956 est,
2462 894 2552 948 sed
2599 895 2757 947 etiam
2809 893 3063 947 beneﬁcia
3096 894 3403 947 conferendi
3449 892 3612 947 finem
3645 913 3754 950 non

2158 985 2303 1040 fecit.
2351 986 2551 1054 Ecquid
2593 987 2712 1037 dico
2767 984 3023 1038 beneficia
3075 984 3432 1038 conferendi?
3466 984 3570 1039 Pro
3622 988 3756 1053 ipsis

2157 1078 2387 1131 animam
2419 1077 2586 1145 ponit,
2612 1085 2664 1128 ct
2688 1076 2972 1129 crucifixus
3003 1090 3096 1143 pro
3123 1077 3248 1141 ipsis
3277 1077 3489 1130 Patrem
3514 1076 3754 1146 alloqui-

2159 1179 2260 1223 tur.
2296 1168 2416 1221 llaec
2445 1176 2499 1222 et
2523 1183 2618 1220 nos
2644 1169 2930 1220 imitemur.
2967 1167 3075 1220 Hoc
3105 1167 3246 1220 enim
3279 1178 3359 1222 est.
3396 1166 3598 1223 Christi
3629 1184 3755 1222 esse

2157 1262 2497 1329 discipulum,
2528 1262 2572 1314 si
2598 1260 2856 1313 mansueti
2888 1260 3057 1313 simus
3081 1267 3134 1313 et
3180 1262 3354 1314 mites.
3388 1258 3544 1314 Unde
3568 1269 3752 1312 autem

2157 1353 2220 1407 ad
2273 1351 2410 1406 hanc
2453 1351 2825 1419 perveniemus
2873 1350 3374 1404 mansuetudinem?
3423 1348 3480 1402 Si
3530 1357 3751 1415 peccata

2159 1452 2337 1496 nostra
2372 1442 2681 1508 frequenter
2716 1443 3029 1508 cegitenius,
3061 1441 3107 1492 si
3143 1441 3437 1508 lugeamus,
3484 1437 3529 1491 si
3580 1438 3755 1507 lacry-

2157 1547 2382 1585 meumr.
2413 1532 2602 1583 Anima
2635 1531 2831 1599 quippe
2864 1529 2913 1582 in
2944 1521 3129 1584 dolore
3156 1527 3460 1598 hujusmodi
3499 1542 3752 1590 versans,

2157 1643 2263 1679 non
2293 1625 2612 1694 indignatur.
2647 1623 2746 1678 Ubi
2794 1638 3022 1691 namque
3062 1622 3236 1677 luctus
3274 1629 3376 1688 est,
3408 1621 3477 1676 ibi
3522 1621 3597 1675 ira
3632 1635 3755 1674 esse

2157 1716 2374 1784 nequit;
2404 1714 2490 1768 ubi
2520 1714 2695 1776 dolor,
2731 1714 2797 1767 ibi
2829 1714 3099 1766 iracundia
3128 1711 3463 1772 eliminatur;
3491 1709 3583 1763 ubi
3614 1725 3753 1763 eon-

2158 1807 2302 1859 tritio
2328 1805 2512 1865 animi,
2558 1804 2697 1856 nulla
2723 1803 2790 1856 ibi
2842 1803 3152 1871 indignatio.
3189 1801 3355 1855 Luctu
3383 1801 3611 1855 affectus
3637 1800 3756 1853 ani-

2158 1913 2276 1952 mus
2328 1912 2433 1950 non
2478 1896 2706 1964 Spatium
2753 1895 3006 1962 temporis
3034 1893 3194 1948 habet
3234 1903 3288 1947 ut
3323 1894 3622 1957 excitetur;
3658 1893 3756 1947 sed

2159 1990 2351 2044 acerbe
2395 1989 2725 2058 ingemiscet,
2775 1989 3008 2040 amarius
3048 1985 3214 2040 flebit.
3247 1987 3367 2041 Seio
3405 1984 3607 2040 multos
3640 1984 3760 2038 tunc

2160 2080 2442 2134 audientes
2472 2079 2679 2140 ridere;
2724 2086 2777 2131 at
2805 2093 2905 2145 ego
2949 2093 3054 2131 non
3087 2079 3243 2132 tinem
3290 2078 3475 2130 faciam
3505 2076 3629 2130 illos
3658 2077 3756 2131 dc-

2161 2170 2398 2239 plorandi
2427 2171 2515 2239 qui
2547 2170 2742 2223 rident.
2764 2170 2959 2224 Luctus
2986 2170 3126 2223 enim
3151 2177 3234 2222 est
3260 2182 3494 2237 praesens
3516 2177 3757 2238 tempus,

2160 2260 2407 2328 planctus
2434 2271 2486 2313 ct
2510 2261 2822 2327 gemitunm.
2857 2259 3013 2312 Multa
3039 2258 3234 2329 quippe
3259 2266 3312 2312 et
3341 2260 3390 2312 in
3417 2257 3596 2312 verbis
3627 2259 3759 2312 etin

2162 2349 2320 2402 rebus
2363 2363 2665 2417 peccamus.
2709 2349 2852 2402 Talia
2901 2365 3028 2402 vero
3078 2359 3448 2418 perpelrautes
3482 2350 3764 2419 excipient

2163 2439 2424 2508 gt-henna,
2471 2439 2662 2493 ﬂuvius
2688 2440 2882 2494 ardens
2921 2441 3075 2510 igneo
3112 2440 3286 2504 alveo,
3321 2441 3468 2508 regni
3495 2441 3761 2494 C(L‘IOI'UIII

2163 2529 2379 2582 amissio
2405 2571 2418 2595 ,
2460 2530 2600 2598 quod
2641 2540 2717 2584 est
2759 2532 2994 2584 omnimn
3037 2531 3428 2600 gravissimum.
3451 2532 3577 2586 Post
3621 2533 3762 2586 hanc

2166 2619 2678 2685 comminatiouem,
2739 2621 2824 2675 dic
2881 2621 3048 2686 mihi,
3093 2621 3272 2687 rides,
3331 2623 3380 2676 in
3421 2623 3632 2677 deliciis
3675 2625 3760 2676 vi-

2169 2708 2287 2761 vis?
2324 2725 2385 2763 ac
2427 2711 2652 2766 Domino
2691 2721 2781 2765 tuo
2821 2713 2956 2765 irato
2993 2721 3047 2766 ct
3084 2715 3463 2776 comminante,
3508 2715 3560 2768 iu
3606 2715 3762 2783 lapsu

2169 2810 2373 2869 perstas
2398 2842 2411 2865 ,
2460 2816 2556 2855 nec
2597 2803 2750 2855 times
2792 2818 2858 2856 ne
2899 2803 2989 2857 tibi
3029 2804 3105 2857 sic
3144 2804 3420 2858 ardentem
3477 2803 3761 2860 fornacem

2166 2893 2487 2961 Compares?
2526 2892 2640 2946 Non
2693 2893 2842 2947 audis
2894 2893 3023 2963 quid
3063 2895 3300 2964 quotidie
3338 2896 3574 2951 clamet?
3617 2898 3763 2950 Esu-

2167 2982 2374 3034 rientein
2433 2999 2511 3036 me
2566 2984 2790 3049 vidistis,
2853 2995 2899 3038 et
2953 3002 3054 3039 non
3106 2987 3313 3040 dedistis
3371 2989 3495 3041 mihi
3535 2992 3764 3042 mandu~

2168 3089 2318 3136 care;
2369 3075 2633 3140 sitientem,
2689 3086 2736 3130 et
2778 3094 2876 3130 non
2912 3078 3118 3130 dedistis
3172 3079 3297 3130 mihi
3348 3079 3531 3132 bibere.
3579 3079 3766 3133 Disce-

2171 3166 2272 3217 dite
2296 3166 2346 3217 in
2379 3166 2544 3234 ignem
2576 3177 2808 3234 paratum
2839 3168 3038 3220 diabolo
3077 3178 3122 3220 et
3161 3169 3354 3239 angelis
3397 3171 3508 3234 eius
3539 3172 3557 3238 ζ
3567 3171 3762 3226 Matth.

2170 3256 2258 3310 9.5.
2289 3256 2378 3309 42.
2408 3267 2453 3308 et
2479 3258 2590 3322 41).
2627 3259 2748 3311 ll;er
2776 3260 3010 3327 quotidie.
3037 3263 3410 3314 comminatur.
3444 3261 3550 3318 Sed
3577 3265 3765 3318 cibum

2171 3347 2244 3400 illi
2272 3347 2412 3410 dedi,
2445 3348 2668 3416 inquies.
2698 3349 2920 3416 Quando
2955 3361 3007 3405 et
3031 3361 3160 3421 quot
3197 3353 3422 3407 diebus?
3448 3353 3636 3409 decem
3671 3369 3768 3411 aut

2171 3437 2393 3506 viginti?
2417 3440 2483 3492 At
2510 3454 2615 3491 non
2651 3446 2751 3493 hoc
2780 3443 2907 3495 satis
2939 3442 3097 3498 habet
3122 3444 3239 3508 ille;
3269 3446 3361 3498 sed
3391 3458 3592 3514 quanto
3621 3456 3766 3500 tcm-

2172 3542 2303 3596 pore
2334 3529 2383 3581 iu
2417 3538 2556 3583 terra
2585 3532 2830 3585 versaris.
2861 3532 2990 3586 Nam
3019 3543 3071 3587 ct
3094 3535 3325 3603 virgines
3347 3537 3523 3589 oleum
3560 3538 3768 3593 bahnc-

2175 3630 2331 3683 runt;
2361 3620 2452 3674 sed
2479 3638 2581 3674 non
2605 3631 2858 3690 quantum
2889 3624 2953 3676 ad
2986 3625 3212 3679 salutem
3246 3628 3374 3680 satis
3401 3638 3532 3682 erat.
3578 3631 3767 3699 Siqui-

2174 3707 2293 3761 dem
2322 3716 2375 3761 ct
2405 3710 2531 3777 ipsa:
2563 3712 2831 3780 lampades
2869 3714 3262 3780 accenderunt;
3307 3718 3534 3773 exclusa:
3581 3730 3766 3775 tamen

2175 3811 2298 3853 Sunt
2333 3815 2361 3853 a
2405 3801 2657 3867 thalamo,
2704 3820 2764 3857 ac
2797 3805 2916 3873 jure
2954 3807 3168 3875 quidem
3211 3825 3223 3858 :
3255 3811 3532 3865 exstincta:
3564 3814 3770 3882 quippe

2175 3900 2301 3944 sunt
2329 3902 2451 3946 ante
2496 3896 2678 3961 Sponsi
2722 3896 3028 3950 adventum.
3075 3898 3362 3966 Propterea
3413 3903 3580 3954 multo
3609 3908 3770 3960 nobis

2176 3995 2310 4048 opus
2338 3994 2419 4035 est
2443 3983 2583 4047 oleo,
2610 3993 2663 4037 et
2694 4001 2880 4054 magna
2922 3987 3257 4042 liberalitate.
3304 3991 3438 4044 Audi
3465 3992 3589 4060 quiti
3623 3995 3770 4050 dicat

2177 4072 2434 4140 propheta
2468 4090 2481 4127 :
2514 4073 2756 4127 Miserere
2808 4080 2937 4139 mei,
2994 4076 3149 4142 Deus,
3205 4081 3476 4134 secundum
3524 4101 3769 4153 magnam

2177 4165 2571 4217 misericordiam
2617 4176 2754 4218 tuam
2781 4166 2948 4235 (l’sal.
2981 4170 3067 4221 50.
3107 4171 3176 4239 l).
3210 4170 3388 4239 Itaque
3420 4191 3516 4227 nos
3541 4175 3610 4228 ita
3643 4192 3769 4244 pro-

2179 4255 2305 4308 ximi
2332 4266 2537 4324 Oportet
2559 4257 2820 4322 misereri,
2845 4269 3039 4325 quanta
3066 4275 3347 4327 possumus
3376 4265 3764 4324 misericordia.

2180 4348 2374 4411 Quales
2400 4349 2539 4400 enim
2570 4362 2691 4415 erga
2723 4363 3011 4403 conservos
3034 4349 3312 4417 fuerimus,
3346 4355 3500 4405 talem
3524 4359 3773 4425 experio-

2183 4445 2300 4482 mur
2347 4431 2648 4483 Dominum.
2700 4431 2950 4496 anenam
3017 4449 3204 4503 magna
3256 4446 3337 4489 est
3368 4440 3772 4498 misericordia?

2183 4520 2405 4587 Quando
2437 4538 2539 4574 non
2567 4538 2629 4575 ex
2675 4522 2953 4591 snperflnis
2982 4524 3245 4590 dabimus,
3272 4528 3362 4581 sed
3387 4544 3451 4582 ex
3483 4531 3546 4582 iis
3575 4533 3772 4600 quibus

2184 4628 2418 4681 egemus.
2449 4613 2661 4678 Quodsi
2692 4630 2756 4667 ne
2785 4631 2845 4667 ex
2875 4615 3156 4684 super-fluis
3183 4618 3392 4685 quidem
3418 4621 3772 4694 demus,qu:n

2186 4707 2339 4758 nobis
2371 4720 2492 4775 spes
2522 4708 2779 4774 supererit
2805 4710 2830 4758 Ὺ
2855 4707 2994 4761 unde
3016 4723 3043 4759 a
3071 4709 3222 4762 malis
3244 4709 3591 4766 liherabimur
3615 4713 3637 4764 Ἰ
3663 4731 3773 4783 quo

2184 4797 2442 4867 fugiamus
2471 4806 2529 4851 ut
2557 4801 2778 4853 salutem
2811 4803 3240 4869 consequamur?
3266 4803 3321 4857 Si
3365 4807 3505 4857 enim
3538 4807 3776 4876 virgines

2184 4897 2301 4955 post
2352 4898 2430 4943 tot
2482 4888 2704 4942 sudores
2748 4889 2944 4941 nullam
2998 4906 3217 4958 prorsus
3273 4893 3523 4947 invenere
3574 4911 3775 4950 conso-

2186 4978 2479 5045 lationem,
2535 4982 2652 5049 quis
2693 4982 2846 5036 uobis
2892 4983 3314 5050 patrocinabitur
3351 5001 3470 5040 cum
3525 4989 3612 5042 illa
3668 4999 3779 5046 tre-

2187 5071 2377 5124 menda
2419 5072 2576 5125 verba
2613 5071 2813 5125 Jndieis
2866 5074 3239 5142 exprobrantis
3284 5076 3605 5132 audiemus:
3643 5081 3779 5135 Esu-

2191 5164 2411 5215 rientem
2445 5179 2549 5215 non
2584 5179 2668 5216 me
2695 5164 2990 5218 nutrivistis
3015 5183 3028 5228 ;
3056 5176 3129 5232 et,
3152 5165 3303 5232 Quod
3329 5184 3432 5221 non
3458 5169 3659 5224 fecistis
3686 5172 3776 5226 uni

2186 5270 2251 5309 ex
2273 5253 2655 5318 istisminimis,
2683 5257 2924 5311 nccmihi
2957 5257 3156 5313 fecistis
3188 5260 3396 5329 (Matth.
3425 5261 3629 5316 2519..
3658 5265 3780 5326 40).

2188 5347 2301 5400 Non
2330 5347 2395 5399 de
2424 5347 2720 5415 discipulis,
2766 5364 2936 5419 neque
2965 5348 3031 5404 de
3083 5351 3359 5405 monachis
3407 5362 3609 5407 tantum
3663 5356 3783 5411 haec

2189 5437 2336 5500 dicit,
2372 5437 2464 5491 scd
2497 5437 2642 5491 etde
2672 5441 2859 5507 quovis
2887 5440 3048 5494 tideli.
3081 5440 3214 5495 Nam
3260 5445 3348 5511 qui
3385 5443 3505 5498 talis
3543 5454 3645 5511 est,
3676 5448 3779 5502 etsi

2190 5545 2375 5584 servus
2406 5531 2492 5590 sit.
2547 5530 2648 5583 etsi
2682 5531 2733 5584 in
2780 5533 2894 5584 foro
2928 5533 3211 5598 mendicet,
3248 5535 3290 5587 si
3323 5534 3480 5588 modo
3510 5537 3695 5590 credat
3723 5539 3778 5592 in

2193 5624 2376 5685 Deum,
2403 5623 2520 5690 jure
2543 5623 2684 5675 omni
2711 5623 2899 5678 fruitur
2921 5624 3308 5678 benevolentia.
3341 5625 3396 5680 Si
3421 5627 3783 5696 despiciamus

2192 5719 2333 5770 illum
2365 5717 2562 5769 nudum
2608 5727 2697 5769 aut
2740 5721 3084 5786 esurientem,
3121 5720 3234 5774 lure
3263 5721 3539 5777 audiemus
3567 5722 3726 5779 verba
3764 5761 3779 5784 ,

2193 5821 2243 5864 ct
2267 5809 2457 5863 merito
2486 5809 2717 5878 quidem.
