4054 6450
546 373 659 431 333
722 422 725 423 ν

553 487 715 557 ήμῶν
741 484 1123 556 προστήσεται,
1158 480 1288 535 δταν
1315 482 1637 552 ἀκούσωμεν
1669 483 1852 535 ἐκεῖνα
1904 479 1975 532 τά
2026 495 2121 545 φοι-

548 567 694 638 ϐερά
708 570 926 638 ῥήματα
948 564 1113 618 αὐτοῦ
1139 562 1232 617 τοῦ
1251 563 1583 629 δικάζοντος,
1599 564 1846 631 λέγοντος
1868 562 1960 615 καὶ
1987 561 2120 612 ὀνει-

551 649 787 714 διξοντος
814 648 980 716 ἡμᾶς,
1012 647 1092 700 ὅτι
1115 646 1389 701 ῐῐεινῶντά
1416 664 1483 715 με
1516 647 1616 699 οὐκ
1654 645 1954 717 ἐθρέψατες
1994 642 2117 710 Ἐφ’

551 731 704 785 ὅσον
716 730 822 799 γάρ
850 730 961 782 οὐκ
987 727 1310 792 ἐποιήσατε
1329 728 1438 790 ένί,
1459 727 1613 797 φησι,
1643 728 1761 780 τῶν
1787 726 2124 795 ἐλαχίστων

553 814 797 877 τούτων,
825 810 966 866 οὐδὲ
1000 810 1127 879 ἐμοὶ
1151 811 1501 877 ἐποιήσατε·
1530 812 1592 863 ού
1628 812 1756 882 περὶ
1807 810 1916 864 τῶν
1945 809 2122 879 μαθη·

552 893 660 945 τῶν
691 892 866 961 λέγων
899 892 1070 944 ταῦτα
1108 892 1286 960 μόνον,
1314 891 1433 944 οὐδέ
1464 894 1595 962 περὶ
1618 893 1729 945 τῶν
1768 892 2123 964 ἀνῃρημένων

546 975 641 1026 τὸν
668 974 779 1027 τῶν
810 973 1055 1044 μοναχῶν
1100 972 1235 1041 βίον,
1284 972 1419 1026 ἀλλά
1448 968 1576 1042 περὶ
1606 975 1806 1037 παντὸς
1835 972 2121 1044 ἀνθρώπου

546 1054 765 1109 πιστοῦ.
810 1056 868 1107 ὐ
893 1057 1001 1125 γάρ
1038 1054 1297 1117 τοιοῦτος,
1337 1054 1443 1108 κᾶν
1479 1055 1663 1119 δοῦλος
1706 1052 1763 1131 ᾖ,
1796 1056 1898 1109 κᾶν
1926 1055 2035 1109 τῶν
2064 1058 2121 1108 ἐν

548 1138 727 1208 ἀγορᾷ
752 1136 1205 1208 προσαιτούντων,
1238 1137 1473 1208 πιστεύῃ
1518 1137 1575 1203 δὲ
1609 1140 1688 1203 είς
1734 1139 1824 1191 τὸν
1854 1138 2005 1200 Θεὸν,
2040 1137 2120 1190 δί-

551 1235 705 1271 καιον
746 1219 922 1289 πάσης
946 1218 1107 1271 αὐτὸν
1134 1218 1427 1272 ἀπολαύειν
1454 1219 1687 1284 εὐνοίας.
1719 1219 1838 1273 Κάν
1868 1219 2119 1289 περιίδω-

552 1317 655 1369 μεν
690 1300 781 1353 τὸν
802 1298 1035 1353 τοιοῦτον
1063 1300 1321 1372 γυμνδνή
1353 1302 1643 1370 πεινῶντα,
1675 1302 1850 1355 ταῦτα
1893 1302 2121 1356 ἀκουσό-

547 1383 693 1454 μεθα
715 1383 783 1436 τά
811 1385 1031 1453 ῥήματα
1055 1402 1083 1417 ο·
1111 1385 1205 1437 καὶ
1231 1385 1375 1455 μάλα
1400 1385 1647 1450 εἰκότως.
1838 1438 1841 1441 .

619 1464 683 1516 Τί
712 1465 820 1533 γάρ
849 1465 1009 1535 βαρὺ,
1042 1465 1074 1536 ἢ
1108 1466 1161 1519 τί
1188 1468 1424 1536 ἐπαχθές
1457 1467 1624 1538 ᾔτησε
1673 1468 1803 1538 παρ’
1833 1468 2026 1539 ἡμῶν;
2066 1468 2121 1521 τί

540 1544 603 1597 δέ
642 1546 703 1598 οὐ
749 1546 856 1598 τῶν
905 1547 1109 1619 σφόδρα
1143 1549 1525 1603 εὖκολωτάτων
1564 1552 1657 1604 καὶ
1694 1553 1933 1622 ρᾲστωνς
1984 1550 2120 1603 Οὐδέ

548 1626 658 1697 γάρ
687 1624 865 1681 εἶπεν·
911 1628 1177 1682 Ἀσθενῶν
1198 1632 1368 1700 ήμην,
1398 1633 1490 1685 καὶ
1520 1633 1618 1685 οὐκ
1651 1633 1978 1703 ἀνεστήσατέ
2017 1650 2115 1703 με·

546 1709 682 1772 ἀλλ’,
727 1712 847 1764 Οὐκ
872 1711 1295 1779 ἐπεσκέψασθέ
1311 1730 1405 1783 με.
1433 1715 1545 1768 Οὐκ
1582 1710 1754 1767 εἶπεν
1792 1716 1877 1769 Ἐν
1904 1716 2116 1787 φυλακῇ

544 1790 713 1861 ήμην,
741 1793 833 1845 καὶ
860 1793 959 1846 οὐκ
984 1793 1265 1857 ἐξεδάλετέ
1289 1812 1355 1864 με
1376 1811 1391 1825 ·
1424 1796 1559 1860 ἀλλ’,
1587 1800 1707 1851 οὐκ
1740 1797 1953 1865 ἤλθετε
1970 1801 2119 1867 πρός

541 1891 635 1943 με.
670 1875 819 1945 Ὀσῳ
844 1876 1023 1929 τοίνυν
1046 1877 1224 1946 κοῦφα
1252 1878 1321 1931 τά
1343 1879 1713 1948 ἐπιτάγματα,
1736 1880 1973 1951 τοσούτῳ
2005 1884 2119 1951 μεί-

539 1954 654 2018 ζων
679 1959 712 2028 ή
749 1958 964 2021 κόλασις
990 1962 1099 2022 τοῖς
1124 1960 1515 2029 παρακούουσι.
1543 1962 1609 2014 Τί
1636 1962 1743 2031 γάρ
1769 1964 2115 2032 κουφότερον,

544 2040 667 2093 είπέ
697 2058 806 2110 μοι,
836 2042 930 2095 τοῦ
964 2042 1176 2111 βαδίσαι
1201 2045 1295 2097 καὶ
1322 2045 1401 2107 είς
1421 2044 1795 2115 δεσμωτήριον
1824 2046 2114 2110 είσελθεῖνς

544 2122 598 2173 τί
622 2122 677 2176 δὲ
710 2123 887 2191 ήδιον;
943 2126 1110 2177 Ὅταν
1152 2126 1260 2195 γάρ
1320 2126 1433 2197 ίδῃς
1487 2129 1613 2189 τοὺς
1650 2129 1747 2195 μὲν
1780 2127 2114 2196 δεδεμένους,

542 2204 669 2267 τοὺς
692 2204 749 2257 δέ
776 2205 1121 2275 αὖχμῶντας,
1146 2209 1274 2269 τοὺς
1299 2207 1355 2260 δὲ
1378 2208 1683 2277 κομῶντας,
1705 2208 1799 2261 καὶ
1830 2209 1995 2279 ῥάκια
2022 2227 2118 2261 πε-

546 2287 907 2358 ρικειμένους,
937 2290 1063 2352 τοὺς
1110 2290 1165 2343 δέ
1204 2289 1308 2343 ὑπὸ
1357 2291 1519 2359 λιμοῦ
1576 2292 1984 2361 φθειρομένους,
2022 2294 2116 2345 καὶ

539 2368 619 2433 ὼς
652 2368 818 2433 κύνας
870 2374 984 2433 τοῖς
1040 2371 1167 2424 ποσὶ
1220 2373 1685 2443 προστρέχοντας·
1743 2374 1965 2445 ἐτέρους
2017 2374 2116 2438 τὰς

544 2450 782 2523 πλευράς
817 2454 1240 2525 διωρυγμένους,
1297 2454 1488 2518 ἀλλους
1527 2458 1591 2509 ἐκ
1630 2458 1729 2527 τῆς
1781 2457 1987 2526 ἀγορᾶς
2020 2456 2116 2508 νῦν

543 2533 862 2598 ἐπανιόντας
894 2536 1227 2605 δεδεμένους,
1281 2536 1375 2589 καὶ
1424 2537 1541 2607 μεθ’
1572 2538 1788 2608 ἡμέραν
1822 2538 1921 2608 μέν
1960 2540 2117 2591 ἐπαι-

542 2615 769 2680 τοῦντας
789 2657 805 2681 ,
846 2619 941 2671 καὶ
968 2619 1089 2672 οὐδὲ
1118 2621 1217 2691 τὴν
1247 2620 1553 2688 ἀναγκαίαν
1596 2621 1950 2691 συλλέγοντας
1994 2639 2118 2691 τρο-

544 2699 671 2770 φὴν,
708 2704 767 2753 ἐν
787 2702 995 2773 ἑσπέρᾳ
1020 2703 1077 2756 δέ
1104 2703 1254 2774 παρά
1278 2703 1385 2757 τῶν
1406 2705 1723 2773 ἐφεστώτων
1746 2706 1844 2776 τὴν
1877 2706 2117 2775 πονηρὰν

542 2784 760 2853 ἐκείνην
814 2786 906 2837 καὶ
944 2785 1101 2854 ὠμὴν
1131 2787 1562 2855 ἀπαιτουμένους
1602 2788 1971 2859 λειτουργίαν·
2014 2786 2116 2840 κᾶν

540 2864 687 2928 λίθος
715 2883 799 2928 τις
819 2862 905 2940 ᾗς,
932 2867 1148 2929 πάντως
1180 2868 1278 2937 [an
1314 2868 1819 2940 φιλανθρωπότερος
1838 2886 1852 2898 ·
1884 2869 1986 2922 κᾶν
2025 2868 2116 2921 τὸν

539 2948 707 3019 ὑγρὸν
729 2950 823 3001 καὶ
846 2948 1228 3019 διαλελυμένον
1258 2950 1366 3015 ζῶν
1398 2951 1510 3020 βίον
1534 2987 1551 3013 ,
1594 2951 1809 3015 πάντως
1841 2950 1938 3021 ἔσῃ
1969 2952 2116 3019 φιλο-

539 3030 871 3101 σοφώτερος,
900 3032 969 3084 τά
1000 3030 1313 3104 ἀνθρώπινα
1346 3034 1647 3103 πράγματα
1680 3034 1771 3086 ἐπὶ
1806 3038 1926 3096 ταῖς
1964 3034 2118 3086 ἀλλο-

540 3114 720 3183 τρίαις
750 3113 1063 3166 ἐπισκοπῶν
1088 3118 1410 3184 συμφοραῖς.
1458 3116 1565 3167 Καὶ
1594 3117 1702 3186 γὰρ
1732 3116 1833 3185 τῆς
1881 3114 2118 3187 φοόερᾶς

541 3196 758 3263 ἐκείνης
776 3196 989 3265 ἡμέρας
1015 3195 1225 3247 ἐννοιαν
1250 3196 1395 3267 λήψῃ
1421 3197 1661 3260 πάντως,
1692 3200 1785 3251 καὶ
1811 3198 1919 3251 τῶν
1940 3201 2117 3252 ποικί-

537 3276 647 3329 λων
670 3277 959 3331 κολάσεων.
986 3278 1241 3332 ταῦταδέ
1264 3278 1509 3349 στρέφων
1534 3282 1625 3332 καὶ¹
1640 3280 2005 3350 λογιζόμενος,
2026 3283 2116 3334 κα)⁸

538 3358 733 3428 θυμὸν,
762 3361 856 3412 καὶ⁵
884 3361 1091 3430 ἡδονὴν,
1116 3360 1209 3413 καὶ
1236 3361 1327 3413 τδν
1354 3361 1461 3413 τῶν
1494 3361 1760 3430 βιωτικῶν
1781 3366 2117 3433 πραγμάτων

540 3444 718 3513 ιρωτα
742 3445 991 3509 ἐκῦαλεῖς
1029 3446 1244 3509 πάντως
1263 3486 1277 3507 ,
1312 3446 1403 3499 καὶ
1426 3446 1627 3508 παντὸς
1644 3447 1859 3517 λιμένος
1890 3449 2118 3518 γαληνο-

537 3526 701 3579 τάτου
729 3526 1094 3596 γαληνοτέραν
1129 3528 1335 3599 ἐργάσῃ
1372 3527 1469 3597 τὴν
1499 3528 1675 3598 ψυχήν
1697 3547 1709 3559 ·
1747 3530 1841 3583 καὶ
1873 3530 2112 3600 περὶτοῦ

541 3607 887 3680 δικαστηρίου
910 3610 1287 3680 φιλοσοφήσεις
1308 3610 1540 3671 ἐκείνου,
1568 3610 1765 3663 ἐννοῶν
1793 3612 1873 3664 ὅτι
1899 3615 1948 3665 εί
1969 3613 2118 3684 παρὰ

541 3692 845 3763 ἀνθρώπως
868 3692 1099 3762 τοσαύτη
1126 3694 1375 3763 πρόνοια,
1402 3692 1493 3745 καὶ
1512 3692 1683 3759 τάξις,
1706 3695 1798 3747 καὶ
1820 3695 2003 3762 φόϐος,
2023 3697 2116 3748 καὶ

540 3774 781 3840 ἀπειλαὶ,
799 3774 976 3844 πολλῷ
996 3775 1191 3845 μᾶλλον
1212 3791 1287 3828 πα
1297 3774 1363 3843 ρά
1379 3773 1515 3844 Θεῷ.
1537 3777 1619 3829 Οὐ
1636 3776 1744 3843 γὰρ
1763 3778 1935 3831 ἔστιν
1950 3778 2118 3842 650v-

540 3857 667 3919 σία,
696 3860 749 3909 εί
774 3855 859 3924 μὴ
883 3856 1040 3924 παρά
1070 3854 1239 3911 Θεοῦ.
1278 3856 1335 3910 ’0
1356 3856 1536 3909 τοίνυν
1557 3860 1667 3919 τοῖς
1695 3857 1920 3928 ἀρχουσι
1946 3861 2116 3914 ταῦτα

540 3937 663 4002 δοὺς
680 3938 1007 4002 διατάσσειν,
1031 3938 1209 4009 πολλῷ
1232 3939 1430 4009 μᾶλλον
1448 3937 1608 4001 αὐτὸς
1634 3940 1776 3992 αύτά
1804 3942 2112 4011 ἐργάσεται.

609 4039 669 4088 ε’.
690 4034 798 4087 Καὶ
816 4034 922 4104 γάρ
937 4036 986 4087 εί
1015 4036 1089 4105 μὴ
1112 4029 1263 4097 οὗτος
1281 4030 1348 4105 ἦν
1369 4036 1397 4087 6
1416 4033 1599 4103 φόδος,
1620 4036 1795 4089 πάντα
1814 4035 1880 4089 ἂν
1906 4037 2117 4091 ἀπολώ-

490 4166 491 4169 η
539 4116 625 4171 λει
644 4134 657 4147 ·
687 4118 820 4169 ὅπου
847 4133 908 4184 γε
930 4117 1198 4169 τοσούτων
1223 4117 1495 4173 κολάσεων
1524 4119 1903 4188 ἐπικειμένων,
1931 4120 2114 4173 πολλοὶ

538 4202 591 4253 οί
623 4200 758 4269 πρὸς
776 4200 874 4270 τήν
915 4194 1112 4252 κακίαν
1150 4197 1576 4269 αὐτομολοῦντές
1608 4203 1735 4254 είσι.
1756 4201 1942 4256 Ταῦτα
1968 4201 2111 4275 [καὶ]

541 4281 864 4351 φιλοσοφῶν,
892 4284 985 4335 καὶ
1015 4283 1150 4353 πρὸς
1192 4284 1291 4351 τὴν
1322 4282 1692 4353 ἐλεημοσύνην
1716 4284 1815 4356 ἐσῃ
1842 4286 2117 4355 προθυμό-

539 4381 718 4435 τερος,
769 4366 865 4417 καὶ
894 4362 1094 4433 πολλὴν
1124 4364 1394 4435 καρπώσῃ
1426 4366 1523 4433 τὴν
1553 4366 1767 4434 ἡδονὴν,
1798 4367 1892 4419 καὶ
1938 4366 2117 4437 πολλῷ

544 4447 767 4517 μείζονα
795 4445 903 4499 τῶν
927 4444 1035 4498 ἀπὸ
1057 4444 1283 4514 θεάτρου
1304 4446 1757 4499 καταϐαινόντων.
1788 4448 1850 4500 Οί
1885 4449 1985 4517 μὲν
2008 4450 2115 4521 γάρ

540 4528 751 4581 ἐκεῖθεν
796 4528 1147 4590 ἀναστάντες,
1199 4527 1488 4601 φλέγονται
1531 4528 1637 4581 ὑπὸ
1687 4532 1786 4600 τῆς
1820 4531 2116 4600 ἐπιθυμίας

541 4608 837 4685 καιόμενοι.
865 4611 1034 4663 Ὅταν
1056 4609 1165 4679 γάρ
1190 4609 1339 4662 ίδωσι
1365 4610 1462 4672 τάς
1486 4610 1943 4682 ἀνεπτερωμένας

540 4678 753 4756 ἐκείνας
774 4692 867 4745 ἐπὶ
894 4692 993 4761 τῆς
1022 4678 1225 4761 σκηνῆς
1253 4694 1535 4759 γυναῖκας,
1567 4692 1662 4745 καὶ
1684 4678 1854 4763 μυρία
1879 4678 2114 4748 λάϐωσιν

543 4776 751 4830 ἐκεῖθεν
764 4774 1076 4845 τραύματα,
1095 4774 1368 4844 θαλάσσης
1389 4776 1761 4845 κυμαινούσης
1792 4777 1946 4829 οὐδὲν
1964 4778 2117 4847 ἀμει-

542 4856 1033 4918 νονδιακείσονται,
1062 4855 1156 4907 τοῦ
1183 4855 1351 4909 τύπου
1382 4856 1491 4908 τῶν
1532 4856 1731 4925 δψεων,
1766 4856 1875 4910 τῶν
1905 4859 2117 4929 σχημά-

539 4957 669 5002 των,
701 4940 812 4993 τῶν
834 4940 1114 5010 ῥημάτων,
1139 4940 1237 5009 τῆς
1254 4940 1535 5010 βαδίσεως,
1565 4941 1674 4994 τῶν
1697 4942 1871 4996 ἀλλων
1900 4944 2115 4999 πάντων

540 5023 649 5094 πρὸ
669 5022 776 5076 τῶν
807 5021 1102 5092 ὀφθαλμῶν
1135 5022 1454 5091 ἱσταμένων,
1486 5026 1581 5077 καὶ
1600 5023 1700 5096 τήν
1717 5024 1895 5095 ψυχὴν
1933 5028 2115 5090 αὐτοῖς

542 5104 996 5183 ⁴πολιοριιούντιιυν.
1022 5105 1087 5157 Ol
1109 5104 1166 5157 δέ
1181 5103 1429 5158 ἐντεῦθεν
1450 5106 1776 5173 ἐξελθόντες,
1806 5110 1960 5163 οὐδὲν
1981 5112 2115 5163 ὑπο·

545 5189 829 5257 στήσονται
861 5186 1121 5248 τοιοῦτον,
1182 5186 1315 5239 ἀ)λά
1351 5187 1550 5259 πολλὴν
1600 5190 1983 5261 καρπώσονται
2016 5193 2145 5264 τὴν⁴

543 5268 784 5338 γαλήνην
809 5270 903 5321 καὶ
935 5269 1031 5339 τὴν
1064 5269 1385 5338 ἀταραξίαν.
1430 5271 1494 5323 Ἦ
1533 5272 1642 5342 γάρ
1670 5274 1959 5340 κατάνυξις
1992 5279 2025 5345 ή
2052 5280 2115 5330 ἐκ

542 5352 642 5421 τῆς
670 5352 843 5420 ὂψεως
874 5351 983 5405 τῶν
1012 5352 1307 5422 δεδεμένων
1354 5354 1707 5426 ἐγγενομένη,
1756 5357 1904 5411 ἀπαν
1940 5360 2115 5413 ἐκεῖνο

544 5434 794 5489 σϐέννυσι
824 5434 885 5487 τὸ
917 5433 1045 5504 πῦρ.
1087 5435 1203 5487 Κᾶν
1231 5438 1520 5508 ἀπαντήσῃ
1570 5439 1706 5509 γυνὴ
1743 5442 2112 5512 πορνευομένη

541 5517 639 5570 καὶ
668 5517 963 5577 ἀκόλαστος
986 5515 1249 5581 ἐξελθόντι
1278 5518 1386 5570 τῶν
1408 5518 1718 5588 δεσμωτῶν,
1768 5522 1921 5575 οὐδέν
1954 5525 2116 5577 αὐτὸν

542 5600 835 5669 ἐργάσεται
858 5600 1110 5670 χαλεπόν.
1140 5601 1228 5663 ὀς
1252 5602 1359 5672 γάρ
1379 5600 1652 5665 ἄπλαστος
1678 5604 1862 5657 λοιπὸν
1891 5605 2117 5675 γενόμε-

542 5700 654 5749 νος,
704 5684 875 5747 οὕτως
929 5685 1027 5753 οὐχ
1080 5682 1343 5737 ἁλώσεται
1376 5688 1488 5747 τοῖς
1535 5684 1769 5749 δικτύοις
1810 5688 1910 5756 τῆς
1939 5688 2113 5757 ὅψεως

544 5765 778 5834 ἐκείνης,
824 5766 945 5818 ἀντὶ
972 5764 1070 5829 τῆς
1102 5765 1271 5831 ὕψως
1301 5766 1399 5835 τῆς
1442 5766 1764 5830 ἀκολάστου,
1798 5770 1892 5822 τοῦ
1948 5771 2112 5839 φόδου

546 5847 643 5913 τῆς
669 5848 897 5915 κρίσεως
930 5847 1033 5916 πρὸ
1053 5844 1345 5917 ὀφθαλμῶν
1371 5849 1518 5919 αὐτῷ
1543 5852 1660 5904 τότε
1707 5854 1981 5922 κειμένου.
2015 5855 2114 5907 Διά

550 5928 707 5980 τοίτο
732 5930 822 5982 καὶ
860 5932 886 5981 6
916 5931 1021 5981 πᾶν
1049 5926 1188 5991 εἶδος
1214 5932 1419 6001 τρυφῆς
1446 5934 1683 5988 ἐπελθὼν
1711 5936 1924 6005 ἔλεγεν·
1958 5939 2111 6007 Ἀγα-

1286 368 1345 423 8.
1382 352 1666 422 JOANNiS
1702 351 2117 421 cmuSoS'm

2236 361 2558 419 ARCIIIEP.
2599 363 3159 421 CONSTANTINOP.

3702 360 3805 417 535

2225 480 2333 531 οὐν
2364 481 2723 551 πορευθῆναι
2745 485 2832 548 είς
2854 479 3023 536 οἷκον
3043 482 3326 545 πένθους.
3354 481 3391 548 ἢ
3442 477 3808 548 πορευθῆναι

2224 566 2310 629 είς
2336 561 2502 617 οἶκον
2535 564 2809 633 γέλωτος.
2838 566 2947 618 Καὶ
2980 562 3215 618 ἐνταῦθα
3243 563 3342 633 μὲν
3366 561 3639 631 τοσαύτην
3683 564 3809 616 ἐπι-

2225 645 2387 709 δείξει
2414 647 2513 715 τὴν
2538 648 2873 716 φιλοσοφίαν,
2899 648 3016 699 ἐκεῖ
3042 648 3097 699 δέ
3123 644 3331 717 ἀκούσῃ
3358 644 3428 697 τά
3461 646 3675 714 μυρίων
3707 662 3810 715 μά-

2225 730 2511 799 καρισμῶν
2558 728 2684 794 ἀξια
2740 730 2979 800 ῥήματα.
3033 730 3125 800 Μὴ
3156 730 3335 783 τοίνυν
3367 727 3663 799 ἀμελῶμεν
3710 729 3811 797 τῆς

2221 812 2477 883 τοιαύτης
2534 812 2786 881 πράξεως
2822 814 2915 865 καὶ
2948 812 3357 883 πραγματείας.
3420 809 3541 865 Κᾶν
3578 810 3690 881 γάρ
3733 812 3811 880 μὴ

2223 894 2540 965 δυνηθῶμεν
2566 896 2772 965 τροφὴν
2801 898 3151 965 εἰσενεγκεῖν,
3193 896 3330 966 μηδέ
3364 894 3632 966 ἀργύριον
3684 894 3812 964 βοηο

2224 976 2386 1044 θῆσαι
2414 978 2613 1039 δόντες.
2648 979 2783 1031 ἀλλά
2810 979 3191 1048 παρακαλέσαι
3230 977 3397 1048 λόγῳ.
3445 977 3538 1029 καὶ
3562 975 3660 1045 τὴν
3688 991 3811 1028 κει-

2224 1058 2396 1128 μένην
2430 1059 2734 1127 ἀναστῆσαι
2759 1060 2940 1130 ψυχὴν
2965 1059 3328 1130 δυνησόμεθα,
3369 1058 3466 1112 καὶ
3491 1058 3658 1127 ἐτερα
3686 1058 3811 1110 ἐπι-

2222 1141 2491 1212 κουρῆσαι
2520 1142 2712 1205 πολλὰ,
2760 1143 2853 1194 καὶ
2899 1145 3015 1206 τοῖς
3067 1141 3370 1211 ἐμϐαλοῦσι
3401 1140 3808 1209 διαλεγόμενοι,

2223 1224 2470 1288 καὶτοὺς
2515 1224 2828 1293 ἐφεστῶτας
2859 1224 3244 1295 ἡμερωτέρους
3295 1222 3599 1285 ποιοῦντες,
3649 1221 3748 1273 καὶ
3774 1221 3810 1291 ἢ

2225 1306 2419 1377 μικρὸν
2448 1306 2481 1377 ἢ
2516 1307 2658 1377 μέγα
2686 1308 2902 1370 πάντως
2932 1305 3283 1377 ἐργασόμεθα
3304 1304 3511 1375 κέρδος.
3547 1304 3611 1356 El
3630 1302 3689 1355 δέ
3716 1302 3809 1355 λέ-

2220 1406 2337 1457 γεις
2362 1392 2445 1444 ὅτι
2483 1392 2583 1443 ούκ
2624 1391 2937 1461 εὐδαίμονές
2970 1394 3108 1444 είσιν
3140 1391 3279 1452 ἐκεῖ,
3324 1389 3444 1442 οὐδὲ
3486 1387 3807 1458 εῦχρηστοι,

2220 1473 2340 1528 ούδὶ
2372 1475 2635 1537 ἐπιεικεῖς
2660 1473 2870 1543 ἀνδρες,
2901 1474 3016 1526 ἀλλ’
3041 1473 3357 1543 ἀνδροφόνοι
3396 1472 3491 1524 καὶ
3518 1469 3812 1540 τυμϐωρύ-

2220 1574 2325 1627 χοι,
2348 1558 2439 1610 καὶ
2457 1556 2886 1627 βαλαντιοτόμοι,
2917 1556 3011 1608 καὶ
3039 1557 3237 1626 μοιχοὶ,
3266 1556 3359 1608 καὶ
3378 1553 3690 1617 ἀκόλαστοι,
3710 1550 3809 1606 καὶ

2222 1639 2431 1693 πολλῶν
2477 1641 2738 1710 γέμοντες
2786 1638 2993 1703 κακῶν,
3032 1638 3195 1692 πάλιν
3226 1637 3529 1706 ἀναγκαίαν
3579 1652 3672 1706 μοι
3709 1634 3809 1688 καὶ

2222 1722 2469 1776 ἐντεῦθεν
2501 1723 2767 1787 δεικνύεις
2796 1724 2898 1792 τῆς
2932 1724 3049 1775 ἐκεῖ
3074 1722 3352 1792 διατριϐῆς
3376 1722 3475 1790 τὴν
3503 1719 3806 1791 πρόφασιν.

2221 1806 2293 1858 Οὐ
2323 1805 2429 1875 γάρ
2454 1804 2517 1875 δὴ
2544 1806 2672 1868 τοὺς
2698 1807 2795 1876 μὲν
2816 1805 3056 1873 ἀγαθοὺς
3080 1805 3265 1869 ἐλεεῖν,
3297 1805 3424 1867 τοὺς
3447 1802 3503 1855 δὲ
3532 1802 3810 1875 πονηροὺς

2220 1887 2468 1951 κολάζειν
2498 1888 2900 1958 ἐκελεύσθημεν
2922 1905 2936 1919 ·
2974 1888 3111 1941 ἀλλά
3136 1888 3263 1957 περὶ
3290 1886 3497 1948 πάντας
3528 1885 3810 1937 ἐνδείκνυ-

2222 1970 2343 2023 σθαι
2368 1971 2464 2042 τὴν
2487 1970 2899 2043 φιλανθρωπίαν
2924 1969 3149 2040 ταύτην.
3178 1971 3433 2024 Γίνεσθε
3460 1969 3590 2039 γὰρ,
3611 1968 3806 2038 φησὶν,

2220 2054 2406 2121 ὅμοιοι
2446 2054 2553 2109 τοῦ
2580 2057 2809 2123 Πατρός
2834 2054 3002 2125 ὑμῶν
3022 2055 3127 2109 τοῦ
3146 2055 3219 2108 ἐν
3242 2052 3366 2119 τοῖς
3382 2051 3688 2121 οὐρανοῖς,
3712 2050 3808 2105 ὅτε

2218 2136 2533 2190 ἀνατέλλει
2562 2138 2669 2191 τὸν
2690 2139 2869 2205 ἥλιον
2884 2140 3071 2193 αὑτοῦ
3093 2137 3192 2192 ἐπί
3221 2136 3527 2204 πονηροὺς
3546 2136 3645 2190 καί
3666 2137 3811 2203 ἀγα-

2218 2218 2380 2284 θοὺς,
2418 2219 2515 2272 καί
2563 2220 2771 2288 βρέχει
2795 2220 2894 2274 ἐπί
2930 2221 3202 2287 δικαίους
3250 2220 3349 2273 καί
3388 2218 3658 2283 ἀδίκους.
3710 2219 3808 2290 Μὴ

2216 2300 2392 2353 τοίνυν
2426 2302 2724 2373 κατηγόρει
2758 2302 2867 2356 τῶν
2900 2303 3197 2376 ἀλλοτρίων
3234 2301 3479 2373 πικρῶς,
3518 2300 3659 2371 μηδὲ
3712 2300 3810 2353 ἔσο

2219 2383 2443 2454 σφοδρὸς
2472 2384 2751 2456 δικαστὴς,
2781 2387 2896 2440 ἀλλ’
2919 2388 3128 2457 ἥμερος
3148 2386 3244 2440 καλ⁸
3266 2384 3670 2457 φιλάνθρωπος.
3693 2386 3810 2438 Καὶ

2216 2466 2326 2535 γὰρ
2359 2468 2454 2519 καὶ
2489 2469 2671 2537 ἡμεῖς,
2703 2470 2749 2523 εί
2779 2469 2874 2522 καὶ
2908 2470 2982 2540 μὴ
3028 2470 3227 2539 μοιχοὶ,
3265 2468 3399 2539 μηδέ
3428 2467 3806 2539 τυμσωρῦκοῑς

2221 2549 2355 2619 μηδὲ
2399 2549 2807 2623 βαλαντιοτόμοι
2838 2553 3163 2622 γεγόναμεν,
3220 2551 3337 2604 ἀλλ’
3394 2551 3593 2620 ἔχομεν
3630 2551 3809 2620 ἐτερα

2218 2631 2662 2703 πλημμελήματα
2697 2636 2897 2706 μυρίας
2926 2634 3050 2699 ἀξια
3086 2633 3380 2697 κολάσεως.
3422 2634 3535 2686 Καὶ
3572 2632 3683 2702 γάρ
3706 2632 3808 2684 καὶ

2214 2713 2306 2766 τδν
2339 2715 2563 2783 ἀδελφὸν
2599 2717 2780 2786 μωρὸν
2818 2717 3156 2785 ἐκαλέσαμεν
3186 2716 3445 2779 πολλάκις
3468 2755 3483 2778 ,
3530 2715 3672 2785 ὅπερ
3704 2716 3809 2785 τὴν

2215 2796 2439 2864 γέενναν
2472 2800 2602 2868 ἡμῖν
2643 2800 2895 2870 προξενεῖ
2916 2816 2931 2831 ο
2957 2801 3049 2852 καὶ
3078 2800 3346 2866 γυναῖκας
3371 2798 3699 2861 ἀκολάστοις
3726 2797 3809 2850 ετ-

2214 2879 2377 2949 δομεν
2405 2881 2724 2951 ὀφθαλμοῖς,
2758 2883 2895 2953 ὅπερ
2934 2882 3182 2952 μοιχείαν
3228 2880 3644 2951 ἀπηρτισμένην
3675 2895 3810 2931 συν-

2219 2962 2398 3033 ίστησι
2418 2980 2435 2995 ο
2468 2964 2561 3017 καλ⁵
2581 2963 2642 3016 τδ
2669 2965 2885 3017 πάντων
2911 2963 3315 3035 χαλεπώτερον,
3353 2962 3462 3015 τῶν
3486 2960 3810 3032 μυστηρίων

2216 3047 2277 3098 οὐ
2311 3047 2607 3117 μετέχομεν
2644 3047 2812 3113 ἀξίως
2834 3090 2848 3111 ,
2898 3049 3037 3118 ὅπερ
3070 3048 3289 3117 ἐνόχους
3329 3048 3479 3116 ήμᾶς
3523 3048 3668 3098 ποιεῖ
3703 3046 3807 3099 τοῦ

2222 3127 2470 3199 σώματος
2518 3130 2613 3182 καὶ
2657 3131 2751 3183 τοῦ
2784 3133 3015 3201 αἵματος
3062 3126 3158 3184 τοῦ
3202 3130 3460 3202 Χριστοῦ.
3493 3130 3585 3199 Μὴ
3613 3128 3809 3181 τοίνυν

2219 3211 2405 3281 πικροὶ
2431 3212 2714 3280 γενώμεθα
2738 3212 2848 3265 τῶν
2873 3213 3047 3266 ἀλλων
3065 3213 3373 3277 ἐξετασταὶ,
3399 3210 3535 3265 ἀλλά
3558 3210 3627 3264 τά
3641 3212 3811 3281 ήμῶν

2218 3294 2397 3346 αὐτῶν
2423 3294 2714 3365 ἐννοῶμεν,
2745 3296 2839 3348 καὶ
2859 3295 3000 3349 οὕτω
3031 3286 3351 3367 παυσόμεθα
3380 3299 3479 3366 τῆς
3506 3296 3810 3367 ἀπανθρω-

2219 3376 2346 3438 πίας
2374 3375 2578 3446 ταύτης
2604 3379 2696 3430 καὶ
2719 3380 2817 3447 τῆς
2844 3378 3144 3449 ὠμότητος.
3174 3380 3360 3449 Χωρὶς
3386 3378 3443 3431 δέ
3471 3376 3678 3430 τούτων
3700 3378 3811 3431 κάο

2217 3461 2365 3511 κεῖνο
2395 3459 2539 3511 ἔστιν
2573 3461 2767 3524 εἰπεῖν,
2790 3462 2871 3513 ὅτι
2908 3464 3002 3515 καὶ
3040 3464 3304 3524 ἐπιεικεῖς
3336 3461 3534 3532 ἀνδρας
3570 3460 3810 3525 πολλοὺς

2218 3540 2522 3610 εὑρήσομεν
2548 3542 2753 3603 αὐτόθι,
2779 3544 2873 3598 καὶ
2896 3546 2992 3613 τῆς
3012 3544 3217 3607 πόλεως
3236 3544 3496 3607 πολλάκις
3512 3542 3811 3609 ἀνταξίους

2218 3625 2415 3693 πάσης.
2459 3625 2610 3677 Ἐπεὶ
2640 3624 2732 3677 καὶ
2761 3625 2823 3677 τὸ
2849 3623 3223 3696 δεσμωτήριον
3252 3628 3447 3688 ἐκεῖνο,
3474 3625 3602 3680 ἔνθα
3634 3628 3664 3680 6
3688 3627 3811 3681 Ἰω-

2218 3706 2325 3774 σὴφ
2357 3702 2444 3774 ἦν,
2482 3705 2708 3768 πολλοὺς
2746 3700 2859 3776 εἷχε
2895 3706 3196 3777 πονηρούς·
3232 3707 3347 3760 ἀλλ’
3398 3708 3545 3775 ὅμως
3581 3708 3810 3762 πάντων

2216 3786 2531 3855 ἐπεμελεῖτο
2555 3789 2583 3840 ό
2607 3787 2815 3851 δίκαιος
2843 3789 3069 3853 ἐκεῖνος,
3095 3790 3191 3841 καὶ
3216 3785 3286 3860 ἦν
3312 3790 3406 3843 καὶ
3445 3788 3609 3852 αὐτὸς
3661 3791 3810 3860 μετά

2216 3869 2323 3919 τῶν
2352 3868 2545 3932 ἀλλων,
2568 3870 2941 3939 κρυπτόμενος
2957 3872 3106 3933 ὅστις
3133 3867 3221 3941 ἦν.
3253 3870 3363 3925 Καὶ
3381 3870 3491 3941 γὰρ
3511 3871 3610 3940 τῆς
3640 3870 3810 3939 Αίγύο

2218 3964 2354 4000 πτου
2385 3950 2563 4019 πάσης
2589 3950 2839 4015 ἀντάξιος
2871 3948 2940 4023 ἦν
2959 3994 2973 4017 ,
3009 3953 3103 4006 καὶ
3137 3952 3200 4006 τὸ
3243 3953 3617 4023 δεσμωτήριον
3643 3949 3807 4025 [359]

2218 4029 2365 4098 ὅμως
2392 4030 2547 4099 ῷκει,
2574 4032 2670 4084 καὶ
2690 4033 2865 4096 οὐδεὶς
2888 4034 3005 4104 ᾔδει
3034 4033 3142 4087 τῶν
3162 4033 3311 4088 ἔνδον
3332 4034 3523 4087 ὄντων.
3560 4034 3673 4086 Καὶ
3702 4032 3809 4087 νῦν

2218 4113 2397 4165 τοίνυν
2422 4113 2647 4176 πολλοὺς
2672 4109 2811 4169 εἶναι
2842 4116 2987 4179 είκός
3009 4118 3280 4188 χρηστοὺς
3306 4118 3402 4171 καὶ
3439 4118 3723 4180 ἐπιεικεῖς,
3749 4118 3807 4170 εί

2220 4194 2313 4247 καὶ
2351 4193 2423 4265 μὴ
2448 4196 2611 4248 πᾶσιν
2644 4192 2753 4249 εἷεν
2786 4197 3075 4267 κατάδηλοι
3095 4214 3109 4229 ·
3135 4200 3229 4251 καὶ
3254 4200 3287 4268 ή
3323 4198 3451 4267 περὶ
3476 4198 3603 4260 τοὺς
3631 4198 3812 4252 τοιού-

2220 4294 2343 4339 τους
2370 4277 2678 4345 ἐπιμέλεια,
2713 4279 2813 4347 τῆς
2852 4282 2982 4349 περὶ
3010 4280 3218 4343 πάντας
3241 4279 3477 4347 σπουδῆς
3502 4278 3684 4333 δίδωσί
3718 4297 3807 4333 σοι

2219 4357 2316 4427 τὴν
2363 4358 2619 4429 ἀμοιϐήν.
2658 4360 2755 4413 “Av
2785 4360 2843 4413 δέ
2897 4361 2993 4415 καὶ
3027 4357 3273 4435 μηδεὶςῇ
3305 4360 3565 4427 τοιοῦτος,
3595 4361 3691 4416 καὶ
3716 4363 3809 4415 ἐν-

2218 4439 2393 4495 ταῦθα
2416 4441 2581 4511 πολλὴ
2617 4444 2648 4511 ή
2676 4442 2959 4507 ἀντίδοσις.
3002 4443 3155 4497 Ἐπεὶ
3176 4446 3271 4497 καὶ
3295 4446 3325 4497 6
3346 4445 3627 4515 Δεσπότης
3651 4446 3681 4498 6
3708 4444 3809 4509 σὸς

2217 4524 2338 4593 οὐχὶ
2386 4524 2613 4587 δικαίοις
2645 4524 2913 4592 διελέγετο
2947 4526 3137 4596 μόνον,
3182 4528 3308 4589 τοὺς
3347 4526 3405 4579 δέ
3454 4525 3809 4595 ἀκαθάρτους

2218 4607 2465 4675 ἔφευγεν·
2486 4608 2619 4661 ἀλλά
2638 4608 2733 4661 καὶ
2755 4607 2854 4679 τὴν
2869 4607 3179 4661 Χαναναίαν
3198 4607 3335 4677 μετά
3364 4607 3563 4678 πολλῆς
3582 4608 3809 4674 ἐδέξατο

2217 4689 2319 4757 τῆς
2351 4689 2584 4751 εὐνοίας,
2616 4690 2712 4742 καὶ
2740 4689 2838 4761 τὴν
2872 4689 3201 4761 Σαμαρεῖτιν
3220 4690 3320 4761 τήν
3351 4690 3518 4759 ἐναγῆ
3542 4690 3637 4743 καὶ
3662 4685 3809 4744 aut

2220 4770 2438 4843 θαρτον,
2484 4774 2578 4827 καὶ
2610 4773 2804 4839 ἐτέραν
2832 4772 2889 4825 δὲ
2940 4775 3145 4845 πόρνην
3176 4773 3369 4837 πάλιν,
3404 4774 3546 4844 ὑπὲρ
3593 4769 3663 4845 ἧς
3706 4774 3809 4828 καὶ

2218 4852 2490 4916 ὠνείδιζον
2515 4856 2566 4907 οί
2608 4855 2874 4917 Ἰουδαῖοι,
2922 4856 3015 4908 καὶ
3059 4854 3279 4919 ἐδέξατο
3308 4855 3402 4909 καὶ
3438 4854 3806 4927 ἐθεράπευσε,

2218 4934 2462 4997 καὶτοὺς
2492 4935 2657 4998 πόδας
2705 4936 3067 5006 βρεχομένους
3118 4936 3224 4989 ὑπὸ
3251 4936 3359 4990 τῶν
3405 4936 3659 5008 δακρύων
3703 4939 3808 5008 τῆς

2217 5017 2444 5085 ἐναγοῦς
2469 5018 2730 5087 ἠνείχετο,
2758 5018 3026 5072 παιδεύων
3054 5021 3202 5089 ἡμᾶς
3230 5020 3583 5088 συγκατιέναι
3608 5022 3723 5084 τοῖς
3748 5022 3808 5074 ἐν

2220 5100 2516 5169 ἁμαρτίαις
2548 5096 2684 5153 οὖσι.
2718 5102 2890 5155 Τοῦτο
2909 5102 3019 5174 γάρ
3049 5102 3283 5172 μάλιστα
3314 5102 3721 5173 φιλανθρωπία.
3740 5104 3808 5157 τί

2218 5180 2323 5250 φῄς
2342 5198 2357 5247 ;
2379 5180 2572 5253 λῃσταὶ
2597 5183 2690 5236 καὶ
2708 5185 3057 5255 τυμϐωρύχοι
3073 5186 3135 5238 τὸ
3154 5186 3528 5256 δεσμωτήριον
3556 5184 3806 5250 οίκοῦσις

2217 5264 2329 5335 Τὴν
2360 5264 2417 5317 δέ
2452 5266 2625 5327 πόλιν,
2658 5268 2782 5319 είπέ
2819 5284 2931 5337 μοι,
2962 5268 3159 5322 δίκαιοι
3192 5270 3393 5331 πάντες
3418 5270 3558 5321 είσὶν
3583 5270 3634 5321 οἰ
3671 5286 3808 5323 κατ-

2217 5346 2493 5411 οικοῦντες
2516 5364 2531 5413 ;
2564 5349 2680 5401 ἀλλ’
2702 5350 2822 5420 οὐχὶ
2844 5350 3026 5403 πολολοὶ
3051 5350 3147 5403 καὶ⁵
3180 5350 3385 5405 τούτων
3423 5351 3640 5419 χείρους
3664 5352 3807 5421 μετά

2217 5428 2461 5493 πλείονος
2490 5430 2843 5503 λῃστεύοντες
2889 5432 3312 5502 ἀναισχυντίαςς
3362 5434 3424 5486 Οί
3477 5431 3578 5502 μέν
3608 5434 3718 5504 γὰρ
3758 5437 3807 5487 εί

2216 5513 2309 5565 καὶ
2338 5512 2504 5581 μηδὲν
2536 5514 2723 5585 ἐτερον
2747 5555 2761 5577 ,
2801 5516 2899 5585 τὴν
2946 5515 3079 5583 γοῦν
3128 5516 3362 5585 ἐρημίαν
3400 5517 3493 5569 καὶ
3516 5516 3579 5569 τὸ
3613 5518 3808 5582 σκότος

2217 5594 2635 5663 προὸάλλονται,
2666 5599 2762 5651 καὶ
2792 5597 2855 5650 τὸ
2887 5598 3245 5661 λανθάνοντες
3292 5598 3465 5652 ταῦτα
3506 5602 3682 5651 ποιεῖν
3706 5616 3719 5631 ’
3756 5602 3807 5653 οί

2214 5673 2271 5726 δέ
2298 5676 2357 5727 τὸ
2380 5680 2720 5747 προσωπεῖον
2747 5680 3022 5750 ῥίψαντες,
3046 5684 3226 5751 γυμνῇ
3246 5684 3313 5752 τῇ
3337 5682 3547 5751 κεφαλῇ
3566 5683 3637 5735 τά
3657 5685 3805 5737 κακά

2218 5760 2588 5827 μετέρχονται,
2616 5762 2777 5831 βίαιοι
2801 5766 2895 5817 καὶ
2908 5765 3154 5835 ἀρπαγες
3174 5766 3327 5831 ὄντες
3348 5769 3441 5820 καὶ
3462 5768 3802 5823 πλεονέκται.

2216 5840 2324 5892 Καὶ
2351 5842 2456 5909 γάρ
2476 5842 2731 5897 δύσκολον
2752 5846 2930 5915 εὑρεῖν
2950 5847 3237 5917 ἄνθρωπον
3257 5849 3469 5908 ἀδικίας
3485 5849 3748 5919 καθαρόν.

2289 5944 2360 6000 ς’.
2390 5939 2449 5991 Εἰ
2481 5940 2536 5993 δὲ
2560 5942 2633 6012 μὴ
2668 5948 2885 6013 χρυσίον
2912 5947 3253 6013 ἁρπάζομεν,
3282 5947 3414 6011 μηδέ
3449 5948 3661 6012 πλέθρα
3700 5950 3804 6012 τῆς
