4054 6430
225 375 325 430 553
1333 370 1394 429 ΙΝ
1436 371 1750 426 δυλκκελι
1794 375 1810 426 l

1918 373 2020 426 Ill..
2067 372 2176 426 LX.
2217 374 2287 425 al.
2333 371 2467 426 LIX.

293 485 470 554 Oﬁt‘ia
493 483 784 538 Christiana
810 499 960 553 quam
984 484 1178 554 facilia.
1209 512 1281 523 —
1299 482 1434 550 Quid
1460 483 1604 537 enim
1627 496 1813 551 grave,

214 577 341 646 quid
370 591 658 631 onerosum
687 590 716 628 a
747 576 902 630 nobis
930 576 1114 646 exigit,
1155 574 1284 644 quid
1311 591 1414 628 nun
1461 573 1817 629 facillimum?

214 670 400 740 Neque
421 670 565 723 enim
583 669 739 735 dixit,
766 667 1013 722 Infirmus
1030 683 1200 734 eram,
1230 676 1284 722 et
1307 684 1416 722 nun
1437 668 1667 722 sanastis
1691 683 1813 731 me;

210 761 326 821 sed.
362 758 487 814 Non
512 759 868 813 visitastis‘me.
900 758 1016 812 Non
1045 758 1198 820 dixit,
1229 757 1286 813 lu
1315 774 1532 813 carcere
1561 772 1732 823 cram,
1762 765 1817 810 et

212 868 320 906 non
349 851 616 908 eduxistis
644 866 769 916 me;
817 850 936 916 sed,
971 849 1093 904 Non
1132 850 1336 904 veuistis
1361 850 1430 903 ad
1468 866 1566 903 me.
1601 848 1816 915 Quanto

210 944 376 1013 igitur
404 942 645 1000 faciliora
683 952 808 997 sunt
859 953 1147 1014 prmcepta,
1198 951 1348 997 tanto
1401 941 1576 1011 majus
1620 940 1817 1009 suppli-

208 1035 354 1088 cium
405 1048 514 1090 non
571 1033 931 1088 servantibus.
982 1032 1121 1102 Quid
1149 1034 1316 1096 enim,
1348 1047 1553 1102 quaeso,
1581 1031 1809 1096 facilius,

207 1140 372 1195 quam
403 1140 678 1181 carcerem
710 1124 906 1180 adire?
947 1126 1074 1195 quid
1123 1125 1392 1180 suavius?
1435 1123 1568 1180 Cum
1614 1123 1814 1180 videris

204 1218 344 1273 alios
377 1217 604 1282 vinctos,
633 1217 768 1272 alios
799 1217 1092 1287 squalidos,
1121 1226 1384 1280 comatos,
1412 1225 1468 1273 et
1505 1215 1698 1286 partitis
1727 1215 1812 1269 in-

205 1305 391 1373 dutos,
421 1308 560 1362 alios
607 1307 748 1364 fante
779 1309 1137 1374 tabescentes,
1193 1317 1249 1364 et
1303 1307 1368 1362 ad
1417 1306 1581 1378 pedes
1617 1321 1811 1362 canum

205 1413 364 1454 more
385 1409 752 1466 accurreutes,
791 1400 926 1454 alios
956 1399 1244 1469 discerptis
1269 1399 1549 1464 lateribus,
1579 1397 1715 1451 alios
1745 1410 1812 1451 ex

204 1489 326 1545 foro
355 1491 549 1562 ligatos
574 1501 928 1557 revertentes,
958 1476 1048 1560 qui
1067 1500 1175 1547 tota
1201 1491 1291 1546 die
1321 1489 1714 1555 mendicantes,
1743 1502 1812 1543 ne

202 1585 390 1640 cibum
444 1583 659 1655 quidem
715 1585 1079 1639 necessarium
1132 1583 1522 1654 collegerunt;
1584 1595 1812 1650 vespere

202 1685 390 1730 autem
423 1691 454 1730 a
481 1675 794 1731 custodibus
832 1675 904 1731 ad
948 1675 1271 1731 laboriosum
1301 1683 1358 1730 et
1383 1677 1616 1729 immane
1655 1672 1812 1727 mini-

202 1768 432 1821 sterium
463 1776 679 1822 coactos
707 1784 724 1835 ;
765 1768 977 1822 etiamsi
1021 1767 1158 1838 lapis
1185 1782 1356 1833 esses,
1390 1767 1812 1822 humanissimus

201 1859 331 1913 hinc
345 1857 581 1916 evades:
604 1859 813 1914 etiamsi
838 1859 1004 1914 vitam
1029 1859 1243 1915 mollem
1271 1859 1694 1930 dissolutamqne
1719 1857 1812 1914 du-

200 1963 317 2012 cas,
368 1948 496 2003 hinc
538 1948 692 2018 plane
734 1949 1087 2020 philosophus
1120 1949 1346 2016 evades,
1387 1951 1514 2006 dum
1563 1951 1811 2006 humana:

200 2039 328 2092 vita:
357 2037 719 2094 conditionem
754 2038 806 2093 in
835 2039 1026 2094 alienis
1063 2039 1457 2096 calamitatibus
1495 2040 1807 2098 intueberis.

201 2131 356 2185 Tunc
386 2131 440 2186 in
471 2141 704 2186 mentem
735 2132 912 2188 veniet
939 2131 1249 2188 tremendus
1273 2133 1363 2189 ille
1393 2133 1529 2199 dies,
1557 2135 1811 2204 variaque

201 2223 488 2294 supplicia.
521 2224 646 2279 Haec
670 2225 852 2280 animo
873 2240 1116 2290 versans,
1153 2226 1310 2293 iram,
1327 2227 1682 2296 voluptatem,
1709 2233 1817 2282 δεμ

202 2317 467 2370 cularium
507 2330 689 2371 rerum
733 2329 971 2372 amorem
1002 2316 1241 2387 abjicies,
1282 2328 1336 2372 et
1363 2318 1650 2388 tranquillo
1673 2333 1809 2388 quo-

201 2409 284 2463 vis
313 2418 472 2477 portu
501 2408 923 2478 tranquilliorem
953 2409 1187 2464 animam
1223 2409 1448 2465 efficies.
1493 2410 1570 2465 De
1607 2410 1810 2479 judicio

201 2501 295 2556 illo
323 2500 811 2571 philosophaberis,
842 2511 1016 2558 tecum
1038 2513 1313 2573 reputans,
1337 2502 1382 2557 si
1402 2501 1541 2573 apud
1563 2502 1810 2558 homines

203 2603 386 2647 tantus
410 2592 546 2648 ordo
579 2607 778 2660 rerum,
804 2603 982 2649 tantus
1007 2603 1203 2661 terror,
1241 2601 1403 2649 tantae
1437 2594 1811 2650 comminatio-

202 2698 321 2750 ues,
349 2684 520 2740 multo
543 2685 715 2756 magis
737 2686 879 2756 apud
905 2686 1096 2743 Deum.
1121 2685 1288 2741 Nulla
1312 2687 1445 2741 enim
1470 2695 1692 2759 potestas
1713 2695 1806 2753 est,

202 2775 305 2829 nisi
338 2793 372 2830 a
400 2775 511 2832 Deo
537 2777 716 2848 (Rom.
761 2779 850 2835 13.
885 2779 964 2852 1).
1003 2779 1105 2848 Qui
1147 2778 1480 2850 principibus
1511 2780 1627 2834 haec
1662 2779 1809 2834 ordi-

203 2868 382 2922 nanda
410 2871 704 2935 commisit,
733 2872 903 2927 multo
939 2872 1108 2942 magis
1133 2872 1250 2946 ipse
1276 2881 1620 2942 exsequetur.

276 2958 332 3011 5.
366 2957 543 3031 Hujus
569 2975 634 3013 ea:
660 2960 820 3030 ofﬁcio
845 2961 1072 3016 caritatis
1101 2977 1254 3032 quam
1283 2978 1311 3018 e
1336 2961 1667 3017 theatralibus
1693 2978 1810 3030 spe-

203 3050 417 3102 ctaculis
445 3051 689 3120 gaudium
720 3054 1016 3122 percipitur.
1079 3052 1283 3108 Visendi
1323 3065 1440 3109 sunt
1480 3055 1806 3109 incarcerati.

202 3137 412 3192 —Nam
443 3139 546 3194 nisi
583 3141 673 3195 ille
701 3141 927 3198 instaret
954 3143 1133 3210 timor,
1156 3144 1338 3199 omnia
1372 3160 1503 3201 sane
1529 3147 1806 3217 perirent:

202 3232 425 3300 quando
451 3241 527 3286 tot
544 3234 944 3291 imminentibus
961 3237 1236 3308 suppliciis
1260 3238 1409 3293 multi
1428 3237 1494 3294 ad
1515 3240 1807 3310 nequitiam

204 3335 330 3376 sese
345 3323 649 3378 conferunt.
671 3323 798 3379 Haec
821 3327 864 3380 si
888 3326 1299 3397 philosopheris,
1329 3329 1394 3383 ad
1410 3330 1809 3403 eleemosynam

204 3412 316 3466 eris
345 3416 668 3484 promptior,
691 3423 880 3485 magna
909 3417 1104 3472 frueris
1123 3418 1414 3488 voluptate,
1446 3428 1502 3474 et
1525 3420 1682 3492 longe
1699 3437 1812 3476 ma-

202 3503 342 3572 jore,
370 3519 528 3574 quam
555 3505 646 3576 qui
675 3522 705 3560 a
729 3509 938 3563 theatro
965 3507 1317 3564 descendunt.
1340 3510 1474 3565 Nam
1496 3513 1586 3581 qui
1609 3527 1638 3567 a
1663 3512 1812 3569 thea-

209 3605 292 3649 tm
320 3608 567 3667 surgunt,
595 3601 1028 3670 concupiscentia
1050 3601 1262 3657 ardent.
1292 3602 1432 3658 Cum
1459 3605 1643 3661 vident
1666 3608 1810 3663 enim

209 3688 328 3743 illas
361 3690 412 3743 in
438 3704 598 3745 scena
641 3692 914 3758 mulieres,
947 3694 1226 3749 ornatibus
1258 3696 1627 3766 splendentes,
1662 3701 1812 3757 mille

206 3779 386 3836 allecti
421 3781 752 3849 vulneribus,
785 3785 952 3839 instar
980 3787 1146 3840 maris
1172 3789 1447 3843 mstuantis
1476 3800 1653 3856 erunt,
1683 3791 1810 3847 dum

207 3887 394 3926 earum
430 3881 672 3944 aspectu,
717 3874 934 3942 habitu,
971 3877 1172 3940 verbis,
1205 3877 1450 3948 incessu,
1492 3883 1810 3953 caeterisque

207 3962 461 4044 omnibus
482 3965 697 4020 animus
721 3965 1018 4022 obsidetur.
1042 3967 1141 4036 Qui
1162 3981 1341 4025 autem
1359 3971 1537 4027 abillo
1553 3972 1662 4028 alio
1683 3987 1809 4044 spe-

207 4057 418 4112 ctaculo
446 4057 818 4128 egrediuntur,
853 4059 985 4115 nihil
1019 4060 1125 4116 tale
1151 4062 1440 4132 patientur,
1479 4063 1589 4119 into
1617 4081 1810 4138 magna

209 4149 454 4203 fruentur
483 4151 886 4220 tranquillitate.
915 4150 1274 4223 Compunetio
1312 4155 1454 4210 enim
1495 4172 1559 4211 ex
1608 4157 1813 4214 vincto-

208 4255 326 4292 rum
367 4249 586 4309 aspectu
631 4251 784 4310 parta
831 4241 1138 4312 hujusmodi
1178 4245 1353 4316 ignem
1401 4255 1571 4302 totum
1603 4251 1809 4304 exstin-

207 4333 340 4402 guit.
364 4331 421 4388 Si
449 4336 668 4390 exeunti
699 4349 764 4390 ex
787 4350 1006 4391 carcere
1032 4346 1281 4392 occurrat
1311 4339 1504 4394 lasciva
1531 4343 1808 4409 meretrix,

208 4423 340 4477 nihil
369 4424 441 4478 illi
468 4425 592 4479 mall
625 4424 837 4480 inferet.
868 4425 1003 4481 Nam
1035 4425 1159 4483 fuco
1189 4429 1316 4483 nulli
1342 4428 1627 4498 obnoxius,
1650 4447 1810 4502 aspe-

205 4526 325 4569 ctus
351 4515 660 4585 hujusmodi
689 4517 894 4574 retibus
923 4534 1030 4574 non
1059 4522 1319 4590 capietur,
1347 4537 1470 4578 cum
1510 4534 1697 4579 contra
1727 4535 1808 4582 ta-

208 4606 315 4661 lem
342 4617 620 4675 aspectum
652 4617 828 4664 metus
851 4601 1037 4677 judicii
1076 4612 1149 4668 ob
1174 4613 1359 4668 oculos
1390 4625 1653 4672 versetur.
1687 4616 1811 4674 Ideo

205 4698 298 4752 ille
323 4700 412 4768 qui
438 4715 600 4756 omne
626 4702 915 4772 voluptatis
943 4719 1114 4773 genus
1138 4715 1392 4776 expertus
1413 4718 1550 4776 erat,
1573 4709 1808 4780 dicebat,

204 4787 396 4845 Melius
419 4802 491 4845 est
514 4792 587 4844 ire
622 4791 674 4846 in
704 4795 909 4847 domum
935 4796 1121 4862 luctus,
1162 4813 1315 4868 quant
1352 4800 1406 4852 in
1443 4799 1650 4855 domum
1678 4803 1812 4858 risus

203 4878 408 4945 (Eccle.
453 4883 505 4936 'l.
549 4884 628 4952 ὅ).
672 4883 740 4938 Ει
781 4884 868 4940 hic
914 4887 1072 4942 talem
1117 4899 1351 4944 sectatus
1390 4890 1808 4963 philosophiam,

204 4969 314 5026 illic
343 4971 652 5029 beatissima
669 4976 852 5032 audiet
874 4980 1057 5035 verba.
1079 4979 1158 5036 Ne
1173 4996 1300 5052 ergo
1319 4982 1448 5037 illud
1478 4985 1811 5056 negligsmus

201 5077 360 5134 opus.
389 5063 612 5120 Etiamsi
639 5067 782 5122 enim
814 5084 918 5125 non
960 5073 1230 5140 possimus
1268 5089 1334 5129 eo
1366 5075 1544 5130 cibum
1588 5078 1807 5147 inferre,

201 5155 306 5212 nec
333 5169 638 5227 argentum,
677 5169 731 5215 at
762 5164 1055 5231 poterimus
1102 5167 1282 5222 verbis
1316 5168 1523 5240 lapsum
1570 5171 1808 5226 animum

200 5249 494 5313 consolari,
514 5258 568 5304 et
592 5250 644 5305 in
671 5251 792 5307 aliis
819 5255 999 5310 multis
1018 5257 1228 5325 juvare,
1263 5259 1376 5314 sive
1397 5275 1491 5314 eos
1507 5261 1595 5331 qui
1614 5262 1664 5316 in
1687 5280 1808 5318 car-

201 5353 384 5393 corem
426 5350 702 5397 truserunt
729 5345 1083 5415 alloquentes,
1116 5349 1230 5404 sive
1268 5351 1519 5406 custodes
1553 5369 1809 5414 mansue-

203 5429 372 5484 tiores
407 5431 714 5498 reddenles,
748 5445 801 5491 et
840 5438 922 5493 vel
955 5441 1506 5512 quantulumcumque
1531 5447 1648 5514 opis
1676 5448 1809 5502 alle-

205 5536 408 5575 remus.
459 5523 514 5578 Si
553 5526 776 5589 dixeris,
826 5544 925 5584 nec
953 5532 1086 5599 frugi
1131 5549 1228 5588 nec
1276 5537 1476 5606 probos
1513 5538 1658 5592 viros
1705 5541 1811 5594 illic

203 5626 344 5676 esse,
380 5614 474 5668 sed
506 5615 823 5685 homicidas,
867 5623 1238 5690 sepulcrorum
1277 5627 1603 5695 eli'ossorcs,
1642 5631 1809 5696 fures,

205 5707 467 5766 niteclios,
489 5707 735 5772 lascivos,
758 5712 1042 5784 multisque
1066 5717 1362 5775 sceleribus
1379 5722 1658 5792 obnoxios,
1687 5739 1810 5780 rur-

204 5807 295 5847 sus
316 5796 445 5885 ptihi
477 5803 840 5854 necessarium
871 5803 1012 5858 lumc
1042 5807 1245 5863 aditum
1275 5811 1487 5880 probas.
1523 5813 1636 5869 Non
1666 5818 1807 5871 enim

541 5897 815 5961 Parnm.
864 5904 977 5963 Gn.
1033 5905 1191 5965 LIX.

3428 377 3532 433 33.!

1925 483 2171 550 iubemur
2199 485 2368 539 bonos
2398 484 2668 547 miserari,
2702 501 2755 538 et
2805 484 2974 537 ntalos
3011 484 3242 552 punire;
3298 494 3386 540 sed
3428 489 3531 542 htt-

1921 575 2152 640 jttsutodi
2196 575 2584 630 humanitatem
2633 576 2887 631 omnibus
2935 576 3235 645 impertire.
3267 576 3406 632 Natu
3435 581 3531 639 ait.

1923 663 2100 720 Estote
2126 666 2316 721 similes
2356 665 2508 720 Patri
2551 677 2735 732 vestro,
2777 667 2864 736 qui
2905 669 2958 721 in
2987 669 3126 722 cwlis
3156 680 3250 736 est,
3282 671 3369 740 qui
3411 673 3535 724 oriri

1920 759 2046 828 facit
2081 758 2237 810 solem
2268 775 2416 811 suum
2457 775 2612 828 super
2653 758 2821 813 malos
2848 770 2894 812 et
2926 759 3104 824 bonos,
3133 769 3180 813 et
3223 760 3354 828 pluit
3380 779 3538 832 super

1910 847 2082 916 justas
2109 858 2157 901 et
2181 849 2401 918 iniustos
2440 849 2653 921 (Matth.
2681 850 2735 906 5.
2765 849 2882 922 45).
2915 849 2992 905 Ne
3021 866 3150 920 ergo
3193 852 3330 906 alios
3354 855 3535 907 acrius

1920 937 2224 1004 insecteris,
2259 954 2395 992 neve
2425 939 2502 993 sis
2543 938 2712 1008 judex
2754 939 3149 1004 vehementior,
3181 940 3275 995 sed
3307 941 3452 995 mitis
3480 951 3538 996 et

1921 1029 2208 1084 humanus.
2243 1029 2355 1085 Nos
2404 1030 2609 1085 etenim
2660 1031 2760 1086 etsi
2793 1045 2900 1084 non
2949 1030 3148 1086 mmehi
3195 1032 3388 1093 simus.
3425 1048 3535 1088 non

1917 1120 2292 1189 sepulcrorum
2338 1120 2650 1182 elfossores.
2699 1137 2805 1176 non
2854 1120 3026 1190 fures,
3055 1122 3150 1177 sed
3195 1124 3316 1179 aliis
3345 1138 3536 1180 sumus

1917 1211 2134 1266 obnoxii
2165 1211 2333 1276 vitiis,
2367 1229 2489 1282 qua:
2533 1213 2679 1268 mille
2709 1213 2991 1284 suppliciis
3021 1214 3180 1285 digna
3217 1226 3360 1270 sunt.
3397 1216 3531 1271 Nam

1918 1305 2004 1359 vel
2024 1303 2246 1360 fratrem
2268 1305 2474 1360 fatuum
2503 1307 2836 1372 vocat-imus,
2856 1306 2998 1376 quod
3026 1321 3126 1360 nos
3141 1307 3403 1377 gehenna:
3427 1308 3532 1362 oh-

1917 1397 2109 1450 noxios
2138 1396 2314 1451 reddit
2342 1413 2356 1462 ;
2388 1397 2478 1452 vel
2507 1397 2764 1452 mulieres
2807 1397 3094 1468 impudicis
3118 1398 3288 1452 oculis
3314 1399 3534 1468 aspexi-

1917 1500 2058 1552 mus,
2086 1485 2230 1556 quod
2276 1495 2361 1542 est
2387 1495 2822 1542 consummatum
2875 1487 3200 1544 adulterium
3232 1507 3245 1543 :
3274 1490 3532 1562 quodque

1916 1580 2159 1635 omnium
2190 1582 2570 1651 gravissimum
2598 1591 2704 1648 est,
2733 1581 2952 1652 indigne
2997 1583 3254 1655 mysteria
3309 1585 3531 1654 partici.

1917 1669 2185 1741 pavimus,
2202 1671 2346 1742 quod
2372 1686 2496 1726 reos
2519 1672 2645 1726 facit
2664 1671 2916 1742 corporis
2935 1683 2987 1728 et
3013 1674 3292 1743 sanguinis
3308 1673 3530 1729 Christi.

1916 1760 1994 1816 Ne
2024 1775 2154 1832 ergo
2188 1761 2369 1816 acerbi
2418 1762 2646 1818 aliorum
2675 1771 3010 1818 scrutatores
3026 1764 3253 1831 -simus;
3295 1763 3390 1820 sed
3436 1781 3534 1818 ttu-

1914 1861 2025 1908 stra
2051 1853 2373 1923 cogitemus,
2403 1861 2458 1907 et
2487 1853 2566 1908 sic
2597 1852 3048 1908 iubumanitatcm
3089 1853 3228 1908 hanc
3256 1863 3311 1910 et
3334 1854 3532 1910 crude-

1917 1944 2122 2001 litatem
2153 1946 2485 2002 sedabimus.
2527 1946 2611 2001 Ad
2662 1945 2780 2002 haec
2824 1961 2956 2002 vero
2997 1945 3288 2003 dicendum
3339 1947 3551 2010 etiam,-

1917 2055 2017 2097 nos
2066 2041 2138 2095 ibi
2188 2039 2391 2112 probos
2438 2041 2587 2096 viros
2631 2041 2832 2096 multos
2880 2049 3195 2111 reperturas
3244 2054 3387 2107 esse,
3431 2041 3529 2095 toti

1917 2133 2238 2201 plerumque
2267 2132 2472 2187 civitati
2516 2130 2902 2202 exazquandos.
2946 2131 3080 2186 Nam
3119 2146 3308 2186 carcer
3336 2131 3448 2198 ille,
3472 2133 3526 2186 in

1913 2239 2024 2294 quo
2070 2223 2270 2293 Ioseph
2313 2233 2454 2291 erat,
2501 2224 2703 2280 multos
2753 2223 3032 2293 improbos
3074 2223 3422 2290 continebat;
3472 2232 3529 2278 et

1916 2323 2095 2371 tamen
2121 2317 2360 2372 omnium
2387 2331 2574 2371 curam
2603 2316 2827 2386 gerebat
2847 2315 3028 2385 justus
3054 2315 3164 2382 ille,
3185 2324 3384 2370 etcum
3407 2315 3528 2369 aliis

1915 2406 2163 2462 occultus
2192 2415 2330 2462 erat.
2363 2407 2497 2463 Nam
2523 2423 2648 2462 cum
2681 2406 2776 2462 toti
2808 2405 3046 2476 Egypto
3071 2415 3217 2461 esset
3247 2420 3528 2474 exaequan-

1914 2498 2051 2565 dus,
2109 2498 2164 2552 in
2213 2513 2433 2555 carcere
2486 2506 2666 2554 tamen
2713 2507 2833 2553 erat
2883 2497 3086 2554 nemini
3137 2506 3319 2551 notus.
3375 2494 3528 2551 Nunc

1914 2604 2129 2660 quoque
2155 2589 2450 2646 verisimile
2475 2599 2560 2644 est
2586 2589 2657 2646 ibi
2689 2589 2892 2645 multos
2919 2604 3045 2645 esse
3073 2589 3272 2659 probos
3302 2597 3357 2642 et
3389 2586 3526 2656 frugi

1915 2685 2083 2751 viros,
2113 2685 2214 2740 etsi
2243 2700 2351 2740 non
2381 2685 2634 2741 omnibus
2661 2693 2855 2750 notos;
2885 2693 2943 2740 et
2970 2699 3099 2740 cura
3127 2682 3234 2737 illis
3261 2681 3522 2745 exhibita,

1914 2774 2155 2832 officium
2206 2777 2330 2832 aliis
2396 2777 2698 2847 pra-sutum
2752 2775 2969 2832 abunde
3029 2775 3123 2829 tibi
3183 2782 3523 2844 compensat.

1914 2868 2139 2923 Etiamsi
2173 2883 2304 2924 vero
2334 2869 2517 2924 nullus
2547 2867 2618 2924 ibi
2649 2868 2774 2924 talis
2799 2875 2970 2934 esset,
2998 2881 3190 2937 magna
3222 2877 3398 2920 tamen
3429 2865 3525 2919 tibi

1915 2963 2152 3034 reposita
2181 2976 2265 3019 est
2305 2978 2536 3019 merces.
2562 2961 2724 3019 Certe
2766 2962 3026 3017 Dominus
3064 2971 3189 3016 tuus
3217 2975 3324 3014 non
3348 2957 3525 3029 justos

1915 3055 2078 3110 modo
2121 3055 2518 3125 alloquebatur,
2569 3070 2670 3110 nec
2715 3054 2958 3125 impuros
3007 3053 3282 3124 fugiebat;
3330 3050 3426 3110 sed
3472 3061 3527 3104 et

1913 3143 2276 3202 Chanantram
2318 3161 2442 3201 cum
2471 3145 2638 3201 multa
2670 3143 3048 3200 benevolentia
3077 3143 3316 3213 excepit,
3345 3149 3402 3197 et
3421 3141 3518 3196 Sa-

1914 3239 2236 3294 maritanam
2264 3239 2550 3294 scelestam
2581 3246 2635 3292 et
2667 3237 2958 3306 impuram,
2988 3235 3257 3304 aliamque
3278 3233 3523 3289 meretri-

1913 3347 2054 3399 cem,
2087 3330 2232 3401 quod
2267 3329 2442 3386 ιιιάωί
2489 3328 2910 3398 exprobrarunt,
2941 3325 3162 3394 excepit
3199 3334 3252 3379 et
3294 3323 3525 3388 curavit,

1915 3438 2211 3496 passusque
2234 3433 2319 3480 est
2347 3433 2406 3478 ut
2432 3423 2656 3492 impura:
2683 3419 2925 3475 mulieris
2955 3417 3211 3488 laerymis
3236 3416 3403 3488 pedes
3443 3417 3528 3470 sui

1915 3516 2242 3586 rigarentur,
2271 3524 2328 3569 ut
2359 3529 2459 3569 nos
2493 3513 2716 3569 doceret
2761 3511 2998 3566 humane
3038 3518 3355 3582 peccatores
3381 3509 3528 3563 exci-

1914 3620 2069 3678 pere.
2103 3607 2230 3662 Hzne
2249 3605 2394 3662 enim
2423 3606 2657 3660 maxima
2687 3603 2996 3658 humanitas
3037 3609 3142 3657 est.
3179 3600 3318 3670 Quid
3348 3601 3522 3656 dicis?

1915 3699 2064 3754 fures
2089 3710 2146 3754 et
2175 3699 2547 3770 sepulcrorum
2574 3694 2871 3752 en‘ossores
2906 3708 3182 3749 carcerem
3223 3693 3530 3763 occupant?

1915 3791 2076 3858 Num,
2095 3805 2281 3862 quaeso
2301 3789 2536 3846 civitatis
2567 3789 2761 3844 incola:
2787 3801 2982 3843 omnes
3002 3787 3134 3857 justi
3156 3786 3320 3841 sunt?
3347 3801 3529 3841 annon

1917 3885 2006 3940 hic
2047 3883 2202 3938 multi
2247 3882 2462 3952 pejores
2493 3890 2640 3947 sunt,
2670 3878 2766 3950 qui
2816 3877 3189 3948 impudentius
3241 3875 3532 3931 furantur?

1916 3974 2021 4029 Alii
2049 3973 2194 4030 enim
2220 3971 2569 4028 solitudinem
2601 3971 2794 4026 saltem
2828 3978 2884 4026 et
2925 3970 3180 4025 tenebras
3205 3969 3526 4034 obtendunt,

1915 4074 1970 4122 et
1999 4065 2115 4120 haec
2151 4065 2290 4120 clam
2322 4063 2526 4119 faciunt
2553 4081 2567 4116 :
2596 4062 2712 4130 alii,
2741 4063 2915 4132 posita
2947 4060 3117 4126 larva,
3147 4060 3294 4115 nudo
3323 4060 3522 4130 capite,

1917 4157 2059 4210 mala
2100 4163 2436 4225 perpetrant,
2483 4153 2729 4221 violenti,
2773 4162 3044 4222 raptores,
3079 4153 3250 4205 avari.
3301 4150 3529 4205 Diflicile

1918 4264 2153 4320 namque
2173 4256 2261 4303 est
2280 4249 2457 4303 virum
2486 4249 2725 4319 reperire
2747 4246 3041 4302 insontem.

1988 4343 2043 4398 6.
2086 4339 2242 4410 Quod
2282 4342 2326 4396 si
2372 4355 2481 4395 non
2508 4355 2699 4395 aurum
2745 4342 3010 4410 rapimus,
3041 4338 3087 4393 si
3120 4353 3230 4393 non
3262 4346 3339 4393 tot
3368 4347 3424 4394 et
3454 4347 3532 4392 tut

1911 4436 2099 4506 jugera
2123 4442 2305 4497 teme,
2325 4444 2378 4488 at
2410 4430 2602 4487 fraude
2640 4440 2693 4486 et
2721 4431 2863 4486 furto
2890 4431 3122 4501 idipsum
3151 4430 3204 4485 in
3230 4431 3531 4485 minoribus

1917 4543 2018 4599 pro
2074 4526 2216 4582 virili
2261 4518 2508 4580 uicimus.
2554 4524 2688 4579 Nam
2730 4538 2857 4588 cum
2904 4523 2961 4579 in
3005 4524 3338 4580 commercio
3367 4565 3382 4589 ,
3442 4525 3528 4578 vel

1919 4620 1972 4674 in
2013 4618 2246 4675 emendo
2292 4629 2349 4674 et
2393 4616 2699 4685 vendendo,
2741 4617 2922 4672 minus
2961 4633 3122 4687 quam
3167 4625 3385 4687 Oportet
3425 4632 3530 4670 nu-

1918 4727 2131 4768 merare
2175 4709 2579 4778 contendimus,
2622 4725 2950 4778 onmemque
2990 4709 3298 4764 machinam
3341 4723 3531 4763 move-

1919 4821 2060 4868 mus,
2085 4819 2264 4858 annon
2301 4789 2438 4858 illud
2475 4803 2818 4858 latrocinium
2851 4801 2976 4856 est?
3017 4815 3197 4856 annon
3236 4800 3434 4856 lurtuut
3478 4810 3536 4856 et

1918 4895 2145 4965 rapina?
2184 4895 2263 4951 Ne
2293 4895 2426 4949 mihi
2449 4895 2672 4960 dixeris,
2707 4902 2761 4950 te
2791 4909 2893 4949 nec
2937 4893 3159 4950 domum
3185 4909 3287 4949 nec
3313 4908 3532 4949 servum

1918 4986 2226 5041 abstulisse.
2273 4985 2544 5054 lujustitia
2577 5001 2812 5056 namque
2843 5000 2950 5039 non
2992 4993 3163 5055 rapta:
3210 4985 3290 5039 rei
3337 4984 3530 5053 pretio,

1919 5077 2039 5133 sed.
2066 5078 2328 5148 rapientis
2360 5077 2637 5133 voluntate
2668 5077 2946 5148 penditur.
2980 5075 3195 5132 Justitia
3226 5093 3458 5147 namque
3479 5089 3534 5131 et

1920 5169 2183 5238 iujustitia
2215 5169 2268 5224 in
2303 5171 2512 5240 magnis
2535 5169 2802 5240 etparvis
2830 5169 2994 5224 rebus
3015 5167 3264 5224 eamdem
3287 5169 3394 5223 vim
3433 5167 3532 5222 ha-

1920 5263 2082 5319 bent:
2111 5275 2164 5318 ct
2193 5265 2364 5319 furem
2388 5265 2602 5334 appello
2631 5274 2737 5318 tam
2759 5280 2883 5319 eum
2907 5265 2994 5334 qui
3024 5272 3241 5319 exsecta
3274 5279 3530 5318 crumena

1921 5372 2112 5411 aurum
2141 5357 2363 5426 abripit,
2383 5372 2542 5427 quam
2572 5367 2869 5422 ementem,
2894 5357 2986 5428 qui
3021 5355 3220 5426 aliquid
3248 5352 3534 5410 defraudat

1920 5447 1988 5502 de
2021 5447 2222 5517 pretio;
2247 5457 2300 5502 et
2326 5448 2543 5517 parietis
2574 5447 2890 5502 ell‘ossorem
2915 5463 3070 5510 voco,
3092 5464 3197 5500 non
3219 5461 3343 5501 eum
3374 5443 3533 5497 nuqu

1921 5542 2035 5610 qui,
2073 5551 2231 5609 rupto
2259 5542 2486 5610 pariete,
2518 5539 2718 5609 aliquid
2753 5540 2897 5594 intus
2929 5538 3178 5602 furatur;
3225 5537 3319 5590 sed
3365 5536 3530 5589 etiam

1921 5649 2044 5688 eum
2076 5634 2188 5704 qui,
2229 5635 2349 5703 jure
2381 5633 2602 5699 violato,
2633 5633 2834 5703 aliquid
2867 5647 2896 5686 a
2931 5633 3175 5703 proximo
3215 5627 3410 5682 aufert.
3457 5627 3534 5681 με

1921 5742 2051 5796 ergo
2080 5728 2241 5781 rebus
2265 5727 2468 5782 nostris
2495 5729 2735 5794 omissis,
2763 5727 3060 5782 alienarum
3083 5725 3296 5796 judices
3333 5725 3534 5779 simus;

1927 5835 2101 5890 neque
2143 5820 2269 5876 dum
2303 5821 2658 5877 humanitatis
2681 5831 2894 5892 tempus
2921 5831 3025 5888 est,
3059 5819 3352 5889 nequitiam
3380 5829 3535 5870 scru~

3081 5917 3152 5973 '21
