  <div class='ocr_page' id='page_1' title='image "/cluster/home/n/w/nwhite01/storage/ocr_20150623/59/ien.35556001660869/341.png"; bbox 0 0 4054 6440; ppageno 0'>
   <div class='ocr_carea' id='block_1_1' title="bbox 575 416 675 467">
    <p class='ocr_par' dir='ltr' id='par_1_1' title="bbox 575 416 675 467">
     <span class='ocr_line' id='line_1_1' title="bbox 575 416 675 467; baseline -0.01 -1"><span class='ocrx_word' id='word_1_1' title='bbox 575 416 675 467; x_wconf 66' lang='grc'><strong>335</strong></span> 
     </span>
    </p>
   </div>
   <div class='ocr_carea' id='block_1_2' title="bbox 578 518 2136 590">
    <p class='ocr_par' dir='ltr' id='par_1_2' title="bbox 578 518 2136 590">
     <span class='ocr_line' id='line_1_2' title="bbox 578 518 2136 590; baseline -0.005 -12"><span class='ocrx_word' id='word_1_2' title='bbox 578 544 748 580; x_wconf 76' lang='lat' dir='ltr'><strong>muur</strong></span> <span class='ocrx_word' id='word_1_3' title='bbox 777 549 786 578; x_wconf 59' lang='grc' dir='ltr'><em>μ</em></span> <span class='ocrx_word' id='word_1_4' title='bbox 815 527 906 579; x_wconf 84' lang='lat' dir='ltr'><strong>sed</strong></span> <span class='ocrx_word' id='word_1_5' title='bbox 936 525 1224 590; x_wconf 67' lang='lat' dir='ltr'><strong>cogitantes</strong></span> <span class='ocrx_word' id='word_1_6' title='bbox 1250 522 1516 589; x_wconf 85' lang='lat' dir='ltr'><strong>quomodo</strong></span> <span class='ocrx_word' id='word_1_7' title='bbox 1543 535 1640 574; x_wconf 89' lang='lat' dir='ltr'><strong>nos</strong></span> <span class='ocrx_word' id='word_1_8' title='bbox 1670 520 1795 573; x_wconf 90' lang='lat' dir='ltr'><strong>olim</strong></span> <span class='ocrx_word' id='word_1_9' title='bbox 1826 519 1995 572; x_wconf 80' lang='lat' dir='ltr'><strong>allecti</strong></span> <span class='ocrx_word' id='word_1_10' title='bbox 2026 518 2136 571; x_wconf 87' lang='lat' dir='ltr'><strong>fuc—</strong></span> 
     </span>
    </p>
   </div>
   <div class='ocr_carea' id='block_1_3' title="bbox 577 610 2139 682">
    <p class='ocr_par' dir='ltr' id='par_1_3' title="bbox 577 610 2139 682">
     <span class='ocr_line' id='line_1_3' title="bbox 577 610 2139 682; baseline -0.008 -10"><span class='ocrx_word' id='word_1_11' title='bbox 577 623 761 682; x_wconf 87' lang='lat' dir='ltr'><strong>rinms,</strong></span> <span class='ocrx_word' id='word_1_12' title='bbox 794 618 955 668; x_wconf 66' lang='lat' dir='ltr'><strong>simus</strong></span> <span class='ocrx_word' id='word_1_13' title='bbox 987 615 1197 667; x_wconf 85' lang='lat' dir='ltr'><strong>tandem</strong></span> <span class='ocrx_word' id='word_1_14' title='bbox 1230 614 1488 666; x_wconf 75' lang='lat' dir='ltr'><strong>mansueti</strong></span> <span class='ocrx_word' id='word_1_15' title='bbox 1518 623 1570 663; x_wconf 75' lang='grc' dir='ltr'><strong>«οι</strong></span> <span class='ocrx_word' id='word_1_16' title='bbox 1605 613 1836 678; x_wconf 78' lang='lat' dir='ltr'><strong>benigni.</strong></span> <span class='ocrx_word' id='word_1_17' title='bbox 1864 610 2139 677; x_wconf 78' lang='lat' dir='ltr'><strong>Qumuodo</strong></span> 
     </span>
    </p>
   </div>
   <div class='ocr_carea' id='block_1_4' title="bbox 575 700 2137 774">
    <p class='ocr_par' dir='ltr' id='par_1_4' title="bbox 575 700 2137 774">
     <span class='ocr_line' id='line_1_4' title="bbox 575 700 2137 774; baseline -0.006 -15"><span class='ocrx_word' id='word_1_18' title='bbox 575 725 702 774; x_wconf 71' lang='lat' dir='ltr'><strong>ergo</strong></span> <span class='ocrx_word' id='word_1_19' title='bbox 730 706 900 758; x_wconf 74' lang='lat' dir='ltr'><strong>allecti</strong></span> <span class='ocrx_word' id='word_1_20' title='bbox 947 703 1198 757; x_wconf 79' lang='lat' dir='ltr'><strong>eramus?</strong></span> <span class='ocrx_word' id='word_1_21' title='bbox 1244 703 1380 756; x_wconf 83' lang='lat' dir='ltr'><strong>Audi</strong></span> <span class='ocrx_word' id='word_1_22' title='bbox 1423 702 1639 756; x_wconf 88' lang='lat' dir='ltr'><strong>Paulum</strong></span> <span class='ocrx_word' id='word_1_23' title='bbox 1669 702 1930 755; x_wconf 75' lang='lat' dir='ltr'><strong>dicentem</strong></span> <span class='ocrx_word' id='word_1_24' title='bbox 1961 719 1972 751; x_wconf 90' lang='lat'><strong>:</strong></span> <span class='ocrx_word' id='word_1_25' title='bbox 2007 700 2137 751; x_wconf 62' lang='lat' dir='ltr'><strong>lira-</strong></span> 
     </span>
    </p>
   </div>
   <div class='ocr_carea' id='block_1_5' title="bbox 578 792 2136 865">
    <p class='ocr_par' dir='ltr' id='par_1_5' title="bbox 578 792 2136 865">
     <span class='ocr_line' id='line_1_5' title="bbox 578 792 2136 865; baseline -0.006 -15"><span class='ocrx_word' id='word_1_26' title='bbox 578 819 683 852; x_wconf 85' lang='lat' dir='ltr'><strong>mus</strong></span> <span class='ocrx_word' id='word_1_27' title='bbox 711 798 840 850; x_wconf 82' lang='lat' dir='ltr'><strong>enim</strong></span> <span class='ocrx_word' id='word_1_28' title='bbox 885 797 1158 865; x_wconf 77' lang='lat' dir='ltr'><strong>aliquando</strong></span> <span class='ocrx_word' id='word_1_29' title='bbox 1203 805 1246 847; x_wconf 85' lang='lat' dir='ltr'><strong>et</strong></span> <span class='ocrx_word' id='word_1_30' title='bbox 1294 811 1385 847; x_wconf 88' lang='lat' dir='ltr'><strong>nos</strong></span> <span class='ocrx_word' id='word_1_31' title='bbox 1437 793 1790 856; x_wconf 74' lang='lat' dir='ltr'><strong>inobcdientes,</strong></span> <span class='ocrx_word' id='word_1_32' title='bbox 1830 792 2136 857; x_wconf 71' lang='lat' dir='ltr'><strong>insipientes.</strong></span> 
     </span>
    </p>
   </div>
   <div class='ocr_carea' id='block_1_6' title="bbox 573 879 2140 951">
    <p class='ocr_par' dir='ltr' id='par_1_6' title="bbox 573 879 2140 951">
     <span class='ocr_line' id='line_1_6' title="bbox 573 879 2140 951; baseline -0.008 -11"><span class='ocrx_word' id='word_1_33' title='bbox 573 898 816 951; x_wconf 75' lang='lat' dir='ltr'><strong><em>errantes,</em></strong></span> <span class='ocrx_word' id='word_1_34' title='bbox 839 888 1103 940; x_wconf 77' lang='lat' dir='ltr'><strong>servientes</strong></span> <span class='ocrx_word' id='word_1_35' title='bbox 1130 884 1390 937; x_wconf 82' lang='lat' dir='ltr'><strong>desideriis</strong></span> <span class='ocrx_word' id='word_1_36' title='bbox 1411 891 1457 934; x_wconf 88' lang='lat' dir='ltr'><strong>et</strong></span> <span class='ocrx_word' id='word_1_37' title='bbox 1477 881 1810 948; x_wconf 71' lang='lat' dir='ltr'><strong>voluptatibus</strong></span> <span class='ocrx_word' id='word_1_38' title='bbox 1837 882 2007 942; x_wconf 77' lang='lat' dir='ltr'><strong>variis,</strong></span> <span class='ocrx_word' id='word_1_39' title='bbox 2031 879 2140 930; x_wconf 87' lang='lat' dir='ltr'><strong>odi-</strong></span> 
     </span>
    </p>
   </div>
   <div class='ocr_carea' id='block_1_7' title="bbox 575 969 2140 1043">
    <p class='ocr_par' dir='ltr' id='par_1_7' title="bbox 575 969 2140 1043">
     <span class='ocr_line' id='line_1_7' title="bbox 575 969 2140 1043; baseline -0.007 -12"><span class='ocrx_word' id='word_1_40' title='bbox 575 980 718 1043; x_wconf 86' lang='lat' dir='ltr'><strong>bilcs,</strong></span> <span class='ocrx_word' id='word_1_41' title='bbox 748 978 969 1031; x_wconf 84' lang='lat' dir='ltr'><strong>odientes</strong></span> <span class='ocrx_word' id='word_1_42' title='bbox 993 977 1199 1028; x_wconf 78' lang='lat' dir='ltr'><strong>invicem</strong></span> <span class='ocrx_word' id='word_1_43' title='bbox 1229 972 1352 1043; x_wconf 85' lang='lat' dir='ltr'><strong>(Tit.</strong></span> <span class='ocrx_word' id='word_1_44' title='bbox 1379 974 1427 1026; x_wconf 79' lang='grc'><strong>5.</strong></span> <span class='ocrx_word' id='word_1_45' title='bbox 1455 974 1507 1039; x_wconf 75' lang='grc'><strong>5)</strong></span> <span class='ocrx_word' id='word_1_46' title='bbox 1533 988 1546 1035; x_wconf 93' lang='grc'><strong>;</strong></span> <span class='ocrx_word' id='word_1_47' title='bbox 1581 983 1633 1024; x_wconf 78' lang='lat' dir='ltr'><strong>et</strong></span> <span class='ocrx_word' id='word_1_48' title='bbox 1660 987 1893 1034; x_wconf 94' lang='lat' dir='ltr'><strong>rursum,</strong></span> <span class='ocrx_word' id='word_1_49' title='bbox 1928 969 2140 1022; x_wconf 75' lang='lat' dir='ltr'><strong>Eramns</strong></span> 
     </span>
    </p>
   </div>
   <div class='ocr_carea' id='block_1_8' title="bbox 573 1059 2139 1132">
    <p class='ocr_par' dir='ltr' id='par_1_8' title="bbox 573 1059 2139 1132">
     <span class='ocr_line' id='line_1_8' title="bbox 573 1059 2139 1132; baseline -0.005 -14"><span class='ocrx_word' id='word_1_50' title='bbox 573 1069 702 1120; x_wconf 85' lang='lat' dir='ltr'><strong>enim</strong></span> <span class='ocrx_word' id='word_1_51' title='bbox 729 1076 910 1120; x_wconf 87' lang='lat' dir='ltr'><strong>natura</strong></span> <span class='ocrx_word' id='word_1_52' title='bbox 935 1067 1028 1132; x_wconf 77' lang='lat' dir='ltr'><strong>ﬁlii</strong></span> <span class='ocrx_word' id='word_1_53' title='bbox 1051 1066 1140 1116; x_wconf 77' lang='lat' dir='ltr'><strong>ira:</strong></span> <span class='ocrx_word' id='word_1_54' title='bbox 1168 1063 1379 1131; x_wconf 86' lang='lat' dir='ltr'><strong>(Ephes.</strong></span> <span class='ocrx_word' id='word_1_55' title='bbox 1399 1063 1451 1114; x_wconf 65' lang='lat' dir='ltr'><strong>ﬁt.</strong></span> <span class='ocrx_word' id='word_1_56' title='bbox 1476 1063 1552 1126; x_wconf 78' lang='lat'><strong>‘5).</strong></span> <span class='ocrx_word' id='word_1_57' title='bbox 1576 1061 1679 1115; x_wconf 87' lang='lat' dir='ltr'><strong>Sed</strong></span> <span class='ocrx_word' id='word_1_58' title='bbox 1709 1061 1845 1114; x_wconf 90' lang='lat' dir='ltr'><strong>Dens</strong></span> <span class='ocrx_word' id='word_1_59' title='bbox 1877 1075 1970 1112; x_wconf 87' lang='lat' dir='ltr'><strong>nos</strong></span> <span class='ocrx_word' id='word_1_60' title='bbox 1991 1059 2139 1126; x_wconf 87' lang='lat' dir='ltr'><strong>quasi</strong></span> 
     </span>
    </p>
   </div>
   <div class='ocr_carea' id='block_1_9' title="bbox 575 1150 2140 1218">
    <p class='ocr_par' dir='ltr' id='par_1_9' title="bbox 575 1150 2140 1218">
     <span class='ocr_line' id='line_1_9' title="bbox 575 1150 2140 1218; baseline -0.007 -7"><span class='ocrx_word' id='word_1_61' title='bbox 575 1161 624 1211; x_wconf 90' lang='lat' dir='ltr'><strong>in</strong></span> <span class='ocrx_word' id='word_1_62' title='bbox 670 1171 882 1211; x_wconf 87' lang='lat' dir='ltr'><strong>carcere</strong></span> <span class='ocrx_word' id='word_1_63' title='bbox 924 1156 1168 1208; x_wconf 80' lang='lat' dir='ltr'><strong>detentus</strong></span> <span class='ocrx_word' id='word_1_64' title='bbox 1200 1153 1404 1215; x_wconf 88' lang='lat' dir='ltr'><strong>videns,</strong></span> <span class='ocrx_word' id='word_1_65' title='bbox 1434 1161 1488 1205; x_wconf 92' lang='lat' dir='ltr'><strong>et</strong></span> <span class='ocrx_word' id='word_1_66' title='bbox 1529 1151 1775 1218; x_wconf 74' lang='lat' dir='ltr'><strong>gravibus</strong></span> <span class='ocrx_word' id='word_1_67' title='bbox 1824 1150 2140 1202; x_wconf 84' lang='lat' dir='ltr'><strong>constrictos</strong></span> 
     </span>
    </p>
   </div>
   <div class='ocr_carea' id='block_1_10' title="bbox 573 1241 2137 1316">
    <p class='ocr_par' dir='ltr' id='par_1_10' title="bbox 573 1241 2137 1316">
     <span class='ocr_line' id='line_1_10' title="bbox 573 1241 2137 1316; baseline -0.007 -14"><span class='ocrx_word' id='word_1_68' title='bbox 573 1249 796 1309; x_wconf 88' lang='lat' dir='ltr'><strong>catenis,</strong></span> <span class='ocrx_word' id='word_1_69' title='bbox 833 1262 951 1316; x_wconf 71' lang='lat' dir='ltr'><strong>qua:</strong></span> <span class='ocrx_word' id='word_1_70' title='bbox 995 1245 1179 1298; x_wconf 88' lang='lat' dir='ltr'><strong>ferreis</strong></span> <span class='ocrx_word' id='word_1_71' title='bbox 1224 1244 1376 1312; x_wconf 78' lang='lat' dir='ltr'><strong>longe</strong></span> <span class='ocrx_word' id='word_1_72' title='bbox 1422 1243 1715 1311; x_wconf 77' lang='lat' dir='ltr'><strong>graviores,</strong></span> <span class='ocrx_word' id='word_1_73' title='bbox 1760 1256 1861 1294; x_wconf 90' lang='lat' dir='ltr'><strong>non</strong></span> <span class='ocrx_word' id='word_1_74' title='bbox 1909 1241 2137 1303; x_wconf 89' lang='lat' dir='ltr'><strong>erubuit,</strong></span> 
     </span>
    </p>
   </div>
   <div class='ocr_carea' id='block_1_11' title="bbox 572 1329 2140 1398">
    <p class='ocr_par' dir='ltr' id='par_1_11' title="bbox 572 1329 2140 1398">
     <span class='ocr_line' id='line_1_11' title="bbox 572 1329 2140 1398; baseline -0.006 -8"><span class='ocrx_word' id='word_1_75' title='bbox 572 1338 662 1390; x_wconf 87' lang='lat' dir='ltr'><strong>sed</strong></span> <span class='ocrx_word' id='word_1_76' title='bbox 696 1338 834 1390; x_wconf 88' lang='lat' dir='ltr'><strong>venit</strong></span> <span class='ocrx_word' id='word_1_77' title='bbox 880 1337 930 1388; x_wconf 93' lang='lat' dir='ltr'><strong>in</strong></span> <span class='ocrx_word' id='word_1_78' title='bbox 975 1349 1264 1393; x_wconf 83' lang='lat' dir='ltr'><strong>carcerem,</strong></span> <span class='ocrx_word' id='word_1_79' title='bbox 1296 1344 1349 1387; x_wconf 85' lang='lat' dir='ltr'><strong>et</strong></span> <span class='ocrx_word' id='word_1_80' title='bbox 1381 1332 1672 1385; x_wconf 81' lang='lat' dir='ltr'><strong>innumeris</strong></span> <span class='ocrx_word' id='word_1_81' title='bbox 1710 1331 1896 1398; x_wconf 83' lang='lat' dir='ltr'><strong>dignos</strong></span> <span class='ocrx_word' id='word_1_82' title='bbox 1939 1329 2140 1397; x_wconf 86' lang='lat' dir='ltr'><strong>suppli-</strong></span> 
     </span>
    </p>
   </div>
   <div class='ocr_carea' id='block_1_12' title="bbox 576 1421 2142 1492">
    <p class='ocr_par' dir='ltr' id='par_1_12' title="bbox 576 1421 2142 1492">
     <span class='ocr_line' id='line_1_12' title="bbox 576 1421 2142 1492; baseline -0.004 -12"><span class='ocrx_word' id='word_1_83' title='bbox 576 1429 672 1480; x_wconf 84' lang='lat' dir='ltr'><strong>ciis</strong></span> <span class='ocrx_word' id='word_1_84' title='bbox 711 1427 892 1480; x_wconf 85' lang='lat' dir='ltr'><strong>eduxit</strong></span> <span class='ocrx_word' id='word_1_85' title='bbox 934 1425 1076 1484; x_wconf 84' lang='lat' dir='ltr'><strong>inde,</strong></span> <span class='ocrx_word' id='word_1_86' title='bbox 1127 1433 1179 1477; x_wconf 91' lang='lat' dir='ltr'><strong>et</strong></span> <span class='ocrx_word' id='word_1_87' title='bbox 1235 1424 1284 1476; x_wconf 92' lang='lat' dir='ltr'><strong>in</strong></span> <span class='ocrx_word' id='word_1_88' title='bbox 1339 1438 1560 1492; x_wconf 79' lang='lat' dir='ltr'><strong>regnum</strong></span> <span class='ocrx_word' id='word_1_89' title='bbox 1609 1421 1850 1482; x_wconf 91' lang='lat' dir='ltr'><strong>induxit;</strong></span> <span class='ocrx_word' id='word_1_90' title='bbox 1906 1423 2142 1486; x_wconf 69' lang='lat' dir='ltr'><strong>cmloqne</strong></span> 
     </span>
    </p>
   </div>
   <div class='ocr_carea' id='block_1_13' title="bbox 571 1511 2143 1585">
    <p class='ocr_par' dir='ltr' id='par_1_13' title="bbox 571 1511 2143 1585">
     <span class='ocr_line' id='line_1_13' title="bbox 571 1511 2143 1585; baseline -0.005 -13"><span class='ocrx_word' id='word_1_91' title='bbox 571 1517 963 1585; x_wconf 70' lang='lat' dir='ltr'><strong>splendidiores</strong></span> <span class='ocrx_word' id='word_1_92' title='bbox 996 1515 1190 1570; x_wconf 72' lang='lat' dir='ltr'><strong>effecit.</strong></span> <span class='ocrx_word' id='word_1_93' title='bbox 1220 1523 1269 1566; x_wconf 89' lang='lat' dir='ltr'><strong>ut</strong></span> <span class='ocrx_word' id='word_1_94' title='bbox 1319 1523 1368 1566; x_wconf 82' lang='lat' dir='ltr'><strong>cl</strong></span> <span class='ocrx_word' id='word_1_95' title='bbox 1399 1529 1497 1567; x_wconf 91' lang='lat' dir='ltr'><strong>nos</strong></span> <span class='ocrx_word' id='word_1_96' title='bbox 1536 1528 1629 1580; x_wconf 92' lang='lat' dir='ltr'><strong>pro</strong></span> <span class='ocrx_word' id='word_1_97' title='bbox 1659 1512 1791 1566; x_wconf 85' lang='lat' dir='ltr'><strong>virili</strong></span> <span class='ocrx_word' id='word_1_98' title='bbox 1825 1521 2000 1565; x_wconf 87' lang='lat' dir='ltr'><strong>nostra</strong></span> <span class='ocrx_word' id='word_1_99' title='bbox 2044 1511 2143 1564; x_wconf 89' lang='lat' dir='ltr'><strong>hoc</strong></span> 
     </span>
    </p>
   </div>
   <div class='ocr_carea' id='block_1_14' title="bbox 573 1601 2141 1674">
    <p class='ocr_par' dir='ltr' id='par_1_14' title="bbox 573 1601 2141 1674">
     <span class='ocr_line' id='line_1_14' title="bbox 573 1601 2141 1674; baseline -0.004 -16"><span class='ocrx_word' id='word_1_100' title='bbox 573 1612 744 1674; x_wconf 83' lang='lat' dir='ltr'><strong>Ipsum</strong></span> <span class='ocrx_word' id='word_1_101' title='bbox 793 1606 1061 1659; x_wconf 75' lang='lat' dir='ltr'><strong>faciamus.</strong></span> <span class='ocrx_word' id='word_1_102' title='bbox 1113 1604 1240 1657; x_wconf 79' lang='lat' dir='ltr'><strong>Nam</strong></span> <span class='ocrx_word' id='word_1_103' title='bbox 1284 1619 1401 1655; x_wconf 82' lang='lat' dir='ltr'><strong>cum</strong></span> <span class='ocrx_word' id='word_1_104' title='bbox 1452 1603 1726 1670; x_wconf 81' lang='lat' dir='ltr'><strong>discipulis</strong></span> <span class='ocrx_word' id='word_1_105' title='bbox 1769 1601 1896 1655; x_wconf 90' lang='lat' dir='ltr'><strong>dicit</strong></span> <span class='ocrx_word' id='word_1_106' title='bbox 1927 1617 1939 1654; x_wconf 90' lang='lat'>:</span> <span class='ocrx_word' id='word_1_107' title='bbox 1969 1601 2141 1668; x_wconf 79' lang='lat' dir='ltr'><strong>Siego</strong></span> 
     </span>
    </p>
   </div>
   <div class='ocr_carea' id='block_1_15' title="bbox 575 1690 2142 1764">
    <p class='ocr_par' dir='ltr' id='par_1_15' title="bbox 575 1690 2142 1764">
     <span class='ocr_line' id='line_1_15' title="bbox 575 1690 2142 1764; baseline -0.004 -17"><span class='ocrx_word' id='word_1_108' title='bbox 575 1699 673 1749; x_wconf 85' lang='lat' dir='ltr'><strong>lavi</strong></span> <span class='ocrx_word' id='word_1_109' title='bbox 717 1697 866 1764; x_wconf 83' lang='lat' dir='ltr'><strong>pedes</strong></span> <span class='ocrx_word' id='word_1_110' title='bbox 895 1706 1080 1749; x_wconf 83' lang='lat' dir='ltr'><strong>vestros</strong></span> <span class='ocrx_word' id='word_1_111' title='bbox 1111 1694 1353 1746; x_wconf 79' lang='lat' dir='ltr'><strong>Dominus</strong></span> <span class='ocrx_word' id='word_1_112' title='bbox 1393 1705 1436 1746; x_wconf 87' lang='lat' dir='ltr'><strong>et</strong></span> <span class='ocrx_word' id='word_1_113' title='bbox 1475 1691 1734 1762; x_wconf 83' lang='lat' dir='ltr'><strong>Magister,</strong></span> <span class='ocrx_word' id='word_1_114' title='bbox 1762 1703 1806 1745; x_wconf 87' lang='lat' dir='ltr'><strong>ct</strong></span> <span class='ocrx_word' id='word_1_115' title='bbox 1847 1708 1930 1743; x_wconf 80' lang='lat' dir='ltr'><strong>vos</strong></span> <span class='ocrx_word' id='word_1_116' title='bbox 1959 1690 2142 1744; x_wconf 80' lang='lat' dir='ltr'><strong>debetis</strong></span> 
     </span>
    </p>
   </div>
   <div class='ocr_carea' id='block_1_16' title="bbox 571 1782 2138 1851">
    <p class='ocr_par' dir='ltr' id='par_1_16' title="bbox 571 1782 2138 1851">
     <span class='ocr_line' id='line_1_16' title="bbox 571 1782 2138 1851; baseline -0.001 -16"><span class='ocrx_word' id='word_1_117' title='bbox 571 1787 699 1837; x_wconf 80' lang='lat' dir='ltr'><strong>alter</strong></span> <span class='ocrx_word' id='word_1_118' title='bbox 723 1785 930 1837; x_wconf 84' lang='lat' dir='ltr'><strong>alterius</strong></span> <span class='ocrx_word' id='word_1_119' title='bbox 955 1785 1123 1836; x_wconf 79' lang='lat' dir='ltr'><strong>lavare</strong></span> <span class='ocrx_word' id='word_1_120' title='bbox 1151 1784 1299 1851; x_wconf 64' lang='lat' dir='ltr'><strong>pedis</strong></span> <span class='ocrx_word' id='word_1_121' title='bbox 1328 1797 1346 1834; x_wconf 92' lang='lat'><em>:</em></span> <span class='ocrx_word' id='word_1_122' title='bbox 1375 1782 1654 1850; x_wconf 80' lang='lat' dir='ltr'><strong>exemplum</strong></span> <span class='ocrx_word' id='word_1_123' title='bbox 1679 1783 1808 1834; x_wconf 84' lang='lat' dir='ltr'><strong>enim</strong></span> <span class='ocrx_word' id='word_1_124' title='bbox 1847 1782 1963 1833; x_wconf 76' lang='lat' dir='ltr'><strong>dedi</strong></span> <span class='ocrx_word' id='word_1_125' title='bbox 1983 1783 2138 1844; x_wconf 85' lang='lat' dir='ltr'><strong>vobis,</strong></span> 
     </span>
    </p>
   </div>
   <div class='ocr_carea' id='block_1_17' title="bbox 571 1870 2140 1944">
    <p class='ocr_par' dir='ltr' id='par_1_17' title="bbox 571 1870 2140 1944">
     <span class='ocr_line' id='line_1_17' title="bbox 571 1870 2140 1944; baseline -0.001 -17"><span class='ocrx_word' id='word_1_126' title='bbox 571 1887 624 1927; x_wconf 87' lang='lat' dir='ltr'><strong>ut</strong></span> <span class='ocrx_word' id='word_1_127' title='bbox 642 1874 1061 1943; x_wconf 83' lang='lat' dir='ltr'><strong>quemadmodum</strong></span> <span class='ocrx_word' id='word_1_128' title='bbox 1082 1891 1170 1944; x_wconf 79' lang='lat' dir='ltr'><strong>ego</strong></span> <span class='ocrx_word' id='word_1_129' title='bbox 1193 1876 1288 1943; x_wconf 80' lang='lat' dir='ltr'><strong>feci</strong></span> <span class='ocrx_word' id='word_1_130' title='bbox 1310 1872 1463 1935; x_wconf 83' lang='lat' dir='ltr'><strong>vobis,</strong></span> <span class='ocrx_word' id='word_1_131' title='bbox 1483 1874 1554 1924; x_wconf 88' lang='lat' dir='ltr'><strong>ita</strong></span> <span class='ocrx_word' id='word_1_132' title='bbox 1578 1882 1621 1925; x_wconf 89' lang='lat' dir='ltr'><strong>et</strong></span> <span class='ocrx_word' id='word_1_133' title='bbox 1645 1888 1725 1924; x_wconf 83' lang='lat' dir='ltr'><strong>vos</strong></span> <span class='ocrx_word' id='word_1_134' title='bbox 1746 1872 1942 1940; x_wconf 74' lang='lat' dir='ltr'><strong>faciatis</strong></span> <span class='ocrx_word' id='word_1_135' title='bbox 1964 1870 2140 1941; x_wconf 60' lang='lat' dir='ltr'><strong>(lacn.</strong></span> 
     </span>
    </p>
   </div>
   <div class='ocr_carea' id='block_1_18' title="bbox 574 1962 2141 2030">
    <p class='ocr_par' dir='ltr' id='par_1_18' title="bbox 574 1962 2141 2030">
     <span class='ocr_line' id='line_1_18' title="bbox 574 1962 2141 2030; baseline -0.002 -12"><span class='ocrx_word' id='word_1_136' title='bbox 574 1967 659 2020; x_wconf 74' lang='grc'><strong>15.</strong></span> <span class='ocrx_word' id='word_1_137' title='bbox 692 1965 780 2024; x_wconf 76' lang='lat' dir='ltr'><strong>Ml</strong></span> <span class='ocrx_word' id='word_1_138' title='bbox 807 1982 819 2016; x_wconf 86' lang='lat'><strong>:</strong></span> <span class='ocrx_word' id='word_1_139' title='bbox 849 1979 952 2018; x_wconf 90' lang='lat' dir='ltr'><strong>non</strong></span> <span class='ocrx_word' id='word_1_140' title='bbox 980 1965 1046 2018; x_wconf 87' lang='lat' dir='ltr'><strong>de</strong></span> <span class='ocrx_word' id='word_1_141' title='bbox 1076 1962 1316 2017; x_wconf 82' lang='lat' dir='ltr'><strong>lavandis</strong></span> <span class='ocrx_word' id='word_1_142' title='bbox 1347 1962 1566 2030; x_wconf 89' lang='lat' dir='ltr'><strong>pedibus</strong></span> <span class='ocrx_word' id='word_1_143' title='bbox 1595 1971 1796 2015; x_wconf 90' lang='lat' dir='ltr'><strong>tantum</strong></span> <span class='ocrx_word' id='word_1_144' title='bbox 1842 1963 1928 2015; x_wconf 91' lang='lat' dir='ltr'><strong>hic</strong></span> <span class='ocrx_word' id='word_1_145' title='bbox 1973 1962 2141 2030; x_wconf 83' lang='lat' dir='ltr'><strong>legem</strong></span> 
     </span>
    </p>
   </div>
   <div class='ocr_carea' id='block_1_19' title="bbox 571 2051 2138 2120">
    <p class='ocr_par' dir='ltr' id='par_1_19' title="bbox 571 2051 2138 2120">
     <span class='ocr_line' id='line_1_19' title="bbox 571 2051 2138 2120; baseline -0.004 -13"><span class='ocrx_word' id='word_1_146' title='bbox 571 2054 658 2107; x_wconf 88' lang='lat' dir='ltr'><strong>dat</strong></span> <span class='ocrx_word' id='word_1_147' title='bbox 710 2053 801 2107; x_wconf 91' lang='lat' dir='ltr'><strong>sed</strong></span> <span class='ocrx_word' id='word_1_148' title='bbox 831 2063 883 2107; x_wconf 91' lang='lat' dir='ltr'><strong>et</strong></span> <span class='ocrx_word' id='word_1_149' title='bbox 910 2054 975 2108; x_wconf 91' lang='lat' dir='ltr'><strong>de</strong></span> <span class='ocrx_word' id='word_1_150' title='bbox 999 2054 1118 2107; x_wconf 91' lang='lat' dir='ltr'><strong>aliis</strong></span> <span class='ocrx_word' id='word_1_151' title='bbox 1145 2052 1411 2115; x_wconf 86' lang='lat' dir='ltr'><strong>omnibus,</strong></span> <span class='ocrx_word' id='word_1_152' title='bbox 1436 2067 1552 2120; x_wconf 65' lang='lat' dir='ltr'><strong>quae</strong></span> <span class='ocrx_word' id='word_1_153' title='bbox 1582 2052 1693 2119; x_wconf 87' lang='lat' dir='ltr'><strong>ipse</strong></span> <span class='ocrx_word' id='word_1_154' title='bbox 1719 2051 1870 2104; x_wconf 89' lang='lat' dir='ltr'><strong>nobis</strong></span> <span class='ocrx_word' id='word_1_155' title='bbox 1897 2052 2138 2105; x_wconf 89' lang='lat' dir='ltr'><strong>contulit.</strong></span> 
     </span>
    </p>
   </div>
   <div class='ocr_carea' id='block_1_20' title="bbox 573 2138 2143 2198">
    <p class='ocr_par' dir='ltr' id='par_1_20' title="bbox 573 2138 2143 2198">
     <span class='ocr_line' id='line_1_20' title="bbox 573 2138 2143 2198; baseline -0.004 -1"><span class='ocrx_word' id='word_1_156' title='bbox 573 2144 844 2198; x_wconf 83' lang='lat' dir='ltr'><strong>Homicida</strong></span> <span class='ocrx_word' id='word_1_157' title='bbox 874 2152 955 2197; x_wconf 74' lang='lat' dir='ltr'><strong>est</strong></span> <span class='ocrx_word' id='word_1_158' title='bbox 994 2144 1043 2196; x_wconf 95' lang='lat' dir='ltr'><strong>in</strong></span> <span class='ocrx_word' id='word_1_159' title='bbox 1079 2144 1341 2197; x_wconf 81' lang='lat' dir='ltr'><strong>carcere?</strong></span> <span class='ocrx_word' id='word_1_160' title='bbox 1392 2143 1457 2193; x_wconf 77' lang='lat' dir='ltr'><strong>At</strong></span> <span class='ocrx_word' id='word_1_161' title='bbox 1483 2156 1575 2193; x_wconf 82' lang='lat' dir='ltr'><strong>nos</strong></span> <span class='ocrx_word' id='word_1_162' title='bbox 1604 2141 1736 2192; x_wconf 88' lang='lat' dir='ltr'><strong>bene</strong></span> <span class='ocrx_word' id='word_1_163' title='bbox 1768 2138 1939 2193; x_wconf 81' lang='lat' dir='ltr'><strong>facere</strong></span> <span class='ocrx_word' id='word_1_164' title='bbox 1963 2155 2028 2192; x_wconf 89' lang='lat' dir='ltr'><strong>ne</strong></span> <span class='ocrx_word' id='word_1_165' title='bbox 2052 2139 2143 2192; x_wconf 87' lang='lat' dir='ltr'><strong>de-</strong></span> 
     </span>
    </p>
   </div>
   <div class='ocr_carea' id='block_1_21' title="bbox 571 2229 2142 2301">
    <p class='ocr_par' dir='ltr' id='par_1_21' title="bbox 571 2229 2142 2301">
     <span class='ocr_line' id='line_1_21' title="bbox 571 2229 2142 2301; baseline -0.003 -15"><span class='ocrx_word' id='word_1_166' title='bbox 571 2236 841 2286; x_wconf 60' lang='lat' dir='ltr'><strong>sinamus.</strong></span> <span class='ocrx_word' id='word_1_167' title='bbox 886 2233 1263 2301; x_wconf 69' lang='lat' dir='ltr'><strong>Sepulcrorum</strong></span> <span class='ocrx_word' id='word_1_168' title='bbox 1313 2230 1538 2286; x_wconf 79' lang='lat' dir='ltr'><strong>ell‘ossor</strong></span> <span class='ocrx_word' id='word_1_169' title='bbox 1579 2240 1681 2294; x_wconf 91' lang='lat' dir='ltr'><strong>est,</strong></span> <span class='ocrx_word' id='word_1_170' title='bbox 1730 2239 1821 2282; x_wconf 90' lang='lat' dir='ltr'><strong>aut</strong></span> <span class='ocrx_word' id='word_1_171' title='bbox 1866 2229 2142 2283; x_wconf 70' lang='lat' dir='ltr'><strong>utimelius?</strong></span> 
     </span>
    </p>
   </div>
   <div class='ocr_carea' id='block_1_22' title="bbox 573 2319 2142 2389">
    <p class='ocr_par' dir='ltr' id='par_1_22' title="bbox 573 2319 2142 2389">
     <span class='ocr_line' id='line_1_22' title="bbox 573 2319 2142 2389; baseline -0.005 -9"><span class='ocrx_word' id='word_1_172' title='bbox 573 2326 677 2380; x_wconf 79' lang='lat' dir='ltr'><strong>Sed</strong></span> <span class='ocrx_word' id='word_1_173' title='bbox 709 2341 772 2379; x_wconf 90' lang='lat' dir='ltr'><strong>ne</strong></span> <span class='ocrx_word' id='word_1_174' title='bbox 803 2324 1036 2389; x_wconf 61' lang='lat' dir='ltr'><strong>malitiae,</strong></span> <span class='ocrx_word' id='word_1_175' title='bbox 1056 2338 1236 2377; x_wconf 87' lang='lat' dir='ltr'><strong>verum</strong></span> <span class='ocrx_word' id='word_1_176' title='bbox 1261 2320 1577 2376; x_wconf 83' lang='lat' dir='ltr'><strong>calamitatis</strong></span> <span class='ocrx_word' id='word_1_177' title='bbox 1609 2319 2142 2388; x_wconf 78' lang='lat' dir='ltr'><strong>misercamur.S:epe</strong></span> 
     </span>
    </p>
   </div>
   <div class='ocr_carea' id='block_1_23' title="bbox 572 2410 2143 2480">
    <p class='ocr_par' dir='ltr' id='par_1_23' title="bbox 572 2410 2143 2480">
     <span class='ocr_line' id='line_1_23' title="bbox 572 2410 2143 2480; baseline -0.004 -12"><span class='ocrx_word' id='word_1_178' title='bbox 572 2427 771 2476; x_wconf 88' lang='lat' dir='ltr'><strong>autem,</strong></span> <span class='ocrx_word' id='word_1_179' title='bbox 813 2423 870 2468; x_wconf 81' lang='grc' dir='ltr'><strong>ιιι</strong></span> <span class='ocrx_word' id='word_1_180' title='bbox 911 2413 1039 2479; x_wconf 88' lang='lat' dir='ltr'><strong>dixi,</strong></span> <span class='ocrx_word' id='word_1_181' title='bbox 1085 2413 1382 2480; x_wconf 83' lang='lat' dir='ltr'><strong>reperietur</strong></span> <span class='ocrx_word' id='word_1_182' title='bbox 1430 2410 1501 2463; x_wconf 91' lang='lat' dir='ltr'><strong>ibi</strong></span> <span class='ocrx_word' id='word_1_183' title='bbox 1547 2410 1806 2477; x_wconf 71' lang='grc' dir='ltr'><strong>(ιυὶδμίηιη</strong></span> <span class='ocrx_word' id='word_1_184' title='bbox 1854 2410 2143 2462; x_wconf 86' lang='lat' dir='ltr'><strong>innumeris</strong></span> 
     </span>
    </p>
   </div>
   <div class='ocr_carea' id='block_1_24' title="bbox 573 2482 2145 2575">
    <p class='ocr_par' dir='ltr' id='par_1_24' title="bbox 573 2482 2145 2575">
     <span class='ocr_line' id='line_1_24' title="bbox 573 2482 2145 2575; baseline -0.003 -17"><span class='ocrx_word' id='word_1_185' title='bbox 573 2509 699 2559; x_wconf 83' lang='lat' dir='ltr'><strong>viris</strong></span> <span class='ocrx_word' id='word_1_186' title='bbox 727 2482 1124 2575; x_wconf 41' lang='lat' dir='ltr'><strong>exmqu-andus;</strong></span> <span class='ocrx_word' id='word_1_187' title='bbox 1172 2514 1224 2558; x_wconf 87' lang='lat' dir='ltr'><strong>et</strong></span> <span class='ocrx_word' id='word_1_188' title='bbox 1263 2504 1305 2556; x_wconf 90' lang='lat' dir='ltr'><strong>si</strong></span> <span class='ocrx_word' id='word_1_189' title='bbox 1354 2518 1495 2570; x_wconf 71' lang='lat' dir='ltr'><strong>szepe</strong></span> <span class='ocrx_word' id='word_1_190' title='bbox 1540 2502 1746 2554; x_wconf 73' lang='lat' dir='ltr'><strong>vinctos</strong></span> <span class='ocrx_word' id='word_1_191' title='bbox 1784 2502 1963 2560; x_wconf 85' lang='lat' dir='ltr'><strong>adeas,</strong></span> <span class='ocrx_word' id='word_1_192' title='bbox 2007 2501 2145 2555; x_wconf 89' lang='lat' dir='ltr'><strong>hunc</strong></span> 
     </span>
    </p>
   </div>
   <div class='ocr_carea' id='block_1_25' title="bbox 573 2590 2144 2663">
    <p class='ocr_par' dir='ltr' id='par_1_25' title="bbox 573 2590 2144 2663">
     <span class='ocr_line' id='line_1_25' title="bbox 573 2590 2144 2663; baseline -0.003 -18"><span class='ocrx_word' id='word_1_193' title='bbox 573 2606 817 2649; x_wconf 84' lang='lat' dir='ltr'><strong>venatum</strong></span> <span class='ocrx_word' id='word_1_194' title='bbox 846 2595 1164 2663; x_wconf 77' lang='lat' dir='ltr'><strong>assequeris.</strong></span> <span class='ocrx_word' id='word_1_195' title='bbox 1193 2593 1339 2647; x_wconf 88' lang='lat' dir='ltr'><strong>Sicut</strong></span> <span class='ocrx_word' id='word_1_196' title='bbox 1371 2590 1660 2649; x_wconf 80' lang='lat' dir='ltr'><strong>Abraham,</strong></span> <span class='ocrx_word' id='word_1_197' title='bbox 1694 2590 1783 2658; x_wconf 86' lang='lat' dir='ltr'><strong>qui</strong></span> <span class='ocrx_word' id='word_1_198' title='bbox 1805 2591 2022 2658; x_wconf 81' lang='lat' dir='ltr'><strong>quosvis</strong></span> <span class='ocrx_word' id='word_1_199' title='bbox 2053 2606 2144 2644; x_wconf 72' lang='lat' dir='ltr'><strong>ex-</strong></span> 
     </span>
    </p>
   </div>
   <div class='ocr_carea' id='block_1_26' title="bbox 572 2681 2142 2754">
    <p class='ocr_par' dir='ltr' id='par_1_26' title="bbox 572 2681 2142 2754">
     <span class='ocr_line' id='line_1_26' title="bbox 572 2681 2142 2754; baseline -0.004 -16"><span class='ocrx_word' id='word_1_200' title='bbox 572 2685 819 2754; x_wconf 85' lang='lat' dir='ltr'><strong>cipiebat,</strong></span> <span class='ocrx_word' id='word_1_201' title='bbox 851 2686 900 2737; x_wconf 93' lang='lat' dir='ltr'><strong>in</strong></span> <span class='ocrx_word' id='word_1_202' title='bbox 946 2684 1163 2752; x_wconf 80' lang='lat' dir='ltr'><strong>angelos</strong></span> <span class='ocrx_word' id='word_1_203' title='bbox 1195 2683 1376 2735; x_wconf 84' lang='lat' dir='ltr'><strong>incidit</strong></span> <span class='ocrx_word' id='word_1_204' title='bbox 1408 2698 1420 2733; x_wconf 90' lang='lat'><strong>:</strong></span> <span class='ocrx_word' id='word_1_205' title='bbox 1452 2683 1528 2734; x_wconf 86' lang='lat' dir='ltr'><strong>sic</strong></span> <span class='ocrx_word' id='word_1_206' title='bbox 1561 2692 1611 2734; x_wconf 92' lang='lat' dir='ltr'><strong>cl</strong></span> <span class='ocrx_word' id='word_1_207' title='bbox 1645 2697 1739 2733; x_wconf 61' lang='lat' dir='ltr'><strong>nus</strong></span> <span class='ocrx_word' id='word_1_208' title='bbox 1773 2681 1822 2733; x_wconf 93' lang='lat' dir='ltr'><strong>in</strong></span> <span class='ocrx_word' id='word_1_209' title='bbox 1858 2681 1997 2733; x_wconf 82' lang='lat' dir='ltr'><strong>viros</strong></span> <span class='ocrx_word' id='word_1_210' title='bbox 2029 2696 2142 2732; x_wconf 89' lang='lat' dir='ltr'><strong>ma-</strong></span> 
     </span>
    </p>
   </div>
   <div class='ocr_carea' id='block_1_27' title="bbox 575 2770 2137 2844">
    <p class='ocr_par' dir='ltr' id='par_1_27' title="bbox 575 2770 2137 2844">
     <span class='ocr_line' id='line_1_27' title="bbox 575 2770 2137 2844; baseline -0.004 -16"><span class='ocrx_word' id='word_1_211' title='bbox 575 2791 705 2844; x_wconf 77' lang='lat' dir='ltr'><strong>gnos</strong></span> <span class='ocrx_word' id='word_1_212' title='bbox 760 2774 1073 2836; x_wconf 89' lang='lat' dir='ltr'><strong>incidemus,</strong></span> <span class='ocrx_word' id='word_1_213' title='bbox 1103 2773 1144 2824; x_wconf 82' lang='lat' dir='ltr'><strong>si</strong></span> <span class='ocrx_word' id='word_1_214' title='bbox 1179 2773 1228 2825; x_wconf 92' lang='lat' dir='ltr'><strong>id</strong></span> <span class='ocrx_word' id='word_1_215' title='bbox 1278 2771 1690 2839; x_wconf 62' lang='lat' dir='ltr'><strong>frequentemus.</strong></span> <span class='ocrx_word' id='word_1_216' title='bbox 1723 2771 1776 2822; x_wconf 88' lang='lat' dir='ltr'><strong>Si</strong></span> <span class='ocrx_word' id='word_1_217' title='bbox 1827 2784 1950 2823; x_wconf 85' lang='lat' dir='ltr'><strong>vero</strong></span> <span class='ocrx_word' id='word_1_218' title='bbox 1984 2770 2137 2822; x_wconf 87' lang='lat' dir='ltr'><strong>liccat</strong></span> 
     </span>
    </p>
   </div>
   <div class='ocr_carea' id='block_1_28' title="bbox 569 2859 2140 2933">
    <p class='ocr_par' dir='ltr' id='par_1_28' title="bbox 569 2859 2140 2933">
     <span class='ocr_line' id='line_1_28' title="bbox 569 2859 2140 2933; baseline -0.004 -18"><span class='ocrx_word' id='word_1_219' title='bbox 569 2864 692 2933; x_wconf 84' lang='lat' dir='ltr'><strong>quid</strong></span> <span class='ocrx_word' id='word_1_220' title='bbox 720 2863 1090 2916; x_wconf 85' lang='lat' dir='ltr'><strong>admirandum</strong></span> <span class='ocrx_word' id='word_1_221' title='bbox 1122 2861 1320 2923; x_wconf 86' lang='lat' dir='ltr'><strong>dicere,</strong></span> <span class='ocrx_word' id='word_1_222' title='bbox 1343 2876 1445 2913; x_wconf 92' lang='lat' dir='ltr'><strong>non</strong></span> <span class='ocrx_word' id='word_1_223' title='bbox 1477 2869 1618 2912; x_wconf 85' lang='lat' dir='ltr'><strong>tanta</strong></span> <span class='ocrx_word' id='word_1_224' title='bbox 1651 2859 1804 2912; x_wconf 84' lang='lat' dir='ltr'><strong>laude</strong></span> <span class='ocrx_word' id='word_1_225' title='bbox 1831 2859 2018 2926; x_wconf 82' lang='lat' dir='ltr'><strong>dignus</strong></span> <span class='ocrx_word' id='word_1_226' title='bbox 2040 2868 2140 2921; x_wconf 76' lang='lat' dir='ltr'><strong>est,</strong></span> 
     </span>
    </p>
   </div>
   <div class='ocr_carea' id='block_1_29' title="bbox 568 2950 2141 3021">
    <p class='ocr_par' dir='ltr' id='par_1_29' title="bbox 568 2950 2141 3021">
     <span class='ocr_line' id='line_1_29' title="bbox 568 2950 2141 3021; baseline -0.001 -17"><span class='ocrx_word' id='word_1_227' title='bbox 568 2956 654 3020; x_wconf 84' lang='lat' dir='ltr'><strong>qui</strong></span> <span class='ocrx_word' id='word_1_228' title='bbox 710 2969 953 3020; x_wconf 69' lang='lat' dir='ltr'><strong>magnum</strong></span> <span class='ocrx_word' id='word_1_229' title='bbox 999 2954 1298 3021; x_wconf 88' lang='lat' dir='ltr'><strong>quempiam</strong></span> <span class='ocrx_word' id='word_1_230' title='bbox 1334 2951 1564 3018; x_wconf 89' lang='lat' dir='ltr'><strong>excipit.</strong></span> <span class='ocrx_word' id='word_1_231' title='bbox 1608 2966 1765 3017; x_wconf 88' lang='lat' dir='ltr'><strong>quam</strong></span> <span class='ocrx_word' id='word_1_232' title='bbox 1822 2952 1865 3003; x_wconf 92' lang='lat' dir='ltr'><strong>is</strong></span> <span class='ocrx_word' id='word_1_233' title='bbox 1909 2950 1996 3019; x_wconf 91' lang='lat' dir='ltr'><strong>qui</strong></span> <span class='ocrx_word' id='word_1_234' title='bbox 2043 2951 2141 3003; x_wconf 91' lang='lat' dir='ltr'><strong>mi-</strong></span> 
     </span>
    </p>
   </div>
   <div class='ocr_carea' id='block_1_30' title="bbox 572 3041 2140 3109">
    <p class='ocr_par' dir='ltr' id='par_1_30' title="bbox 572 3041 2140 3109">
     <span class='ocr_line' id='line_1_30' title="bbox 572 3041 2140 3109; baseline -0.001 -15"><span class='ocrx_word' id='word_1_235' title='bbox 572 3060 748 3097; x_wconf 85' lang='lat' dir='ltr'><strong>serum</strong></span> <span class='ocrx_word' id='word_1_236' title='bbox 786 3053 838 3094; x_wconf 88' lang='lat' dir='ltr'><strong>et</strong></span> <span class='ocrx_word' id='word_1_237' title='bbox 866 3041 1150 3096; x_wconf 77' lang='lat' dir='ltr'><strong>infelicem.</strong></span> <span class='ocrx_word' id='word_1_238' title='bbox 1185 3041 1276 3096; x_wconf 89' lang='lat' dir='ltr'><strong>Ille</strong></span> <span class='ocrx_word' id='word_1_239' title='bbox 1324 3055 1548 3109; x_wconf 85' lang='lat' dir='ltr'><strong>namque</strong></span> <span class='ocrx_word' id='word_1_240' title='bbox 1580 3057 1683 3092; x_wconf 89' lang='lat' dir='ltr'><strong>non</strong></span> <span class='ocrx_word' id='word_1_241' title='bbox 1715 3055 1932 3108; x_wconf 87' lang='lat' dir='ltr'><strong>parvum</strong></span> <span class='ocrx_word' id='word_1_242' title='bbox 1983 3055 2140 3108; x_wconf 82' lang='lat' dir='ltr'><strong>argu-</strong></span> 
     </span>
    </p>
   </div>
   <div class='ocr_carea' id='block_1_31' title="bbox 571 3131 2139 3200">
    <p class='ocr_par' dir='ltr' id='par_1_31' title="bbox 571 3131 2139 3200">
     <span class='ocr_line' id='line_1_31' title="bbox 571 3131 2139 3200; baseline -0.002 -15"><span class='ocrx_word' id='word_1_243' title='bbox 571 3143 805 3189; x_wconf 89' lang='lat' dir='ltr'><strong>mentum</strong></span> <span class='ocrx_word' id='word_1_244' title='bbox 849 3132 1002 3186; x_wconf 88' lang='lat' dir='ltr'><strong>affert</strong></span> <span class='ocrx_word' id='word_1_245' title='bbox 1043 3134 1124 3185; x_wconf 92' lang='lat' dir='ltr'><strong>sui</strong></span> <span class='ocrx_word' id='word_1_246' title='bbox 1175 3131 1485 3198; x_wconf 87' lang='lat' dir='ltr'><strong>recipiendi,</strong></span> <span class='ocrx_word' id='word_1_247' title='bbox 1530 3146 1718 3200; x_wconf 79' lang='lat' dir='ltr'><strong>nempe</strong></span> <span class='ocrx_word' id='word_1_248' title='bbox 1765 3133 1924 3184; x_wconf 87' lang='lat' dir='ltr'><strong>vitam</strong></span> <span class='ocrx_word' id='word_1_249' title='bbox 1958 3146 2139 3189; x_wconf 86' lang='lat' dir='ltr'><strong>suam;</strong></span> 
     </span>
    </p>
   </div>
   <div class='ocr_carea' id='block_1_32' title="bbox 575 3219 2142 3288">
    <p class='ocr_par' dir='ltr' id='par_1_32' title="bbox 575 3219 2142 3288">
     <span class='ocr_line' id='line_1_32' title="bbox 575 3219 2142 3288; baseline -0.002 -15"><span class='ocrx_word' id='word_1_250' title='bbox 575 3226 732 3275; x_wconf 87' lang='lat' dir='ltr'><strong>homo</strong></span> <span class='ocrx_word' id='word_1_251' title='bbox 776 3233 950 3276; x_wconf 89' lang='lat' dir='ltr'><strong>autem</strong></span> <span class='ocrx_word' id='word_1_252' title='bbox 981 3221 1227 3275; x_wconf 91' lang='lat' dir='ltr'><strong>onmibus</strong></span> <span class='ocrx_word' id='word_1_253' title='bbox 1279 3221 1517 3288; x_wconf 86' lang='lat' dir='ltr'><strong>abjectus</strong></span> <span class='ocrx_word' id='word_1_254' title='bbox 1546 3229 1599 3273; x_wconf 88' lang='lat' dir='ltr'><strong>et</strong></span> <span class='ocrx_word' id='word_1_255' title='bbox 1631 3222 1791 3274; x_wconf 87' lang='lat' dir='ltr'><strong>miser</strong></span> <span class='ocrx_word' id='word_1_256' title='bbox 1841 3236 2000 3273; x_wconf 90' lang='lat' dir='ltr'><strong>unum</strong></span> <span class='ocrx_word' id='word_1_257' title='bbox 2051 3219 2142 3270; x_wconf 88' lang='lat' dir='ltr'><strong>ba-</strong></span> 
     </span>
    </p>
   </div>
   <div class='ocr_carea' id='block_1_33' title="bbox 573 3311 2141 3380">
    <p class='ocr_par' dir='ltr' id='par_1_33' title="bbox 573 3311 2141 3380">
     <span class='ocr_line' id='line_1_33' title="bbox 573 3311 2141 3380; baseline 0 -16"><span class='ocrx_word' id='word_1_258' title='bbox 573 3315 661 3366; x_wconf 88' lang='lat' dir='ltr'><strong>bct</strong></span> <span class='ocrx_word' id='word_1_259' title='bbox 705 3323 945 3378; x_wconf 89' lang='lat' dir='ltr'><strong>portum,</strong></span> <span class='ocrx_word' id='word_1_260' title='bbox 972 3326 1162 3380; x_wconf 88' lang='lat' dir='ltr'><strong>nempe</strong></span> <span class='ocrx_word' id='word_1_261' title='bbox 1199 3311 1615 3364; x_wconf 79' lang='lat' dir='ltr'><strong>misericordiam</strong></span> <span class='ocrx_word' id='word_1_262' title='bbox 1644 3311 1758 3379; x_wconf 88' lang='lat' dir='ltr'><strong>ejus</strong></span> <span class='ocrx_word' id='word_1_263' title='bbox 1782 3311 1867 3379; x_wconf 90' lang='lat' dir='ltr'><strong>qui</strong></span> <span class='ocrx_word' id='word_1_264' title='bbox 1909 3326 1966 3363; x_wconf 91' lang='lat' dir='ltr'><strong>se</strong></span> <span class='ocrx_word' id='word_1_265' title='bbox 2009 3311 2141 3364; x_wconf 86' lang='lat' dir='ltr'><strong>bene</strong></span> 
     </span>
    </p>
   </div>
   <div class='ocr_carea' id='block_1_34' title="bbox 571 3401 2140 3470">
    <p class='ocr_par' dir='ltr' id='par_1_34' title="bbox 571 3401 2140 3470">
     <span class='ocr_line' id='line_1_34' title="bbox 571 3401 2140 3470; baseline -0.008 -7"><span class='ocrx_word' id='word_1_266' title='bbox 571 3404 758 3462; x_wconf 69' lang='lat' dir='ltr'><strong>vxcinit</strong></span> <span class='ocrx_word' id='word_1_267' title='bbox 793 3420 804 3452; x_wconf 75' lang='grc' dir='ltr'><strong>ε</strong></span> <span class='ocrx_word' id='word_1_268' title='bbox 839 3403 1012 3470; x_wconf 80' lang='lat' dir='ltr'><strong>itaque</strong></span> <span class='ocrx_word' id='word_1_269' title='bbox 1041 3401 1154 3455; x_wconf 70' lang='lat' dir='ltr'><strong>haec</strong></span> <span class='ocrx_word' id='word_1_270' title='bbox 1183 3401 1482 3454; x_wconf 89' lang='lat' dir='ltr'><strong>humanitas</strong></span> <span class='ocrx_word' id='word_1_271' title='bbox 1512 3417 1638 3470; x_wconf 87' lang='lat' dir='ltr'><strong>pura</strong></span> <span class='ocrx_word' id='word_1_272' title='bbox 1663 3412 1763 3454; x_wconf 82' lang='lat' dir='ltr'><strong>est.</strong></span> <span class='ocrx_word' id='word_1_273' title='bbox 1797 3402 1894 3466; x_wconf 78' lang='lat' dir='ltr'><strong>Qui</strong></span> <span class='ocrx_word' id='word_1_274' title='bbox 1924 3402 2068 3452; x_wconf 74' lang='lat' dir='ltr'><strong>t&#39;illl&#39;ll</strong></span> <span class='ocrx_word' id='word_1_275' title='bbox 2089 3412 2140 3450; x_wconf 75' lang='lat' dir='ltr'><strong>ot.</strong></span> 
     </span>
    </p>
   </div>
   <div class='ocr_carea' id='block_1_35' title="bbox 1274 403 3063 462">
    <p class='ocr_par' dir='ltr' id='par_1_35' title="bbox 1274 403 3063 462">
     <span class='ocr_line' id='line_1_35' title="bbox 1274 403 3063 462; baseline 0.002 -4"><span class='ocrx_word' id='word_1_276' title='bbox 1274 408 1325 458; x_wconf 81' lang='lat' dir='ltr'><strong>S.</strong></span> <span class='ocrx_word' id='word_1_277' title='bbox 1371 405 1643 460; x_wconf 67' lang='lat' dir='ltr'><strong>JOANNIS</strong></span> <span class='ocrx_word' id='word_1_278' title='bbox 1675 403 2138 460; x_wconf 68' lang='lat' dir='ltr'><strong>CIIilYSOSTUMI</strong></span> <span class='ocrx_word' id='word_1_279' title='bbox 2179 405 2492 460; x_wconf 70' lang='lat' dir='ltr'><strong>AltCIIIEP.</strong></span> <span class='ocrx_word' id='word_1_280' title='bbox 2534 408 3063 462; x_wconf 68' lang='lat' dir='ltr'><strong>CONSTANTINOP.</strong></span> 
     </span>
    </p>
   </div>
   <div class='ocr_carea' id='block_1_36' title="bbox 3727 412 3819 464">
    <p class='ocr_par' dir='ltr' id='par_1_36' title="bbox 3727 412 3819 464">
     <span class='ocr_line' id='line_1_36' title="bbox 3727 412 3819 464; baseline 0.022 -2"><span class='ocrx_word' id='word_1_281' title='bbox 3727 412 3819 464; x_wconf 59' lang='lat' dir='ltr'><strong>33F</strong></span> 
     </span>
    </p>
   </div>
   <div class='ocr_carea' id='block_1_37' title="bbox 2244 521 3821 589">
    <p class='ocr_par' dir='ltr' id='par_1_37' title="bbox 2244 521 3821 589">
     <span class='ocr_line' id='line_1_37' title="bbox 2244 521 3821 589; baseline 0.004 -18"><span class='ocrx_word' id='word_1_282' title='bbox 2244 521 2530 587; x_wconf 84' lang='lat' dir='ltr'><strong>conspicuo</strong></span> <span class='ocrx_word' id='word_1_283' title='bbox 2575 522 2743 574; x_wconf 86' lang='lat' dir='ltr'><strong>ofticia</strong></span> <span class='ocrx_word' id='word_1_284' title='bbox 2783 521 3018 585; x_wconf 84' lang='lat' dir='ltr'><strong>exhibet,</strong></span> <span class='ocrx_word' id='word_1_285' title='bbox 3051 537 3192 589; x_wconf 69' lang='lat' dir='ltr'><strong>Sa&#39;pe</strong></span> <span class='ocrx_word' id='word_1_286' title='bbox 3240 523 3303 573; x_wconf 85' lang='lat' dir='ltr'><strong>ad</strong></span> <span class='ocrx_word' id='word_1_287' title='bbox 3331 525 3746 578; x_wconf 68' lang='lat' dir='ltr'><strong>ostentationem</strong></span> <span class='ocrx_word' id='word_1_288' title='bbox 3777 529 3821 579; x_wconf 82' lang='lat' dir='ltr'><strong>id</strong></span> 
     </span>
    </p>
   </div>
   <div class='ocr_carea' id='block_1_38' title="bbox 2247 610 3824 682">
    <p class='ocr_par' dir='ltr' id='par_1_38' title="bbox 2247 610 3824 682">
     <span class='ocr_line' id='line_1_38' title="bbox 2247 610 3824 682; baseline 0.002 -20"><span class='ocrx_word' id='word_1_289' title='bbox 2247 610 2369 662; x_wconf 86' lang='lat' dir='ltr'><strong>facit</strong></span> <span class='ocrx_word' id='word_1_290' title='bbox 2406 627 2416 660; x_wconf 93' lang='lat'><em>:</em></span> <span class='ocrx_word' id='word_1_291' title='bbox 2450 611 2537 676; x_wconf 90' lang='lat' dir='ltr'><strong>qui</strong></span> <span class='ocrx_word' id='word_1_292' title='bbox 2584 627 2708 663; x_wconf 83' lang='lat' dir='ltr'><strong>vero</strong></span> <span class='ocrx_word' id='word_1_293' title='bbox 2739 613 3001 678; x_wconf 84' lang='lat' dir='ltr'><strong>abjectmn</strong></span> <span class='ocrx_word' id='word_1_294' title='bbox 3048 612 3244 680; x_wconf 84' lang='lat' dir='ltr'><strong>excipit</strong></span> <span class='ocrx_word' id='word_1_295' title='bbox 3280 611 3698 682; x_wconf 71' lang='lat' dir='ltr'><strong>(li-spectnmque</strong></span> <span class='ocrx_word' id='word_1_296' title='bbox 3730 617 3824 665; x_wconf 85' lang='lat' dir='ltr'><strong>Im-</strong></span> 
     </span>
    </p>
   </div>
   <div class='ocr_carea' id='block_1_39' title="bbox 2246 700 3825 772">
    <p class='ocr_par' dir='ltr' id='par_1_39' title="bbox 2246 700 3825 772">
     <span class='ocr_line' id='line_1_39' title="bbox 2246 700 3825 772; baseline 0.004 -21"><span class='ocrx_word' id='word_1_297' title='bbox 2246 701 2464 760; x_wconf 86' lang='lat' dir='ltr'><strong>minem,</strong></span> <span class='ocrx_word' id='word_1_298' title='bbox 2497 700 2567 753; x_wconf 90' lang='lat' dir='ltr'><strong>ob</strong></span> <span class='ocrx_word' id='word_1_299' title='bbox 2595 702 2767 754; x_wconf 90' lang='lat' dir='ltr'><strong>solum</strong></span> <span class='ocrx_word' id='word_1_300' title='bbox 2811 701 2901 755; x_wconf 83' lang='lat' dir='ltr'><strong>Dei</strong></span> <span class='ocrx_word' id='word_1_301' title='bbox 2931 711 3252 770; x_wconf 74' lang='lat' dir='ltr'><strong>przrceptmn</strong></span> <span class='ocrx_word' id='word_1_302' title='bbox 3307 703 3355 755; x_wconf 91' lang='lat' dir='ltr'><strong>id</strong></span> <span class='ocrx_word' id='word_1_303' title='bbox 3407 704 3546 757; x_wconf 79' lang='lat' dir='ltr'><strong>facit.</strong></span> <span class='ocrx_word' id='word_1_304' title='bbox 3577 704 3757 772; x_wconf 84' lang='lat' dir='ltr'><strong>Quare</strong></span> <span class='ocrx_word' id='word_1_305' title='bbox 3783 710 3825 759; x_wconf 84' lang='lat' dir='ltr'><strong>si</strong></span> 
     </span>
    </p>
   </div>
   <div class='ocr_carea' id='block_1_40' title="bbox 2244 790 3829 862">
    <p class='ocr_par' dir='ltr' id='par_1_40' title="bbox 2244 790 3829 862">
     <span class='ocr_line' id='line_1_40' title="bbox 2244 790 3829 862; baseline 0.003 -21"><span class='ocrx_word' id='word_1_306' title='bbox 2244 790 2547 841; x_wconf 76' lang='lat' dir='ltr'><strong>convivium</strong></span> <span class='ocrx_word' id='word_1_307' title='bbox 2593 803 2860 857; x_wconf 86' lang='lat' dir='ltr'><strong>paremus,</strong></span> <span class='ocrx_word' id='word_1_308' title='bbox 2890 791 3109 844; x_wconf 89' lang='lat' dir='ltr'><strong>claudos</strong></span> <span class='ocrx_word' id='word_1_309' title='bbox 3138 800 3192 844; x_wconf 86' lang='lat' dir='ltr'><strong>et</strong></span> <span class='ocrx_word' id='word_1_310' title='bbox 3241 806 3415 844; x_wconf 71' lang='lat' dir='ltr'><strong>ca-cizs</strong></span> <span class='ocrx_word' id='word_1_311' title='bbox 3465 794 3716 861; x_wconf 79' lang='lat' dir='ltr'><strong>excipere</strong></span> <span class='ocrx_word' id='word_1_312' title='bbox 3745 795 3829 862; x_wconf 71' lang='lat' dir='ltr'><strong>ju-</strong></span> 
     </span>
    </p>
   </div>
   <div class='ocr_carea' id='block_1_41' title="bbox 2244 879 3828 951">
    <p class='ocr_par' dir='ltr' id='par_1_41' title="bbox 2244 879 3828 951">
     <span class='ocr_line' id='line_1_41' title="bbox 2244 879 3828 951; baseline 0.004 -19"><span class='ocrx_word' id='word_1_313' title='bbox 2244 879 2431 934; x_wconf 89' lang='lat' dir='ltr'><strong>bemur</strong></span> <span class='ocrx_word' id='word_1_314' title='bbox 2457 896 2472 944; x_wconf 87' lang='lat'><strong>;</strong></span> <span class='ocrx_word' id='word_1_315' title='bbox 2517 881 2559 932; x_wconf 90' lang='lat' dir='ltr'><strong>si</strong></span> <span class='ocrx_word' id='word_1_316' title='bbox 2582 882 2973 951; x_wconf 85' lang='lat' dir='ltr'><strong>eleemosynam</strong></span> <span class='ocrx_word' id='word_1_317' title='bbox 3001 895 3304 950; x_wconf 76' lang='lat' dir='ltr'><strong>erogemus,</strong></span> <span class='ocrx_word' id='word_1_318' title='bbox 3339 882 3574 935; x_wconf 89' lang='lat' dir='ltr'><strong>minimis</strong></span> <span class='ocrx_word' id='word_1_319' title='bbox 3600 891 3657 936; x_wconf 83' lang='lat' dir='ltr'><strong>et</strong></span> <span class='ocrx_word' id='word_1_320' title='bbox 3683 884 3828 938; x_wconf 82' lang='lat' dir='ltr'><strong>vilis-</strong></span> 
     </span>
    </p>
   </div>
   <div class='ocr_carea' id='block_1_42' title="bbox 2243 971 3830 1039">
    <p class='ocr_par' dir='ltr' id='par_1_42' title="bbox 2243 971 3830 1039">
     <span class='ocr_line' id='line_1_42' title="bbox 2243 971 3830 1039; baseline 0.003 -17"><span class='ocrx_word' id='word_1_321' title='bbox 2243 971 2392 1024; x_wconf 87' lang='lat' dir='ltr'><strong>simis</strong></span> <span class='ocrx_word' id='word_1_322' title='bbox 2427 971 2636 1038; x_wconf 81' lang='lat' dir='ltr'><strong>elargiri</strong></span> <span class='ocrx_word' id='word_1_323' title='bbox 2669 971 3043 1039; x_wconf 72' lang='lat' dir='ltr'><strong>prmcipimur:</strong></span> <span class='ocrx_word' id='word_1_324' title='bbox 3075 986 3195 1024; x_wconf 92' lang='lat' dir='ltr'><strong>nam</strong></span> <span class='ocrx_word' id='word_1_325' title='bbox 3223 973 3319 1037; x_wconf 88' lang='lat' dir='ltr'><strong>ait,</strong></span> <span class='ocrx_word' id='word_1_326' title='bbox 3352 972 3608 1037; x_wconf 83' lang='lat' dir='ltr'><strong>Quantum</strong></span> <span class='ocrx_word' id='word_1_327' title='bbox 3649 975 3741 1025; x_wconf 83' lang='lat' dir='ltr'><strong>uni</strong></span> <span class='ocrx_word' id='word_1_328' title='bbox 3771 991 3830 1026; x_wconf 77' lang='lat' dir='ltr'><strong>ta</strong></span> 
     </span>
    </p>
   </div>
   <div class='ocr_carea' id='block_1_43' title="bbox 2244 1059 3831 1132">
    <p class='ocr_par' dir='ltr' id='par_1_43' title="bbox 2244 1059 3831 1132">
     <span class='ocr_line' id='line_1_43' title="bbox 2244 1059 3831 1132; baseline 0.006 -23"><span class='ocrx_word' id='word_1_329' title='bbox 2244 1059 2322 1112; x_wconf 88' lang='lat' dir='ltr'><strong>his</strong></span> <span class='ocrx_word' id='word_1_330' title='bbox 2342 1059 2560 1111; x_wconf 81' lang='lat' dir='ltr'><strong>minimis</strong></span> <span class='ocrx_word' id='word_1_331' title='bbox 2587 1061 2792 1129; x_wconf 76' lang='lat' dir='ltr'><strong>fecistis,</strong></span> <span class='ocrx_word' id='word_1_332' title='bbox 2819 1061 2944 1112; x_wconf 87' lang='lat' dir='ltr'><strong>mihi</strong></span> <span class='ocrx_word' id='word_1_333' title='bbox 2972 1061 3160 1127; x_wconf 78' lang='lat' dir='ltr'><strong>fecistis</strong></span> <span class='ocrx_word' id='word_1_334' title='bbox 3195 1061 3405 1130; x_wconf 78' lang='lat' dir='ltr'><strong>(Matth.</strong></span> <span class='ocrx_word' id='word_1_335' title='bbox 3433 1063 3522 1116; x_wconf 68' lang='lat'><strong>95.</strong></span> <span class='ocrx_word' id='word_1_336' title='bbox 3549 1063 3665 1132; x_wconf 70' lang='grc'><strong>45).</strong></span> <span class='ocrx_word' id='word_1_337' title='bbox 3694 1063 3831 1118; x_wconf 85' lang='lat' dir='ltr'><strong>Cum</strong></span> 
     </span>
    </p>
   </div>
   <div class='ocr_carea' id='block_1_44' title="bbox 2246 1149 3829 1222">
    <p class='ocr_par' dir='ltr' id='par_1_44' title="bbox 2246 1149 3829 1222">
     <span class='ocr_line' id='line_1_44' title="bbox 2246 1149 3829 1222; baseline 0.005 -22"><span class='ocrx_word' id='word_1_338' title='bbox 2246 1163 2375 1216; x_wconf 82' lang='lat' dir='ltr'><strong>ergo</strong></span> <span class='ocrx_word' id='word_1_339' title='bbox 2399 1149 2503 1202; x_wconf 92' lang='lat' dir='ltr'><strong>illic</strong></span> <span class='ocrx_word' id='word_1_340' title='bbox 2527 1149 2857 1204; x_wconf 87' lang='lat' dir='ltr'><strong>reconditum</strong></span> <span class='ocrx_word' id='word_1_341' title='bbox 2885 1149 3191 1204; x_wconf 86' lang='lat' dir='ltr'><strong>thesaurum</strong></span> <span class='ocrx_word' id='word_1_342' title='bbox 3214 1153 3467 1216; x_wconf 73' lang='lat' dir='ltr'><strong>Sciamus,</strong></span> <span class='ocrx_word' id='word_1_343' title='bbox 3487 1168 3553 1206; x_wconf 91' lang='lat' dir='ltr'><strong>eo</strong></span> <span class='ocrx_word' id='word_1_344' title='bbox 3575 1153 3829 1222; x_wconf 87' lang='lat' dir='ltr'><strong>frequen-</strong></span> 
     </span>
    </p>
   </div>
   <div class='ocr_carea' id='block_1_45' title="bbox 2247 1239 3830 1309">
    <p class='ocr_par' dir='ltr' id='par_1_45' title="bbox 2247 1239 3830 1309">
     <span class='ocr_line' id='line_1_45' title="bbox 2247 1239 3830 1309; baseline 0.004 -18"><span class='ocrx_word' id='word_1_345' title='bbox 2247 1249 2327 1292; x_wconf 80' lang='lat' dir='ltr'><strong>ter</strong></span> <span class='ocrx_word' id='word_1_346' title='bbox 2363 1239 2742 1306; x_wconf 72' lang='lat' dir='ltr'><strong>ingrediantur,</strong></span> <span class='ocrx_word' id='word_1_347' title='bbox 2777 1248 2832 1294; x_wconf 90' lang='lat' dir='ltr'><strong>et</strong></span> <span class='ocrx_word' id='word_1_348' title='bbox 2873 1240 2940 1293; x_wconf 92' lang='lat' dir='ltr'><strong>ibi</strong></span> <span class='ocrx_word' id='word_1_349' title='bbox 2989 1242 3339 1309; x_wconf 79' lang='lat' dir='ltr'><strong>negotiemur,</strong></span> <span class='ocrx_word' id='word_1_350' title='bbox 3387 1257 3448 1295; x_wconf 87' lang='lat' dir='ltr'><strong>ac</strong></span> <span class='ocrx_word' id='word_1_351' title='bbox 3497 1242 3830 1297; x_wconf 82' lang='lat' dir='ltr'><strong>theatrorum</strong></span> 
     </span>
    </p>
   </div>
   <div class='ocr_carea' id='block_1_46' title="bbox 2245 1332 3830 1388">
    <p class='ocr_par' dir='ltr' id='par_1_46' title="bbox 2245 1332 3830 1388">
     <span class='ocr_line' id='line_1_46' title="bbox 2245 1332 3830 1388; baseline 0.001 -5"><span class='ocrx_word' id='word_1_352' title='bbox 2245 1332 2476 1384; x_wconf 90' lang='lat' dir='ltr'><strong>studium</strong></span> <span class='ocrx_word' id='word_1_353' title='bbox 2511 1332 2600 1384; x_wconf 90' lang='lat' dir='ltr'><strong>illo</strong></span> <span class='ocrx_word' id='word_1_354' title='bbox 2625 1333 2942 1385; x_wconf 79' lang='lat' dir='ltr'><strong>vertamus‘.</strong></span> <span class='ocrx_word' id='word_1_355' title='bbox 2967 1332 3020 1386; x_wconf 91' lang='lat' dir='ltr'><strong>Si</strong></span> <span class='ocrx_word' id='word_1_356' title='bbox 3047 1334 3174 1386; x_wconf 86' lang='lat' dir='ltr'><strong>nihil</strong></span> <span class='ocrx_word' id='word_1_357' title='bbox 3207 1333 3347 1386; x_wconf 88' lang='lat' dir='ltr'><strong>aliud</strong></span> <span class='ocrx_word' id='word_1_358' title='bbox 3375 1334 3704 1388; x_wconf 77' lang='lat' dir='ltr'><strong>afferendum</strong></span> <span class='ocrx_word' id='word_1_359' title='bbox 3731 1337 3830 1388; x_wconf 81' lang='lat' dir='ltr'><strong>Ila-</strong></span> 
     </span>
    </p>
   </div>
   <div class='ocr_carea' id='block_1_47' title="bbox 2247 1421 3836 1483">
    <p class='ocr_par' dir='ltr' id='par_1_47' title="bbox 2247 1421 3836 1483">
     <span class='ocr_line' id='line_1_47' title="bbox 2247 1421 3836 1483; baseline 0.004 -10"><span class='ocrx_word' id='word_1_360' title='bbox 2247 1421 2393 1483; x_wconf 89' lang='lat' dir='ltr'><strong>hcas,</strong></span> <span class='ocrx_word' id='word_1_361' title='bbox 2429 1422 2706 1474; x_wconf 79' lang='lat' dir='ltr'><strong>verborum</strong></span> <span class='ocrx_word' id='word_1_362' title='bbox 2757 1422 3175 1476; x_wconf 89' lang='lat' dir='ltr'><strong>consolationem</strong></span> <span class='ocrx_word' id='word_1_363' title='bbox 3232 1424 3444 1478; x_wconf 87' lang='lat' dir='ltr'><strong>adhibe.</strong></span> <span class='ocrx_word' id='word_1_364' title='bbox 3494 1425 3608 1478; x_wconf 81' lang='lat' dir='ltr'><strong>Non</strong></span> <span class='ocrx_word' id='word_1_365' title='bbox 3669 1426 3836 1479; x_wconf 86' lang='lat' dir='ltr'><strong>modo</strong></span> 
     </span>
    </p>
   </div>
   <div class='ocr_carea' id='block_1_48' title="bbox 2244 1511 3829 1574">
    <p class='ocr_par' dir='ltr' id='par_1_48' title="bbox 2244 1511 3829 1574">
     <span class='ocr_line' id='line_1_48' title="bbox 2244 1511 3829 1574; baseline 0.004 -13"><span class='ocrx_word' id='word_1_366' title='bbox 2244 1511 2383 1564; x_wconf 82' lang='lat' dir='ltr'><strong>enim</strong></span> <span class='ocrx_word' id='word_1_367' title='bbox 2409 1511 2660 1574; x_wconf 88' lang='lat' dir='ltr'><strong>alentem,</strong></span> <span class='ocrx_word' id='word_1_368' title='bbox 2690 1512 2781 1565; x_wconf 89' lang='lat' dir='ltr'><strong>sed</strong></span> <span class='ocrx_word' id='word_1_369' title='bbox 2809 1521 2862 1566; x_wconf 92' lang='lat' dir='ltr'><strong>et</strong></span> <span class='ocrx_word' id='word_1_370' title='bbox 2885 1513 3168 1567; x_wconf 88' lang='lat' dir='ltr'><strong>intrantem</strong></span> <span class='ocrx_word' id='word_1_371' title='bbox 3197 1514 3336 1567; x_wconf 90' lang='lat' dir='ltr'><strong>Dens</strong></span> <span class='ocrx_word' id='word_1_372' title='bbox 3363 1516 3611 1570; x_wconf 77' lang='lat' dir='ltr'><strong>mercede</strong></span> <span class='ocrx_word' id='word_1_373' title='bbox 3638 1517 3829 1570; x_wconf 88' lang='lat' dir='ltr'><strong>donat.</strong></span> 
     </span>
    </p>
   </div>
   <div class='ocr_carea' id='block_1_49' title="bbox 2246 1601 3834 1674">
    <p class='ocr_par' dir='ltr' id='par_1_49' title="bbox 2246 1601 3834 1674">
     <span class='ocr_line' id='line_1_49' title="bbox 2246 1601 3834 1674; baseline 0.003 -19"><span class='ocrx_word' id='word_1_374' title='bbox 2246 1601 2376 1655; x_wconf 80' lang='lat' dir='ltr'><strong>Nam</strong></span> <span class='ocrx_word' id='word_1_375' title='bbox 2405 1602 2445 1655; x_wconf 89' lang='lat' dir='ltr'><strong>si</strong></span> <span class='ocrx_word' id='word_1_376' title='bbox 2474 1603 2761 1670; x_wconf 76' lang='lat' dir='ltr'><strong>ingressus,</strong></span> <span class='ocrx_word' id='word_1_377' title='bbox 2792 1612 3104 1658; x_wconf 86' lang='lat' dir='ltr'><strong>trementem</strong></span> <span class='ocrx_word' id='word_1_378' title='bbox 3137 1613 3563 1674; x_wconf 84' lang='lat' dir='ltr'><strong>metuentcmqne</strong></span> <span class='ocrx_word' id='word_1_379' title='bbox 3591 1608 3834 1660; x_wconf 83' lang='lat' dir='ltr'><strong>animum</strong></span> 
     </span>
    </p>
   </div>
   <div class='ocr_carea' id='block_1_50' title="bbox 2244 1693 3831 1763">
    <p class='ocr_par' dir='ltr' id='par_1_50' title="bbox 2244 1693 3831 1763">
     <span class='ocr_line' id='line_1_50' title="bbox 2244 1693 3831 1763; baseline 0.004 -17"><span class='ocrx_word' id='word_1_380' title='bbox 2244 1693 2663 1756; x_wconf 79' lang='lat' dir='ltr'><strong>contirmaveris,</strong></span> <span class='ocrx_word' id='word_1_381' title='bbox 2684 1693 2966 1757; x_wconf 90' lang='lat' dir='ltr'><strong>hortando,</strong></span> <span class='ocrx_word' id='word_1_382' title='bbox 2982 1694 3238 1762; x_wconf 86' lang='lat' dir='ltr'><strong>jnvaudo,</strong></span> <span class='ocrx_word' id='word_1_383' title='bbox 3255 1709 3408 1762; x_wconf 90' lang='lat' dir='ltr'><strong>opem</strong></span> <span class='ocrx_word' id='word_1_384' title='bbox 3436 1697 3831 1763; x_wconf 73' lang='lat' dir='ltr'><strong>promittendo.</strong></span> 
     </span>
    </p>
   </div>
   <div class='ocr_carea' id='block_1_51' title="bbox 2247 1782 3834 1855">
    <p class='ocr_par' dir='ltr' id='par_1_51' title="bbox 2247 1782 3834 1855">
     <span class='ocr_line' id='line_1_51' title="bbox 2247 1782 3834 1855; baseline 0.005 -21"><span class='ocrx_word' id='word_1_385' title='bbox 2247 1782 2635 1855; x_wconf 78' lang='lat' dir='ltr'><strong>phiIoSOphiam</strong></span> <span class='ocrx_word' id='word_1_386' title='bbox 2663 1783 2925 1842; x_wconf 88' lang='lat' dir='ltr'><strong>docendo.</strong></span> <span class='ocrx_word' id='word_1_387' title='bbox 2959 1800 3062 1837; x_wconf 91' lang='lat' dir='ltr'><strong>non</strong></span> <span class='ocrx_word' id='word_1_388' title='bbox 3106 1801 3318 1852; x_wconf 87' lang='lat' dir='ltr'><strong>parvam</strong></span> <span class='ocrx_word' id='word_1_389' title='bbox 3353 1786 3476 1839; x_wconf 90' lang='lat' dir='ltr'><strong>hinc</strong></span> <span class='ocrx_word' id='word_1_390' title='bbox 3525 1788 3834 1842; x_wconf 86' lang='lat' dir='ltr'><strong>mercedem</strong></span> 
     </span>
    </p>
   </div>
   <div class='ocr_carea' id='block_1_52' title="bbox 2247 1873 3833 1941">
    <p class='ocr_par' dir='ltr' id='par_1_52' title="bbox 2247 1873 3833 1941">
     <span class='ocr_line' id='line_1_52' title="bbox 2247 1873 3833 1941; baseline 0.002 -15"><span class='ocrx_word' id='word_1_391' title='bbox 2247 1874 2492 1940; x_wconf 85' lang='lat' dir='ltr'><strong>recipies.</strong></span> <span class='ocrx_word' id='word_1_392' title='bbox 2513 1873 2674 1926; x_wconf 81' lang='lat' dir='ltr'><strong>Extra</strong></span> <span class='ocrx_word' id='word_1_393' title='bbox 2702 1874 2856 1941; x_wconf 86' lang='lat' dir='ltr'><strong>positi</strong></span> <span class='ocrx_word' id='word_1_394' title='bbox 2890 1874 3059 1938; x_wconf 89' lang='lat' dir='ltr'><strong>nmlti,</strong></span> <span class='ocrx_word' id='word_1_395' title='bbox 3084 1883 3133 1926; x_wconf 91' lang='lat' dir='ltr'><strong>te</strong></span> <span class='ocrx_word' id='word_1_396' title='bbox 3161 1875 3230 1927; x_wconf 88' lang='lat' dir='ltr'><strong>ita</strong></span> <span class='ocrx_word' id='word_1_397' title='bbox 3255 1875 3524 1941; x_wconf 65' lang='lat' dir='ltr'><strong>loijuente,</strong></span> <span class='ocrx_word' id='word_1_398' title='bbox 3551 1877 3833 1938; x_wconf 68' lang='lat' dir='ltr'><strong>ridi-bunt,</strong></span> 
     </span>
    </p>
   </div>
   <div class='ocr_carea' id='block_1_53' title="bbox 2247 1965 3836 2035">
    <p class='ocr_par' dir='ltr' id='par_1_53' title="bbox 2247 1965 3836 2035">
     <span class='ocr_line' id='line_1_53' title="bbox 2247 1965 3836 2035; baseline 0.003 -17"><span class='ocrx_word' id='word_1_399' title='bbox 2247 1966 2425 2019; x_wconf 88' lang='lat' dir='ltr'><strong>multis</strong></span> <span class='ocrx_word' id='word_1_400' title='bbox 2455 1965 2650 2033; x_wconf 78' lang='lat' dir='ltr'><strong>perfusi</strong></span> <span class='ocrx_word' id='word_1_401' title='bbox 2688 1966 2927 2029; x_wconf 87' lang='lat' dir='ltr'><strong>deliciis;</strong></span> <span class='ocrx_word' id='word_1_402' title='bbox 2958 1965 3050 2020; x_wconf 89' lang='lat' dir='ltr'><strong>sed</strong></span> <span class='ocrx_word' id='word_1_403' title='bbox 3080 1967 3167 2035; x_wconf 92' lang='lat' dir='ltr'><strong>qui</strong></span> <span class='ocrx_word' id='word_1_404' title='bbox 3204 1968 3251 2020; x_wconf 92' lang='lat' dir='ltr'><strong>in</strong></span> <span class='ocrx_word' id='word_1_405' title='bbox 3281 1967 3581 2022; x_wconf 88' lang='lat' dir='ltr'><strong>calamitate</strong></span> <span class='ocrx_word' id='word_1_406' title='bbox 3610 1985 3836 2023; x_wconf 83' lang='lat' dir='ltr'><strong>versan-</strong></span> 
     </span>
    </p>
   </div>
   <div class='ocr_carea' id='block_1_54' title="bbox 2252 2059 3838 2125">
    <p class='ocr_par' dir='ltr' id='par_1_54' title="bbox 2252 2059 3838 2125">
     <span class='ocr_line' id='line_1_54' title="bbox 2252 2059 3838 2125; baseline 0.003 -17"><span class='ocrx_word' id='word_1_407' title='bbox 2252 2069 2356 2120; x_wconf 88' lang='lat' dir='ltr'><strong>tur,</strong></span> <span class='ocrx_word' id='word_1_408' title='bbox 2396 2059 2576 2110; x_wconf 88' lang='lat' dir='ltr'><strong>animo</strong></span> <span class='ocrx_word' id='word_1_409' title='bbox 2622 2067 2941 2125; x_wconf 89' lang='lat' dir='ltr'><strong>compuncto</strong></span> <span class='ocrx_word' id='word_1_410' title='bbox 2983 2073 3102 2112; x_wconf 89' lang='lat' dir='ltr'><strong>cum</strong></span> <span class='ocrx_word' id='word_1_411' title='bbox 3156 2059 3411 2111; x_wconf 81' lang='lat' dir='ltr'><strong>modestia</strong></span> <span class='ocrx_word' id='word_1_412' title='bbox 3459 2061 3626 2114; x_wconf 88' lang='lat' dir='ltr'><strong>nmlta</strong></span> <span class='ocrx_word' id='word_1_413' title='bbox 3675 2063 3838 2115; x_wconf 73' lang='lat' dir='ltr'><strong>dictis</strong></span> 
     </span>
    </p>
   </div>
   <div class='ocr_carea' id='block_1_55' title="bbox 2247 2147 3836 2212">
    <p class='ocr_par' dir='ltr' id='par_1_55' title="bbox 2247 2147 3836 2212">
     <span class='ocr_line' id='line_1_55' title="bbox 2247 2147 3836 2212; baseline 0.001 -12"><span class='ocrx_word' id='word_1_414' title='bbox 2247 2148 2552 2210; x_wconf 87' lang='lat' dir='ltr'><strong>attendeltt,</strong></span> <span class='ocrx_word' id='word_1_415' title='bbox 2595 2157 2645 2202; x_wconf 89' lang='lat' dir='ltr'><strong>te</strong></span> <span class='ocrx_word' id='word_1_416' title='bbox 2685 2147 2995 2212; x_wconf 81' lang='lat' dir='ltr'><strong>laudabunt,</strong></span> <span class='ocrx_word' id='word_1_417' title='bbox 3025 2159 3077 2202; x_wconf 91' lang='lat' dir='ltr'><strong>et</strong></span> <span class='ocrx_word' id='word_1_418' title='bbox 3107 2150 3355 2203; x_wconf 83' lang='lat' dir='ltr'><strong>meliores</strong></span> <span class='ocrx_word' id='word_1_419' title='bbox 3399 2150 3650 2204; x_wconf 77' lang='lat' dir='ltr'><strong>evadent.</strong></span> <span class='ocrx_word' id='word_1_420' title='bbox 3702 2151 3836 2204; x_wconf 82' lang='lat' dir='ltr'><strong>Nam</strong></span> 
     </span>
    </p>
   </div>
   <div class='ocr_carea' id='block_1_56' title="bbox 2246 2238 3836 2308">
    <p class='ocr_par' dir='ltr' id='par_1_56' title="bbox 2246 2238 3836 2308">
     <span class='ocr_line' id='line_1_56' title="bbox 2246 2238 3836 2308; baseline 0.001 -16"><span class='ocrx_word' id='word_1_421' title='bbox 2246 2249 2296 2292; x_wconf 87' lang='lat' dir='ltr'><strong>el</strong></span> <span class='ocrx_word' id='word_1_422' title='bbox 2318 2239 2536 2292; x_wconf 79' lang='lat' dir='ltr'><strong>Paulum</strong></span> <span class='ocrx_word' id='word_1_423' title='bbox 2565 2240 2943 2307; x_wconf 67' lang='lat' dir='ltr'><strong>praedicantem</strong></span> <span class='ocrx_word' id='word_1_424' title='bbox 2963 2238 3129 2293; x_wconf 61' lang='lat' dir='ltr'><strong>Judaei</strong></span> <span class='ocrx_word' id='word_1_425' title='bbox 3157 2255 3298 2308; x_wconf 72' lang='lat' dir='ltr'><strong>s:i-pe</strong></span> <span class='ocrx_word' id='word_1_426' title='bbox 3321 2241 3648 2305; x_wconf 77' lang='lat' dir='ltr'><strong>deriserunt,</strong></span> <span class='ocrx_word' id='word_1_427' title='bbox 3671 2245 3836 2295; x_wconf 83' lang='lat' dir='ltr'><strong>vincti</strong></span> 
     </span>
    </p>
   </div>
   <div class='ocr_carea' id='block_1_57' title="bbox 2245 2330 3861 2385">
    <p class='ocr_par' dir='ltr' id='par_1_57' title="bbox 2245 2330 3861 2385">
     <span class='ocr_line' id='line_1_57' title="bbox 2245 2330 3861 2385; baseline 0.004 -6"><span class='ocrx_word' id='word_1_428' title='bbox 2245 2337 2421 2380; x_wconf 75' lang='lat' dir='ltr'><strong>autem</strong></span> <span class='ocrx_word' id='word_1_429' title='bbox 2448 2343 2567 2382; x_wconf 92' lang='lat' dir='ltr'><strong>cum</strong></span> <span class='ocrx_word' id='word_1_430' title='bbox 2595 2343 2808 2382; x_wconf 89' lang='lat' dir='ltr'><strong>summo</strong></span> <span class='ocrx_word' id='word_1_431' title='bbox 2837 2330 3050 2384; x_wconf 90' lang='lat' dir='ltr'><strong>silentio</strong></span> <span class='ocrx_word' id='word_1_432' title='bbox 3081 2330 3386 2384; x_wconf 86' lang='lat' dir='ltr'><strong>audiebant.</strong></span> <span class='ocrx_word' id='word_1_433' title='bbox 3419 2331 3560 2384; x_wconf 86' lang='lat' dir='ltr'><strong>Nihil</strong></span> <span class='ocrx_word' id='word_1_434' title='bbox 3585 2334 3730 2385; x_wconf 89' lang='lat' dir='ltr'><strong>enim</strong></span> <span class='ocrx_word' id='word_1_435' title='bbox 3766 2335 3861 2385; x_wconf 83' lang='lat' dir='ltr'><strong>ita&#39;</strong></span> 
     </span>
    </p>
   </div>
   <div class='ocr_carea' id='block_1_58' title="bbox 2249 2418 3840 2488">
    <p class='ocr_par' dir='ltr' id='par_1_58' title="bbox 2249 2418 3840 2488">
     <span class='ocr_line' id='line_1_58' title="bbox 2249 2418 3840 2488; baseline 0.004 -19"><span class='ocrx_word' id='word_1_436' title='bbox 2249 2419 2480 2470; x_wconf 87' lang='lat' dir='ltr'><strong>aninnnn</strong></span> <span class='ocrx_word' id='word_1_437' title='bbox 2534 2419 2599 2472; x_wconf 85' lang='lat' dir='ltr'><strong>ad</strong></span> <span class='ocrx_word' id='word_1_438' title='bbox 2654 2418 3044 2487; x_wconf 86' lang='lat' dir='ltr'><strong>philosophiam</strong></span> <span class='ocrx_word' id='word_1_439' title='bbox 3099 2431 3390 2488; x_wconf 67' lang='lat' dir='ltr'><strong>pt&#39;wpnrnl,</strong></span> <span class='ocrx_word' id='word_1_440' title='bbox 3425 2431 3483 2475; x_wconf 90' lang='lat' dir='ltr'><strong>ut</strong></span> <span class='ocrx_word' id='word_1_441' title='bbox 3530 2423 3840 2484; x_wconf 84' lang='lat' dir='ltr'><strong>calamitas,</strong></span> 
     </span>
    </p>
   </div>
   <div class='ocr_carea' id='block_1_59' title="bbox 2252 2509 3843 2583">
    <p class='ocr_par' dir='ltr' id='par_1_59' title="bbox 2252 2509 3843 2583">
     <span class='ocr_line' id='line_1_59' title="bbox 2252 2509 3843 2583; baseline 0.005 -23"><span class='ocrx_word' id='word_1_442' title='bbox 2252 2509 2492 2572; x_wconf 85' lang='lat' dir='ltr'><strong>tentatio,</strong></span> <span class='ocrx_word' id='word_1_443' title='bbox 2510 2525 2779 2563; x_wconf 67' lang='lat' dir='ltr'><strong>a&#39;rumnte.</strong></span> <span class='ocrx_word' id='word_1_444' title='bbox 2799 2509 2922 2564; x_wconf 74' lang='lat' dir='ltr'><strong>&quot;me</strong></span> <span class='ocrx_word' id='word_1_445' title='bbox 2951 2510 3124 2578; x_wconf 85' lang='lat' dir='ltr'><strong>itaque</strong></span> <span class='ocrx_word' id='word_1_446' title='bbox 3147 2513 3462 2577; x_wconf 79' lang='lat' dir='ltr'><strong>cogitantes,</strong></span> <span class='ocrx_word' id='word_1_447' title='bbox 3480 2523 3612 2580; x_wconf 88' lang='lat' dir='ltr'><strong>quot</strong></span> <span class='ocrx_word' id='word_1_448' title='bbox 3643 2530 3843 2583; x_wconf 83' lang='lat' dir='ltr'><strong>neuipo</strong></span> 
     </span>
    </p>
   </div>
   <div class='ocr_carea' id='block_1_60' title="bbox 2255 2600 3840 2670">
    <p class='ocr_par' dir='ltr' id='par_1_60' title="bbox 2255 2600 3840 2670">
     <span class='ocr_line' id='line_1_60' title="bbox 2255 2600 3840 2670; baseline 0.003 -19"><span class='ocrx_word' id='word_1_449' title='bbox 2255 2600 2305 2651; x_wconf 90' lang='lat' dir='ltr'><strong>in</strong></span> <span class='ocrx_word' id='word_1_450' title='bbox 2339 2615 2554 2654; x_wconf 84' lang='lat' dir='ltr'><strong>carcere</strong></span> <span class='ocrx_word' id='word_1_451' title='bbox 2587 2601 2773 2668; x_wconf 88' lang='lat' dir='ltr'><strong>positis</strong></span> <span class='ocrx_word' id='word_1_452' title='bbox 2799 2602 2959 2666; x_wconf 89' lang='lat' dir='ltr'><strong>bona,</strong></span> <span class='ocrx_word' id='word_1_453' title='bbox 2982 2611 3110 2669; x_wconf 90' lang='lat' dir='ltr'><strong>quot</strong></span> <span class='ocrx_word' id='word_1_454' title='bbox 3135 2602 3288 2656; x_wconf 88' lang='lat' dir='ltr'><strong>nobis</strong></span> <span class='ocrx_word' id='word_1_455' title='bbox 3318 2603 3446 2670; x_wconf 85' lang='lat' dir='ltr'><strong>ipsis</strong></span> <span class='ocrx_word' id='word_1_456' title='bbox 3467 2603 3840 2666; x_wconf 82' lang='lat' dir='ltr'><strong>conferemus,</strong></span> 
     </span>
    </p>
   </div>
   <div class='ocr_carea' id='block_1_61' title="bbox 2249 2689 3841 2764">
    <p class='ocr_par' dir='ltr' id='par_1_61' title="bbox 2249 2689 3841 2764">
     <span class='ocr_line' id='line_1_61' title="bbox 2249 2689 3841 2764; baseline 0.006 -25"><span class='ocrx_word' id='word_1_457' title='bbox 2249 2690 2291 2741; x_wconf 91' lang='lat' dir='ltr'><strong>si</strong></span> <span class='ocrx_word' id='word_1_458' title='bbox 2332 2703 2471 2756; x_wconf 72' lang='grc' dir='ltr'><strong>εωρο</strong></span> <span class='ocrx_word' id='word_1_459' title='bbox 2501 2703 2620 2742; x_wconf 90' lang='lat' dir='ltr'><strong>cum</strong></span> <span class='ocrx_word' id='word_1_460' title='bbox 2647 2689 2748 2743; x_wconf 87' lang='lat' dir='ltr'><strong>illis</strong></span> <span class='ocrx_word' id='word_1_461' title='bbox 2775 2704 3067 2754; x_wconf 83' lang='lat' dir='ltr'><strong>versemur,</strong></span> <span class='ocrx_word' id='word_1_462' title='bbox 3093 2691 3330 2746; x_wconf 81' lang='lat' dir='ltr'><strong>forenses</strong></span> <span class='ocrx_word' id='word_1_463' title='bbox 3356 2693 3471 2746; x_wconf 88' lang='lat' dir='ltr'><strong>illas</strong></span> <span class='ocrx_word' id='word_1_464' title='bbox 3492 2703 3547 2746; x_wconf 86' lang='lat' dir='ltr'><strong>et</strong></span> <span class='ocrx_word' id='word_1_465' title='bbox 3570 2694 3841 2764; x_wconf 84' lang='lat' dir='ltr'><strong>intempe-</strong></span> 
     </span>
    </p>
   </div>
   <div class='ocr_carea' id='block_1_62' title="bbox 2249 2779 3842 2847">
    <p class='ocr_par' dir='ltr' id='par_1_62' title="bbox 2249 2779 3842 2847">
     <span class='ocr_line' id='line_1_62' title="bbox 2249 2779 3842 2847; baseline 0.006 -18"><span class='ocrx_word' id='word_1_466' title='bbox 2249 2780 2410 2830; x_wconf 82' lang='lat' dir='ltr'><strong>stivas</strong></span> <span class='ocrx_word' id='word_1_467' title='bbox 2446 2779 2858 2834; x_wconf 88' lang='lat' dir='ltr'><strong>consuetudines</strong></span> <span class='ocrx_word' id='word_1_468' title='bbox 2885 2795 2950 2834; x_wconf 91' lang='lat' dir='ltr'><strong>eo</strong></span> <span class='ocrx_word' id='word_1_469' title='bbox 2981 2791 3268 2847; x_wconf 80' lang='lat' dir='ltr'><strong>vertamus,</strong></span> <span class='ocrx_word' id='word_1_470' title='bbox 3305 2793 3438 2836; x_wconf 90' lang='lat' dir='ltr'><strong>utet</strong></span> <span class='ocrx_word' id='word_1_471' title='bbox 3483 2785 3608 2838; x_wconf 89' lang='lat' dir='ltr'><strong>illos</strong></span> <span class='ocrx_word' id='word_1_472' title='bbox 3660 2787 3842 2838; x_wconf 72' lang='lat' dir='ltr'><strong>lucri-.-</strong></span> 
     </span>
    </p>
   </div>
   <div class='ocr_carea' id='block_1_63' title="bbox 2249 2871 3843 2948">
    <p class='ocr_par' dir='ltr' id='par_1_63' title="bbox 2249 2871 3843 2948">
     <span class='ocr_line' id='line_1_63' title="bbox 2249 2871 3843 2948; baseline 0.006 -26"><span class='ocrx_word' id='word_1_473' title='bbox 2249 2885 2386 2930; x_wconf 88' lang='lat' dir='ltr'><strong>mur,</strong></span> <span class='ocrx_word' id='word_1_474' title='bbox 2413 2880 2464 2924; x_wconf 88' lang='lat' dir='ltr'><strong>et</strong></span> <span class='ocrx_word' id='word_1_475' title='bbox 2500 2871 2652 2926; x_wconf 88' lang='lat' dir='ltr'><strong>nobis</strong></span> <span class='ocrx_word' id='word_1_476' title='bbox 2679 2873 2807 2940; x_wconf 81' lang='lat' dir='ltr'><strong>ipsis</strong></span> <span class='ocrx_word' id='word_1_477' title='bbox 2835 2872 3070 2927; x_wconf 70' lang='lat' dir='ltr'><strong>laetitiam</strong></span> <span class='ocrx_word' id='word_1_478' title='bbox 3101 2876 3388 2943; x_wconf 85' lang='lat' dir='ltr'><strong>pariamus.</strong></span> <span class='ocrx_word' id='word_1_479' title='bbox 3411 2891 3473 2931; x_wconf 87' lang='lat' dir='ltr'><strong>ac</strong></span> <span class='ocrx_word' id='word_1_480' title='bbox 3496 2878 3586 2930; x_wconf 74' lang='lat' dir='ltr'><strong>Dei</strong></span> <span class='ocrx_word' id='word_1_481' title='bbox 3612 2879 3843 2948; x_wconf 80' lang='lat' dir='ltr'><strong>gloriam</strong></span> 
     </span>
    </p>
   </div>
   <div class='ocr_carea' id='block_1_64' title="bbox 2247 2967 3843 3036">
    <p class='ocr_par' dir='ltr' id='par_1_64' title="bbox 2247 2967 3843 3036">
     <span class='ocr_line' id='line_1_64' title="bbox 2247 2967 3843 3036; baseline 0.005 -22"><span class='ocrx_word' id='word_1_482' title='bbox 2247 2973 2518 3022; x_wconf 80' lang='lat' dir='ltr'><strong>Curantes.</strong></span> <span class='ocrx_word' id='word_1_483' title='bbox 2551 2972 2746 3017; x_wconf 79' lang='lat' dir='ltr'><strong>:eterna</strong></span> <span class='ocrx_word' id='word_1_484' title='bbox 2775 2978 3166 3032; x_wconf 85' lang='lat' dir='ltr'><strong>consequamur</strong></span> <span class='ocrx_word' id='word_1_485' title='bbox 3206 2967 3364 3030; x_wconf 90' lang='lat' dir='ltr'><strong>bona,</strong></span> <span class='ocrx_word' id='word_1_486' title='bbox 3392 2969 3560 3036; x_wconf 79' lang='lat' dir='ltr'><strong>gratia</strong></span> <span class='ocrx_word' id='word_1_487' title='bbox 3593 2978 3654 3022; x_wconf 86' lang='lat' dir='ltr'><strong>et</strong></span> <span class='ocrx_word' id='word_1_488' title='bbox 3685 2971 3843 3024; x_wconf 87' lang='lat' dir='ltr'><strong>beni-</strong></span> 
     </span>
    </p>
   </div>
   <div class='ocr_carea' id='block_1_65' title="bbox 2251 3052 3846 3126">
    <p class='ocr_par' dir='ltr' id='par_1_65' title="bbox 2251 3052 3846 3126">
     <span class='ocr_line' id='line_1_65' title="bbox 2251 3052 3846 3126; baseline 0.006 -24"><span class='ocrx_word' id='word_1_489' title='bbox 2251 3053 2450 3120; x_wconf 82' lang='lat' dir='ltr'><strong>gnitate</strong></span> <span class='ocrx_word' id='word_1_490' title='bbox 2480 3052 2683 3106; x_wconf 80' lang='lat' dir='ltr'><strong>Domini</strong></span> <span class='ocrx_word' id='word_1_491' title='bbox 2718 3054 2880 3107; x_wconf 91' lang='lat' dir='ltr'><strong>nostri</strong></span> <span class='ocrx_word' id='word_1_492' title='bbox 2911 3054 3038 3108; x_wconf 82' lang='lat' dir='ltr'><strong>Jesu</strong></span> <span class='ocrx_word' id='word_1_493' title='bbox 3070 3054 3286 3116; x_wconf 85' lang='lat' dir='ltr'><strong>Christi.</strong></span> <span class='ocrx_word' id='word_1_494' title='bbox 3320 3073 3413 3123; x_wconf 87' lang='lat' dir='ltr'><strong>per</strong></span> <span class='ocrx_word' id='word_1_495' title='bbox 3440 3074 3598 3126; x_wconf 85' lang='lat' dir='ltr'><strong>quem</strong></span> <span class='ocrx_word' id='word_1_496' title='bbox 3634 3069 3687 3112; x_wconf 89' lang='lat' dir='ltr'><strong>et</strong></span> <span class='ocrx_word' id='word_1_497' title='bbox 3718 3075 3846 3112; x_wconf 84' lang='lat' dir='ltr'><strong>eum</strong></span> 
     </span>
    </p>
   </div>
   <div class='ocr_carea' id='block_1_66' title="bbox 2251 3143 3846 3214">
    <p class='ocr_par' dir='ltr' id='par_1_66' title="bbox 2251 3143 3846 3214">
     <span class='ocr_line' id='line_1_66' title="bbox 2251 3143 3846 3214; baseline 0.006 -21"><span class='ocrx_word' id='word_1_498' title='bbox 2251 3157 2356 3209; x_wconf 86' lang='lat' dir='ltr'><strong>quo</strong></span> <span class='ocrx_word' id='word_1_499' title='bbox 2392 3143 2532 3196; x_wconf 84' lang='lat' dir='ltr'><strong>Patri</strong></span> <span class='ocrx_word' id='word_1_500' title='bbox 2563 3143 2728 3212; x_wconf 82' lang='lat' dir='ltr'><strong>gloria</strong></span> <span class='ocrx_word' id='word_1_501' title='bbox 2757 3145 3019 3214; x_wconf 86' lang='lat' dir='ltr'><strong>simulque</strong></span> <span class='ocrx_word' id='word_1_502' title='bbox 3060 3145 3275 3213; x_wconf 85' lang='lat' dir='ltr'><strong>Spiritui</strong></span> <span class='ocrx_word' id='word_1_503' title='bbox 3321 3160 3526 3210; x_wconf 81' lang='lat' dir='ltr'><strong>Sancto,</strong></span> <span class='ocrx_word' id='word_1_504' title='bbox 3561 3149 3611 3202; x_wconf 93' lang='lat' dir='ltr'><strong>in</strong></span> <span class='ocrx_word' id='word_1_505' title='bbox 3642 3153 3846 3203; x_wconf 75' lang='lat' dir='ltr'><strong>s:ccnla</strong></span> 
     </span>
    </p>
   </div>
   <div class='ocr_carea' id='block_1_67' title="bbox 2257 3233 2818 3285">
    <p class='ocr_par' dir='ltr' id='par_1_67' title="bbox 2257 3233 2818 3285">
     <span class='ocr_line' id='line_1_67' title="bbox 2257 3233 2818 3285; baseline 0 -1"><span class='ocrx_word' id='word_1_506' title='bbox 2257 3233 2594 3285; x_wconf 68' lang='lat' dir='ltr'><strong>sazcnlorum.</strong></span> <span class='ocrx_word' id='word_1_507' title='bbox 2627 3235 2818 3285; x_wconf 76' lang='lat' dir='ltr'><strong>Amen.</strong></span> 
     </span>
    </p>
   </div>
   <div class='ocr_carea' id='block_1_68' title="bbox 2316 3409 3412 3474">
    <p class='ocr_par' dir='ltr' id='par_1_68' title="bbox 2316 3409 3412 3474">
     <span class='ocr_line' id='line_1_68' title="bbox 2316 3409 3412 3474; baseline 0.004 -18"><span class='ocrx_word' id='word_1_508' title='bbox 2316 3412 2327 3438; x_wconf 85' lang='lat'><strong><em>‘</em></strong></span> <span class='ocrx_word' id='word_1_509' title='bbox 2370 3409 2508 3456; x_wconf 71' lang='lat' dir='ltr'><strong>\zori-l</strong></span> <span class='ocrx_word' id='word_1_510' title='bbox 2536 3409 2676 3471; x_wconf 75' lang='lat' dir='ltr'><strong>legit,</strong></span> <span class='ocrx_word' id='word_1_511' title='bbox 2702 3411 2998 3472; x_wconf 67' lang='lat' dir='ltr'><strong>sepelianvus.</strong></span> <span class='ocrx_word' id='word_1_512' title='bbox 3026 3428 3128 3474; x_wconf 83' lang='lat' dir='ltr'><strong>pro,</strong></span> <span class='ocrx_word' id='word_1_513' title='bbox 3157 3423 3412 3462; x_wconf 74' lang='lat' dir='ltr'><strong>certamus.</strong></span> 
     </span>
    </p>
   </div>
   <div class='ocr_carea' id='block_1_69' title="bbox 1913 3610 2450 3670">
    <p class='ocr_par' dir='ltr' id='par_1_69' title="bbox 1913 3610 2450 3670">
     <span class='ocr_line' id='line_1_69' title="bbox 1913 3610 2450 3670; baseline -0.011 0"><span class='ocrx_word' id='word_1_514' title='bbox 1913 3611 2242 3670; x_wconf 75' lang='lat' dir='ltr'><strong>HOMILIA</strong></span> <span class='ocrx_word' id='word_1_515' title='bbox 2292 3610 2450 3668; x_wconf 76' lang='lat' dir='ltr'><strong>LXI.</strong></span> 
     </span>
    </p>
   </div>
   <div class='ocr_carea' id='block_1_70' title="bbox 565 3753 2140 3822">
    <p class='ocr_par' dir='ltr' id='par_1_70' title="bbox 565 3753 2140 3822">
     <span class='ocr_line' id='line_1_70' title="bbox 565 3753 2140 3822; baseline -0.001 -15"><span class='ocrx_word' id='word_1_516' title='bbox 565 3759 691 3811; x_wconf 63' lang='lat' dir='ltr'><strong>tlte.</strong></span> <span class='ocrx_word' id='word_1_517' title='bbox 727 3756 813 3810; x_wconf 82' lang='grc'><strong>10.</strong></span> <span class='ocrx_word' id='word_1_518' title='bbox 840 3773 889 3810; x_wconf 86' lang='grc' dir='ltr'><strong>ν.</strong></span> <span class='ocrx_word' id='word_1_519' title='bbox 917 3756 1008 3808; x_wconf 68' lang='lat'><strong>9.2.</strong></span> <span class='ocrx_word' id='word_1_520' title='bbox 1047 3754 1204 3807; x_wconf 78' lang='lat' dir='ltr'><strong>Facta</strong></span> <span class='ocrx_word' id='word_1_521' title='bbox 1238 3766 1348 3808; x_wconf 86' lang='lat' dir='ltr'><strong>sunt</strong></span> <span class='ocrx_word' id='word_1_522' title='bbox 1376 3764 1538 3808; x_wconf 87' lang='lat' dir='ltr'><strong>autem</strong></span> <span class='ocrx_word' id='word_1_523' title='bbox 1561 3756 1782 3808; x_wconf 73' lang='lat' dir='ltr'><strong>encmtia</strong></span> <span class='ocrx_word' id='word_1_524' title='bbox 1811 3755 1864 3807; x_wconf 87' lang='lat' dir='ltr'><strong>in</strong></span> <span class='ocrx_word' id='word_1_525' title='bbox 1888 3753 2140 3822; x_wconf 84' lang='lat' dir='ltr'><strong>Jerasoly-</strong></span> 
     </span>
    </p>
   </div>
   <div class='ocr_carea' id='block_1_71' title="bbox 635 3844 2137 3912">
    <p class='ocr_par' dir='ltr' id='par_1_71' title="bbox 635 3844 2137 3912">
     <span class='ocr_line' id='line_1_71' title="bbox 635 3844 2137 3912; baseline -0.003 -13"><span class='ocrx_word' id='word_1_526' title='bbox 635 3851 729 3902; x_wconf 86' lang='lat' dir='ltr'><strong>mis</strong></span> <span class='ocrx_word' id='word_1_527' title='bbox 746 3890 759 3912; x_wconf 96' lang='lat'><strong>,</strong></span> <span class='ocrx_word' id='word_1_528' title='bbox 789 3860 835 3902; x_wconf 91' lang='lat' dir='ltr'><strong>et</strong></span> <span class='ocrx_word' id='word_1_529' title='bbox 858 3849 1013 3902; x_wconf 82' lang='lat' dir='ltr'><strong>hiems</strong></span> <span class='ocrx_word' id='word_1_530' title='bbox 1035 3859 1157 3900; x_wconf 87' lang='lat' dir='ltr'><strong>erat.</strong></span> <span class='ocrx_word' id='word_1_531' title='bbox 1183 3847 1269 3900; x_wconf 73' lang='lat'><strong>23.</strong></span> <span class='ocrx_word' id='word_1_532' title='bbox 1303 3844 1363 3898; x_wconf 80' lang='lat' dir='ltr'><strong>Et</strong></span> <span class='ocrx_word' id='word_1_533' title='bbox 1385 3846 1670 3898; x_wconf 85' lang='lat' dir='ltr'><strong>ambulabat</strong></span> <span class='ocrx_word' id='word_1_534' title='bbox 1690 3845 1836 3900; x_wconf 82' lang='lat' dir='ltr'><strong>Jesus</strong></span> <span class='ocrx_word' id='word_1_535' title='bbox 1858 3846 1908 3897; x_wconf 88' lang='lat' dir='ltr'><strong>in</strong></span> <span class='ocrx_word' id='word_1_536' title='bbox 1932 3845 2137 3912; x_wconf 85' lang='lat' dir='ltr'><strong>templo,</strong></span> 
     </span>
    </p>
   </div>
   <div class='ocr_carea' id='block_1_72' title="bbox 640 3934 2142 4006">
    <p class='ocr_par' dir='ltr' id='par_1_72' title="bbox 640 3934 2142 4006">
     <span class='ocr_line' id='line_1_72' title="bbox 640 3934 2142 4006; baseline -0.005 -15"><span class='ocrx_word' id='word_1_537' title='bbox 640 3942 691 3992; x_wconf 85' lang='lat' dir='ltr'><strong>in</strong></span> <span class='ocrx_word' id='word_1_538' title='bbox 722 3939 914 4006; x_wconf 85' lang='lat' dir='ltr'><strong>porticu</strong></span> <span class='ocrx_word' id='word_1_539' title='bbox 945 3937 1254 3992; x_wconf 80' lang='lat' dir='ltr'><strong>Salomonis.</strong></span> <span class='ocrx_word' id='word_1_540' title='bbox 1291 3935 1380 3988; x_wconf 66' lang='lat'><strong>9.4.</strong></span> <span class='ocrx_word' id='word_1_541' title='bbox 1412 3934 1855 3989; x_wconf 86' lang='lat' dir='ltr'><strong>Circumdederunt</strong></span> <span class='ocrx_word' id='word_1_542' title='bbox 1885 3951 2000 4003; x_wconf 84' lang='lat' dir='ltr'><strong>ergo</strong></span> <span class='ocrx_word' id='word_1_543' title='bbox 2034 3949 2142 3985; x_wconf 79' lang='lat' dir='ltr'><strong>eum</strong></span> 
     </span>
    </p>
   </div>
   <div class='ocr_carea' id='block_1_73' title="bbox 641 4026 2150 4171">
    <p class='ocr_par' dir='ltr' id='par_1_73' title="bbox 641 4026 2150 4171">
     <span class='ocr_line' id='line_1_73' title="bbox 641 4026 2150 4171; baseline -0.007 -87"><span class='ocrx_word' id='word_1_544' title='bbox 641 4031 842 4094; x_wconf 77' lang='lat' dir='ltr'><strong>Juda&#39;i,</strong></span> <span class='ocrx_word' id='word_1_545' title='bbox 892 4039 935 4082; x_wconf 88' lang='lat' dir='ltr'><strong>et</strong></span> <span class='ocrx_word' id='word_1_546' title='bbox 981 4029 1209 4082; x_wconf 86' lang='lat' dir='ltr'><strong>dicebant</strong></span> <span class='ocrx_word' id='word_1_547' title='bbox 1242 4028 1328 4080; x_wconf 83' lang='lat' dir='ltr'><strong>ei:</strong></span> <span class='ocrx_word' id='word_1_548' title='bbox 1365 4026 1633 4094; x_wconf 82' lang='lat' dir='ltr'><strong>Quousque</strong></span> <span class='ocrx_word' id='word_1_549' title='bbox 1662 4026 1883 4078; x_wconf 86' lang='lat' dir='ltr'><strong>animant</strong></span> <span class='ocrx_word' id='word_1_550' title='bbox 1920 4033 2150 4171; x_wconf 61' lang='lat' dir='ltr'><strong>&quot;08le&quot;;</strong></span> 
     </span>
     <span class='ocr_line' id='line_1_74' title="bbox 641 4122 814 4171; baseline 0 0"><span class='ocrx_word' id='word_1_551' title='bbox 641 4122 814 4171; x_wconf 86' lang='lat' dir='ltr'><strong>tollis?</strong></span> 
     </span>
    </p>
   </div>
   <div class='ocr_carea' id='block_1_74' title="bbox 641 4122 814 4175">
    <p class='ocr_par' dir='ltr' id='par_1_74' title="bbox 641 4122 814 4175">
     <span class='ocr_line' id='line_1_75' title="bbox 641 4122 814 4175; baseline -0.006 -2"><span class='ocrx_word' id='word_1_552' title='bbox 641 4122 814 4175; x_wconf 84' lang='lat' dir='ltr'><strong>tollis?</strong></span> 
     </span>
    </p>
   </div>
   <div class='ocr_carea' id='block_1_75' title="bbox 637 4287 2138 4357">
    <p class='ocr_par' dir='ltr' id='par_1_75' title="bbox 637 4287 2138 4357">
     <span class='ocr_line' id='line_1_76' title="bbox 637 4287 2138 4357; baseline -0.005 -9"><span class='ocrx_word' id='word_1_553' title='bbox 637 4298 685 4349; x_wconf 81' lang='grc'><strong>1.</strong></span> <span class='ocrx_word' id='word_1_554' title='bbox 721 4295 947 4348; x_wconf 81' lang='lat' dir='ltr'><strong>Christus</strong></span> <span class='ocrx_word' id='word_1_555' title='bbox 970 4291 1404 4345; x_wconf 81' lang='lat' dir='ltr'><strong>mansuetudinem</strong></span> <span class='ocrx_word' id='word_1_556' title='bbox 1421 4293 1564 4341; x_wconf 77' lang='lat' dir='ltr'><strong>verbo</strong></span> <span class='ocrx_word' id='word_1_557' title='bbox 1582 4297 1626 4340; x_wconf 88' lang='lat' dir='ltr'><strong>et</strong></span> <span class='ocrx_word' id='word_1_558' title='bbox 1650 4288 1874 4357; x_wconf 73' lang='lat' dir='ltr'><strong>exemplo</strong></span> <span class='ocrx_word' id='word_1_559' title='bbox 1899 4287 2138 4355; x_wconf 78' lang='lat' dir='ltr'><strong>prtcdica-</strong></span> 
     </span>
    </p>
   </div>
   <div class='ocr_carea' id='block_1_76' title="bbox 567 4375 2139 4443">
    <p class='ocr_par' dir='ltr' id='par_1_76' title="bbox 567 4375 2139 4443">
     <span class='ocr_line' id='line_1_77' title="bbox 567 4375 2139 4443; baseline -0.005 -6"><span class='ocrx_word' id='word_1_560' title='bbox 567 4398 648 4438; x_wconf 79' lang='lat' dir='ltr'><strong>nt.</strong></span> <span class='ocrx_word' id='word_1_561' title='bbox 687 4383 855 4436; x_wconf 78' lang='lat' dir='ltr'><strong>Malus</strong></span> <span class='ocrx_word' id='word_1_562' title='bbox 878 4381 1175 4435; x_wconf 82' lang='lat' dir='ltr'><strong>Judteorum</strong></span> <span class='ocrx_word' id='word_1_563' title='bbox 1204 4379 1420 4430; x_wconf 89' lang='lat' dir='ltr'><strong>animus.</strong></span> <span class='ocrx_word' id='word_1_564' title='bbox 1442 4406 1512 4415; x_wconf 96' lang='lat'>—</span> <span class='ocrx_word' id='word_1_565' title='bbox 1532 4375 1716 4428; x_wconf 87' lang='lat' dir='ltr'><strong>Omnis</strong></span> <span class='ocrx_word' id='word_1_566' title='bbox 1741 4375 1952 4443; x_wconf 89' lang='lat' dir='ltr'><strong>quidem</strong></span> <span class='ocrx_word' id='word_1_567' title='bbox 1974 4377 2139 4429; x_wconf 86' lang='lat' dir='ltr'><strong>virtus</strong></span> 
     </span>
    </p>
   </div>
   <div class='ocr_carea' id='block_1_77' title="bbox 570 4466 2136 4542">
    <p class='ocr_par' dir='ltr' id='par_1_77' title="bbox 570 4466 2136 4542">
     <span class='ocr_line' id='line_1_78' title="bbox 570 4466 2136 4542; baseline -0.004 -15"><span class='ocrx_word' id='word_1_568' title='bbox 570 4479 704 4527; x_wconf 88' lang='lat' dir='ltr'><strong>bona</strong></span> <span class='ocrx_word' id='word_1_569' title='bbox 744 4482 858 4537; x_wconf 89' lang='lat' dir='ltr'><strong>est,</strong></span> <span class='ocrx_word' id='word_1_570' title='bbox 901 4471 1132 4525; x_wconf 82' lang='lat' dir='ltr'><strong>maxime</strong></span> <span class='ocrx_word' id='word_1_571' title='bbox 1171 4479 1345 4522; x_wconf 88' lang='lat' dir='ltr'><strong>autem</strong></span> <span class='ocrx_word' id='word_1_572' title='bbox 1375 4467 1722 4520; x_wconf 88' lang='lat' dir='ltr'><strong>mansuetudo</strong></span> <span class='ocrx_word' id='word_1_573' title='bbox 1752 4475 1819 4542; x_wconf 54' lang='lat' dir='ltr'><strong>eg</strong></span> <span class='ocrx_word' id='word_1_574' title='bbox 1837 4466 2136 4520; x_wconf 89' lang='lat' dir='ltr'><strong>clementia.</strong></span> 
     </span>
    </p>
   </div>
   <div class='ocr_carea' id='block_1_78' title="bbox 572 4556 2134 4619">
    <p class='ocr_par' dir='ltr' id='par_1_78' title="bbox 572 4556 2134 4619">
     <span class='ocr_line' id='line_1_79' title="bbox 572 4556 2134 4619; baseline -0.005 -2"><span class='ocrx_word' id='word_1_575' title='bbox 572 4564 692 4617; x_wconf 74' lang='lat' dir='ltr'><strong>llrec</strong></span> <span class='ocrx_word' id='word_1_576' title='bbox 717 4577 811 4616; x_wconf 89' lang='lat' dir='ltr'><strong>nos</strong></span> <span class='ocrx_word' id='word_1_577' title='bbox 839 4559 1080 4614; x_wconf 89' lang='lat' dir='ltr'><strong>homines</strong></span> <span class='ocrx_word' id='word_1_578' title='bbox 1101 4572 1218 4611; x_wconf 87' lang='lat' dir='ltr'><strong>esse</strong></span> <span class='ocrx_word' id='word_1_579' title='bbox 1239 4557 1584 4619; x_wconf 84' lang='lat' dir='ltr'><strong>demonstrat,</strong></span> <span class='ocrx_word' id='word_1_580' title='bbox 1617 4566 1669 4609; x_wconf 93' lang='lat' dir='ltr'><strong>et</strong></span> <span class='ocrx_word' id='word_1_581' title='bbox 1690 4571 1716 4608; x_wconf 91' lang='lat' dir='ltr'><strong>a</strong></span> <span class='ocrx_word' id='word_1_582' title='bbox 1748 4557 1868 4608; x_wconf 83' lang='lat' dir='ltr'><strong>feris</strong></span> <span class='ocrx_word' id='word_1_583' title='bbox 1897 4556 2095 4608; x_wconf 88' lang='lat' dir='ltr'><strong>dirimit</strong></span> <span class='ocrx_word' id='word_1_584' title='bbox 2124 4575 2134 4609; x_wconf 90' lang='lat'><strong>:</strong></span> 
     </span>
    </p>
   </div>
   <div class='ocr_carea' id='block_1_79' title="bbox 572 4645 2140 4721">
    <p class='ocr_par' dir='ltr' id='par_1_79' title="bbox 572 4645 2140 4721">
     <span class='ocr_line' id='line_1_80' title="bbox 572 4645 2140 4721; baseline -0.003 -16"><span class='ocrx_word' id='word_1_585' title='bbox 572 4657 682 4709; x_wconf 78' lang='lat' dir='ltr'><strong>lucc</strong></span> <span class='ocrx_word' id='word_1_586' title='bbox 709 4668 806 4707; x_wconf 91' lang='lat' dir='ltr'><strong>nos</strong></span> <span class='ocrx_word' id='word_1_587' title='bbox 826 4651 1024 4721; x_wconf 79' lang='lat' dir='ltr'><strong>angelis</strong></span> <span class='ocrx_word' id='word_1_588' title='bbox 1053 4657 1311 4718; x_wconf 63' lang='lat' dir='ltr'><strong>exmquat.</strong></span> <span class='ocrx_word' id='word_1_589' title='bbox 1343 4647 1464 4702; x_wconf 88' lang='lat' dir='ltr'><strong>Ideo</strong></span> <span class='ocrx_word' id='word_1_590' title='bbox 1484 4645 1725 4702; x_wconf 88' lang='lat' dir='ltr'><strong>Christus</strong></span> <span class='ocrx_word' id='word_1_591' title='bbox 1752 4647 2054 4714; x_wconf 86' lang='lat' dir='ltr'><strong>frequenter</strong></span> <span class='ocrx_word' id='word_1_592' title='bbox 2075 4645 2140 4700; x_wconf 88' lang='lat' dir='ltr'><strong>de</strong></span> 
     </span>
    </p>
   </div>
   <div class='ocr_carea' id='block_1_80' title="bbox 574 4737 2140 4803">
    <p class='ocr_par' dir='ltr' id='par_1_80' title="bbox 574 4737 2140 4803">
     <span class='ocr_line' id='line_1_81' title="bbox 574 4737 2140 4803; baseline -0.005 -7"><span class='ocrx_word' id='word_1_593' title='bbox 574 4745 669 4796; x_wconf 86' lang='lat' dir='ltr'><strong>hac</strong></span> <span class='ocrx_word' id='word_1_594' title='bbox 699 4743 894 4795; x_wconf 84' lang='lat' dir='ltr'><strong>virtute</strong></span> <span class='ocrx_word' id='word_1_595' title='bbox 916 4739 1072 4794; x_wconf 89' lang='lat' dir='ltr'><strong>verba</strong></span> <span class='ocrx_word' id='word_1_596' title='bbox 1098 4739 1218 4791; x_wconf 85' lang='lat' dir='ltr'><strong>facit</strong></span> <span class='ocrx_word' id='word_1_597' title='bbox 1238 4779 1252 4803; x_wconf 95' lang='lat'><strong>,</strong></span> <span class='ocrx_word' id='word_1_598' title='bbox 1283 4751 1401 4789; x_wconf 88' lang='lat' dir='ltr'><strong>cum</strong></span> <span class='ocrx_word' id='word_1_599' title='bbox 1433 4737 1586 4789; x_wconf 89' lang='lat' dir='ltr'><strong>mites</strong></span> <span class='ocrx_word' id='word_1_600' title='bbox 1614 4746 1666 4789; x_wconf 89' lang='lat' dir='ltr'><strong>et</strong></span> <span class='ocrx_word' id='word_1_601' title='bbox 1696 4746 1997 4788; x_wconf 86' lang='lat' dir='ltr'><strong>mansuetos</strong></span> <span class='ocrx_word' id='word_1_602' title='bbox 2023 4749 2140 4788; x_wconf 85' lang='lat' dir='ltr'><strong>esse</strong></span> 
     </span>
    </p>
   </div>
   <div class='ocr_carea' id='block_1_81' title="bbox 565 4824 2137 4902">
    <p class='ocr_par' dir='ltr' id='par_1_81' title="bbox 565 4824 2137 4902">
     <span class='ocr_line' id='line_1_82' title="bbox 565 4824 2137 4902; baseline -0.006 -16"><span class='ocrx_word' id='word_1_603' title='bbox 565 4834 738 4902; x_wconf 84' lang='lat' dir='ltr'><strong>jubet.</strong></span> <span class='ocrx_word' id='word_1_604' title='bbox 767 4832 945 4898; x_wconf 79' lang='lat' dir='ltr'><strong>Neque</strong></span> <span class='ocrx_word' id='word_1_605' title='bbox 980 4828 1141 4883; x_wconf 83' lang='lat' dir='ltr'><strong>verba</strong></span> <span class='ocrx_word' id='word_1_606' title='bbox 1173 4835 1370 4881; x_wconf 88' lang='lat' dir='ltr'><strong>tantum</strong></span> <span class='ocrx_word' id='word_1_607' title='bbox 1404 4825 1524 4879; x_wconf 87' lang='lat' dir='ltr'><strong>facit</strong></span> <span class='ocrx_word' id='word_1_608' title='bbox 1545 4868 1559 4888; x_wconf 88' lang='lat'><strong>,</strong></span> <span class='ocrx_word' id='word_1_609' title='bbox 1589 4825 1680 4879; x_wconf 88' lang='lat' dir='ltr'><strong>sed</strong></span> <span class='ocrx_word' id='word_1_610' title='bbox 1713 4833 1766 4878; x_wconf 91' lang='lat' dir='ltr'><strong>et</strong></span> <span class='ocrx_word' id='word_1_611' title='bbox 1795 4825 2045 4893; x_wconf 85' lang='lat' dir='ltr'><strong>Operibus</strong></span> <span class='ocrx_word' id='word_1_612' title='bbox 2074 4824 2137 4877; x_wconf 88' lang='lat' dir='ltr'><strong>ad</strong></span> 
     </span>
    </p>
   </div>
   <div class='ocr_carea' id='block_1_82' title="bbox 571 4913 2141 4985">
    <p class='ocr_par' dir='ltr' id='par_1_82' title="bbox 571 4913 2141 4985">
     <span class='ocr_line' id='line_1_83' title="bbox 571 4913 2141 4985; baseline -0.008 -8"><span class='ocrx_word' id='word_1_613' title='bbox 571 4924 620 4976; x_wconf 89' lang='lat' dir='ltr'><strong>id</strong></span> <span class='ocrx_word' id='word_1_614' title='bbox 655 4936 749 4976; x_wconf 90' lang='lat' dir='ltr'><strong>nos</strong></span> <span class='ocrx_word' id='word_1_615' title='bbox 775 4919 1031 4982; x_wconf 89' lang='lat' dir='ltr'><strong>instituit,</strong></span> <span class='ocrx_word' id='word_1_616' title='bbox 1057 4915 1212 4969; x_wconf 87' lang='lat' dir='ltr'><strong>modo</strong></span> <span class='ocrx_word' id='word_1_617' title='bbox 1238 4917 1415 4985; x_wconf 81' lang='lat' dir='ltr'><strong>alapas</strong></span> <span class='ocrx_word' id='word_1_618' title='bbox 1445 4915 1710 4984; x_wconf 84' lang='lat' dir='ltr'><strong>perferens</strong></span> <span class='ocrx_word' id='word_1_619' title='bbox 1730 4955 1744 4979; x_wconf 94' lang='lat'><strong>,</strong></span> <span class='ocrx_word' id='word_1_620' title='bbox 1773 4913 1931 4967; x_wconf 88' lang='lat' dir='ltr'><strong>modo</strong></span> <span class='ocrx_word' id='word_1_621' title='bbox 1960 4913 2141 4966; x_wconf 84' lang='lat' dir='ltr'><strong>convi-</strong></span> 
     </span>
    </p>
   </div>
   <div class='ocr_carea' id='block_1_83' title="bbox 571 5006 2136 5071">
    <p class='ocr_par' dir='ltr' id='par_1_83' title="bbox 571 5006 2136 5071">
     <span class='ocr_line' id='line_1_84' title="bbox 571 5006 2136 5071; baseline -0.006 -5"><span class='ocrx_word' id='word_1_622' title='bbox 571 5015 649 5066; x_wconf 84' lang='lat' dir='ltr'><strong>cia</strong></span> <span class='ocrx_word' id='word_1_623' title='bbox 679 5022 733 5066; x_wconf 90' lang='lat' dir='ltr'><strong>et</strong></span> <span class='ocrx_word' id='word_1_624' title='bbox 763 5011 999 5071; x_wconf 87' lang='lat' dir='ltr'><strong>insidias,</strong></span> <span class='ocrx_word' id='word_1_625' title='bbox 1035 5023 1094 5061; x_wconf 89' lang='lat' dir='ltr'><strong>ac</strong></span> <span class='ocrx_word' id='word_1_626' title='bbox 1122 5023 1327 5061; x_wconf 84' lang='lat' dir='ltr'><strong>rursum</strong></span> <span class='ocrx_word' id='word_1_627' title='bbox 1355 5021 1472 5060; x_wconf 91' lang='lat' dir='ltr'><strong>cum</strong></span> <span class='ocrx_word' id='word_1_628' title='bbox 1503 5006 1868 5060; x_wconf 79' lang='lat' dir='ltr'><strong>insidiantibus</strong></span> <span class='ocrx_word' id='word_1_629' title='bbox 1897 5021 2136 5059; x_wconf 86' lang='lat' dir='ltr'><strong>versans.</strong></span> 
     </span>
    </p>
   </div>
   <div class='ocr_carea' id='block_1_84' title="bbox 579 5096 2137 5171">
    <p class='ocr_par' dir='ltr' id='par_1_84' title="bbox 579 5096 2137 5171">
     <span class='ocr_line' id='line_1_85' title="bbox 579 5096 2137 5171; baseline -0.004 -16"><span class='ocrx_word' id='word_1_630' title='bbox 579 5104 703 5156; x_wconf 72' lang='lat' dir='ltr'><strong>Nam</strong></span> <span class='ocrx_word' id='word_1_631' title='bbox 736 5103 822 5171; x_wconf 90' lang='lat' dir='ltr'><strong>qui</strong></span> <span class='ocrx_word' id='word_1_632' title='bbox 854 5099 1238 5154; x_wconf 62' lang='lat' dir='ltr'><strong>dminoniacnm</strong></span> <span class='ocrx_word' id='word_1_633' title='bbox 1278 5096 1422 5150; x_wconf 87' lang='lat' dir='ltr'><strong>illum</strong></span> <span class='ocrx_word' id='word_1_634' title='bbox 1454 5106 1507 5150; x_wconf 91' lang='lat' dir='ltr'><strong>et</strong></span> <span class='ocrx_word' id='word_1_635' title='bbox 1544 5097 1928 5151; x_wconf 84' lang='lat' dir='ltr'><strong>Samaritanum</strong></span> <span class='ocrx_word' id='word_1_636' title='bbox 1957 5097 2137 5165; x_wconf 87' lang='lat' dir='ltr'><strong>appel-</strong></span> 
     </span>
    </p>
   </div>
   <div class='ocr_carea' id='block_1_85' title="bbox 572 5189 2139 5264">
    <p class='ocr_par' dir='ltr' id='par_1_85' title="bbox 572 5189 2139 5264">
     <span class='ocr_line' id='line_1_86' title="bbox 572 5189 2139 5264; baseline -0.006 -15"><span class='ocrx_word' id='word_1_637' title='bbox 572 5201 837 5259; x_wconf 83' lang='lat' dir='ltr'><strong>laverant,</strong></span> <span class='ocrx_word' id='word_1_638' title='bbox 870 5194 959 5264; x_wconf 92' lang='lat' dir='ltr'><strong>qui</strong></span> <span class='ocrx_word' id='word_1_639' title='bbox 990 5207 1131 5261; x_wconf 69' lang='lat' dir='ltr'><strong>smpe</strong></span> <span class='ocrx_word' id='word_1_640' title='bbox 1156 5189 1403 5246; x_wconf 90' lang='lat' dir='ltr'><strong>occidere</strong></span> <span class='ocrx_word' id='word_1_641' title='bbox 1432 5190 1576 5242; x_wconf 87' lang='lat' dir='ltr'><strong>illum</strong></span> <span class='ocrx_word' id='word_1_642' title='bbox 1601 5189 1902 5253; x_wconf 86' lang='lat' dir='ltr'><strong>volnerant,</strong></span> <span class='ocrx_word' id='word_1_643' title='bbox 1941 5190 2026 5257; x_wconf 91' lang='lat' dir='ltr'><strong>qui</strong></span> <span class='ocrx_word' id='word_1_644' title='bbox 2061 5189 2139 5241; x_wconf 87' lang='lat' dir='ltr'><strong>la-</strong></span> 
     </span>
    </p>
   </div>
   <div class='ocr_carea' id='block_1_86' title="bbox 573 5279 2134 5354">
    <p class='ocr_par' dir='ltr' id='par_1_86' title="bbox 573 5279 2134 5354">
     <span class='ocr_line' id='line_1_87' title="bbox 573 5279 2134 5354; baseline -0.004 -18"><span class='ocrx_word' id='word_1_645' title='bbox 573 5286 779 5354; x_wconf 84' lang='lat' dir='ltr'><strong>pidibus</strong></span> <span class='ocrx_word' id='word_1_646' title='bbox 811 5284 1172 5351; x_wconf 86' lang='lat' dir='ltr'><strong>impetierant,</strong></span> <span class='ocrx_word' id='word_1_647' title='bbox 1208 5280 1256 5333; x_wconf 91' lang='lat' dir='ltr'><strong>hi</strong></span> <span class='ocrx_word' id='word_1_648' title='bbox 1289 5279 1758 5333; x_wconf 88' lang='lat' dir='ltr'><strong>circnmsistnntet</strong></span> <span class='ocrx_word' id='word_1_649' title='bbox 1780 5279 2134 5345; x_wconf 78' lang='lat' dir='ltr'><strong>interrogant,</strong></span> 
     </span>
    </p>
   </div>
   <div class='ocr_carea' id='block_1_87' title="bbox 573 5369 2135 5442">
    <p class='ocr_par' dir='ltr' id='par_1_87' title="bbox 573 5369 2135 5442">
     <span class='ocr_line' id='line_1_88' title="bbox 573 5369 2135 5442; baseline -0.005 -13"><span class='ocrx_word' id='word_1_650' title='bbox 573 5381 631 5430; x_wconf 76' lang='lat' dir='ltr'><strong>Si</strong></span> <span class='ocrx_word' id='word_1_651' title='bbox 660 5388 712 5430; x_wconf 89' lang='lat' dir='ltr'><strong>tu</strong></span> <span class='ocrx_word' id='word_1_652' title='bbox 743 5393 792 5430; x_wconf 86' lang='lat' dir='ltr'><strong>es</strong></span> <span class='ocrx_word' id='word_1_653' title='bbox 823 5375 1085 5429; x_wconf 82' lang='lat' dir='ltr'><strong>Christus?</strong></span> <span class='ocrx_word' id='word_1_654' title='bbox 1115 5373 1293 5442; x_wconf 88' lang='lat' dir='ltr'><strong>Neque</strong></span> <span class='ocrx_word' id='word_1_655' title='bbox 1337 5372 1453 5424; x_wconf 90' lang='lat' dir='ltr'><strong>illos</strong></span> <span class='ocrx_word' id='word_1_656' title='bbox 1488 5381 1604 5438; x_wconf 87' lang='lat' dir='ltr'><strong>post</strong></span> <span class='ocrx_word' id='word_1_657' title='bbox 1639 5379 1715 5423; x_wconf 88' lang='lat' dir='ltr'><strong>tot</strong></span> <span class='ocrx_word' id='word_1_658' title='bbox 1747 5370 1978 5438; x_wconf 78' lang='lat' dir='ltr'><strong>talesque</strong></span> <span class='ocrx_word' id='word_1_659' title='bbox 2009 5369 2135 5421; x_wconf 89' lang='lat' dir='ltr'><strong>insi-</strong></span> 
     </span>
    </p>
   </div>
   <div class='ocr_carea' id='block_1_88' title="bbox 570 5460 2141 5535">
    <p class='ocr_par' dir='ltr' id='par_1_88' title="bbox 570 5460 2141 5535">
     <span class='ocr_line' id='line_1_89' title="bbox 570 5460 2141 5535; baseline -0.006 -15"><span class='ocrx_word' id='word_1_660' title='bbox 570 5472 684 5524; x_wconf 77' lang='lat' dir='ltr'><strong>dias</strong></span> <span class='ocrx_word' id='word_1_661' title='bbox 721 5467 949 5535; x_wconf 89' lang='lat' dir='ltr'><strong>repulit,</strong></span> <span class='ocrx_word' id='word_1_662' title='bbox 993 5463 1086 5518; x_wconf 87' lang='lat' dir='ltr'><strong>sed</strong></span> <span class='ocrx_word' id='word_1_663' title='bbox 1116 5472 1389 5516; x_wconf 87' lang='lat' dir='ltr'><strong>mansuete</strong></span> <span class='ocrx_word' id='word_1_664' title='bbox 1424 5460 1707 5514; x_wconf 84' lang='lat' dir='ltr'><strong>admodum</strong></span> <span class='ocrx_word' id='word_1_665' title='bbox 1749 5460 2037 5527; x_wconf 71' lang='lat' dir='ltr'><strong>TCSpOlltiil.</strong></span> <span class='ocrx_word' id='word_1_666' title='bbox 2076 5461 2141 5511; x_wconf 74' lang='lat' dir='ltr'><strong>At</strong></span> 
     </span>
    </p>
   </div>
   <div class='ocr_carea' id='block_1_89' title="bbox 571 5551 2141 5621">
    <p class='ocr_par' dir='ltr' id='par_1_89' title="bbox 571 5551 2141 5621">
     <span class='ocr_line' id='line_1_90' title="bbox 571 5551 2141 5621; baseline -0.008 -7"><span class='ocrx_word' id='word_1_667' title='bbox 571 5559 927 5614; x_wconf 66' lang='lat' dir='ltr'><strong>necessarium</strong></span> <span class='ocrx_word' id='word_1_668' title='bbox 948 5567 1028 5611; x_wconf 85' lang='lat' dir='ltr'><strong>est</strong></span> <span class='ocrx_word' id='word_1_669' title='bbox 1050 5558 1186 5610; x_wconf 88' lang='lat' dir='ltr'><strong>hunc</strong></span> <span class='ocrx_word' id='word_1_670' title='bbox 1203 5571 1500 5610; x_wconf 86' lang='lat' dir='ltr'><strong>sermonem</strong></span> <span class='ocrx_word' id='word_1_671' title='bbox 1523 5555 1678 5609; x_wconf 84' lang='lat' dir='ltr'><strong>altius</strong></span> <span class='ocrx_word' id='word_1_672' title='bbox 1701 5563 1959 5621; x_wconf 86' lang='lat' dir='ltr'><strong>repetere.</strong></span> <span class='ocrx_word' id='word_1_673' title='bbox 1986 5551 2141 5603; x_wconf 82' lang='lat' dir='ltr'><strong>Facta</strong></span> 
     </span>
    </p>
   </div>
   <div class='ocr_carea' id='block_1_90' title="bbox 572 5645 2137 5719">
    <p class='ocr_par' dir='ltr' id='par_1_90' title="bbox 572 5645 2137 5719">
     <span class='ocr_line' id='line_1_91' title="bbox 572 5645 2137 5719; baseline -0.003 -19"><span class='ocrx_word' id='word_1_674' title='bbox 572 5665 719 5714; x_wconf 74' lang='lat' dir='ltr'><strong>siml,</strong></span> <span class='ocrx_word' id='word_1_675' title='bbox 752 5652 952 5719; x_wconf 88' lang='lat' dir='ltr'><strong>inquit,</strong></span> <span class='ocrx_word' id='word_1_676' title='bbox 985 5648 1205 5702; x_wconf 71' lang='lat' dir='ltr'><strong>encmnia</strong></span> <span class='ocrx_word' id='word_1_677' title='bbox 1243 5648 1293 5699; x_wconf 89' lang='lat' dir='ltr'><strong>in</strong></span> <span class='ocrx_word' id='word_1_678' title='bbox 1327 5646 1682 5715; x_wconf 81' lang='lat' dir='ltr'><strong>Jerosolymis,</strong></span> <span class='ocrx_word' id='word_1_679' title='bbox 1726 5656 1770 5697; x_wconf 89' lang='lat' dir='ltr'><strong>et</strong></span> <span class='ocrx_word' id='word_1_680' title='bbox 1813 5645 1969 5697; x_wconf 86' lang='lat' dir='ltr'><strong>hiems</strong></span> <span class='ocrx_word' id='word_1_681' title='bbox 2014 5653 2137 5695; x_wconf 83' lang='lat' dir='ltr'><strong>erat.</strong></span> 
     </span>
    </p>
   </div>
   <div class='ocr_carea' id='block_1_91' title="bbox 573 5733 2140 5813">
    <p class='ocr_par' dir='ltr' id='par_1_91' title="bbox 573 5733 2140 5813">
     <span class='ocr_line' id='line_1_92' title="bbox 573 5733 2140 5813; baseline -0.009 -16"><span class='ocrx_word' id='word_1_682' title='bbox 573 5747 788 5813; x_wconf 69' lang='lat' dir='ltr'><strong>Magum</strong></span> <span class='ocrx_word' id='word_1_683' title='bbox 819 5743 900 5796; x_wconf 90' lang='lat' dir='ltr'><strong>hic</strong></span> <span class='ocrx_word' id='word_1_684' title='bbox 921 5742 1034 5794; x_wconf 78' lang='lat' dir='ltr'><strong>dies</strong></span> <span class='ocrx_word' id='word_1_685' title='bbox 1061 5741 1220 5794; x_wconf 80' lang='lat' dir='ltr'><strong>festus</strong></span> <span class='ocrx_word' id='word_1_686' title='bbox 1247 5749 1297 5790; x_wconf 78' lang='lat' dir='ltr'><strong>et</strong></span> <span class='ocrx_word' id='word_1_687' title='bbox 1326 5737 1573 5792; x_wconf 72' lang='lat' dir='ltr'><strong>solemnis</strong></span> <span class='ocrx_word' id='word_1_688' title='bbox 1596 5746 1726 5788; x_wconf 80' lang='lat' dir='ltr'><strong>erat.</strong></span> <span class='ocrx_word' id='word_1_689' title='bbox 1755 5736 1866 5800; x_wconf 76' lang='lat' dir='ltr'><strong>Qua</strong></span> <span class='ocrx_word' id='word_1_690' title='bbox 1897 5735 2034 5786; x_wconf 80' lang='lat' dir='ltr'><strong>enim</strong></span> <span class='ocrx_word' id='word_1_691' title='bbox 2058 5733 2140 5784; x_wconf 83' lang='lat' dir='ltr'><strong>die</strong></span> 
     </span>
    </p>
   </div>
   <div class='ocr_carea' id='block_1_92' title="bbox 2249 3753 3841 3829">
    <p class='ocr_par' dir='ltr' id='par_1_92' title="bbox 2249 3753 3841 3829">
     <span class='ocr_line' id='line_1_93' title="bbox 2249 3753 3841 3829; baseline 0.008 -26"><span class='ocrx_word' id='word_1_692' title='bbox 2249 3753 2500 3818; x_wconf 87' lang='lat' dir='ltr'><strong>templum</strong></span> <span class='ocrx_word' id='word_1_693' title='bbox 2530 3761 2890 3805; x_wconf 76' lang='lat' dir='ltr'><strong>constructum</strong></span> <span class='ocrx_word' id='word_1_694' title='bbox 2921 3753 3085 3808; x_wconf 88' lang='lat' dir='ltr'><strong>fuerat</strong></span> <span class='ocrx_word' id='word_1_695' title='bbox 3105 3794 3120 3818; x_wconf 91' lang='lat'><strong>,</strong></span> <span class='ocrx_word' id='word_1_696' title='bbox 3152 3771 3216 3808; x_wconf 86' lang='lat' dir='ltr'><strong>ex</strong></span> <span class='ocrx_word' id='word_1_697' title='bbox 3253 3756 3406 3825; x_wconf 70' lang='lat' dir='ltr'><strong>longa‘</strong></span> <span class='ocrx_word' id='word_1_698' title='bbox 3433 3768 3485 3810; x_wconf 88' lang='lat' dir='ltr'><strong>et</strong></span> <span class='ocrx_word' id='word_1_699' title='bbox 3509 3757 3724 3814; x_wconf 77' lang='lat' dir='ltr'><strong>Persii-a</strong></span> <span class='ocrx_word' id='word_1_700' title='bbox 3758 3766 3841 3829; x_wconf 69' lang='grc' dir='ltr'><strong>(τι)</strong></span> 
     </span>
    </p>
   </div>
   <div class='ocr_carea' id='block_1_93' title="bbox 2249 3843 3838 3922">
    <p class='ocr_par' dir='ltr' id='par_1_93' title="bbox 2249 3843 3838 3922">
     <span class='ocr_line' id='line_1_94' title="bbox 2249 3843 3838 3922; baseline 0.008 -26"><span class='ocrx_word' id='word_1_701' title='bbox 2249 3843 2444 3897; x_wconf 88' lang='lat' dir='ltr'><strong>reversi</strong></span> <span class='ocrx_word' id='word_1_702' title='bbox 2478 3845 2798 3910; x_wconf 82' lang='lat' dir='ltr'><strong>captivitate,</strong></span> <span class='ocrx_word' id='word_1_703' title='bbox 2833 3844 2967 3899; x_wconf 88' lang='lat' dir='ltr'><strong>hanc</strong></span> <span class='ocrx_word' id='word_1_704' title='bbox 2996 3847 3355 3902; x_wconf 88' lang='lat' dir='ltr'><strong>celebritatem</strong></span> <span class='ocrx_word' id='word_1_705' title='bbox 3377 3849 3692 3905; x_wconf 89' lang='lat' dir='ltr'><strong>solemniter</strong></span> <span class='ocrx_word' id='word_1_706' title='bbox 3707 3869 3838 3922; x_wconf 73' lang='lat' dir='ltr'><strong>age-</strong></span> 
     </span>
    </p>
   </div>
   <div class='ocr_carea' id='block_1_94' title="bbox 2250 3933 3840 4012">
    <p class='ocr_par' dir='ltr' id='par_1_94' title="bbox 2250 3933 3840 4012">
     <span class='ocr_line' id='line_1_95' title="bbox 2250 3933 3840 4012; baseline 0.009 -29"><span class='ocrx_word' id='word_1_707' title='bbox 2250 3935 2392 3986; x_wconf 87' lang='lat' dir='ltr'><strong>bant.</strong></span> <span class='ocrx_word' id='word_1_708' title='bbox 2443 3934 2554 3986; x_wconf 88' lang='lat' dir='ltr'><strong>Diei</strong></span> <span class='ocrx_word' id='word_1_709' title='bbox 2598 3933 2733 3988; x_wconf 90' lang='lat' dir='ltr'><strong>festo</strong></span> <span class='ocrx_word' id='word_1_710' title='bbox 2773 3935 2958 3989; x_wconf 85' lang='lat' dir='ltr'><strong>aderat</strong></span> <span class='ocrx_word' id='word_1_711' title='bbox 3001 3936 3265 3991; x_wconf 84' lang='lat' dir='ltr'><strong>Christus.</strong></span> <span class='ocrx_word' id='word_1_712' title='bbox 3317 3937 3551 3993; x_wconf 87' lang='lat' dir='ltr'><strong>Instante</strong></span> <span class='ocrx_word' id='word_1_713' title='bbox 3603 3958 3840 4012; x_wconf 87' lang='lat' dir='ltr'><strong>namque</strong></span> 
     </span>
    </p>
   </div>
   <div class='ocr_carea' id='block_1_95' title="bbox 2249 4023 3841 4092">
    <p class='ocr_par' dir='ltr' id='par_1_95' title="bbox 2249 4023 3841 4092">
     <span class='ocr_line' id='line_1_96' title="bbox 2249 4023 3841 4092; baseline 0.007 -16"><span class='ocrx_word' id='word_1_714' title='bbox 2249 4034 2449 4088; x_wconf 88' lang='lat' dir='ltr'><strong>morte,</strong></span> <span class='ocrx_word' id='word_1_715' title='bbox 2494 4023 2797 4092; x_wconf 87' lang='lat' dir='ltr'><strong>frequenter</strong></span> <span class='ocrx_word' id='word_1_716' title='bbox 2834 4027 2882 4079; x_wconf 93' lang='lat' dir='ltr'><strong>in</strong></span> <span class='ocrx_word' id='word_1_717' title='bbox 2913 4025 3149 4080; x_wconf 64' lang='lat' dir='ltr'><strong>Jndteam</strong></span> <span class='ocrx_word' id='word_1_718' title='bbox 3177 4029 3442 4083; x_wconf 81' lang='lat' dir='ltr'><strong>veniebat.</strong></span> <span class='ocrx_word' id='word_1_719' title='bbox 3479 4029 3841 4087; x_wconf 83' lang='lat' dir='ltr'><strong>Circumdede-</strong></span> 
     </span>
    </p>
   </div>
   <div class='ocr_carea' id='block_1_96' title="bbox 2247 4115 3837 4191">
    <p class='ocr_par' dir='ltr' id='par_1_96' title="bbox 2247 4115 3837 4191">
     <span class='ocr_line' id='line_1_97' title="bbox 2247 4115 3837 4191; baseline 0.006 -25"><span class='ocrx_word' id='word_1_720' title='bbox 2247 4126 2364 4167; x_wconf 84' lang='lat' dir='ltr'><strong>runt</strong></span> <span class='ocrx_word' id='word_1_721' title='bbox 2402 4132 2518 4185; x_wconf 87' lang='lat' dir='ltr'><strong>ergo</strong></span> <span class='ocrx_word' id='word_1_722' title='bbox 2549 4133 2658 4168; x_wconf 88' lang='lat' dir='ltr'><strong>eum</strong></span> <span class='ocrx_word' id='word_1_723' title='bbox 2693 4115 2864 4169; x_wconf 76' lang='lat' dir='ltr'><strong>Judwi</strong></span> <span class='ocrx_word' id='word_1_724' title='bbox 2904 4126 2948 4170; x_wconf 87' lang='lat' dir='ltr'><strong>et</strong></span> <span class='ocrx_word' id='word_1_725' title='bbox 2994 4119 3223 4172; x_wconf 76' lang='lat' dir='ltr'><strong>dicebant</strong></span> <span class='ocrx_word' id='word_1_726' title='bbox 3254 4136 3272 4173; x_wconf 90' lang='lat'><strong><em>:</em></strong></span> <span class='ocrx_word' id='word_1_727' title='bbox 3305 4121 3576 4191; x_wconf 80' lang='lat' dir='ltr'><strong>Quousque</strong></span> <span class='ocrx_word' id='word_1_728' title='bbox 3608 4124 3837 4177; x_wconf 80' lang='lat' dir='ltr'><strong>animum</strong></span> 
     </span>
    </p>
   </div>
   <div class='ocr_carea' id='block_1_97' title="bbox 2246 4209 3838 4281">
    <p class='ocr_par' dir='ltr' id='par_1_97' title="bbox 2246 4209 3838 4281">
     <span class='ocr_line' id='line_1_98' title="bbox 2246 4209 3838 4281; baseline 0.011 -27"><span class='ocrx_word' id='word_1_729' title='bbox 2246 4219 2466 4259; x_wconf 82' lang='lat' dir='ltr'><strong>nostram</strong></span> <span class='ocrx_word' id='word_1_730' title='bbox 2492 4209 2664 4260; x_wconf 85' lang='lat' dir='ltr'><strong>tollis?</strong></span> <span class='ocrx_word' id='word_1_731' title='bbox 2692 4209 2752 4262; x_wconf 83' lang='lat' dir='ltr'><strong>Si</strong></span> <span class='ocrx_word' id='word_1_732' title='bbox 2782 4219 2833 4260; x_wconf 90' lang='lat' dir='ltr'><strong>tu</strong></span> <span class='ocrx_word' id='word_1_733' title='bbox 2861 4226 2911 4262; x_wconf 84' lang='lat' dir='ltr'><strong>es</strong></span> <span class='ocrx_word' id='word_1_734' title='bbox 2933 4209 3161 4263; x_wconf 88' lang='lat' dir='ltr'><strong>Christus</strong></span> <span class='ocrx_word' id='word_1_735' title='bbox 3179 4252 3193 4275; x_wconf 95' lang='lat'><strong>,</strong></span> <span class='ocrx_word' id='word_1_736' title='bbox 3224 4212 3305 4265; x_wconf 88' lang='lat' dir='ltr'><strong>dic</strong></span> <span class='ocrx_word' id='word_1_737' title='bbox 3334 4213 3474 4266; x_wconf 87' lang='lat' dir='ltr'><strong>nobis</strong></span> <span class='ocrx_word' id='word_1_738' title='bbox 3499 4215 3690 4281; x_wconf 88' lang='lat' dir='ltr'><strong>palam.</strong></span> <span class='ocrx_word' id='word_1_739' title='bbox 3715 4215 3838 4271; x_wconf 85' lang='lat' dir='ltr'><strong>Non</strong></span> 
     </span>
    </p>
   </div>
   <div class='ocr_carea' id='block_1_98' title="bbox 2246 4298 3836 4375">
    <p class='ocr_par' dir='ltr' id='par_1_98' title="bbox 2246 4298 3836 4375">
     <span class='ocr_line' id='line_1_99' title="bbox 2246 4298 3836 4375; baseline 0.006 -25"><span class='ocrx_word' id='word_1_740' title='bbox 2246 4298 2410 4362; x_wconf 89' lang='lat' dir='ltr'><strong>dixit,</strong></span> <span class='ocrx_word' id='word_1_741' title='bbox 2453 4299 2588 4363; x_wconf 87' lang='lat' dir='ltr'><strong>Quid</strong></span> <span class='ocrx_word' id='word_1_742' title='bbox 2625 4315 2654 4353; x_wconf 88' lang='lat' dir='ltr'><strong>a</strong></span> <span class='ocrx_word' id='word_1_743' title='bbox 2705 4315 2787 4353; x_wconf 90' lang='lat' dir='ltr'><strong>me</strong></span> <span class='ocrx_word' id='word_1_744' title='bbox 2829 4301 3104 4367; x_wconf 68' lang='lat' dir='ltr'><strong>quarritis?</strong></span> <span class='ocrx_word' id='word_1_745' title='bbox 3142 4300 3526 4358; x_wconf 79' lang='lat' dir='ltr'><strong>da-moniacum</strong></span> <span class='ocrx_word' id='word_1_746' title='bbox 3555 4320 3699 4375; x_wconf 76' lang='lat' dir='ltr'><strong>smpe</strong></span> <span class='ocrx_word' id='word_1_747' title='bbox 3735 4323 3836 4361; x_wconf 85' lang='lat' dir='ltr'><strong>vo-</strong></span> 
     </span>
    </p>
   </div>
   <div class='ocr_carea' id='block_1_99' title="bbox 2246 4390 3840 4456">
    <p class='ocr_par' dir='ltr' id='par_1_99' title="bbox 2246 4390 3840 4456">
     <span class='ocr_line' id='line_1_100' title="bbox 2246 4390 3840 4456; baseline 0.006 -14"><span class='ocrx_word' id='word_1_748' title='bbox 2246 4391 2428 4453; x_wconf 88' lang='lat' dir='ltr'><strong>castis,</strong></span> <span class='ocrx_word' id='word_1_749' title='bbox 2463 4390 2740 4456; x_wconf 85' lang='lat' dir='ltr'><strong>furiosmn,</strong></span> <span class='ocrx_word' id='word_1_750' title='bbox 2776 4391 3202 4446; x_wconf 81' lang='lat' dir='ltr'><strong>Samaritannm:</strong></span> <span class='ocrx_word' id='word_1_751' title='bbox 3237 4395 3344 4448; x_wconf 88' lang='lat' dir='ltr'><strong>Deo</strong></span> <span class='ocrx_word' id='word_1_752' title='bbox 3371 4395 3736 4452; x_wconf 82' lang='lat' dir='ltr'><strong>adversarium</strong></span> <span class='ocrx_word' id='word_1_753' title='bbox 3781 4411 3840 4452; x_wconf 79' lang='lat' dir='ltr'><strong>et</strong></span> 
     </span>
    </p>
   </div>
   <div class='ocr_carea' id='block_1_100' title="bbox 2246 4477 3830 4552">
    <p class='ocr_par' dir='ltr' id='par_1_100' title="bbox 2246 4477 3830 4552">
     <span class='ocr_line' id='line_1_101' title="bbox 2246 4477 3830 4552; baseline 0.008 -23"><span class='ocrx_word' id='word_1_754' title='bbox 2246 4477 2585 4545; x_wconf 85' lang='lat' dir='ltr'><strong>deceplorem</strong></span> <span class='ocrx_word' id='word_1_755' title='bbox 2642 4495 2724 4532; x_wconf 90' lang='lat' dir='ltr'><strong>me</strong></span> <span class='ocrx_word' id='word_1_756' title='bbox 2765 4483 2982 4548; x_wconf 87' lang='lat' dir='ltr'><strong>putastis</strong></span> <span class='ocrx_word' id='word_1_757' title='bbox 3030 4497 3191 4537; x_wconf 77' lang='lat' dir='ltr'><strong>esse:</strong></span> <span class='ocrx_word' id='word_1_758' title='bbox 3234 4494 3286 4538; x_wconf 89' lang='lat' dir='ltr'><strong>et</strong></span> <span class='ocrx_word' id='word_1_759' title='bbox 3321 4501 3490 4552; x_wconf 89' lang='lat' dir='ltr'><strong>nuper</strong></span> <span class='ocrx_word' id='word_1_760' title='bbox 3532 4487 3830 4550; x_wconf 85' lang='lat' dir='ltr'><strong>dicebatis,</strong></span> 
     </span>
    </p>
   </div>
   <div class='ocr_carea' id='block_1_101' title="bbox 2250 4569 3837 4641">
    <p class='ocr_par' dir='ltr' id='par_1_101' title="bbox 2250 4569 3837 4641">
     <span class='ocr_line' id='line_1_102' title="bbox 2250 4569 3837 4641; baseline 0.006 -20"><span class='ocrx_word' id='word_1_761' title='bbox 2250 4569 2324 4622; x_wconf 84' lang='lat' dir='ltr'><strong>Tu</strong></span> <span class='ocrx_word' id='word_1_762' title='bbox 2363 4571 2695 4622; x_wconf 84' lang='lat' dir='ltr'><strong>testimonium</strong></span> <span class='ocrx_word' id='word_1_763' title='bbox 2727 4571 2953 4641; x_wconf 79' lang='lat' dir='ltr'><strong>perhibes</strong></span> <span class='ocrx_word' id='word_1_764' title='bbox 2987 4573 3048 4625; x_wconf 92' lang='lat' dir='ltr'><strong>de</strong></span> <span class='ocrx_word' id='word_1_765' title='bbox 3075 4575 3266 4640; x_wconf 85' lang='lat' dir='ltr'><strong>teipso;</strong></span> <span class='ocrx_word' id='word_1_766' title='bbox 3299 4576 3642 4628; x_wconf 80' lang='lat' dir='ltr'><strong>testimonium</strong></span> <span class='ocrx_word' id='word_1_767' title='bbox 3687 4588 3837 4631; x_wconf 82' lang='lat' dir='ltr'><strong>tuum</strong></span> 
     </span>
    </p>
   </div>
   <div class='ocr_carea' id='block_1_102' title="bbox 2247 4660 3838 4733">
    <p class='ocr_par' dir='ltr' id='par_1_102' title="bbox 2247 4660 3838 4733">
     <span class='ocr_line' id='line_1_103' title="bbox 2247 4660 3838 4733; baseline 0.008 -25"><span class='ocrx_word' id='word_1_768' title='bbox 2247 4674 2344 4710; x_wconf 89' lang='lat' dir='ltr'><strong>non</strong></span> <span class='ocrx_word' id='word_1_769' title='bbox 2379 4668 2449 4711; x_wconf 84' lang='lat' dir='ltr'><strong>est</strong></span> <span class='ocrx_word' id='word_1_770' title='bbox 2480 4675 2648 4711; x_wconf 76' lang='lat' dir='ltr'><strong>verum</strong></span> <span class='ocrx_word' id='word_1_771' title='bbox 2685 4660 2858 4727; x_wconf 80' lang='lat' dir='ltr'><strong>(Joan.</strong></span> <span class='ocrx_word' id='word_1_772' title='bbox 2887 4661 2937 4714; x_wconf 92' lang='lat'><strong>8.</strong></span> <span class='ocrx_word' id='word_1_773' title='bbox 2971 4662 3057 4728; x_wconf 78' lang='lat' dir='ltr'><strong>t5)</strong></span> <span class='ocrx_word' id='word_1_774' title='bbox 3078 4678 3098 4714; x_wconf 70' lang='grc' dir='ltr'><strong>τ</strong></span> <span class='ocrx_word' id='word_1_775' title='bbox 3132 4677 3228 4715; x_wconf 91' lang='lat' dir='ltr'><strong>cur</strong></span> <span class='ocrx_word' id='word_1_776' title='bbox 3255 4678 3382 4732; x_wconf 78' lang='lat' dir='ltr'><strong>ergo</strong></span> <span class='ocrx_word' id='word_1_777' title='bbox 3410 4665 3750 4733; x_wconf 76' lang='lat' dir='ltr'><strong>interrogatis</strong></span> <span class='ocrx_word' id='word_1_778' title='bbox 3781 4679 3838 4722; x_wconf 82' lang='lat' dir='ltr'><strong>et</strong></span> 
     </span>
    </p>
   </div>
   <div class='ocr_carea' id='block_1_103' title="bbox 2246 4748 3835 4824">
    <p class='ocr_par' dir='ltr' id='par_1_103' title="bbox 2246 4748 3835 4824">
     <span class='ocr_line' id='line_1_104' title="bbox 2246 4748 3835 4824; baseline 0.008 -26"><span class='ocrx_word' id='word_1_779' title='bbox 2246 4748 2310 4801; x_wconf 87' lang='lat' dir='ltr'><strong>de</strong></span> <span class='ocrx_word' id='word_1_780' title='bbox 2340 4765 2423 4802; x_wconf 88' lang='lat' dir='ltr'><strong>me</strong></span> <span class='ocrx_word' id='word_1_781' title='bbox 2445 4749 2629 4803; x_wconf 87' lang='lat' dir='ltr'><strong>audire</strong></span> <span class='ocrx_word' id='word_1_782' title='bbox 2663 4751 2818 4803; x_wconf 87' lang='lat' dir='ltr'><strong>vultis</strong></span> <span class='ocrx_word' id='word_1_783' title='bbox 2839 4793 2851 4808; x_wconf 84' lang='lat'><strong>.</strong></span> <span class='ocrx_word' id='word_1_784' title='bbox 2884 4751 3034 4819; x_wconf 89' lang='lat' dir='ltr'><strong>cujus</strong></span> <span class='ocrx_word' id='word_1_785' title='bbox 3057 4754 3419 4807; x_wconf 89' lang='lat' dir='ltr'><strong>testimonium</strong></span> <span class='ocrx_word' id='word_1_786' title='bbox 3449 4755 3707 4824; x_wconf 87' lang='lat' dir='ltr'><strong>rejicitis?</strong></span> <span class='ocrx_word' id='word_1_787' title='bbox 3736 4757 3835 4811; x_wconf 79' lang='lat' dir='ltr'><strong>Ni-</strong></span> 
     </span>
    </p>
   </div>
   <div class='ocr_carea' id='block_1_104' title="bbox 2249 4837 3835 4913">
    <p class='ocr_par' dir='ltr' id='par_1_104' title="bbox 2249 4837 3835 4913">
     <span class='ocr_line' id='line_1_105' title="bbox 2249 4837 3835 4913; baseline 0.008 -23"><span class='ocrx_word' id='word_1_788' title='bbox 2249 4837 2318 4891; x_wconf 93' lang='lat' dir='ltr'><strong>hil</strong></span> <span class='ocrx_word' id='word_1_789' title='bbox 2353 4839 2540 4892; x_wconf 85' lang='lat' dir='ltr'><strong>horum</strong></span> <span class='ocrx_word' id='word_1_790' title='bbox 2579 4841 2742 4904; x_wconf 76' lang='lat' dir='ltr'><strong>dixit,</strong></span> <span class='ocrx_word' id='word_1_791' title='bbox 2785 4840 2883 4894; x_wconf 78' lang='lat' dir='ltr'><strong>etsi</strong></span> <span class='ocrx_word' id='word_1_792' title='bbox 2930 4853 3110 4896; x_wconf 89' lang='lat' dir='ltr'><strong>nosset</strong></span> <span class='ocrx_word' id='word_1_793' title='bbox 3146 4845 3340 4898; x_wconf 90' lang='lat' dir='ltr'><strong>malum</strong></span> <span class='ocrx_word' id='word_1_794' title='bbox 3386 4846 3835 4913; x_wconf 78' lang='lat' dir='ltr'><strong>interrogantitnn</strong></span> 
     </span>
    </p>
   </div>
   <div class='ocr_carea' id='block_1_105' title="bbox 2247 4931 3834 5010">
    <p class='ocr_par' dir='ltr' id='par_1_105' title="bbox 2247 4931 3834 5010">
     <span class='ocr_line' id='line_1_106' title="bbox 2247 4931 3834 5010; baseline 0.011 -30"><span class='ocrx_word' id='word_1_795' title='bbox 2247 4932 2498 4984; x_wconf 86' lang='lat' dir='ltr'><strong>animum.</strong></span> <span class='ocrx_word' id='word_1_796' title='bbox 2524 4931 2652 4984; x_wconf 87' lang='lat' dir='ltr'><strong>Nam</strong></span> <span class='ocrx_word' id='word_1_797' title='bbox 2675 4932 2815 5000; x_wconf 88' lang='lat' dir='ltr'><strong>quod</strong></span> <span class='ocrx_word' id='word_1_798' title='bbox 2840 4949 2960 4988; x_wconf 90' lang='lat' dir='ltr'><strong>eum</strong></span> <span class='ocrx_word' id='word_1_799' title='bbox 2987 4935 3435 4991; x_wconf 84' lang='lat' dir='ltr'><strong>circumdederint</strong></span> <span class='ocrx_word' id='word_1_800' title='bbox 3453 4979 3467 5003; x_wconf 93' lang='lat'><strong>,</strong></span> <span class='ocrx_word' id='word_1_801' title='bbox 3489 4953 3553 4994; x_wconf 89' lang='lat' dir='ltr'><strong>ac</strong></span> <span class='ocrx_word' id='word_1_802' title='bbox 3573 4939 3834 5010; x_wconf 77' lang='lat' dir='ltr'><strong>dixerint,</strong></span> 
     </span>
    </p>
   </div>
   <div class='ocr_carea' id='block_1_106' title="bbox 2251 5022 3839 5092">
    <p class='ocr_par' dir='ltr' id='par_1_106' title="bbox 2251 5022 3839 5092">
     <span class='ocr_line' id='line_1_107' title="bbox 2251 5022 3839 5092; baseline 0.012 -20"><span class='ocrx_word' id='word_1_803' title='bbox 2251 5022 2521 5092; x_wconf 83' lang='lat' dir='ltr'><strong>Quousque</strong></span> <span class='ocrx_word' id='word_1_804' title='bbox 2537 5025 2756 5076; x_wconf 88' lang='lat' dir='ltr'><strong>animam</strong></span> <span class='ocrx_word' id='word_1_805' title='bbox 2775 5035 2997 5078; x_wconf 86' lang='lat' dir='ltr'><strong>nostram</strong></span> <span class='ocrx_word' id='word_1_806' title='bbox 3019 5028 3191 5080; x_wconf 85' lang='lat' dir='ltr'><strong>tollis?</strong></span> <span class='ocrx_word' id='word_1_807' title='bbox 3208 5029 3257 5082; x_wconf 91' lang='lat' dir='ltr'><strong>id</strong></span> <span class='ocrx_word' id='word_1_808' title='bbox 3277 5030 3553 5085; x_wconf 86' lang='lat' dir='ltr'><strong>videbatur</strong></span> <span class='ocrx_word' id='word_1_809' title='bbox 3567 5047 3630 5087; x_wconf 73' lang='lat' dir='ltr'><strong>ex</strong></span> <span class='ocrx_word' id='word_1_810' title='bbox 3648 5049 3839 5091; x_wconf 86' lang='lat' dir='ltr'><strong>amore</strong></span> 
     </span>
    </p>
   </div>
   <div class='ocr_carea' id='block_1_107' title="bbox 2247 5113 3839 5185">
    <p class='ocr_par' dir='ltr' id='par_1_107' title="bbox 2247 5113 3839 5185">
     <span class='ocr_line' id='line_1_108' title="bbox 2247 5113 3839 5185; baseline 0.011 -22"><span class='ocrx_word' id='word_1_811' title='bbox 2247 5113 2476 5178; x_wconf 86' lang='lat' dir='ltr'><strong>quodam</strong></span> <span class='ocrx_word' id='word_1_812' title='bbox 2507 5123 2559 5165; x_wconf 86' lang='lat' dir='ltr'><strong>et</strong></span> <span class='ocrx_word' id='word_1_813' title='bbox 2587 5114 2824 5169; x_wconf 89' lang='lat' dir='ltr'><strong>discendi</strong></span> <span class='ocrx_word' id='word_1_814' title='bbox 2855 5116 3031 5171; x_wconf 87' lang='lat' dir='ltr'><strong>studio</strong></span> <span class='ocrx_word' id='word_1_815' title='bbox 3060 5118 3348 5185; x_wconf 85' lang='lat' dir='ltr'><strong>proﬁcisci.</strong></span> <span class='ocrx_word' id='word_1_816' title='bbox 3374 5121 3520 5176; x_wconf 82' lang='lat' dir='ltr'><strong>Mens</strong></span> <span class='ocrx_word' id='word_1_817' title='bbox 3551 5133 3728 5179; x_wconf 89' lang='lat' dir='ltr'><strong>autem</strong></span> <span class='ocrx_word' id='word_1_818' title='bbox 3754 5125 3839 5180; x_wconf 70' lang='lat' dir='ltr'><strong>in~</strong></span> 
     </span>
    </p>
   </div>
   <div class='ocr_carea' id='block_1_108' title="bbox 2249 5205 3837 5279">
    <p class='ocr_par' dir='ltr' id='par_1_108' title="bbox 2249 5205 3837 5279">
     <span class='ocr_line' id='line_1_109' title="bbox 2249 5205 3837 5279; baseline 0.011 -27"><span class='ocrx_word' id='word_1_819' title='bbox 2249 5205 2631 5271; x_wconf 82' lang='lat' dir='ltr'><strong>terrogantinm</strong></span> <span class='ocrx_word' id='word_1_820' title='bbox 2675 5217 2921 5276; x_wconf 86' lang='lat' dir='ltr'><strong>corrupta</strong></span> <span class='ocrx_word' id='word_1_821' title='bbox 2963 5217 3015 5261; x_wconf 89' lang='lat' dir='ltr'><strong>et</strong></span> <span class='ocrx_word' id='word_1_822' title='bbox 3053 5209 3271 5263; x_wconf 85' lang='lat' dir='ltr'><strong>subdola</strong></span> <span class='ocrx_word' id='word_1_823' title='bbox 3321 5222 3457 5265; x_wconf 84' lang='lat' dir='ltr'><strong>erat.</strong></span> <span class='ocrx_word' id='word_1_824' title='bbox 3502 5212 3638 5279; x_wconf 85' lang='lat' dir='ltr'><strong>Quia</strong></span> <span class='ocrx_word' id='word_1_825' title='bbox 3687 5216 3837 5270; x_wconf 90' lang='lat' dir='ltr'><strong>enim</strong></span> 
     </span>
    </p>
   </div>
   <div class='ocr_carea' id='block_1_109' title="bbox 2246 5293 3838 5374">
    <p class='ocr_par' dir='ltr' id='par_1_109' title="bbox 2246 5293 3838 5374">
     <span class='ocr_line' id='line_1_110' title="bbox 2246 5293 3838 5374; baseline 0.01 -29"><span class='ocrx_word' id='word_1_826' title='bbox 2246 5308 2406 5360; x_wconf 82' lang='lat' dir='ltr'><strong>opera</strong></span> <span class='ocrx_word' id='word_1_827' title='bbox 2433 5293 2712 5349; x_wconf 88' lang='lat' dir='ltr'><strong>calumniis</strong></span> <span class='ocrx_word' id='word_1_828' title='bbox 2737 5312 2839 5350; x_wconf 91' lang='lat' dir='ltr'><strong>non</strong></span> <span class='ocrx_word' id='word_1_829' title='bbox 2869 5298 3021 5350; x_wconf 85' lang='lat' dir='ltr'><strong>obvia</strong></span> <span class='ocrx_word' id='word_1_830' title='bbox 3050 5309 3204 5353; x_wconf 85' lang='lat' dir='ltr'><strong>erant</strong></span> <span class='ocrx_word' id='word_1_831' title='bbox 3224 5342 3236 5365; x_wconf 90' lang='lat'><strong>,</strong></span> <span class='ocrx_word' id='word_1_832' title='bbox 3268 5301 3442 5355; x_wconf 89' lang='lat' dir='ltr'><strong>verbis</strong></span> <span class='ocrx_word' id='word_1_833' title='bbox 3466 5318 3660 5372; x_wconf 87' lang='lat' dir='ltr'><strong>capere</strong></span> <span class='ocrx_word' id='word_1_834' title='bbox 3689 5322 3838 5374; x_wconf 72' lang='lat' dir='ltr'><strong>qua:-</strong></span> 
     </span>
    </p>
   </div>
   <div class='ocr_carea' id='block_1_110' title="bbox 2248 5388 3838 5467">
    <p class='ocr_par' dir='ltr' id='par_1_110' title="bbox 2248 5388 3838 5467">
     <span class='ocr_line' id='line_1_111' title="bbox 2248 5388 3838 5467; baseline 0.009 -30"><span class='ocrx_word' id='word_1_835' title='bbox 2248 5388 2466 5452; x_wconf 81' lang='lat' dir='ltr'><strong>rebant,</strong></span> <span class='ocrx_word' id='word_1_836' title='bbox 2499 5388 2652 5441; x_wconf 89' lang='lat' dir='ltr'><strong>aliter</strong></span> <span class='ocrx_word' id='word_1_837' title='bbox 2679 5405 2834 5456; x_wconf 89' lang='lat' dir='ltr'><strong>quam</strong></span> <span class='ocrx_word' id='word_1_838' title='bbox 2864 5392 3011 5459; x_wconf 88' lang='lat' dir='ltr'><strong>prius</strong></span> <span class='ocrx_word' id='word_1_839' title='bbox 3040 5393 3457 5461; x_wconf 83' lang='lat' dir='ltr'><strong>interrogantes,</strong></span> <span class='ocrx_word' id='word_1_840' title='bbox 3491 5411 3552 5449; x_wconf 87' lang='lat' dir='ltr'><strong>ac</strong></span> <span class='ocrx_word' id='word_1_841' title='bbox 3582 5396 3838 5467; x_wconf 83' lang='lat' dir='ltr'><strong>frequen-</strong></span> 
     </span>
    </p>
   </div>
   <div class='ocr_carea' id='block_1_111' title="bbox 2251 5477 3834 5550">
    <p class='ocr_par' dir='ltr' id='par_1_111' title="bbox 2251 5477 3834 5550">
     <span class='ocr_line' id='line_1_112' title="bbox 2251 5477 3834 5550; baseline 0.01 -23"><span class='ocrx_word' id='word_1_842' title='bbox 2251 5487 2328 5529; x_wconf 85' lang='lat' dir='ltr'><strong>Icr</strong></span> <span class='ocrx_word' id='word_1_843' title='bbox 2359 5477 2724 5542; x_wconf 88' lang='lat' dir='ltr'><strong>sciscitantes,</strong></span> <span class='ocrx_word' id='word_1_844' title='bbox 2757 5495 2820 5532; x_wconf 81' lang='lat' dir='ltr'><strong>ex</strong></span> <span class='ocrx_word' id='word_1_845' title='bbox 2856 5480 2983 5550; x_wconf 87' lang='lat' dir='ltr'><strong>ipsis</strong></span> <span class='ocrx_word' id='word_1_846' title='bbox 3012 5482 3190 5536; x_wconf 87' lang='lat' dir='ltr'><strong>verbis</strong></span> <span class='ocrx_word' id='word_1_847' title='bbox 3225 5498 3345 5538; x_wconf 89' lang='lat' dir='ltr'><strong>eum</strong></span> <span class='ocrx_word' id='word_1_848' title='bbox 3372 5485 3653 5541; x_wconf 90' lang='lat' dir='ltr'><strong>confutare</strong></span> <span class='ocrx_word' id='word_1_849' title='bbox 3683 5489 3834 5543; x_wconf 83' lang='lat' dir='ltr'><strong>vole-</strong></span> 
     </span>
    </p>
   </div>
   <div class='ocr_carea' id='block_1_112' title="bbox 2251 5566 3836 5645">
    <p class='ocr_par' dir='ltr' id='par_1_112' title="bbox 2251 5566 3836 5645">
     <span class='ocr_line' id='line_1_113' title="bbox 2251 5566 3836 5645; baseline 0.009 -27"><span class='ocrx_word' id='word_1_850' title='bbox 2251 5566 2406 5631; x_wconf 88' lang='lat' dir='ltr'><strong>bant;</strong></span> <span class='ocrx_word' id='word_1_851' title='bbox 2437 5577 2488 5621; x_wconf 88' lang='lat' dir='ltr'><strong>ct</strong></span> <span class='ocrx_word' id='word_1_852' title='bbox 2522 5584 2641 5622; x_wconf 88' lang='lat' dir='ltr'><strong>cum</strong></span> <span class='ocrx_word' id='word_1_853' title='bbox 2674 5584 2832 5639; x_wconf 83' lang='lat' dir='ltr'><strong>Opera</strong></span> <span class='ocrx_word' id='word_1_854' title='bbox 2866 5585 3086 5641; x_wconf 88' lang='lat' dir='ltr'><strong>carpere</strong></span> <span class='ocrx_word' id='word_1_855' title='bbox 3124 5588 3228 5626; x_wconf 90' lang='lat' dir='ltr'><strong>non</strong></span> <span class='ocrx_word' id='word_1_856' title='bbox 3269 5586 3522 5645; x_wconf 86' lang='lat' dir='ltr'><strong>possent,</strong></span> <span class='ocrx_word' id='word_1_857' title='bbox 3555 5591 3622 5631; x_wconf 83' lang='lat' dir='ltr'><strong>ex</strong></span> <span class='ocrx_word' id='word_1_858' title='bbox 3654 5579 3836 5633; x_wconf 77' lang='lat' dir='ltr'><strong>verbis</strong></span> 
     </span>
    </p>
   </div>
   <div class='ocr_carea' id='block_1_113' title="bbox 2259 5681 3829 5788">
    <p class='ocr_par' dir='ltr' id='par_1_113' title="bbox 2259 5681 3829 5788">
     <span class='ocr_line' id='line_1_114' title="bbox 2259 5681 3829 5788; baseline 0.008 -62"><span class='ocrx_word' id='word_1_859' title='bbox 2259 5741 2283 5786; x_wconf 36' lang='grc' dir='ltr'>κ</span> <span class='ocrx_word' id='word_1_860' title='bbox 2314 5681 2568 5788; x_wconf 57' lang='lat' dir='ltr'><strong>(aiaszepe</strong></span> <span class='ocrx_word' id='word_1_861' title='bbox 2607 5682 2979 5743; x_wconf 79' lang='lat' dir='ltr'><strong>Cbrysostomns</strong></span> <span class='ocrx_word' id='word_1_862' title='bbox 3021 5685 3262 5735; x_wconf 83' lang='lat' dir='ltr'><strong>Persidem</strong></span> <span class='ocrx_word' id='word_1_863' title='bbox 3289 5697 3428 5739; x_wconf 76' lang='lat' dir='ltr'><strong>vocat</strong></span> <span class='ocrx_word' id='word_1_864' title='bbox 3453 5686 3756 5751; x_wconf 78' lang='lat' dir='ltr'><strong>Babyloniam</strong></span> <span class='ocrx_word' id='word_1_865' title='bbox 3776 5692 3829 5739; x_wconf 81' lang='lat' dir='ltr'><strong>et</strong></span> 
     </span>
     <span class='ocr_line' id='line_1_115' title="bbox 2259 5755 2508 5788; baseline 0.012 -3"><span class='ocrx_word' id='word_1_866' title='bbox 2259 5755 2410 5788; x_wconf 48' lang='lat' dir='ltr'><strong>.s‘vri</strong></span> <span class='ocrx_word' id='word_1_867' title='bbox 2445 5755 2508 5788; x_wconf 89' lang='lat' dir='ltr'><strong>m.</strong></span> 
     </span>
    </p>
   </div>
   <div class='ocr_carea' id='block_1_114' title="bbox 2250 5755 2508 5791">
    <p class='ocr_par' dir='ltr' id='par_1_114' title="bbox 2250 5755 2508 5791">
     <span class='ocr_line' id='line_1_116' title="bbox 2250 5755 2508 5791; baseline 0.016 -5"><span class='ocrx_word' id='word_1_868' title='bbox 2250 5755 2508 5791; x_wconf 55' lang='lat' dir='ltr'><strong>assvrtam.</strong></span> 
     </span>
    </p>
   </div>
  </div>
