4054 6428
142 375 251 431 337

144 498 337 543 ansam
377 476 713 553 quaerebant.
756 469 885 527 ideo
920 463 1206 528 dicebant,
1255 458 1354 553 Dic
1397 456 1561 512 nobis.
1594 450 1757 521 Atqui

144 593 295 648 smpe
333 550 487 630 dixit.
533 568 667 623 Nam
711 564 788 619 sic
832 559 1226 618 Samaritanam
1273 550 1754 648 alioqutitus-cst:

147 633 266 743 Egi)
288 683 405 723 sum
434 664 519 735 qui
539 662 721 731 loquor
741 666 905 710 tecum
930 652 1110 722 (Joan.
1136 647 1194 703 4.
1217 643 1309 714 εσ)
1343 649 1398 696 et
1418 652 1563 696 casco

146 725 227 821 Εἴ
246 758 418 817 vidisti
447 725 616 820 'eum,
658 761 706 809 et
740 749 827 821 qui
857 745 1079 819 loquitur
1117 751 1307 804 tecum,
1339 735 1427 790 itte
1461 743 1535 789 est
1582 725 1754 821 (Ibid.

140 819 201 917 ὁ.
232 856 347 927 37).
382 852 493 908 nus
530 819 760 920 quoque
784 841 949 906 dixit,
993 835 1088 893 sed
1126 833 1247 889 aliis
1284 828 1483 927 verbis.
1515 820 1676 895 Atqui
1710 819 1755 874 si

143 920 334 1008 mente
360 945 692 1005 valuissent,
721 946 776 993 et
804 943 950 990 recte
975 927 1263 999 explorare
1288 920 1584 977 voluissent
1600 956 1615 981 ,
1636 926 1761 1008 rer-

145 1003 464 1109 iiisvipsum
517 1003 764 1088 conﬁteri
818 1022 1166 1081 debuissent,
1218 1014 1308 1086 qui
1357 1008 1611 1082 operibus
1656 1003 1759 1058 hoc

146 1104 327 1205 ipsum
370 1142 520 1200 εει-ρο
558 1118 1021 1190 comprobaverat.
1061 1111 1214 1166 Nunc
1239 1120 1371 1171 vero
1397 1104 1609 1205 illorum
1635 1110 1760 1205 per-

150 1188 467 1283 rrcrsitatcai
491 1188 799 1274 considera.
830 1209 968 1264 Cum
998 1203 1349 1260 concionatur
1379 1206 1434 1252 et
1461 1191 1640 1249 verbis
1659 1188 1759 1245 do-

144 1280 272 1386 cet,
303 1317 460 1371 aiunt
486 1330 500 1363 :
535 1306 687 1377 Quod
705 1305 906 1374 signum
933 1294 1195 1353 ostendis!
1223 1291 1355 1347 Cum
1378 1298 1555 1343 autem
1578 1280 1758 1353 operi-

148 1378 269 1467 bus
291 1400 785 1464 demonstrationes
824 1391 1061 1463 prol'ert,
1108 1386 1294 1442 dicunt
1336 1381 1412 1436 illi
1449 1396 1461 1432 :
1496 1378 1557 1434 Si
1603 1385 1657 1429 tu
1692 1389 1758 1467 ges

148 1464 410 1563 illirium,
437 1494 522 1547 dic
548 1489 692 1546 nobis
720 1486 915 1558 palam.
948 1482 1082 1537 Dum
1104 1491 1270 1548 opera
1288 1474 1561 1563 clamant,
1592 1464 1755 1563 verba

147 1558 439 1663 quaerunt;
471 1594 526 1641 et
547 1597 669 1640 eum
692 1580 853 1634 verba
882 1575 1112 1640 docent,
1140 1569 1209 1625 ad
1229 1580 1396 1638 Opera
1417 1558 1755 1663 confugiunt,

146 1649 549 1749 contrariisque
606 1685 822 1742 semper
860 1667 1133 1723 insistunt.
1162 1659 1317 1731 Quod
1347 1656 1491 1713 enim
1528 1668 1634 1709 non
1676 1649 1761 1705 di-

147 1771 337 1829 scendi
354 1744 519 1824 causa
540 1766 954 1832 interrogarent,
977 1756 1153 1811 exitus
1169 1744 1756 1812 demonstravit.Quem

149 1864 298 1921 enim
338 1862 411 1915 ita
446 1858 549 1913 ﬁde
574 1855 793 1924 dignum
828 1848 1117 1921 putabant,
1159 1853 1219 1898 ut
1256 1840 1323 1896 de
1350 1839 1529 1909 seipse
1563 1832 1758 1891 testiﬁ-

149 1962 365 2012 cantem
388 1949 772 2009 admitterent,
800 1942 881 1997 vel
906 1954 1070 2012 pauca
1100 1938 1404 2008 loquentem
1426 1973 1443 1999 ,
1471 1928 1651 1986 statim
1675 1927 1760 1982 la-

152 2047 369 2118 pidibus
402 2044 687 2110 impetunt.
719 2036 898 2105 Itaque
939 2029 1081 2102 quod
1123 2022 1532 2118 circumdarent
1549 2033 1673 2076 eum
1705 2025 1761 2073 et

152 2112 421 2195 instarent
440 2175 457 2201 ,
489 2132 542 2188 id
568 2146 631 2186 ex
659 2126 896 2198 nequitia
920 2119 1383 2195 proﬁciscebatur.
1411 2112 1603 2169 Modus
1623 2123 1758 2201 quo-

150 2246 260 2303 que
288 2197 658 2295 interrogandi
697 2197 925 2275 multum
964 2228 1073 2285 prae
1107 2226 1168 2267 se
1196 2207 1404 2303 terebat
1662 2197 1760 2255 Dic

152 2294 300 2376 ,ἔσθει
331 2294 527 2389 palam,
559 2316 604 2369 εξ
632 2321 686 2367 tu
703 2327 761 2366 ει
788 2308 1042 2364 Christus.
1073 2300 1234 2372 Atqui
1261 2298 1439 2389 palam
1461 2296 1550 2350 ille
1574 2294 1763 2389 loque-

154 2412 312 2465 batur
331 2382 393 2463 in
416 2401 845 2462 solemnitatibus
863 2440 878 2465 ,
912 2396 1107 2468 quibus
1131 2406 1349 2462 semper
1367 2387 1574 2453 aderat,
1604 2382 1764 2439 nihil-

154 2500 419 2571 quedam
440 2494 685 2558 dicebat;
714 2490 941 2557 ideoque
956 2485 1240 2540 adulantes
1262 2480 1466 2543 dicunt,
1491 2477 1765 2571 Quousque

155 2564 387 2646 sinistram
414 2597 646 2642 nostram
671 2582 846 2638 tollis?
875 2590 933 2634 ut
964 2584 1321 2649 provocantes
1340 2614 1356 2640 ,
1388 2570 1623 2640 aliquam
1652 2564 1762 2621 cri-

156 2679 397 2737 minandi
438 2688 627 2733 ans‘am
671 2673 962 2743 reperiant.
1023 2665 1178 2734 Quod
1221 2665 1368 2721 enim
1415 2673 1630 2730 semper
1670 2656 1765 2711 illo

158 2778 229 2849 an“
255 2784 346 2827 nio
385 2772 813 2839 interrogarent,
843 2779 953 2820 non
993 2770 1050 2816 ut
1083 2760 1376 2822 discerent,
1400 2754 1498 2812 sed
1538 2764 1595 2809 ut
1621 2751 1761 2807 dicta
1788 2742 1807 2754 ”

157 2848 445 2934 carperent
465 2903 484 2930 ,
510 2876 619 2917 non
645 2859 772 2914 hinc
800 2855 977 2912 solum
994 2895 1009 2921 ,
1044 2851 1140 2908 sed
1156 2861 1212 2906 ct
1236 2839 1456 2904 aliunde
1475 2860 1619 2915 stepc
1643 2858 1768 2915 pro-

161 2960 340 3013 batur.
376 2954 511 3011 Nam
548 2968 672 3010 cum
704 2954 1050 3006 accesserunt
1080 2943 1321 3000 dicentes
1352 2959 1365 2995 :
1400 2938 1537 2993 Licet
1563 2951 1768 2991 censum

160 3051 288 3104 dare
310 3045 533 3114 Caesari,
565 3060 723 3099 necne
752 3039 977 3113 (Matth.
1001 3037 1092 3091 22.
1122 3035 1250 3105 l7)?
1283 3042 1483 3089 etcum
1513 3031 1581 3085 de
1611 3042 1768 3098 repu-

161 3140 356 3197 dianda
382 3153 558 3194 uxore
589 3142 842 3206 agerent,
875 3144 1106 3199 cumque
1130 3128 1196 3183 de
1227 3127 1316 3181 illa
1339 3123 1766 3188 sciscitarentur,

163 3248 324 3303 quam
369 3230 624 3286 dicebant
665 3236 870 3297 septem
911 3224 1164 3277 habuisse
1210 3221 1391 3286 viros,
1446 3214 1767 3287 deprehensi

163 3336 311 3391 sunt,
344 3340 449 3379 non
472 3321 714 3379 discendi
746 3319 943 3385 studio,
976 3317 1070 3373 scd
1091 3332 1163 3373 ex
1190 3329 1354 3386 pravo
1378 3313 1561 3368 animo
1586 3310 1770 3366 scisci-

165 3421 285 3474 tari.
315 3418 417 3475 Sed
450 3430 577 3471 tunc
609 3415 729 3469 illos
757 3396 995 3483 coarguit
1024 3410 1108 3465 his
1140 3408 1351 3475 verbis,
1393 3406 1531 3475 Quid
1560 3421 1638 3459 me
1662 3414 1771 3458 ten-

164 3513 311 3573 tutis,
343 3494 660 3580 hypocrita?
688 3504 979 3559 ostendens
1005 3517 1063 3556 se
1092 3501 1307 3555 illorum
1333 3509 1593 3553 secretam
1623 3510 1772 3549 men-

166 3612 276 3654 tem
306 3605 657 3669 adgnoscere.
684 3595 780 3649 llic
800 3610 927 3648 vero
956 3591 1086 3645 nihil
1118 3590 1347 3660 loquitur
1372 3588 1567 3653 simile,
1593 3596 1650 3641 ut
1673 3600 1772 3640 nos

165 3695 390 3759 doceat,
424 3689 767 3744 insidiatores
800 3700 907 3740 non
932 3698 1144 3752 semper
1171 3697 1293 3736 esse
1316 3678 1643 3750 arguendos,
1675 3674 1769 3731 sed

168 3787 334 3839 multa
377 3782 620 3837 modeste
655 3788 709 3833 et
744 3784 1023 3832 mansuete
1053 3788 1175 3829 esse
1204 3772 1441 3828 ferenda.
1474 3770 1608 3838 Quia
1643 3782 1774 3837 ergo

169 3878 390 3932 stultum
418 3883 556 3936 erat,
586 3871 716 3941 ipsis
742 3868 996 3941 operibus
1022 3862 1458 3936 praedicantibus,
1488 3860 1771 3914 verborum

172 3967 478 4023 testimonia
507 3978 752 4034 qumrcre
771 4001 786 4025 ,
818 3960 940 4014 audi
972 3956 1244 4028 quomodo
1270 3955 1400 4020 ipsis
1427 3950 1773 4022 respondeat,

170 4060 332 4113 simul
362 4055 725 4112 'subindicaus
768 4052 886 4106 haec
928 4050 1049 4104 illos
1092 4050 1288 4103 frustra
1338 4059 1619 4115 qnmrerc,
1667 4055 1776 4095 non

173 4148 413 4205 discendi
436 4160 595 4200 causa
616 4187 631 4209 _,
663 4150 719 4199 et
740 4141 1071 4212 signiﬁcans,
1106 4153 1165 4193 se
1183 4138 1292 4207 jam
1317 4135 1495 4191 verbis
1522 4134 1651 4204 ipsis
1671 4133 1779 4186 cla-

174 4244 371 4297 riorem
395 4240 641 4295 emisisse
667 4251 853 4291 vocem
877 4277 891 4301 ,
923 4251 1019 4305 per
1048 4249 1211 4303 opera
1240 4232 1467 4287 scilicet.
1502 4229 1635 4283 Nam
1663 4228 1736 4282 ait
1764 4244 1778 4280 :

171 4333 267 4389 25.
301 4332 454 4402 Sa‘pe
485 4332 595 4385 dixi
632 4330 800 4393 vobis,
832 4339 879 4382 et
910 4344 1007 4381 non
1040 4326 1243 4380 creditis
1274 4324 1398 4377 mihi
1428 4338 1445 4376 :
1476 4338 1630 4393 Opera
1670 4336 1784 4393 qua:

176 4441 268 4495 ego
308 4424 440 4492 {acia
480 4423 533 4475 in
565 4421 767 4474 nomine
808 4418 979 4472 Patris
1007 4418 1137 4483 mei,
1169 4414 1260 4469 illa
1306 4414 1641 4469 testimonium
1672 4428 1785 4483 pcr-

179 4516 347 4569 hibent
375 4514 438 4568 de
469 4529 567 4567 me.
612 4510 767 4579 Quod
814 4510 886 4575 ii,
916 4509 1005 4580 qui
1045 4507 1184 4578 apud
1226 4508 1349 4561 illos
1392 4506 1784 4561 moderatiores

178 4617 362 4673 erant,
396 4622 541 4677 smpc
570 4613 755 4660 mutuo
775 4603 1021 4658 dicebant
1045 4620 1057 4654 :
1089 4598 1267 4672 Neque
1293 4600 1425 4654 enim
1450 4608 1609 4669 potest
1635 4600 1785 4652 homo

181 4708 415 4766 peccator
442 4698 551 4751 Iure
587 4697 733 4767 signa
779 4695 946 4763 facere
975 4692 1166 4763 (Joan.
1197 4693 1251 4749 9.
1282 4692 1403 4764 16);
1437 4702 1490 4748 et
1536 4707 1782 4756 rursum,

183 4790 305 4845 Non
349 4796 515 4859 potest
555 4787 862 4841 dwmonium
910 4800 1159 4839 censorum
1203 4785 1379 4839 oculos
1418 4785 1647 4853 aperire;
1701 4791 1781 4847 et,

180 4882 351 4937 Nemo
391 4891 547 4951 potest
580 4878 705 4933 talia
742 4881 889 4949 signa
916 4879 1082 4947 facere
1101 4919 1116 4942 ,
1147 4878 1241 4931 nisi
1270 4878 1334 4930 sit
1361 4893 1477 4930 cum
1503 4877 1594 4930 illo
1623 4874 1783 4929 Deus.

181 4974 247 5027 Iit
276 4971 517 5025 videntes
547 4970 697 5037 signa
736 4985 855 5035 qua:
899 4969 1157 5031 iaciebat,
1190 4966 1439 5022 dicebant
1475 4986 1487 5021 :
1522 4966 1789 5034 Numquid

184 5064 264 5115 hic.
291 5071 361 5127 est
390 5059 665 5115 Christus?
696 5059 796 5113 Alii
828 5070 1005 5113 autem
1034 5057 1280 5113 dicebant
1309 5076 1321 5110 :
1356 5058 1574 5125 Quando
1603 5060 1789 5113 venerit

182 5152 416 5208 Christus
436 5194 451 5212 ,
483 5168 603 5204 num
626 5152 774 5221 plura
802 5152 951 5221 signa
974 5152 1152 5220 faciet,
1185 5166 1336 5219 quam
1366 5151 1446 5203 hic
1468 5151 1583 5219 fecit
1611 5150 1785 5221 (Ibid.

187 5246 237 5297 7.
263 5245 395 5314 5|)?
422 5242 587 5297 Iidem
614 5257 740 5295 vero
771 5242 867 5311 ipsi
899 5257 961 5294 ex
1004 5241 1257 5311 operibus
1280 5242 1529 5295 volebant
1565 5243 1617 5295 in
1644 5244 1790 5297 illum

186 5335 409 5391 credere
434 5334 675 5389 dicentes
704 5351 717 5387 :
754 5334 901 5398 Quod
930 5334 1132 5404 signant
1169 5334 1390 5387 ostendis
1427 5332 1569 5387 nobis
1589 5375 1604 5399 ,
1634 5343 1689 5387 ut
1716 5335 1791 5387 vi—

188 5429 397 5480 deamus
423 5436 470 5479 et
498 5425 763 5478 credamus
793 5424 879 5477 tibi
908 5424 1068 5493 (Ibid.
1099 5424 1152 5476 9..
1184 5424 1311 5495 i8)?

263 5516 320 5569 ἓ..
357 5516 629 5581 Quomodo
669 5515 896 5571 Christus
916 5516 1127 5570 .Iudusos
1155 5517 1464 5587 increpando
1487 5519 1640 5572 simul
1676 5518 1796 5571 alli—

191 5612 289 5667 ciat
327 5623 375 5664 ct
404 5611 598 5663 inritet.
636 5608 827 5663 Eadem
867 5611 1093 5678 potentia
1129 5608 1298 5665 Patris
1339 5621 1384 5663 ct
1428 5610 1582 5677 Filii,
1621 5612 1796 5665 eadem

196 5720 393 5755 manus.
412 5732 484 5740 -——
502 5701 634 5767 Quia
658 5717 785 5771 ergo
810 5712 934 5756 tunc
965 5703 1287 5757 simulabant
1318 5718 1377 5758 sc
1404 5718 1466 5758 ex
1500 5704 1614 5758 solo
1634 5706 1797 5759 verbo

208 5796 537 5858 σισίιὶειιγομ,
579 5793 667 5862 qui
711 5803 788 5848 tot
821 5794 1086 5863 tantisque
1129 5797 1379 5865 operibus
1412 5812 1516 5852 non
1554 5797 1799 5853 credide-

182 5978 191 6009 i

1256 345 1321 403 1N
1359 336 1678 400 JOANNEM
1716 333 1941 392 liOMlL.
1987 331 2123 407 LXI.
2165 331 2239 387 al.
2280 330 2390 386 LX.

3367 318 3471 378 3'58

1869 457 2024 515 rant,
2058 447 2271 503 illorum
2309 444 2599 516 nequitiam
2626 441 2802 513 arguit
2833 440 2919 497 bis
2947 439 3166 495 verbis:
3202 438 3262 492 Si
3301 441 3473 506 operi.-

1867 541 1961 594 bus
1981 556 2081 595 non
2103 539 2330 602 creditis,
2347 535 2600 608 quomodo
2623 534 2784 589 verbis
2802 532 3059 587 credetis?
3086 529 3265 598 Quare
3287 544 3348 583 su
3355 545 3473 597 per»

1868 631 1971 687 ilua
2001 641 2085 687 est
2114 630 2485 701 interrogatio.
2514 628 2608 683 26.
2642 626 2750 683 Sed
2768 626 2877 681 dixi
2897 626 3058 692 vobis,
3084 625 3273 695 inquit,
3305 632 3350 676 et
3373 638 3472 675 non

1867 722 2073 777 creditis
2098 721 2244 788 mihi,
2272 721 2393 792 quia
2420 736 2522 774 non
2555 719 2675 773 estis
2698 718 2762 773 de
2791 717 2965 771 ovibus
2988 718 3131 769 meis.
3167 715 3277 785 Ego
3303 723 3471 768 totum

1868 813 2102 885 pastoris
2130 812 2367 867 ofﬁcium
2392 810 2609 867 exhibui
2635 828 2649 866 :
2676 810 2721 865 si
2754 824 2881 864 vero
2909 824 2995 862 me
3026 820 3135 863 non
3162 807 3469 875 sequimini,

1870 922 1976 961 non
2003 904 2145 976 quod
2168 920 2268 976 ego
2295 920 2401 961 non
2432 915 2617 975 pastor
2637 904 2738 959 sim
2769 902 3024 963 renuistis
3043 944 3060 969 ,
3088 900 3182 957 sed
3208 902 3351 971 quod
3379 918 3474 955 vos

1865 1011 1995 1052 oves
2022 1012 2157 1053 mea:
2180 1012 2285 1052 non
2307 996 2444 1051 sitis.
2468 995 2601 1051 Nam
2621 994 2713 1049 27.
2739 993 2870 1049 Oves
2892 1008 3017 1047 mea:
3034 1035 3050 1059 ,
3080 992 3275 1063 inquit,
3303 1007 3475 1045 vocem

1867 1105 2031 1143 meam
2057 1089 2301 1152 audiunt,
2332 1098 2381 1142 et
2410 1097 2687 1158 sequuntur
2712 1101 2809 1151 me,
2839 1084 2931 1141 28.
2965 1092 3010 1139 et
3050 1084 3204 1138 ritum
3230 1092 3479 1137 attentum

1866 1178 1935 1233 do
1962 1179 2055 1243 eis,
2084 1186 2132 1231 et
2158 1193 2260 1232 non
2292 1178 2525 1247 peribunt
2558 1176 2615 1260 iq
2641 1168 2933 1230 retentum:
2961 1183 3007 1229 et
3033 1190 3181 1232 nemo
3207 1182 3366 1243 potest
3393 1183 3482 1219 ens

1847 1286 2047 1355 rapere
2074 1268 2139 1323 de
2166 1285 2321 1322 manu
2347 1284 2480 1325 mea.
2511 1268 2603 1324 29.
2640 1267 2777 1336 Quia
2815 1265 2997 1332 Pater,
3025 1268 3112 1337 qui
3142 1265 3281 1319 dedit
3314 1266 3470 1327 mihi,

1864 1365 2035 1435 major
2057 1372 2129 1418 est
2158 1361 2391 1419 omnibus
2412 1377 2431 1416 :
2458 1370 2507 1416 et
2533 1377 2680 1416 nemo
2708 1370 2871 1431 potest
2899 1376 2986 1415 cas
3020 1376 3203 1429 rapere
3226 1360 3291 1412 de
3318 1375 3475 1410 mrum

1869 1455 2042 1512 Patris
2071 1457 2188 1509 mei.
2222 1454 2313 1511 30.
2344 1453 2457 1527 Ego
2495 1464 2543 1509 et
2583 1454 2745 1509 Pater
2772 1469 2934 1508 unum
2973 1466 3171 1507 smnus.
3210 1450 3473 1507 Aniinad~

1864 1557 2018 1605 verte
2045 1546 2316 1619 quomodo
2339 1547 2461 1603 illos
2488 1546 2805 1617 rejiciendo,
2840 1547 3089 1601 hortetur
3126 1555 3305 1601 tamen
3332 1553 3389 1599 ut
3418 1560 3477 1598 se

1866 1648 2179 1711 sequantur.
2221 1638 2356 1706 Vos,
2388 1639 2591 1711 inquit,
2637 1655 2741 1694 non
2768 1639 2961 1693 auditis
2990 1652 3107 1699 nte;
3147 1652 3306 1708 neque
3342 1637 3477 1691 enim

1866 1734 1984 1788 estis
2010 1749 2126 1788 oves
2145 1750 2164 1798 ;
2192 1732 2281 1800 qui
2314 1747 2442 1789 vero
2475 1740 2795 1803 sequuntur,
2826 1731 2881 1786 bi
2915 1739 3046 1787 sunt
3078 1745 3143 1784 ex
3171 1729 3320 1785 ovili.
3352 1728 3479 1783 lla-c

1867 1839 2031 1895 porro
2047 1823 2283 1891 dicebat,
2311 1835 2370 1880 ut
2393 1824 2467 1880 illi
2490 1838 2622 1880 oves
2643 1839 2764 1880 esse
2783 1830 3126 1879 conarentur.
3162 1819 3363 1875 Deinde
3387 1820 3476 1874 ubi

1866 1918 1997 1989 quid
2024 1917 2410 1996 consequuturi
2440 1916 2548 1973 sint
2575 1914 2854 1988 exposuit,
2894 1914 3081 1971 incitat
3108 1913 3229 1968 illos
3249 1953 3263 1975 ,
3297 1920 3356 1966 ut
3384 1926 3477 1966 se-

1867 2009 2063 2081 quendi
2086 2008 2413 2065 desiderium
2438 2009 2657 2064 inierat.
2684 2006 2825 2075 Quid
2847 2006 3016 2078 ergo?
3047 2020 3173 2061 num
3197 2004 3269 2061 ob
3302 2004 3479 2059 Patris

1869 2100 2163 2170 potentiam
2196 2114 2356 2155 nemo
2381 2099 2552 2169 rapit,
2582 2106 2639 2154 tu
2665 2113 2796 2154 vero
2825 2096 2956 2152 nihil
2988 2105 3144 2167 potes
3164 2138 3180 2161 ,
3210 2106 3266 2151 et
3298 2104 3481 2150 custo-

1867 2192 1988 2248 dire
2009 2205 2117 2246 non
2149 2190 2331 2247 vales?
2360 2189 2598 2247 Minime.
2627 2188 2699 2246 Ut
2723 2189 2901 2245 discas
2923 2187 3090 2254 enim,
3116 2186 3269 2255 illud,
3299 2184 3475 2252 Pater,

1867 2285 1953 2357 qui
1983 2285 2123 2340 dedit
2152 2284 2313 2351 mihi,
2358 2282 2479 2339 ideo
2517 2281 2718 2339 dictum
2763 2279 2964 2349 fuisse,
2995 2294 3066 2336 ne
3111 2281 3260 2343 illum
3301 2278 3480 2334 denuo

1873 2380 1984 2435 Deo
2003 2379 2372 2436 adversarium
2401 2377 2677 2444 dicerent;
2709 2385 2993 2447 postquam
3031 2374 3277 2439 dixerat,
3314 2372 3480 2426 Nemo

1870 2472 2006 2543 rapit
2026 2487 2111 2526 eas
2135 2468 2199 2525 de
2216 2485 2370 2523 manu
2392 2484 2523 2529 mea,
2548 2467 2722 2538 pergit
2737 2465 3031 2522 ostendens
3050 2480 3205 2521 suam
3230 2471 3284 2520 et
3304 2462 3481 2519 Patris

1870 2580 2090 2621 manum
2122 2579 2283 2620 unam
2313 2577 2455 2618 esse.
2484 2560 2595 2617 Nisi
2625 2561 2770 2616 enim
2804 2559 2906 2615 hoc
2930 2559 3004 2613 ita
3032 2566 3208 2624 esset,
3238 2554 3482 2611 (ἥρωι-αδ

1871 2666 2027 2714 erat:
2061 2657 2223 2713 Pater
2256 2656 2347 2727 qui
2379 2654 2528 2711 dedit
2568 2654 2731 2721 mihi,
2776 2652 2952 2722 major
2991 2650 3245 2706 omnibus
3274 2657 3386 2715 est,
3410 2650 3484 2701 ‘et

1873 2765 2035 2807 nemo
2073 2758 2253 2821 potest
2282 2762 2375 2804 eas
2419 2762 2611 2818 rapere
2649 2745 2718 2801 de
2762 2760 2924 2800 manu
2957 2757 3096 2799 mea.
3134 2741 3330 2797 Verum
3376 2756 3482 2795 lion

1874 2846 1944 2900 ita
1970 2844 2141 2910 dixit,
2172 2841 2267 2897 sed
2288 2882 2302 2906 ,
2334 2840 2413 2895 De
2441 2856 2597 2894 manu
2629 2837 2805 2893 Patris
2835 2837 2951 2892 mei.
2982 2834 3185 2892 Deinde
3218 2850 3287 2889 ne
3328 2842 3482 2903 putes

1875 2938 2047 3009 ipsum
2079 2950 2202 2991 esse
2240 2933 2513 2990 inﬁrmum
2533 2974 2549 3000 ,
2579 2931 2675 2988 sed
2708 2946 2803 3003 per
2827 2930 3002 2987 Patris
3031 2928 3484 3001 potentiamorcs

1877 3028 1928 3084 in
1960 3038 2073 3083 tuto
2098 3043 2250 3095 esse,
2282 3026 2519 3101 subdidit
2547 3044 2561 3080 :
2590 3024 2702 3097 Ego
2733 3034 2778 3080 et
2812 3024 2967 3079 Pater
2996 3040 3155 3079 unum
3182 3037 3357 3077 sumus
3374 3037 3392 3085 ;
3422 3034 3487 3074 ac

1877 3121 1919 3176 si
1950 3120 2190 3185 diceret,
2214 3117 2331 3173 Non
2360 3117 2482 3173 ideo
2511 3117 2654 3185 dixi,
2686 3117 2756 3174 ob
2782 3108 2957 3172 Patris
2984 3114 3277 3189 potentiam
3310 3128 3482 3167 neun-

1877 3228 2002 3267 nem
2030 3227 2125 3267 cas
2154 3224 2275 3268 esse
2303 3220 2583 3280 rapturum
2605 3250 2621 3277 ,
2652 3210 2805 3280 quasi
2847 3209 2966 3264 illas
3001 3222 3101 3278 ego
3128 3220 3346 3262 servare
3378 3218 3485 3259 non

1876 3306 2105 3360 valeam.
2130 3304 2262 3360 Nam
2285 3301 2400 3376 Ego
2421 3314 2468 3358 et
2500 3302 2656 3357 Pater
2675 3319 2830 3356 unum
2850 3316 3061 3364 smnus;
3090 3299 3140 3354 id
3164 3306 3265 3364 est,
3294 3312 3489 3353 secun-

1877 3399 2013 3467 dum.
2032 3396 2323 3467 potentiam
2351 3414 2363 3451 :
2397 3410 2522 3451 nam
2548 3394 2617 3451 de
2636 3394 2724 3449 illa
2753 3393 2841 3449 hic
2867 3407 3048 3447 sermo
3068 3401 3204 3447 crat.
3228 3390 3284 3448 Si
3306 3398 3489 3446 autem

1878 3491 2065 3547 eadem
2098 3501 2179 3545 est
2206 3489 2440 3560 potentia
2463 3530 2479 3557 ,
2513 3489 2689 3558 palam
2718 3497 2794 3543 est
2820 3485 3066 3541 eamdem
3093 3500 3215 3542 esse
3236 3484 3488 3541 substan—

1882 3585 2029 3637 tiam.
2060 3580 2195 3637 Cum
2242 3580 2386 3636 enim
2418 3580 2583 3635 multa
2630 3579 2871 3635 facerent
2902 3577 3106 3636 induti.
3152 3576 3371 3632 insidias
3400 3590 3492 3645 pa-

1882 3681 2098 3739 rarent,
2130 3681 2284 3728 extra
2315 3686 2640 3745 synagogam
2679 3672 2939 3741 ejicerent
2959 3712 2973 3737 ,
3006 3668 3137 3724 dicit
3165 3668 3285 3723 illos
3314 3668 3492 3722 omnia

1883 3766 2153 3819 incassum
2186 3764 2520 3819 machinatos
2548 3778 2690 3819 esse.
2724 3762 2856 3819 Nam
2898 3762 2949 3817 in
2981 3777 3143 3816 manu
3175 3760 3347 3816 Patris
3388 3761 3492 3814 mei

1882 3867 2009 3911 sunt
2048 3871 2210 3923 oves,
2259 3865 2317 3910 ut
2358 3854 2617 3926 propheta
2647 3854 2812 3910 dicit:
2848 3853 2914 3908 In
2956 3870 3112 3907 manu
3138 3869 3249 3907 mea
3288 3852 3498 3922 depinxi

1885 3965 2056 4003 muros
2087 3957 2200 4003 tuos
2234 3946 2401 4019 (Isai.
2433 3947 2525 4003 49.
2557 3946 2669 4020 16).
2706 3946 2907 4003 Deinde
2939 3961 3099 4000 unam
3129 3959 3249 4001 esse
3280 3958 3495 3998 manum

1885 4040 2197 4104 ostendens,
2232 4040 2373 4094 illam
2407 4036 2567 4093 modo
2594 4053 2768 4104 suam,
2801 4036 2963 4119 modo
2994 4037 3167 4092 Patris
3196 4051 3316 4091 cs~e
3345 4035 3497 4089 dicit.

1886 4135 2261 4189 Cummanum
2286 4131 2457 4196 audis,
2483 4130 2613 4185 nihil
2638 4131 2835 4186 sensile
2857 4131 3080 4200 cogites,
3109 4129 3201 4183 sed
3228 4129 3497 4190 \‘il'itﬂ'Ctlt,

1889 4227 2206 4299 potentiam.
2235 4225 2290 4281 Si
2314 4234 2491 4280 autem
2525 4239 2684 4278 nemo
2710 4224 2920 4294 rapuit,
2952 4223 3075 4292 quia
3106 4221 3263 4276 Pater
3284 4220 3383 4276 sibi
3410 4237 3501 4288 pu-

1892 4330 2139 4377 tcstatem
2177 4317 2485 4385 indidisset,
2520 4316 2859 4387 superﬂuum
2890 4314 3083 4372 fuisset
3112 4314 3312 4369 addere
3332 4352 3359 4379 ,η
3392 4312 3502 4383 Ego

1892 4423 1936 4469 et
1970 4413 2125 4468 Pater
2155 4429 2317 4467 unum
2342 4428 2540 4467 sumus.
2570 4409 2702 4465 Nam
2741 4410 2784 4465 si
2820 4411 2997 4464 minor
3023 4409 3189 4463 Filius
3219 4417 3390 4473 esset,
3423 4418 3503 4461 te-

1893 4504 2184 4560 merarium
2223 4510 2370 4568 esset
2405 4501 2631 4557 dictum.
2663 4499 2806 4556 Nihil
2848 4509 2997 4557 certe
3034 4500 3180 4554 aliud
3226 4498 3504 4561 declarat,

1894 4613 2053 4667 quam
2080 4595 2333 4666 potentiae
2360 4595 2721 4666 mquaiitatem
2748 4613 2760 4647 :
2791 4593 2933 4664 quod
2958 4609 3077 4648 cum
3109 4592 3279 4648 ,11ιάίεί
3310 4592 3508 4647 intelli-

1896 4697 2105 4758 gerent,
2135 4686 2404 4756 lapidibus
2426 4686 2602 4757 ipsum
2634 4686 2983 4755 impetebanl.
3009 4684 3192 4755 Neque
3214 4696 3393 4739 tamen
3423 4684 3510 4738 illc

1899 4780 2037 4835 hanc
2068 4778 2271 4834 amovit
2290 4779 2621 4849 opinionem.
2652 4778 2810 4849 Atqui
2834 4778 2877 4833 si
2910 4777 2959 4832 id
2990 4776 3124 4832 falso
3146 4777 3349 4847 opinati
3378 4778 3507 4830 luis~

1898 4882 2049 4939 sent,
2084 4872 2204 4927 illos
2234 4873 2527 4928 emendare
2552 4873 2792 4943 oportuit
2820 4887 2883 4927 ac
2908 4871 3089 4927 dicere
3115 4888 3127 4925 :
3162 4870 3271 4927 Cur
3302 4873 3403 4927 hoc
3432 4870 3512 4925 l'a-

1899 4967 2061 5021 citis?
2088 4983 2193 5021 non
2229 4967 2345 5022 haec
2372 4967 2518 5032 dixi,
2549 4977 2607 5021 ut
2636 4981 2827 5036 parem
2850 4974 3090 5035 paternae
3122 4980 3296 5019 meam
3324 4975 3515 5035 poten-

1902 5063 2026 5115 tiam
2055 5061 2365 5115 indicarem.
2391 5060 2544 5115 Nunc
2564 5070 2775 5126 contra,
2799 5059 2905 5113 illis
2933 5058 3342 5125 ferocientibus,
3369 5059 3512 5113 illam

1901 5152 2208 5222 opinionem
2242 5150 2527 5206 conﬁrmat
2562 5159 2618 5206 et
2652 5151 2867 5221 probat.
2900 5149 3015 5205 Non
3045 5165 3168 5206 sese
3200 5160 3424 5221 purgat,
3460 5160 3517 5203 ut

1905 5245 1993 5315 qui
2035 5245 2176 5299 male
2220 5256 2273 5300 ct
2302 5244 2437 5299 falso
2463 5244 2695 5309 dixerit;
2730 5244 2837 5299 imo
2865 5244 2987 5298 illos
3018 5242 3294 5314 increpat,
3332 5253 3391 5297 nt
3428 5259 3516 5312 qui

1904 5353 2013 5391 non
2052 5346 2470 5392 consentaneam
2502 5337 2569 5392 de
2610 5351 2670 5391 se
2719 5334 2955 5392 habeant
3000 5338 3330 5407 Opinionem.
3380 5336 3514 5389 Cum

1905 5430 2048 5483 enim
2079 5429 2360 5484 dicereut:
2398 5430 2489 5484 53.
2528 5428 2606 5483 De
2635 5429 2765 5483 bono
2799 5447 2950 5500 opere
2977 5446 3078 5485 non
3116 5430 3411 5500 lapidamus
3442 5439 3517 5493 te,

1906 5522 1994 5576 sed
2017 5522 2079 5575 de
2102 5522 2446 5591 blasphemia,
2481 5532 2525 5576 et
2543 5524 2665 5595 quia
2688 5523 2838 5577 homo
2860 5541 2972 5577 cum
3003 5524 3074 5578 sis
3094 5566 3110 5590 ,
3143 5524 3273 5594 facis
3302 5524 3519 5591 teirsunt

1912 5614 2113 5679 Deum;
2142 5614 2266 5669 audi
2308 5616 2435 5683 quid
2477 5616 2663 5675 dicat:
2698 5617 2787 5673 '55.
2836 5618 2896 5672 Si
2925 5618 3041 5671 illos
3082 5616 3205 5669 dicit
3248 5617 3519 5686 Scriptura

1908 5708 2029 5761 deos
2044 5750 2056 5773 ,
2090 5707 2158 5760 ad
2177 5723 2299 5778 quos
2320 5725 2484 5763 sermo
2513 5707 2608 5763 Dei
2630 5714 2795 5780 [actus
2816 5719 2911 5775 est,
2937 5711 3024 5765 56.
3047 5708 3302 5781 quomodo
3324 5724 3411 5763 vos
3432 5710 3513 5763 di»

1918 5802 2030 5856 ritis
2057 5802 2173 5871 quin
2201 5802 2514 5874 blaspheme,
2546 5804 2665 5875 quia
2686 5804 2814 5875 dixi,
2841 5803 3007 5859 Filius
3035 5802 3126 5859 Dei
3154 5803 3304 5858 sinu?
3331 5802 3380 5858 ld
3405 5815 3509 5873 est,
