4054 6446
601 327 702 390 359

600 450 653 503 Si
678 451 712 504 ii
737 449 824 519 qui
854 454 948 517 per
976 448 1194 516 gratiam
1222 443 1322 497 hoc
1347 451 1662 512 acceperunt
1683 483 1697 508 ,
1729 457 1832 495 non
1864 447 2180 494 accusantur

601 542 722 592 cum
746 554 803 593 se
827 537 956 592 deos
977 543 1196 598 vocant;
1224 534 1312 603 qtti
1335 549 1399 586 ex
1427 541 1614 587 natura
1635 548 1730 587 sua
1749 532 1849 585 hoc
1876 531 2051 594 habet,
2075 544 2181 599 quo

605 629 719 698 jure
744 625 1081 694 increpetur?
1112 623 1307 678 Verum
1331 639 1434 677 non
1467 627 1535 676 ita
1563 622 1731 688 dixit,
1763 621 1857 677 sed
1883 621 2096 676 demum
2127 618 2178 675 id

607 719 846 786 probavlt
867 756 881 780 ,
914 725 1192 785 postquam
1235 714 1520 769 demissius
1564 714 1812 782 loquutus
1837 723 1919 766 est
1945 712 2026 765 his
2056 726 2178 765 rer-

603 809 714 862 bis:
746 807 904 873 Quem
933 807 1084 862 Pater
1111 808 1439 875 sanctiﬁcavit
1462 816 1508 859 et
1533 806 1700 866 misit;
1727 814 1780 859 et
1805 815 2080 875 postquam
2112 804 2177 857 il-

604 898 774 951 lorum
799 897 1030 952 furorem
1056 897 1281 962 sedavit,
1307 905 1432 950 tunc
1452 901 1651 949 claram
1674 895 1829 949 aﬂert
1848 895 2178 948 demonstra-

603 991 820 1044 tionem.
847 989 1058 1044 lnterim
1083 997 1228 1053 vero,
1254 997 1309 1041 ut
1329 987 1697 1041 admitteretur
1718 986 1768 1040 id
1785 985 1924 1055 quod
1945 985 2173 1050 dicebat,

604 1083 857 1137 humilius
899 1085 1147 1151 IOquuttls
1189 1091 1305 1146 est,
1338 1097 1399 1135 ac
1442 1081 1659 1134 demum
1697 1079 1764 1133 ad
1796 1080 1994 1147 majora
2035 1079 2175 1146 ipsos

604 1173 851 1238 adducit,
881 1173 1063 1227 dicens
1091 1190 1102 1224 :
1135 1173 1223 1226 57.
1259 1172 1318 1226 Si
1358 1184 1455 1224 nan
1485 1171 1616 1241 facio
1643 1186 1795 1240 opera
1832 1163 2004 1224 Patris
2042 1169 2171 1234 mei,

605 1263 758 1316 nolite
785 1265 984 1318 credere
1013 1265 1170 1328 mihi;
1199 1264 1284 1319 '58.
1315 1265 1391 1316 sin
1420 1273 1589 1316 autem
1616 1264 1770 1332 facio,
1803 1264 1894 1316 etsi
1923 1263 2045 1314 milii
2073 1279 2173 1315 non

594 1355 814 1419 creditis,
831 1355 1060 1425 operibus
1086 1357 1209 1410 meis
1237 1357 1439 1410 credite.
1474 1356 1654 1410 Viden'
1675 1355 1939 1425 quomodo
1965 1354 2172 1422 probet,

596 1454 655 1500 ut
675 1446 784 1500 dixi
805 1487 823 1513 ,
852 1461 910 1501 se
938 1448 1093 1501 Patre
1117 1448 1168 1501 in
1197 1448 1342 1502 nullo
1368 1447 1676 1502 inferiorem
1699 1460 1816 1501 esse
1836 1487 1851 1510 ,
1879 1446 1970 1499 sed
1993 1461 2172 1515 .equa-

593 1533 698 1589 lem
729 1538 986 1592 omnino?
1015 1537 1145 1602 Quia
1169 1537 1310 1591 enim
1339 1551 1442 1591 non
1467 1545 1672 1605 poterat
1693 1535 1982 1590 sbbstantia
2008 1535 2172 1603 ipsius

595 1627 795 1694 videri,
837 1628 905 1681 ab
947 1643 1165 1695 operum
1197 1629 1498 1698 zequalitate
1537 1637 1591 1682 et
1635 1627 1907 1682 identitate
1952 1625 2171 1695 aequalis

590 1721 868 1788 potestatis
899 1720 1405 1773 demonstrationem
1435 1718 1607 1772 alfert.

657 1807 710 1862 5.
739 1808 937 1877 Ecquid
955 1850 968 1871 ,
997 1824 1177 1877 qttzeso
1197 1851 1212 1873 ,
1241 1807 1563 1862 credemus?
1593 1807 1739 1873 Quod
1779 1823 1869 1876 ego
1907 1806 1960 1858 in
1991 1805 2164 1871 Patre,

591 1908 639 1952 et
670 1895 822 1952 Pater
846 1900 899 1952 in
926 1915 1004 1953 me
1037 1901 1117 1952 sit.
1149 1899 1288 1953 Nihil
1334 1900 1474 1952 enim
1521 1896 1661 1952 aliud
1694 1908 1791 1966 ego
1819 1911 1958 1962 sum,
2012 1913 2166 1966 quant

586 1989 762 2052 Pater,
795 2003 1015 2044 manens
1047 1989 1244 2054 Filius;
1273 1989 1400 2042 nihil
1427 1987 1567 2042 aliud
1595 1996 1675 2042 est
1707 1987 1811 2054 ille,
1840 2003 1997 2057 quam
2028 1989 2166 2056 quod

584 2087 704 2147 ego,
734 2094 956 2134 manens
978 2080 1130 2134 Pater
1154 2097 1167 2133 :
1198 2089 1252 2133 et
1271 2079 1358 2148 qui
1387 2093 1470 2132 me
1491 2078 1654 2142 novit,
1686 2079 1832 2131 novit
1853 2087 1904 2131 et
1933 2077 2162 2143 Patrem,

585 2165 882 2237 Fillumque
907 2168 1105 2222 didicit.
1133 2166 1282 2235 Quod
1310 2169 1352 2222 si
1373 2168 1600 2236 potentia
1624 2168 1796 2220 minor
1824 2176 1985 2231 esset,
2005 2167 2162 2221 etiam

583 2259 812 2328 cognitio
833 2257 961 2313 falsa
980 2271 1141 2313 esset.
1168 2259 1345 2328 Neque
1361 2258 1500 2314 enim
1527 2258 1627 2311 alia
1653 2273 1746 2326 per
1761 2259 1918 2311 aliam
1937 2258 2014 2311 vel
2034 2259 2160 2312 sub-

580 2349 771 2403 stantia
795 2349 879 2403 vel
902 2351 1133 2418 potentia
1150 2350 1278 2405 disci
1303 2357 1494 2418 potest.
1510 2348 1598 2404 59.
1618 2347 1890 2401 Voluerunt
1913 2364 2029 2418 ergo
2050 2365 2161 2400 eum

579 2439 951 2507 apprehendere
964 2458 982 2494 :
998 2450 1042 2494 et
1058 2441 1174 2494 exiit
1188 2443 1248 2494 de
1265 2441 1490 2494 manibus
1505 2456 1696 2503 eorum,
1715 2440 1804 2495 40.
1829 2451 1874 2493 et
1888 2440 2007 2493 abiit
2023 2450 2160 2495 trans

579 2529 887 2596 Jordanem,
917 2530 1000 2584 tibi
1027 2541 1133 2586 erat
1166 2531 1390 2586 Joannes
1420 2532 1679 2600 baptizans
1706 2532 1943 2598 priurum.
1968 2533 2058 2585 41.
2088 2531 2156 2584 Ει

581 2623 724 2674 multi
757 2634 992 2676 venerunt
1031 2625 1096 2675 ad
1141 2640 1251 2676 eum
1274 2665 1288 2687 ,
1323 2632 1371 2676 et
1402 2621 1674 2676 dicebant:
1696 2622 1919 2676 Joannes
1962 2623 2160 2691 quidem

580 2715 777 2783 signant
829 2715 943 2785 fecit
983 2717 1210 2780 nullum;
1253 2717 1418 2767 omnia
1471 2725 1638 2767 autem
1680 2727 2004 2782 qucecumqu‘e
2031 2715 2158 2768 dixit

578 2805 803 2860 Joannes
828 2807 891 2860 de
916 2808 1010 2860 hoc
1030 2847 1042 2868 .
1073 2824 1185 2860 vera
1232 2818 1362 2860 sunt.
1415 2807 1698 2876 Postquam
1730 2806 1871 2860 enim
1901 2821 2151 2876 magnum

579 2896 845 2968 quidpiam
869 2907 923 2952 et
951 2899 1178 2953 sublime
1201 2899 1355 2963 dixit,
1377 2898 1554 2951 statim
1581 2898 1803 2963 secedit,
1834 2897 2045 2951 illorum
2067 2912 2154 2953 ce-

577 2987 710 3042 dens
741 2987 927 3053 furori,
958 2998 1013 3042 ut
1044 3004 1136 3058 per
1162 2989 1456 3044 absentiam
1489 2989 1628 3043 illius
1657 2988 1872 3044 sedetur
1898 2999 1952 3044 et
1974 2992 2152 3059 sopia-

579 3091 682 3131 tur.
701 3079 852 3146 Quod
881 3081 1039 3133 etiam
1074 3088 1195 3133 tunc
1212 3080 1354 3134 fecit.
1381 3079 1482 3134 Sed
1505 3095 1599 3133 cur
1625 3081 1942 3150 evangelista
1978 3081 2150 3136 locum

577 3169 804 3223 indicat?
832 3169 898 3224 Ut
918 3170 1088 3224 discas
1121 3171 1286 3239 ipsum
1309 3171 1424 3225 ideo
1457 3171 1590 3225 istuc
1618 3172 1833 3234 abiisse,
1862 3182 1916 3225 ut
1947 3173 2074 3240 ipsis
2097 3174 2148 3229 in

577 3260 882 3313 memoriam
919 3260 1002 3313 illa
1047 3271 1356 3328 revocaret,
1387 3277 1504 3330 qua:
1533 3261 1763 3316 Joannes
1805 3262 1912 3316 illic
1952 3263 2152 3318 fecerat

572 3351 922 3420 dixeratque,
974 3367 1177 3407 necnon
1220 3353 1579 3406 testimonium
1634 3352 1817 3421 ipsius.
1861 3353 2150 3425 lstuecrgo

575 3452 694 3496 cum
738 3442 1046 3506 venissent,
1077 3444 1253 3496 statim
1284 3443 1504 3499 Joannis
1531 3443 1790 3498 recordati
1838 3454 1997 3509 sunt;
2030 3446 2148 3501 ideo

573 3536 772 3600 dicunt,
804 3534 1028 3589 Joannes
1059 3537 1252 3589 nullunt
1290 3538 1404 3604 fecit
1432 3537 1664 3605 signum;
1699 3553 1817 3590 nam
1850 3537 1982 3592 alias
2021 3540 2144 3606 quid

572 3624 635 3678 ad
667 3641 777 3680 rem
811 3625 1022 3681 fecisset
1054 3627 1102 3680 id
1147 3628 1385 3682 addere?
1421 3629 1514 3682 sed
1551 3629 1670 3698 quia
1705 3629 1851 3682 locus
1898 3629 2146 3699 Baptista:

575 3718 884 3772 memoriam
923 3719 1223 3782 revocavit,
1260 3735 1478 3774 necnon
1510 3720 1625 3789 ejus
1666 3721 1971 3774 testimonii.
2015 3719 2145 3775 Vide

569 3818 741 3862 autem
765 3819 921 3878 quam
960 3819 1134 3864 certos
1169 3811 1502 3881 syllogismos
1526 3812 2140 3880 concinnent.Joannes,

569 3898 833 3968 inquiunt,
864 3900 1063 3954 nullum
1093 3900 1214 3955 fecit
1239 3901 1482 3971 signum;
1537 3902 1622 3956 hic
1651 3903 1798 3972 signa
1828 3903 1950 3957 facit
1980 3920 1992 3955 :
2023 3907 2138 3960 hinc

566 4007 694 4061 ergo
730 3992 843 4060 ejus
875 3994 1227 4061 prmcellentia
1253 3995 1564 4049 ostenditur.
1591 3995 1646 4050 Si
1685 4006 1811 4066 ergo
1843 3997 1912 4050 illi
1939 3997 2139 4051 nullum

564 4083 770 4150 signum
812 4082 989 4137 edenti
1023 4085 1376 4148 credidimus,
1410 4085 1575 4139 multo
1602 4086 1768 4155 magis
1805 4088 1924 4142 huic
1950 4089 2139 4142 crede-

569 4188 702 4226 ums.
737 4174 953 4240 Deinde,
985 4176 1104 4244 quia
1134 4175 1362 4230 Joannes
1384 4186 1498 4231 erat
1523 4177 1610 4243 qui
1639 4178 1996 4231 testimonium
2023 4195 2141 4247 per-

569 4263 831 4330 hibuerat,
867 4282 930 4318 ne
953 4267 1072 4334 quia
1106 4266 1311 4334 signum
1339 4283 1440 4320 non
1471 4265 1686 4331 fecerat,
1709 4269 1954 4337 indignus
1979 4269 2140 4324 fuisse

568 4362 842 4420 putaretur
871 4354 960 4422 qui
1006 4356 1365 4410 testimonium
1397 4355 1578 4420 ferret,
1612 4355 1899 4424 adjiciunt,
1932 4358 2139 4413 etiamsi

567 4450 772 4513 signum
801 4461 905 4500 non
934 4446 1135 4510 fecerit,
1167 4461 1287 4501 vera
1313 4457 1486 4501 tamen
1524 4449 1700 4501 omnia
1729 4447 1794 4503 de
1818 4447 2034 4502 Christo
2055 4450 2136 4503 di-

564 4539 723 4602 xisse,
755 4540 825 4593 ita
871 4549 924 4592 ut
956 4554 1058 4594 non
1090 4541 1334 4595 Christus
1365 4556 1426 4594 ex
1457 4541 1568 4605 illo,
1600 4541 1692 4596 sed
1719 4541 1808 4596 ille
1853 4557 1919 4595 ex
1956 4545 2136 4611 aperi:-

564 4633 661 4686 bus
684 4634 877 4688 (lltristi
913 4635 1012 4689 fide
1038 4635 1224 4705 dignus
1249 4638 1550 4691 haberetur.
1583 4636 1670 4690 ιη.
1700 4637 1848 4690 Multi
1878 4656 1993 4709 ergo
2023 4657 2134 4693 cre-

563 4727 794 4779 diderunt
823 4731 873 4780 in
920 4744 1052 4782 eum.
1098 4729 1252 4783 Multa
1284 4731 1422 4784 enim
1457 4731 1576 4783 illos
1600 4729 1959 4784 attrahebant.
2003 4731 2134 4785 Nam

566 4821 826 4874 recordati
857 4831 979 4874 sunt
1017 4823 1296 4875 verborum
1330 4823 1443 4890 ejus
1464 4865 1478 4887 ,
1507 4838 1628 4876 cum
1658 4823 1830 4890 ipsum
1860 4838 1917 4877 se
1957 4824 2131 4877 fortio-

563 4928 671 4965 rem
699 4913 928 4977 dicebat,
956 4914 1147 4978 lucem,
1180 4915 1356 4977 vitam,
1397 4915 1667 4968 veritatem
1699 4923 1997 4983 caeteraquu
2024 4933 2136 4969 om-

562 5007 666 5066 nia;
693 5005 838 5058 vocis
859 5017 1070 5074 quoque
1099 5007 1326 5074 desuper
1352 5007 1524 5060 allatae
1549 5049 1562 5072 ,
1589 5006 1923 5076 Spiritusque
1961 5009 2138 5073 Spt‘t'le

566 5097 818 5150 columba:
841 5099 1166 5165 apparentis,
1211 5099 1483 5168 ipsumque
1513 5099 1756 5154 omnibus
1782 5099 2131 5156 ostendentis.

567 5184 640 5237 Ad
683 5185 795 5239 haec
823 5188 1196 5240 miraculorum
1242 5189 1626 5242 demonstratio
1668 5187 1984 5249 accedebat;
2032 5205 2134 5259 qua

563 5277 1030 5332 confirmabantur.
1054 5279 1179 5331 Nam
1200 5281 1240 5332 si
1265 5279 1474 5342 Joanni,
1500 5281 1756 5350 inquiunt,
1781 5281 2131 5345 credendum,

555 5371 725 5424 multo
756 5373 925 5440 magis
970 5372 1109 5425 huic.
1152 5371 1206 5425 Si
1245 5373 1445 5442 absque
1473 5374 1638 5442 signis
1670 5373 1738 5426 illi
1789 5373 2132 5437 credidimus,

550 5465 724 5517 multo
755 5463 923 5532 magis
955 5463 1098 5526 huic,
1128 5465 1214 5532 qui
1246 5465 1385 5519 illius
1407 5464 1711 5519 lestimooio
1732 5464 2053 5527 celebratus,
2084 5469 2136 5519 et

549 5571 617 5606 ex
641 5556 804 5624 signis
832 5556 1227 5610 demonstratus
1256 5566 1354 5614 est.

624 5645 987 5714 Tranquillitas
1017 5659 1263 5716 quantum
1293 5651 1474 5703 animo:
1503 5652 1679 5714 prosit.
1712 5650 1891 5702 Animo
1920 5665 1948 5699 a
1981 5665 2124 5718 nego-

563 5737 634 5786 tiis
660 5753 860 5804 vacans,
893 5738 940 5790 in
969 5751 1113 5807 portu
1137 5741 1291 5792 sedet.
1324 5739 1592 5794 Mulierum
1619 5741 1928 5808 nmmum-—
1948 5738 2128 5794 \f'iden'

1305 329 1356 384 S.
1395 327 1669 383 JOANNIS
1706 316 2174 382 (illliYSOSTOMl
2214 316 2527 378 ARClllEl‘.
2570 314 3100 379 wNSTANTINOP.

3777 321 3868 379 εκ

2289 444 2543 503 quantum
2575 435 2677 490 illis
2705 435 2850 489 locus
2893 435 3180 502 profuerit,
3215 444 3470 505 quantum
3523 440 3876 506 sequestratio

2286 539 2315 576 a
2357 525 2482 578 viris
2527 525 2824 593 improbis?
2866 526 2989 579 ldeo
3029 525 3149 579 illos
3192 526 3494 596 frequenter
3531 527 3600 581 ab
3654 530 3873 583 istorum

2287 617 2556 670 consortio
2584 617 2818 670 abducit.
2854 616 3003 682 Quod
3051 617 3212 670 etiam
3251 619 3303 671 in
3333 619 3499 673 veteri
3537 619 3654 689 lege
3685 619 3877 676 fecisse

2285 706 2720 774 deprehenditur.
2749 706 2962 761 Judzcos
2991 707 3177 776 procul
3198 709 3264 761 ab
3285 706 3549 779 Egyptiis
3577 709 3629 764 in
3660 710 3876 764 deserto

2285 795 2599 866 informaus,
2623 809 2675 852 et
2701 800 2777 853 sic
2797 799 2849 854 in
2877 800 3123 854 omnibus
3142 800 3444 857 instituens.
3473 801 3524 856 ld
3550 802 3692 871 quod
3714 804 3875 857 etiam

2285 888 2441 943 nobis
2466 890 2762 943 faciendum
2793 892 3000 953 suadet,
3026 892 3220 959 jubens
3249 893 3422 945 forum
3449 892 3642 956 vitare,
3680 895 3874 948 tumul-

2284 988 2499 1048 tumque
2527 988 2582 1034 et
2608 982 2838 1046 turbam,
2864 991 3024 1051 atque
3047 983 3098 1036 in
3125 981 3371 1038 cubiculo
3389 980 3675 1054 tranquille
3691 1001 3869 1042 orare.

2282 1069 2529 1125 Navicula
2557 1072 2699 1125 enim
2725 1080 3038 1142 tempestate
3060 1084 3164 1126 non
3191 1073 3407 1143 agitata,
3440 1075 3680 1130 seetmdo
3709 1089 3874 1131 vento

2281 1162 2492 1229 navigat
2525 1179 2538 1214 :
2571 1163 2855 1231 animaque
2881 1177 2914 1227 a
2942 1163 3166 1233 negotiis
3197 1179 3394 1220 vacans
3422 1168 3472 1219 in
3507 1173 3662 1234 portu
3694 1166 3867 1222 sedet.

2282 1249 2510 1322 Ideoque
2557 1254 2808 1308 mulieres
2871 1254 3221 1324 philosophiae
3260 1257 3427 1326 magis
3475 1257 3686 1311 deditas
3749 1273 3870 1313 esse

2278 1352 2570 1413 Oporteret,
2602 1360 2760 1411 quam
2786 1345 2949 1408 viros,
2973 1361 3092 1414 qum
3114 1346 3190 1399 rei
3223 1346 3465 1401 familiari
3489 1357 3547 1402 ut
3575 1349 3866 1416 plurimum

2279 1436 2609 1491 incumbunt.
2641 1437 2728 1491 Sic
2757 1437 2924 1492 Iacob
2949 1439 3241 1508 simplicior
3269 1442 3384 1505 fuit,
3418 1441 3508 1510 qui
3531 1440 3678 1496 domi
3712 1442 3868 1498 habie

2279 1535 2445 1590 taret,
2495 1543 2523 1580 a
2575 1527 2886 1582 tumultibtts
2933 1528 3088 1582 liber.
3121 1527 3303 1599 Neque
3351 1531 3491 1585 enim
3541 1532 3660 1586 sine
3706 1548 3866 1586 causa

2278 1618 2390 1671 haec
2418 1617 2691 1687 Scriptura
2736 1619 2888 1684 dixit,
2927 1618 3176 1673 Habitans
3210 1621 3411 1674 domum
3444 1623 3596 1692 (Gen.
3629 1623 3720 1678 25.
3749 1624 3863 1694 27).

2275 1711 2432 1780 Atqui
2459 1709 2601 1764 domi
2624 1712 2806 1774 etiam,
2839 1711 3067 1780 inquies,
3105 1728 3327 1781 tnagnus
3354 1717 3635 1768 tumultus.
3684 1715 3865 1784 Siqui-

2273 1799 2392 1853 dem
2425 1807 2478 1854 tu
2508 1801 2606 1864 vis,
2636 1811 2691 1856 et
2719 1801 2911 1854 multas
2943 1800 3035 1855 tibi
3060 1802 3284 1856 attrahis
3307 1818 3482 1859 curas.
3513 1801 3605 1859 Vir
3629 1818 3783 1862 certe
3812 1808 3867 1862 in

2273 1890 2448 1944 medio
2476 1891 2611 1957 foro,
2643 1900 2699 1946 et
2728 1905 2824 1960 pro
2851 1891 3122 1958 tribunali,
3147 1894 3385 1948 externis
3409 1894 3568 1950 rebus
3593 1899 3744 1964 quasi
3766 1899 3866 1952 llu-

2271 1980 2443 2035 Ctibus
2470 1981 2696 2050 agitatur
2729 1995 2742 2032 :
2770 1982 2962 2036 mulier
2979 1998 3128 2048 vero,
3158 1998 3250 2037 seu
3279 1985 3331 2038 in
3362 1986 3594 2055 quodam
3625 1987 3866 2056 philoso-

2272 2071 2410 2140 phias
2437 2074 2731 2143 gymnasio,
2767 2073 2909 2128 domi
2938 2074 3154 2140 sedens,
3188 2086 3418 2131 mentem
3451 2079 3731 2149 colligens,
3766 2091 3866 2149 po-

2272 2161 2391 2216 terit
2429 2173 2480 2216 et
2510 2161 2759 2231 precibus
2799 2173 2854 2218 et
2901 2163 3115 2218 lectioni
3142 2169 3457 2236 ca’terisque
3506 2167 3865 2240 philosophia:

2267 2253 2534 2308 exercitiis
2565 2254 2891 2310 incumbere.
2921 2258 2996 2310 Ac
3022 2257 3467 2326 quemadmodum
3492 2261 3526 2313 ii
3563 2263 3654 2328 qui
3677 2263 3866 2318 deser-

2269 2355 2378 2399 tum
2411 2346 2663 2413 incolunt,
2693 2361 2722 2400 a
2755 2348 2968 2402 nemine
2989 2348 3304 2403 turbantur:
3329 2349 3405 2404 sic
3428 2351 3621 2406 mulier
3646 2367 3866 2424 semper

2268 2437 2407 2491 intus
2438 2453 2679 2500 manens,
2715 2447 2967 2506 perpetua
2993 2440 3183 2507 poterit
3213 2439 3312 2493 frui
3350 2442 3759 2511 tranquillitate.
3803 2445 3861 2500 εξ

2264 2530 2477 2599 quando
2504 2541 2680 2584 autem
2699 2531 2858 2585 domo
2887 2532 2953 2585 sit
2973 2531 3295 2598 exeundum,
3319 2532 3461 2588 nulla
3495 2535 3618 2588 inde
3649 2548 3862 2604 pertur-

2266 2619 2493 2676 bationis
2524 2635 2704 2676 causa.
2732 2623 2857 2677 Sive
2883 2622 3023 2676 enim
3053 2623 3104 2676 in
3136 2623 3414 2677 ecclesiam
3458 2626 3678 2679 veniant
3698 2668 3711 2691 ,
3743 2628 3861 2683 sive

2261 2707 2327 2766 ad
2353 2714 2595 2767 balneum
2641 2716 2712 2767 sit
2760 2714 3119 2783 pergendum,
3160 2729 3302 2784 saepe
3331 2725 3592 2783 coguntur
3635 2717 3856 2785 quidem

2260 2803 2510 2857 mulieres
2541 2803 2687 2857 exire
2720 2821 2733 2856 :
2772 2811 2827 2855 ut
2853 2803 3134 2873 plurimum
3161 2811 3336 2857 autem
3369 2803 3509 2858 domi
3539 2805 3690 2859 sedet
3733 2823 3858 2859 mu-

2261 2893 2379 2956 lier,
2411 2903 2690 2962 potestque
2721 2893 3110 2962 philosophari,
3140 2893 3628 2963 adventantcmque
3674 2897 3852 2951 virum

2259 2985 2625 3053 perturbatum
2671 2986 2880 3048 sedare,
2913 2998 3273 3052 compescere,
3307 2983 3610 3052 superfluos
3639 3000 3703 3039 ac
3732 3000 3856 3040 mo-

2257 3076 2418 3130 lestos
2445 3077 2562 3145 ejus
2590 3077 2854 3146 cogitatus
2873 3076 3170 3142 eliminare,
3200 3084 3254 3130 et
3280 3076 3360 3131 sic
3389 3091 3573 3131 rursus
3599 3079 3855 3136 emittere

2255 3170 2401 3224 curis
2428 3171 2478 3224 in
2519 3169 2638 3223 foro
2673 3169 2938 3238 susceptis
2981 3183 3200 3222 vacuum
3225 3208 3238 3235 ,
3279 3177 3335 3224 et
3365 3169 3502 3224 bena
3548 3185 3670 3240 quas
3699 3170 3852 3226 domi

2255 3259 2441 3314 didii-it
2470 3275 2650 3314 secum
2683 3259 2964 3314 ferentem.
2989 3257 3127 3312 Nihil
3155 3261 3320 3327 enim,
3356 3259 3484 3313 nihil
3515 3261 3703 3330 utique
3735 3261 3851 3317 for-

2255 3351 2358 3404 tius
2389 3350 2610 3404 muliere
2659 3349 2741 3418 pia
2789 3360 2843 3404 et
2895 3347 3189 3418 prudente,
3246 3359 3302 3402 ut
3342 3352 3510 3404 virmn
3558 3353 3850 3419 lnfonnet,

2252 3440 2472 3509 ejusque
2501 3441 2754 3504 animam,
2791 3448 2845 3494 ut
2868 3440 3116 3505 voluerit,
3152 3440 3413 3496 instituat.
3447 3441 3564 3496 Non
3593 3447 3808 3500 amicos
3829 3479 3848 3511 ,

2253 3546 2357 3586 non
2386 3531 2654 3596 doctores,
2678 3542 2782 3584 non
2812 3532 3077 3601 principes
3100 3532 3321 3600 perinde
3346 3534 3499 3598 feret,
3533 3543 3588 3589 ut
3619 3551 3848 3591 uxorem

2252 3633 2577 3686 monentem,
2607 3631 2657 3677 et
2680 3623 2961 3676 consilium
2982 3621 3215 3676 dantem.
3247 3622 3463 3678 Monitio
3492 3624 3693 3695 quippe
3724 3629 3848 3683 talis

2249 3730 2368 3770 cum
2398 3715 2623 3785 quadam
2656 3715 2926 3783 voluptate
2955 3714 3237 3782 conjuncta
3266 3723 3379 3780 est,
3407 3715 3547 3786 quod
3579 3717 3667 3771 illa
3699 3719 3846 3772 mul-

2250 3817 2359 3861 tum
2397 3817 2626 3862 ametur.
2678 3807 2867 3861 Multos
2921 3821 3130 3875 possem
3181 3807 3374 3862 alferre
3409 3812 3552 3862 viros
3590 3824 3839 3878 asperos,

2249 3901 2654 3971 immorigeros,
2688 3900 2756 3954 ab
2804 3901 3055 3955 uxoribus
3106 3901 3393 3970 mitigatos.
3443 3902 3587 3958 Uxor
3630 3906 3730 3959 viri
3790 3917 3846 3962 et

2249 4009 2446 4048 mensa:
2473 4002 2527 4048 et
2568 3994 2686 4047 lecti
2731 4003 2784 4048 et
2824 3994 3116 4048 liberorum
3159 3997 3543 4062 procreationis
3589 4013 3839 4062 consors,

2248 4086 2357 4153 ipsa
2381 4085 2590 4139 conscia
2623 4085 2885 4139 dictorum
2911 4095 2961 4141 et
2980 4094 3318 4150 arcanorum,
3345 4087 3616 4157 ingressus
3642 4100 3698 4144 et
3719 4093 3842 4145 esi-

2247 4185 2352 4239 tus,
2399 4178 2854 4245 plurimorumque
2881 4177 3130 4243 aliorum,
3163 4179 3214 4230 in
3244 4179 3493 4232 omnibus
3523 4180 3718 4234 marito
3741 4182 3841 4237 de-

2246 4269 2376 4333 dita,
2408 4278 2462 4323 et
2490 4270 2566 4321 sic
2598 4268 2669 4321 illi
2695 4268 2903 4337 juncta,
2934 4277 2990 4320 ut
3029 4283 3122 4337 par
3153 4279 3235 4322 est
3264 4284 3457 4338 corpus
3485 4273 3643 4340 capiti
3667 4288 3838 4343 copu-

2247 4360 2364 4422 lari,
2391 4361 2434 4414 si
2477 4361 2709 4429 prudens
2733 4361 2801 4414 sit
2832 4369 2886 4413 et
2909 4360 3154 4429 diligens,
3198 4362 3313 4430 plus
3334 4377 3491 4432 quant
3519 4377 3711 4420 omnes
3745 4365 3837 4420 alii

2245 4452 2525 4521 conjugem
2559 4452 2756 4506 fovebit
2781 4461 2833 4504 et
2860 4451 3086 4504 curabit.

2314 4544 2364 4598 4.
2399 4537 2582 4598 Uxoris
2614 4543 2904 4595 christiana:
2930 4542 3110 4611 agendi
3133 4543 3262 4595 ratio
3288 4544 3454 4612 qualis
3479 4560 3589 4598 esse
3612 4547 3837 4613 debeat;

2242 4637 2390 4704 quale
2427 4636 2492 4687 sit
2532 4635 2692 4703 ipsius
2735 4650 2905 4701 verum
2950 4635 3569 4703 decue—Quamobrem
3609 4637 3834 4706 hortor,

2244 4736 2302 4779 ut
2349 4740 2564 4796 operam
2589 4726 2663 4779 illi
2692 4725 2769 4780 rei
2801 4726 2949 4791 dent,
2981 4738 3035 4780 et
3062 4742 3180 4795 qum
3210 4727 3401 4782 decent
3440 4729 3722 4785 suadeant.
3770 4733 3840 4789 Ut

2244 4820 2382 4874 enim
2415 4819 2478 4871 ad
2510 4821 2754 4872 virtutem
2783 4834 2934 4881 uxor,
2960 4819 3037 4872 sic
3066 4828 3120 4873 et
3145 4819 3209 4872 ad
3253 4821 3542 4889 nequitiam
3577 4824 3840 4880 inducen-

2244 4911 2363 4964 dam
2396 4911 2613 4965 multam
2645 4913 2749 4964 vim
2799 4911 2969 4965 habet.
3021 4910 3206 4965 Mulier
3261 4913 3605 4976 Absalonem,
3640 4917 3838 4972 mulier

2245 5006 2538 5059 Amuonem
2589 5005 2837 5073 perdidit,
2895 5005 3086 5058 mulier
3130 5004 3323 5059 Jobum
3375 5009 3598 5076 perdere
3642 5024 3838 5065 conata

2243 5108 2324 5150 est
2353 5115 2364 5149 :
2395 5114 2528 5151 uxor
2555 5097 2808 5152 Nabalem
2836 5114 2863 5150 a
2887 5098 3030 5152 caede
3045 5099 3259 5168 eripuit,
3287 5101 3479 5154 mulier
3502 5112 3665 5157 totam
3699 5120 3839 5174 gen-

2244 5197 2347 5241 tem
2385 5189 2634 5242 servavit.
2669 5187 2800 5242 Nam
2831 5188 3035 5242 Debora
3067 5199 3120 5242 et
3167 5189 3348 5243 Judith
3372 5231 3385 5252 ,
3416 5200 3470 5246 et
3498 5192 3618 5246 alite
3650 5195 3840 5250 mnltze

2244 5279 2624 5347 imperatorum
2659 5279 2824 5346 probe
2865 5281 3060 5333 iunctm
3089 5291 3212 5334 sunt
3239 5281 3433 5335 officio.
3468 5283 3591 5338 ldeo
3641 5285 3842 5342 l’aultts

2243 5371 2315 5422 ait
2345 5388 2356 5422 :
2390 5371 2523 5435 Quid
2563 5371 2693 5423 enim
2725 5371 2821 5424 scis
2842 5411 2856 5433 ,
2891 5372 3105 5437 mulier,
3145 5389 3210 5425 an
3237 5374 3398 5427 virum
3441 5374 3841 5447 solvunt/acies

2242 5463 2322 5528 (Ι.
2356 5461 2471 5515 Cor.
2502 5462 2552 5514 7.
2589 5463 2673 5528 l6)
2696 5463 2717 5514 ’ἰ
2752 5461 2964 5530 lllisque
2999 5463 3326 5530 temporibus
3359 5464 3609 5531 Persida,
3648 5479 3699 5522 et
3734 5469 3842 5522 Μει-

2245 5553 2378 5604 riam
2421 5563 2472 5605 et
2505 5552 2819 5612 Priscillam,
2851 5554 3156 5620 apostolicis
3184 5556 3568 5611 certaminibus
3608 5574 3668 5613 se
3697 5561 3842 5614 dedi-

2245 5643 2389 5697 disse
2424 5643 2622 5696 scimus
2651 5643 2824 5709 (ltom.
2854 5644 2958 5713 16).
2993 5645 3135 5710 Quas
3162 5654 3211 5698 et
3242 5661 3336 5699 vos
3367 5648 3560 5701 imitari
3594 5650 3805 5705 debetis
3827 5695 3840 5714 ,

2245 5753 2340 5789 ttat:
2374 5735 2546 5788 verbis
2569 5737 2761 5801 solum,
2795 5736 2888 5789 sed
2917 5737 3075 5790 etiam
3105 5737 3357 5808 Operibus
3379 5741 3639 5810 conjuges
3667 5745 3836 5797 infor~
