4054 6478
259 531 430 578 mare.
451 513 521 573 Et
535 508 808 587 quomodo
830 508 1082 585 maritum
1098 507 1352 577 operibus
1367 509 1680 564 erudiemus
1693 508 1717 561 τ
1732 505 1867 562 Cum

258 620 312 669 te
339 608 544 665 videbit
579 619 685 662 nec
711 601 1010 674 improbam
1030 642 1048 668 ,
1075 613 1175 654 nec
1200 598 1494 666 curiosam,
1526 615 1626 656 nec
1645 608 1869 674 ornatus

257 704 552 764 amantem,
599 711 708 753 non
738 693 1039 765 superﬂuos
1065 699 1317 762 sumptus
1345 701 1718 762 expetentem,
1770 690 1867 748 sed

256 771 616 864 praesentibus
652 798 999 850 contentam;
1033 794 1160 840 tunc
1210 793 1264 842 te
1305 785 1680 841 consulentem
1707 783 1863 840 feret.

254 886 310 939 Si
341 893 526 939 autem
554 881 735 938 verbis
781 876 1207 948 philosopheris,
1237 878 1401 933 rebus
1434 893 1566 932 vero
1594 878 1865 931 contraria

255 975 473 1042 feceris,
509 985 636 1028 tunc
658 969 1038 1040 loquacitatem
1064 979 1210 1024 tuam
1235 968 1530 1024 damnabit.
1563 966 1658 1024 Sin
1685 967 1866 1023 verbis

254 1065 414 1120 simul
440 1073 496 1120 et
520 1060 776 1132 operibus
795 1058 1100 1116 doctrinam
1129 1059 1357 1124 inferas,
1401 1068 1525 1114 tunc
1555 1068 1607 1114 tc
1634 1058 1866 1128 excipiet

253 1167 418 1228 atque
451 1154 620 1224 magis
646 1152 1048 1224 obtemperabit
1076 1137 1094 1207 ἑ
1125 1159 1184 1206 ut
1206 1167 1328 1206 cum
1355 1166 1543 1204 aurum
1576 1164 1683 1205 non
1718 1164 1867 1218 qua:-

251 1265 364 1316 res,
397 1261 572 1315 neque
597 1241 917 1317 margaritas
937 1285 952 1310 ,
984 1259 1160 1314 neque
1187 1244 1628 1299 vestimentorum
1655 1241 1864 1312 magni-

253 1340 565 1404 licentiam;
609 1336 707 1394 sed
751 1338 942 1394 horum
995 1337 1136 1404 loco,
1185 1335 1523 1402 modestiam,
1556 1344 1863 1406 temperan-

251 1432 407 1492 tiam,
464 1428 896 1487 benevolentiam
930 1444 945 1481 :
976 1436 1141 1497 utque
1169 1442 1237 1481 ex
1267 1427 1437 1496 teipsa
1467 1425 1582 1481 haec
1625 1425 1817 1481 afferes
1841 1466 1860 1494 ,

246 1523 331 1576 sic
352 1519 540 1578 abillo
565 1522 754 1579 eadem
786 1522 990 1591 exiges.
1034 1519 1167 1573 Nam
1197 1517 1244 1572 si
1288 1518 1414 1592 quid
1448 1517 1514 1573 ad
1543 1517 1863 1588 placendum

251 1617 375 1671 viro
394 1617 465 1670 sit
493 1613 781 1684 agendum,
823 1613 1058 1666 animam
1087 1618 1318 1680 oportet,
1367 1625 1474 1664 non
1520 1625 1720 1679 corpus
1768 1626 1861 1666 or-

249 1723 411 1773 nare,
442 1707 551 1760 imo
580 1718 944 1773 corrumpere.
971 1701 1155 1773 Neque
1180 1703 1322 1758 enim
1351 1704 1423 1758 ita
1466 1711 1516 1759 te
1545 1704 1622 1758 illi
1649 1703 1859 1758 amabi-

249 1796 360 1850 lem
406 1809 595 1848 aurum
646 1791 859 1858 reddet,
892 1804 952 1848 ut
981 1793 1336 1861 temperantia
1369 1802 1424 1849 et
1463 1795 1857 1864 benevolentia,

245 1896 415 1956 atque
435 1886 646 1939 animus
672 1884 737 1940 ad
766 1886 926 1939 vitam
955 1899 1055 1954 pro
1073 1885 1266 1940 marito
1292 1886 1594 1956 ponendam
1619 1899 1854 1956 paratus.

249 1975 384 2032 Iiec
412 1978 557 2032 viros
595 1978 832 2046 capiunt.
853 1975 986 2032 Nam
1017 1978 1191 2032 cultus
1213 1977 1305 2033 ille
1333 1977 1637 2048 superfluus
1667 1979 1857 2048 diSpli-

246 2077 339 2124 cet
362 2069 458 2135 illi,
479 2085 589 2123 rem
618 2067 935 2124 familiarem
963 2078 1236 2137 coarctat,
1259 2078 1312 2125 et
1332 2079 1606 2139 sumptum
1629 2081 1683 2125 et
1703 2087 1859 2126 curas

245 2159 412 2228 parit.
445 2159 518 2212 At
541 2174 660 2228 qua:
679 2160 827 2224 prius
854 2159 995 2215 dicta
1019 2170 1166 2227 sunt,
1199 2161 1372 2216 virum
1399 2163 1551 2217 uxori
1580 2164 1855 2232 copulant.

251 2250 638 2306 Benevolentia
669 2251 886 2320 quippe,
919 2251 1174 2317 amicitia,
1199 2252 1545 2319 desiderium,
1571 2269 1671 2309 nec
1701 2270 1857 2311 curas

247 2339 474 2406 faciunt,
510 2356 610 2396 nec
633 2343 931 2413 impensam
959 2343 1212 2414 exigunt;
1239 2345 1349 2399 imo
1373 2347 1706 2400 contrarium
1739 2362 1857 2401 om-

247 2432 402 2486 nino.
448 2432 684 2488 Ornatus
714 2434 928 2502 quidem
963 2434 1053 2489 ille
1080 2451 1111 2489 a
1151 2435 1544 2490 consuetudine
1585 2437 1852 2492 fastidium

246 2522 580 2592 ingenerat:
615 2522 812 2577 animae
856 2538 985 2578 vero
1029 2535 1254 2579 ornatus
1282 2526 1523 2594 quotidie
1550 2525 1710 2581 ﬂoret
1735 2568 1749 2591 ,
1799 2537 1854 2582 et

245 2613 511 2680 majorem
564 2613 812 2667 accendit
841 2613 1132 2668 ﬂammam.
1178 2614 1360 2684 Itaque
1390 2616 1434 2671 si
1479 2619 1595 2672 viro
1641 2619 1854 2687 placere

243 2704 403 2766 velis,
431 2719 563 2758 orna
595 2706 830 2759 animam
872 2707 1154 2768 castitate.
1184 2708 1403 2778 pietate,
1435 2710 1511 2765 rei
1537 2710 1851 2768 domestica:

242 2809 396 2849 cura.
427 2795 554 2850 lla'c
585 2797 819 2851 maxime
857 2798 1130 2861 alliciunt,
1151 2811 1204 2853 et
1245 2815 1533 2869 numquam
1573 2801 1846 2857 desinunt.

244 2887 400 2942 lluuc
424 2897 675 2942 ornatum
725 2903 830 2943 non
870 2901 1121 2945 senectus
1150 2892 1337 2957 solvit,
1366 2907 1469 2947 non
1500 2894 1718 2948 morbus
1753 2911 1849 2948 an-

241 2977 382 3042 fert;
416 2982 510 3034 sed
536 2982 785 3050 corporis
811 2982 1014 3036 cultum
1042 2983 1351 3038 diuturnum
1383 2994 1595 3053 tempus
1641 2988 1842 3053 atterit,

241 3071 465 3127 morbus
491 3073 782 3138 consumit,
807 3074 1018 3143 aliaque
1065 3077 1228 3130 multa
1264 3077 1517 3145 perdunt.
1563 3081 1845 3136 Atanima:

239 3163 379 3218 bona
417 3165 500 3220 his
543 3167 794 3222 omnibus
821 3178 946 3223 sunt
973 3171 1272 3239 superiora.
1319 3171 1411 3228 Ille
1441 3184 1662 3230 ornatus
1708 3177 1843 3232 invi-

237 3254 383 3309 diam
411 3256 554 3332 parit
573 3265 628 3311 et
650 3258 968 3328 zelotypiam
995 3275 1010 3324 ;
1041 3260 1126 3316 hic
1147 3277 1283 3316 vero
1308 3279 1335 3317 a
1366 3265 1552 3320 morbo
1575 3267 1762 3336 quovis
1789 3279 1842 3323 et

235 3359 268 3397 a
296 3361 434 3401 vana
463 3347 630 3415 gloria
661 3348 798 3403 liber
822 3359 924 3404 est.
961 3351 1072 3406 lloe
1100 3362 1256 3421 pacto
1284 3369 1371 3408 res
1392 3355 1686 3413 domestica
1712 3357 1840 3414 faci-

235 3435 341 3492 lior
367 3438 468 3492 erit
489 3480 505 3504 ,
539 3449 594 3493 et
625 3451 916 3508 preventus
948 3442 1202 3515 uberior,
1247 3431 1465 3516 quando
1490 3465 1676 3503 aurum
1729 3468 1834 3507 non

232 3529 449 3597 corpori
482 3538 572 3582 tuo
601 3531 1038 3601 circumpositum
1067 3535 1190 3602 erit,
1224 3553 1323 3592 nec
1373 3555 1562 3593 manus
1613 3542 1832 3610 ligabit;

232 3617 328 3671 sed
361 3633 458 3686 pro
489 3622 809 3676 necessariis
839 3625 1172 3694 expendetur
1198 3627 1388 3681 usibus
1420 3647 1435 3683 :
1465 3638 1523 3683 ut
1564 3631 1614 3683 in
1655 3631 1832 3687 cibum

231 3723 541 3778 servorum,
574 3711 804 3767 filiortnn
835 3729 1017 3768 curam
1050 3720 1432 3787 necessariam,
1483 3722 1693 3793 aliaque
1741 3741 1830 3779 ra-

1306 389 1373 447 IN
1408 387 1730 448 JOA-NNEM
1770 385 2006 447 IIOMIL.
2044 387 2205 448 LXII.
2247 389 2318 445 al.
2359 389 2496 446 LXI.

3484 397 3592 454 363

1974 502 2104 558 tioni
2134 510 2516 559 consentanea.
2540 491 2791 575 A'lioquiu
2831 505 2876 560 si
2908 504 3024 562 haec
3049 508 3104 562 in
3137 507 3320 564 luxum
3370 525 3587 582 prmpo-

1975 606 2192 662 nantur,
2221 596 2349 652 dum
2373 612 2470 652 cor
2494 598 2726 669 angitur,
2751 598 2894 669 quod
2923 599 3136 655 lucrum
3155 601 3178 655 ’ἶ
3198 616 3320 671 qua:
3343 605 3548 658 utilit-is
3564 607 3589 658 t

1973 689 2204 745 Tantum
2240 689 2443 746 cultum
2477 705 2583 744 non
2610 691 2737 746 sinit
2760 691 2916 746 dolor
2940 692 3206 762 aspicere.
3231 693 3392 749 Scitis
3416 696 3583 762 cnim,

1972 781 2123 837 scitis
2175 781 2379 852 utique,
2408 782 2552 852 quod
2581 783 2628 837 si
2669 783 2793 853 quis
2823 783 3106 839 mulierem
3149 786 3392 840 omnium
3417 802 3584 841 orna-

1975 872 2240 928 tissimam
2268 871 2467 937 videat,
2491 871 2750 929 delectari
2781 889 2888 928 non
2939 883 3138 945 potest,
3184 875 3230 930 si
3260 877 3474 932 animus
3512 879 3585 934 sit

1973 965 2027 1021 in
2053 980 2290 1022 mmrore
2313 984 2328 1020 :
2353 965 2444 1036 qui
2479 966 2623 1022 enim
2647 967 2760 1022 vult
2784 966 3066 1029 delectari,
3100 968 3290 1023 hilaris
3320 969 3580 1039 sitopor-

1974 1064 2071 1112 tet.
2128 1055 2187 1113 Si
2226 1065 2410 1112 autem
2442 1072 2631 1112 aurum
2684 1067 2854 1113 totum
2903 1059 2970 1114 ad
3036 1060 3339 1116 ornandum
3396 1064 3583 1119 uxoris
3654 1123 3660 1130 ,

1969 1163 2167 1220 corpus
2196 1150 2524 1220 insumptum
2553 1160 2655 1218 est,
2688 1152 2739 1206 in
2757 1153 3004 1221 angustia
3025 1153 3100 1208 rei
3125 1152 3408 1209 familiaris
3437 1156 3580 1212 nulla

1970 1249 2148 1311 potest
2175 1256 2295 1297 esse
2317 1240 2433 1296 lteri
2458 1241 2722 1313 voluptas.
2744 1241 3083 1313 Quapropter
3107 1244 3151 1300 si
3175 1246 3335 1300 vultis
3365 1247 3580 1316 placere

1969 1332 2122 1399 viris,
2155 1332 2353 1389 dabitis
2381 1333 2642 1404 voluptati
2665 1333 2844 1389 locum
2868 1350 2884 1385 :
2911 1333 3108 1390 dabitis
3129 1350 3314 1406 porro,
3340 1338 3383 1392 si
3416 1339 3578 1396 talem

1969 1426 2170 1480 cultum
2201 1435 2257 1481 et
2295 1433 2544 1481 ornatum
2577 1425 2794 1481 tollatis.
2826 1425 2955 1482 “me
2990 1427 3188 1496 quippe
3207 1430 3385 1483 omnia
3413 1444 3579 1502 spon-

1969 1518 2163 1572 salium
2208 1527 2451 1588 tempore
2480 1518 2766 1590 quamdam
2799 1517 3052 1575 videntur
3080 1518 3280 1576 habere
3325 1523 3578 1592 volupta-

1971 1615 2108 1675 tem;
2141 1603 2738 1680 demumque'tcmpore
2769 1619 3128 1665 marcescunt.
3151 1610 3206 1665 Si
3227 1611 3369 1666 enim
3386 1614 3578 1669 ccelum

1972 1707 2080 1754 tam
2112 1699 2439 1769 pulchrum,
2472 1701 2641 1757 solem
2674 1711 2780 1755 tam
2825 1701 3172 1771 Splendidam
3195 1743 3210 1769 ,
3241 1702 3327 1757 cui
3371 1697 3577 1760 nullum

1967 1804 2066 1860 par
2091 1804 2212 1845 esse
2238 1804 2435 1860 corpus
2452 1790 2676 1856 dixeris,
2701 1791 2772 1846 ob
2797 1791 3246 1848 consuetudinem
3267 1808 3376 1849 non
3406 1809 3576 1866 usque

1968 1881 2103 1938 adeo
2130 1882 2410 1947 miramur,
2440 1882 2715 1953 quomodo
2740 1893 2988 1939 ornatum
3019 1899 3216 1956 corpus
3237 1885 3326 1942 diu
3355 1888 3573 1944 mirabi-

1967 1973 2130 2027 mur?
2157 1972 2269 2028 l-Ioe
2296 1972 2453 2040 dico,
2496 1973 2639 2044 quod
2671 1974 2830 2029 velim
2873 1990 2972 2032 vos
3017 1978 3196 2035 ornari
3227 1989 3356 2033 vero
3399 1980 3571 2049 cultu,

1966 2079 2125 2134 quem
2157 2064 2353 2120 Paulus
2391 2066 2684 2135 prmcepit:
2716 2065 2840 2120 Non
2868 2083 2996 2121 auro
3034 2080 3082 2122 et
3128 2071 3442 2141 margaritis,
3479 2086 3570 2125 aut

1966 2167 2099 2231 veste
2133 2159 2354 2228 pretiosa
2375 2200 2392 2225 ,
2438 2158 2528 2212 sed
2556 2160 2694 2227 quod
2742 2161 2880 2214 decet
2911 2161 3177 2225 mulieres,
3213 2163 3568 2231 promittentes

1965 2248 2200 2319 pietatem
2218 2265 2307 2318 per
2323 2265 2478 2317 opera
2504 2249 2634 2302 bona
2656 2248 2735 2320 (I.
2755 2247 2892 2304 Tim.
2910 2249 2966 2304 2.
2989 2250 3081 2306 9e!
3104 2251 3214 2322 I0).
3239 2251 3344 2308 Sed
3372 2253 3448 2309 vis
3469 2271 3568 2310 ex-

1965 2338 2130 2392 ternis
2161 2337 2394 2408 placere,
2437 2338 2506 2393 ab
2538 2340 2709 2410 iisque
2759 2339 3004 2396 laudari?
3052 2340 3213 2397 Certe
3259 2359 3364 2398 non
3394 2355 3559 2400 casta:

1963 2428 2204 2482 mulieris
2231 2436 2316 2482 est
2345 2429 2692 2485 desiderium.
2717 2432 2844 2485 Αιεί
2877 2431 3033 2498 velis,
3053 2433 3226 2488 etiam
3256 2435 3378 2491 illos
3399 2436 3567 2493 hahe-

1964 2517 2046 2573 bis
2083 2527 2138 2573 et
2166 2527 2439 2574 amatores
2468 2529 2524 2575 et
2565 2521 2832 2577 castitatis
2864 2521 3196 2580 laudatores.
3225 2523 3377 2581 Illam
3423 2528 3567 2584 enim

1964 2607 2125 2663 talem
2157 2609 2440 2664 mulierem
2462 2624 2621 2665 nemo
2647 2626 2834 2682 aequus
2854 2614 3152 2669 aestimator
3177 2615 3435 2685 laudabit,
3467 2619 3563 2675 sed

1889 2705 1892 2709 ’
1961 2699 2143 2755 lascivi
2175 2709 2381 2757 tantum
2412 2711 2468 2758 et
2492 2703 2681 2758 molles
2710 2703 2990 2772 homines;
3017 2705 3126 2761 imo
3155 2722 3222 2763 ne
3263 2706 3316 2762 hi
3345 2710 3562 2779 quidem

1956 2792 2286 2860 laudabunt,
2318 2795 2412 2850 sed
2453 2794 2775 2853 maledicent
2802 2838 2817 2855 .
2849 2813 2972 2853 cum
3003 2800 3250 2856 mulieris
3288 2801 3564 2858 lasciviam

1957 2884 2349 2941 intuebuntur:
2383 2886 2610 2957 probam
2657 2903 2787 2945 vero
2829 2889 2969 2947 hanc
2994 2892 3276 2948 mulierem
3324 2904 3377 2949 et
3411 2894 3464 2949 hi
3509 2904 3561 2951 et

1955 2973 2032 3031 illi
2053 2991 2350 3048 omnesque
2373 2978 2700 3047 laudabunt;
2728 2982 2927 3052 quippe
2952 2984 3043 3052 qui
3065 2983 3199 3038 nihil
3229 2984 3297 3041 ab
3319 2985 3408 3040 illa
3432 2987 3558 3043 mali

1953 3069 2278 3138 acceperint,
2311 3069 2404 3124 sed
2437 3069 2792 3140 philosophia:
2818 3073 3118 3129 doctrinam
3151 3093 3164 3128 :
3196 3092 3384 3147 magna
3415 3080 3557 3149 apud

1953 3158 2202 3216 homines
2220 3160 2335 3215 laus
2361 3161 2556 3229 aderit,
2585 3177 2779 3234 magna
2798 3163 2936 3234 apud
2959 3164 3126 3221 Deum
3154 3182 3385 3224 merces.
3406 3169 3556 3226 llunc

1951 3265 2081 3322 ergo
2110 3267 2414 3321 quaeramus
2438 3263 2707 3321 ornatum,
2729 3265 2784 3309 ut
2805 3266 2859 3310 et
2883 3256 2968 3311 hic
2988 3272 3110 3312 eum
3139 3258 3385 3316 libertate
3410 3263 3554 3317 viva-

1949 3357 2071 3398 mus
2094 3384 2109 3409 ,
2141 3352 2196 3398 et
2222 3343 2395 3398 futura
2423 3359 2824 3416 consequamur
2846 3347 2986 3402 bona
3021 3366 3035 3403 :
3078 3365 3198 3419 quae
3236 3366 3335 3406 nos
3364 3367 3555 3409 omnes

1946 3435 2158 3505 assequi
2187 3435 2496 3506 contingat,
2526 3438 2697 3506 gratia
2727 3446 2784 3493 et
2829 3437 3162 3510 benignitate
3210 3439 3421 3497 Domini
3451 3459 3553 3498 no-

1945 3527 2043 3582 stri
2078 3525 2210 3583 Jesu
2238 3526 2479 3597 Christi,
2523 3528 2609 3585 cui
2650 3529 2821 3602 gloria
2862 3532 2916 3586 in
2959 3532 3156 3587 saecula
3202 3536 3548 3592 sazcolorum.

1943 3619 2140 3676 Amen.
2649 3620 2659 3627 ’

229 3866 3548 3912 ME

1519 3965 1870 4032 HOMILIA
1914 3941 2090 4032 LXII
2137 3968 2249 4052 (a).

227 4091 356 4152 Car.
391 4097 481 4152 II.
525 4112 576 4150 ν.
613 4099 663 4152 1.
708 4097 834 4152 Erat
863 4109 1032 4154 autent
1075 4103 1282 4171 quidam
1311 4105 1559 4177 languens
1588 4109 1822 4168 Lazarus

298 4203 332 4238 a
375 4185 648 4254 Bethania,
690 4206 754 4244 es:
798 4193 1008 4248 castello
1055 4193 1241 4250 Ilarite
1288 4207 1337 4251 et
1378 4197 1601 4257 Marthae
1642 4209 1832 4261 sororis

299 4278 430 4345 ejus.
474 4278 530 4335 2.
584 4279 752 4334 Maria
799 4294 968 4337 autem
1017 4297 1123 4340 erat
1152 4305 1211 4342 ea
1239 4306 1354 4360 quia
1380 4294 1526 4345 unxit
1552 4292 1831 4352 Dominum

299 4380 575 4440 unguento.

303 4505 354 4560 Ι.
413 4504 690 4563 diuturnas
732 4511 911 4565 amicis
965 4511 1060 4566 Dei
1123 4517 1344 4572 maaime
1394 4531 1710 4590 competunt.
1751 4523 1832 4579 De

234 4596 406 4652 Maria
451 4617 625 4654 sorore
670 4599 862 4656 Lazari
907 4607 1138 4677 quando.
1170 4609 1415 4665 —Multi
1450 4627 1573 4667 cum
1618 4615 1829 4686 aliquos

227 4689 412 4744 vident
461 4690 704 4748 homines
756 4694 865 4751 Deo
904 4709 1177 4768 acceptos,
1227 4695 1606 4760 in'airumnam
1636 4723 1828 4778 quam-

229 4781 396 4849 piam,
449 4787 508 4838 ut
537 4785 806 4853 morbum,
846 4802 1240 4859 paupertatem.
1271 4803 1364 4850 aut
1387 4797 1514 4867 quid
1542 4799 1717 4856 simile
1745 4804 1828 4857 in-

228 4872 446 4938 cidisse,
476 4876 870 4944 perturbantur,
918 4883 1082 4936 nescii
1129 4883 1240 4939 Deo
1283 4885 1468 4942 amicis
1513 4887 1566 4942 id
1597 4893 1828 4948 maxime

228 4975 555 5032 competere.
603 4967 734 5022 Nam
773 4970 1009 5028 Lazarus
1039 4991 1104 5030 ex
1132 4977 1330 5032 Christi
1363 4981 1550 5036 amicis
1575 4994 1723 5050 erat,
1772 4998 1829 5041 et

230 5052 604 5113 infirmabatur
643 5075 656 5110 :
705 5059 755 5114 id
801 5063 940 5130 quod
989 5064 1239 5121 dicebant
1289 5069 1322 5122 ii
1371 5071 1463 5140 qui
1516 5074 1822 5130 miserunt:

231 5141 361 5197 Ecce
394 5161 542 5214 queat
583 5163 727 5203 amas
768 5152 1080 5221 iit/irritatur.
1131 5157 1239 5212 Sed
1277 5159 1451 5215 locum
1484 5163 1643 5218 altius
1673 5181 1826 5235 repe-

229 5241 423 5288 tamus.
477 5235 621 5301 Erat,
667 5239 858 5310 inquit,
899 5246 1106 5313 quidam
1133 5250 1378 5320 languens
1405 5252 1634 5309 Lazarus
1662 5272 1694 5310 α
1723 5257 1824 5311 Be-

227 5325 426 5378 thania.
466 5327 580 5383 Non
603 5331 699 5386 abs
740 5349 798 5389 re
826 5335 965 5390 dixit
996 5339 1135 5394 unde
1165 5353 1308 5397 esset
1330 5343 1584 5409 Lazarus,
1635 5347 1729 5402 sed
1760 5363 1822 5402 ea

229 5414 293 5470 de
326 5431 511 5482 causa,
559 5435 717 5488 quam
767 5431 952 5492 postea
999 5427 1241 5485 dicturus
1287 5443 1390 5487 est.
1433 5433 1650 5491 Interim
1695 5452 1822 5494 vero

253 5583 802 5666 ialmljanchorniliam
828 5601 880 5666 et
901 5595 1023 5647 duas
1044 5609 1318 5666 sequentes
1351 5605 1554 5656 edidere
1588 5605 1705 5656 olim
1730 5616 1817 5658 Pa-

473 5655 789 5733 ‘tngpqgraphi
833 5662 966 5728 torno
1010 5647 1316 5733 sectamini
1325 5647 1581 5733 bliotwh‘ecvze

735 5719 932 5795 nomine
956 5725 1108 5771 sancti
1136 5724 1288 5795 Basilii

225 5773 603 5893 ἓῖι¹ὶὲῗοεῖιϊὲἷ⁸³⁵
643 5788 733 5837 νοτ
764 5780 1069 5832 Theodorum
1113 5773 1364 5836 ιιυιιτιειιιηί
1400 5773 1816 5845 ὲὸζτῑὶῖιείὶῖζὲἓέὶἶ

441 5843 539 5880 um.

1941 4115 2222 4184 praesentia
2253 4125 2562 4174 tractemus.
2609 4119 2837 4177 Sorores
2874 4123 3075 4178 utiliter
3105 4125 3328 4194 indicat,
3359 4135 3412 4182 et
3436 4126 3546 4183 Ma-

1939 4209 2070 4262 riam
2097 4224 2216 4278 quaa
2249 4210 2299 4264 in
2342 4211 2523 4281 aliquo
2563 4214 2871 4282 praestabat,
2925 4216 3029 4272 hoc
3070 4217 3361 4287 adjiciens,
3414 4221 3544 4275 Erat

1935 4309 2106 4354 autem
2151 4301 2324 4356 Maria
2366 4320 2482 4370 quia
2524 4303 2807 4360 Dominum
2848 4317 3063 4361 unxerat
3109 4322 3390 4380 unguento.
3447 4314 3544 4367 llic

1935 4392 2155 4463 quidam
2198 4397 2553 4464 qua'stioncm
2585 4408 2836 4465 movent,
2871 4415 2966 4454 cur
2997 4401 3256 4456 Dominus
3288 4403 3391 4459 hoc
3422 4421 3542 4460 ntu-

1934 4484 2122 4541 lierem
2151 4485 2330 4542 facere
2362 4490 2710 4557 permiserit?
2743 4491 2924 4547 Primo
2955 4493 3136 4564 itaque
3175 4495 3353 4551 discas
3382 4513 3540 4568 Opor-

1937 4584 2006 4630 tet
2030 4617 2046 4641 ,
2097 4592 2204 4631 non
2245 4577 2384 4633 hanc
2425 4595 2546 4635 esse
2579 4583 2918 4637 meretricem
2947 4583 3019 4638 de
3047 4601 3151 4654 qua
3182 4586 3461 4643 Mattheus
3486 4601 3540 4645 et

1934 4665 2130 4732 Lucas,
2176 4667 2270 4722 sed
2301 4669 2462 4723 aliam
2512 4670 2795 4726 honestam
2824 4675 3132 4731 mulierem.
3167 4677 3274 4731 Illae
3307 4695 3540 4750 namque

1935 4759 2190 4814 mulieres
2225 4771 2380 4816 erant
2410 4764 2646 4832 peccatis
2688 4774 2896 4820 onusta:
2927 4784 2938 4819 :
2984 4767 3103 4823 hare
3130 4784 3258 4824 vero
3287 4780 3337 4826 et
3366 4771 3540 4828 hone-

1931 4858 2013 4902 sta
2059 4859 2115 4904 et
2173 4851 2433 4905 studiosa.
2493 4854 2622 4907 Nam
2679 4856 2955 4910 Christum
3008 4862 3264 4931 excipere
3309 4865 3534 4918 curavit.

1931 4937 2123 4993 Narrat
2185 4949 2364 4995 autem
2422 4945 2789 5013 evangelista,
2839 4962 3056 5003 sorores
3097 4966 3310 5021 quoque
3358 4954 3529 5022 ipsum

1930 5033 2226 5099 amavisse;
2275 5043 2330 5088 ct
2372 5046 2547 5090 tamen
2583 5037 3022 5096 Lazarum'mori
3071 5045 3334 5112 permisit.
3359 5046 3536 5113 Quare

1931 5136 2060 5184 non,
2111 5131 2168 5176 ut
2208 5127 2453 5179 centurio
2499 5137 2552 5180 et
2595 5131 2848 5199 regulus,
2902 5133 3091 5188 relicto
3144 5134 3308 5190 fratre
3359 5153 3531 5207 :rgro-

1933 5220 2114 5280 tante,
2170 5212 2445 5270 Christum
2496 5218 2728 5286 adeunt,
2777 5223 2869 5277 sed
2922 5225 3188 5280 mittunt?
3229 5228 3532 5284 Admodum

1929 5303 2143 5357 Christo
2177 5305 2431 5374 lidebant,
2477 5310 2687 5380 ipsique
2732 5313 3021 5370 familiares
3067 5327 3248 5372 erant.
3279 5321 3532 5390 Alioquin

1930 5395 2181 5450 mulieres
2207 5407 2364 5452 erant
2394 5399 2622 5455 infirma:
2642 5443 2655 5466 ,
2686 5412 2739 5457 et
2772 5405 2914 5459 luctu
2945 5405 3344 5464 detinebantur.
3376 5412 3532 5478 Quod

1929 5487 2071 5541 enim
2105 5503 2211 5542 non
2242 5504 2307 5544 ex
2334 5500 2643 5561 contemptu
2670 5496 2748 5548 sic
2777 5495 3039 5565 fecerint,
3092 5512 3275 5570 postea
3303 5503 3529 5557 demou-

1929 5583 2187 5630 straruut.
2231 5577 2387 5642 Quod
2433 5581 2594 5650 igitur
2623 5583 2739 5638 haec
2785 5587 2874 5639 illa
2903 5602 3009 5641 non
3034 5600 3181 5643 esset
3217 5593 3388 5659 palam
3425 5601 3528 5648 est.

1926 5667 2030 5722 Sed
2057 5668 2224 5735 illam,
2259 5673 2488 5742 inquies,
2521 5689 2617 5728 cur
2642 5675 2859 5731 admisit
2888 5679 3175 5734 Christus?
3215 5692 3270 5736 ut
3295 5683 3530 5741 solveret

1928 5761 2264 5829 nequitiam,
2329 5774 2385 5816 ut
2435 5764 2819 5821 humanitatem
2868 5769 3189 5838 exhiberet,
3240 5783 3292 5826 ut
3351 5774 3528 5832 discas

1927 5851 2128 5906 nullum
2165 5868 2286 5909 esse
2330 5857 2599 5928 morbum,
2655 5862 2742 5930 qui
2793 5861 2908 5932 ejus
2953 5865 3245 5921 bonitatem
3288 5877 3525 5938 superet.
