4054 6442
562 319 667 378 31⁸5

551 803 701 855 Iesus
727 801 985 856 Martinam
1015 809 1062 854 et
1099 813 1320 853 sororem
1349 801 1476 870 ejus,
1507 808 1552 851 et
1583 796 1874 850 Lasariini?
1910 797 1983 852 Ne
2010 811 2126 851 um-

546 913 708 966 quam
743 897 1076 966 indignemur
1101 895 1180 948 vel
1213 907 1355 962 :egre
1385 895 1615 946 feramus
1639 933 1654 957 ,
1703 893 1746 945 si
1797 893 1893 946 viri
1934 891 2129 945 virtute

547 989 756 1058 praediti
800 998 851 1042 et
891 988 979 1042 Dei
1010 987 1200 1048 amici,
1230 985 1280 1038 in
1310 985 1555 1038 morbum
1599 983 1852 1037 incidant.
1895 980 1947 1038 3.
1998 982 2130 1036 Ecce

541 1099 694 1145 quem
737 1098 898 1145 amas,
944 1080 1252 1146 inﬁrmatur.
1297 1076 1351 1131 In
1397 1075 1917 1131 commiserationem
1964 1074 2123 1130 Chri-

550 1183 691 1227 stum
743 1170 1052 1240 pertrahere
1097 1169 1372 1223 volebant.
1418 1168 1605 1222 Adhuc
1651 1168 1796 1222 enim
1853 1165 2122 1220 hominem

539 1279 666 1317 esse
710 1263 984 1330 putabant.
1030 1260 1169 1330 quod
1215 1275 1281 1315 ex
1323 1259 1479 1313 dictis
1523 1274 1711 1314 eorum
1751 1259 2008 1328 arguitur,
2061 1257 2124 1312 Si

544 1358 722 1422 fuisses
760 1354 877 1415 hic,
924 1369 1023 1404 non
1072 1352 1247 1422 fuisset
1298 1361 1541 1404 mortuus.
1601 1349 1782 1418 Neque
1837 1348 2118 1413 dixerunt,

546 1449 677 1499 l-Icce
707 1445 931 1498 Lazarus
961 1443 1295 1504 inﬁrmatur;
1346 1440 1462 1506 sed,
1497 1437 1626 1494 Ecce
1662 1454 1806 1508 quem
1836 1454 1999 1515 amas,
2035 1440 2118 1491 in-

543 1539 798 1603 ﬁrmatur.
828 1534 961 1600 Quid
995 1548 1122 1602 ergo
1163 1532 1449 1586 Christus?
1488 1533 1540 1585 4.
1575 1530 1698 1584 Haec
1721 1530 1988 1598 inﬁrmitas
2018 1546 2118 1583 non

533 1642 609 1682 est
660 1632 728 1683 ad
774 1639 1002 1694 mortem,
1053 1630 1143 1682 sed
1186 1643 1280 1698 pro
1323 1629 1485 1697 gloria
1535 1627 1658 1692 Dei,
1711 1637 1764 1680 ut
1805 1624 2118 1698 glorificetur

544 1725 703 1777 Filius
735 1723 825 1775 Dei
863 1739 950 1792 per
976 1739 1106 1775 eam.
1143 1720 1274 1775 Vide
1311 1719 1580 1790 quomodo
1622 1733 1829 1772 rursum
1869 1719 2112 1773 eamdem

529 1815 674 1866 dicat
719 1814 938 1882 gloriam
990 1827 1140 1864 suam
1173 1819 1226 1864 et
1263 1809 1454 1864 Patris.
1517 1809 1648 1864 Cum
1698 1811 1840 1863 enim
1869 1810 2112 1873 dixisset,

537 1906 644 1967 Dei,
699 1906 949 1971 subdidit,
1000 1904 1067 1959 Ut
1098 1904 1406 1974 gloriﬁcatur
1453 1901 1619 1956 Filius
1651 1900 1764 1954 Dei.
1817 1901 2110 1969 llwcinﬁr-

527 1999 679 2049 mitas
737 2013 836 2048 non
883 2004 954 2048 est
1021 1995 1088 2047 ad
1143 2003 1372 2046 mortem.
1429 1991 1558 2047 Cum
1612 1993 1753 2045 enim
1799 1991 1907 2045 illic
1957 1992 2113 2046 biduo

531 2101 810 2140 mansurus
840 2095 1002 2150 esset,
1037 2085 1262 2139 remittit
1306 2085 1424 2138 illos
1473 2093 1528 2136 ut
1559 2083 1674 2136 tunc
1705 2085 1968 2136 nuntient.
1996 2083 2108 2148 Qua

525 2180 580 2231 in
629 2194 685 2231 re
735 2175 1033 2230 mirandum
1079 2184 1189 2241 est,
1223 2175 1362 2244 quod
1404 2188 1617 2228 sorores
1665 2189 1785 2227 cum
1839 2173 2111 2227 audissent

529 2284 632 2320 non
680 2282 800 2321 esse
850 2267 914 2320 ad
963 2275 1210 2326 mortem.
1242 2273 1296 2320 et
1325 2273 1506 2333 postea
1539 2265 1674 2318 mori
1702 2265 1979 2328 vidissent,
2030 2265 2111 2317 οι-

525 2361 689 2413 ΐυιιειῐι
729 2375 831 2412 non
875 2359 1088 2415 fuerint.
1138 2373 1254 2412 rem
1283 2367 1466 2412 contra
1510 2358 1738 2413 cessisse
1781 2369 2104 2422 cernentes;

526 2468 706 2506 verum
748 2459 1129 2516 accesserunt,
1183 2466 1280 2504 nec
1327 2459 1580 2520 putarunt
1628 2452 1907 2505 mentitum
1957 2453 2104 2505 illum

522 2559 658 2596 esse.
705 2543 791 2595 Illa
835 2553 1010 2594 autem
1053 2541 1329 2609 particula,
1367 2541 1455 2606 Ut,
1486 2558 1590 2595 non
1614 2544 1841 2596 causalis
1871 2553 1974 2609 est,
2008 2545 2100 2598 sed

522 2643 767 2686 cvcntmn
799 2632 1082 2700 signiﬁcat.
1133 2631 1246 2684 Alia
1286 2647 1511 2702 namque
1548 2632 1644 2686 fuit
1685 2634 1853 2688 morbi
1900 2649 2100 2699 causa;

517 2724 612 2776 illo
654 2732 828 2776 autem
875 2722 939 2776 ad
995 2723 1083 2775 Dei
1127 2723 1349 2787 gloriam
1382 2738 1509 2776 usus
1539 2735 1638 2778 est.
1675 2726 1724 2779 6.
1763 2722 1968 2778 Etcum
1996 2728 2104 2780 lia'c

519 2815 743 2879 dixisset,
787 2815 966 2867 mansit
1006 2815 1057 2865 in
1101 2830 1156 2866 eo
1198 2815 1307 2866 loco
1352 2815 1480 2866 duos
1528 2813 1653 2868 dies.
1701 2816 1806 2869 Cur
1858 2819 2100 2870 mansit?

515 2903 588 2960 ιιι
631 2909 897 2975 cxpirarct
944 2908 1028 2960 ille
1070 2915 1123 2960 et
1173 2906 1537 2975 sepeliretur:
1589 2922 1656 2961 ne
1703 2911 1823 2976 quis
1876 2908 2100 2972 diCeret,

520 2998 764 3050 Nondum
787 2997 1096 3051 defunctum
1127 2998 1419 3062 suscitavit,
1470 2999 1672 3066 sepitus
1703 3009 1904 3052 tantum
1951 3009 2099 3065 erat;

520 3089 631 3150 γι-Ι,
685 3088 898 3142 Solutus
943 3087 1232 3152 defecerat,
1291 3104 1394 3141 non
1429 3105 1572 3144 mors
1617 3099 1749 3145 erat.
1795 3090 1916 3146 Ideo
1957 3100 2103 3147 tanto

515 3191 757 3248 toinpore
785 3189 981 3242 manet,
1005 3191 1059 3233 ιιι
1091 3181 1180 3234 illo
1204 3179 1312 3248 jam
1344 3189 1619 3248 corrupto,
1652 3181 1834 3236 dicere
1861 3192 2097 3250 possent,

517 3269 635 3323 Jam
658 3275 791 3341 fwtet
831 3272 851 3340 (
870 3271 1005 3325 Joau
1062 3273 1144 3325 11.
1179 3272 1306 3336 59).
1340 3271 1392 3324 7.
1426 3271 1618 3326 Deinde
1643 3275 1764 3327 dicit
1792 3274 2052 3343 discipulis
2083 3292 2095 3327 :

524 3364 709 3416 lt'amus
737 3365 786 3416 in
809 3364 1061 3417 Juda'am.
1092 3365 1199 3418 Cur
1238 3381 1357 3417 cmn
1389 3380 1646 3431 nusquam
1677 3366 1746 3418 ita
1772 3365 2097 3433 prmdixerit,

517 3456 602 3508 hic
626 3456 892 3524 prmdicit"
921 3456 1079 3507 Valde
1101 3455 1356 3508 timebant
1377 3475 1384 3481 ·
1407 3464 1459 3508 et
1479 3457 1600 3524 quia
1627 3457 1704 3509 sic
1732 3456 1904 3509 ali'ecti
1923 3468 2096 3520 erant,

521 3548 774 3614 pranlicit.
827 3562 890 3600 ne
917 3548 1099 3600 statim
1135 3547 1431 3600 turbentur.
1484 3547 1620 3613 Quid
1658 3562 1781 3600 vero
1815 3547 2097 3615 discipuli?

511 3640 550 3691 8
619 3637 768 3690 Nunc
809 3638 1096 3706 qurerebant
1140 3647 1186 3690 te
1224 3637 1396 3690 Judwi
1441 3638 1697 3705 lapidare,
1748 3648 1793 3690 et
1837 3655 2012 3690 rursus
2042 3654 2097 3690 co

521 3729 658 3779 radis
682 3728 706 3778 .’
729 3728 1009 3780 Timebant
1039 3728 1180 3780 cnim
1213 3727 1370 3783 etiam
1399 3729 1468 3791 ei,
1499 3728 1590 3780 sed
1615 3729 1712 3781 sibi
1743 3728 1940 3796 magis;
1974 3744 2098 3781 non-

515 3817 645 3870 dum
673 3817 813 3870 enim
847 3817 1062 3885 perfecti
1102 3825 1272 3870 erant.
1319 3816 1654 3888 Quapropter
1688 3819 1874 3871 timore
1912 3820 2096 3885 exagi-

511 3918 655 3962 tatus
671 3908 902 3962 Thomas
923 3908 1049 3964 dicit
1065 3910 1112 3962 ci
1135 3926 1147 3960 :
1173 3907 1380 3975 Eamus,
1411 3919 1464 3960 ut
1483 3920 1528 3962 et
1543 3909 2092 3976 uosmoriamurUbid.

520 4000 628 4069 l6).
665 3999 926 4053 lniirmior
967 4015 1193 4068 namque
1236 4011 1288 4053 et
1341 4001 1507 4070 magis
1554 4001 1894 4055 iucrednlus‘
1939 4017 2094 4071 quam

512 4092 695 4144 czcteri
741 4102 876 4143 erat.
930 4091 1032 4145 Sed
1079 4089 1200 4143 vide
1235 4091 1502 4160 quomodo
1533 4091 1776 4144 Christus
1806 4092 1960 4147 dictis
1987 4095 2097 4145 suis

514 4185 638 4238 illos
665 4185 964 4237 continuet.
1007 4183 1060 4238 9.
1119 4182 1304 4236 Nonne
1327 4184 1591 4236 duodecim
1635 4184 1772 4236 hora:
1804 4194 1917 4235 sunt
1950 4184 2097 4236 diei?

515 4273 612 4330 Vel
645 4279 742 4329 hoc
760 4277 910 4338 dixit,
946 4287 1000 4329 ut
1032 4277 1350 4339 declararet,
1381 4277 1508 4330 nihil
1535 4278 1824 4330 timendum
1849 4291 1966 4330 esse
1991 4279 2100 4330 nul-

513 4367 615 4420 iius
643 4368 740 4420 sibi
771 4367 892 4419 mali
922 4367 1138 4420 conscio
1166 4385 1180 4429 ;
1227 4367 1317 4418 sed
1345 4382 1465 4418 eum
1495 4367 1581 4434 qui
1614 4367 1752 4419 male
1793 4365 1975 4418 fecerit
2006 4382 2100 4433 pu-

513 4457 770 4509 niendum
823 4458 1026 4524 (quare
1072 4457 1223 4509 nobis
1266 4455 1393 4509 nihil
1438 4455 1752 4519 timendum,
1801 4471 1922 4509 cum
1966 4455 2096 4510 nihil

511 4558 688 4601 inmte
733 4549 947 4615 dignum
1002 4547 1284 4601 fecerimus
1316 4549 1334 4614 )
1367 4564 1378 4598 :
1413 4547 1494 4600 vel
1536 4548 1615 4600 sic
1664 4547 1948 4614 intelligas,
1996 4547 2094 4612 Qui

516 4644 688 4694 tucetn
723 4641 878 4710 hujus
904 4640 1087 4694 mtmdi
1127 4639 1287 4701 videt,
1323 4639 1374 4692 in
1408 4648 1522 4693 tuto
1550 4647 1670 4702 est;
1705 4641 1748 4693 si
1791 4649 1968 4693 autem
2004 4641 2093 4694 ille

519 4735 569 4784 in
599 4741 710 4786 toto
736 4743 837 4798 est,
869 4732 1036 4784 multo
1065 4732 1230 4799 magis
1258 4732 1302 4783 is
1325 4731 1411 4798 qui
1438 4746 1643 4784 mecum
1672 4742 1773 4794 ρει,
1823 4732 1918 4784 nisi
1951 4747 1979 4784 a
2012 4747 2097 4784 me

518 4821 844 4877 dismsserit.
875 4821 968 4875 llis
1005 4823 1187 4874 verbis
1215 4821 1331 4873 illos
1358 4821 1714 4884 conﬁrmavit,
1757 4830 1810 4874 et
1851 4837 2096 4876 necessa-

516 4915 653 4966 riam
683 4928 898 4967 causam
931 4911 1184 4974 subdidit,
1208 4927 1303 4965 cur
1327 4912 1420 4964 illo
1449 4912 1782 4981 migrandum
1815 4922 1958 4966 esset
1997 4929 2008 4964 :
2043 4922 2096 4966 et

523 5014 799 5073 postquam
841 5006 1180 5070 declarasset,
1229 5022 1334 5059 non
1375 5006 1541 5058 ituros
1565 5005 1972 5075 Jerosolymam,
2004 5005 2096 5059 sed

517 5098 854 5160 Bethaniam,
881 5099 1014 5152 dixit
1048 5117 1060 5152 :
1095 5100 1150 5153 11
1203 5099 1430 5151 Lazarus
1457 5099 1643 5150 amicus
1670 5098 1874 5161 dormit,
1903 5108 1947 5150 et
1967 5098 2097 5150 vado

520 5198 572 5239 ιιι
601 5189 744 5240 illum
772 5202 996 5243 excitem.
1033 5190 1141 5245 Hoc
1183 5201 1283 5255 est,
1330 5190 1441 5243 Non
1480 5192 1667 5244 iterum
1694 5191 1828 5242 vado
1857 5207 1976 5244 cum
1999 5191 2097 5245 Jn~

515 5280 654 5334 diris
686 5281 1047 5349 disputaturos
1078 5293 1126 5335 et
1153 5298 1559 5346 congre~5nrus,
1604 5283 1695 5336 sed
1728 5285 1956 5336 amicum
2001 5300 2095 5334 no-

523 5385 689 5426 strnm
740 5377 1087 5427 excitaturus.
1131 5375 1215 5428 19..
1251 5375 1438 5429 Dicunt
1470 5377 1708 5443 discipuli
1742 5393 1758 5428 .°
1791 5377 2022 5440 Domine,
2056 5377 2095 5429 si

520 5467 724 5525 dormit,
757 5468 923 5517 sah'tts
951 5469 1061 5518 erit.
1099 5467 1147 5519 ld
1182 5485 1306 5520 ιἰϊιι
1336 5485 1436 5521 non
1482 5470 1598 5522 sine
1634 5485 1787 5522 causa
1830 5470 2094 5533 dixerunt,

519 5558 610 5607 :i-d
657 5564 711 5608 ut
750 5557 1064 5625 impedirent
1117 5562 1396 5625 quominus
1440 5562 1557 5612 iret.
1599 5560 1767 5624 Dicis,
1817 5562 2050 5630 inquiunl
2080 5603 2095 5626 ,

588 5709 600 5740 '
645 5708 693 5759 in
721 5716 878 5762 \torcl.
910 5712 1109 5776 legitur,
1136 5716 1363 5773 limatior,
1396 5732 1494 5778 pro.
1526 5717 1675 5780 magis
1713 5718 2008 5768 incredulus.

1298 319 1357 373 S.
1389 315 1664 374 JOANNIS
1700 312 2176 372 CllltYSUSTOMl
2212 315 2531 378 ARCHIEP.
2569 322 3105 418 CONSTANTINOP.

561 440 636 498 Ne
681 439 859 504 itaque
901 437 1002 492 hoc
1051 442 1254 490 tantum
1299 435 1552 503 respicias
1595 432 1736 503 quod
1778 433 1920 488 illam
1964 431 2134 485 admi-

558 531 709 595 serit,
740 529 831 583 sed
859 536 912 581 et
939 527 1061 582 illud
1089 525 1390 590 considera,
1435 525 1705 594 quomodo
1735 523 2038 577 mutaverit.
2071 522 2135 576 Et

552 637 650 674 cur
690 621 824 672 hanc
853 625 1112 672 memorat
1143 616 1418 671 historiam
1448 617 1769 684 evangelista
1792 616 1823 689 ?_
1861 616 1966 668 imo
2007 629 2134 668 vero

552 711 679 779 quid
721 725 817 765 nos
861 709 972 762 vult
1016 708 1252 772 docere,
1301 724 1420 761 cmn
1461 709 1579 760 ait:
1621 706 1673 759 5.
1717 705 1930 758 Amabat
1967 713 2132 757 autem

3735 351 3838 406 311

2250 433 2395 530 illum
2427 435 2709 530 dormire?
2752 457 2879 508 ergo
2911 445 3037 498 nihil
3069 449 3207 518 cogit
3237 449 3326 506 illo
3352 453 3524 511 abire.
3561 460 3718 530 Atqui
3747 466 3839 520 illo

2246 525 2368 579 ideo
2412 527 2638 594 dixerat,
2681 531 2887 587 Amicus
2927 548 3113 603 noster,
3157 551 3214 595 ut
3239 546 3556 602 ostenderet
3589 525 3835 607 lic-ccssa-

2242 616 2375 671 riam
2403 634 2523 674 esse
2548 623 2951 691 profectionem.

2308 707 2538 804 inQui:
2583 727 2711 768 vero
2750 717 2823 804 illi
2868 721 3144 788 segniores
3184 736 3362 794 erant,
3414 730 3549 786 dixit
3590 736 3824 804 tandem,

2243 795 2329 892 141.
2357 798 2592 856 Mortuus
2625 815 2715 857 est.
2745 803 2926 860 Primo
2949 811 3129 878 itaque
3161 823 3217 867 ut
3243 814 3438 873 fastum
3469 822 3702 892 tolleret,
3750 795 3826 882 sic

2239 885 2724 984 loqiiutusdtterat;
2755 911 2876 950 cum
2908 911 3086 954 autem
3117 903 3166 956 id
3198 904 3270 958 illi
3300 918 3407 962 non
3440 885 3820 984 intelligerent,

2235 975 2450 1070 adjecit,
2484 973 2718 1036 Mortuus
2743 995 2834 1052 est,
2880 985 2962 1043 15.
2997 1000 3045 1042 et
3072 995 3268 1060 gaudeo
3299 1009 3508 1066 propter
3534 973 3643 1056 vos:
3697 973 3821 1070 Cur:

2237 1063 2457 1163 Propter
2493 1071 2622 1124 vos?
2662 1072 2813 1141 Quod
2843 1077 3040 1133 absens
3071 1063 3409 1150 pra'dixerim
3436 1108 3448 1142 :
3485 1092 3667 1163 itaque
3699 1063 3819 1151 cuni

2232 1159 2641 1255 resuscitavero,
2674 1165 2816 1220 nulla
2845 1172 3145 1227 remanebit
3169 1178 3424 1245 suspicio.
3466 1159 3656 1238 Vitlen‘
3683 1205 3820 1255 qun-

2229 1248 2390 1350 modo
2416 1250 2589 1308 adhuc
2611 1254 3039 1325 imperfectiores
3062 1276 3246 1321 essent
3271 1269 3535 1342 discipuli,
3569 1294 3669 1332 nec
3700 1248 3820 1350 ejus

2229 1339 2477 1397 virtutem
2506 1354 2561 1399 ut
2602 1361 2696 1414 par
2732 1358 2850 1403 erat
2891 1361 3316 1421 cognoscerent?
3352 1339 3502 1430 Quod
3553 1385 3618 1424 ex
3673 1339 3818 1427 metu

2227 1431 2440 1487 illorum
2487 1438 2696 1493 animos
2744 1443 2994 1499 turbante
3037 1453 3402 1516 proveniebat.
3461 1459 3526 1512 Et
3572 1477 3695 1516 cum
3729 1466 3818 1518 di-

2226 1523 2321 1584 xit.
2355 1522 2576 1614 Dormit,
2613 1530 2834 1596 addidit,
2874 1531 3017 1588 Vada
3045 1549 3100 1590 ut
3124 1543 3332 1596 excitem
3370 1563 3519 1614 eum;
3565 1568 3686 1605 cum
3718 1570 3817 1608 au-

2226 1621 2330 1666 tem
2360 1611 2513 1675 dixit.
2544 1618 2781 1675 Mortuus
2808 1635 2902 1689 est,
2936 1641 3040 1681 non
3065 1630 3175 1697 jam
3207 1611 3610 1703 addidit,Vado,
3648 1656 3703 1695 ut
3729 1663 3818 1697 su-

2221 1703 2391 1756 scitem
2421 1722 2554 1760 eum.
2588 1709 2702 1764 Non
2743 1714 2886 1768 enim
2918 1717 3130 1772 volebat
3158 1737 3219 1775 cx
3256 1726 3434 1780 verbis
3474 1733 3772 1798 prmdiccro
3795 1776 3813 1801 ,

2220 1814 2340 1868 quae
2369 1817 2532 1870 opere
2560 1804 2972 1861 conﬁrmaturus
3009 1821 3144 1872 erat.
3181 1829 3279 1868 nos
3315 1832 3531 1888 semper
3571 1822 3812 1890 docens,

2220 1907 2409 1946 vanam
2437 1895 2660 1963 gloriam
2690 1911 2814 1952 esse
2853 1897 3178 1969 fugiendam,
3233 1921 3407 1975 neque
3450 1919 3651 1965 temere
3694 1931 3816 1970 esse

2223 1985 2665 2051 promittendum.
2713 1988 2862 2054 Quod
2896 1993 2937 2044 si
2969 2003 3184 2061 rogatus
3223 1995 3326 2051 hoc
3355 2003 3657 2054 centurioni
3691 2005 3818 2060 fecit

2217 2075 2554 2143 (dixitenim,
2580 2076 2688 2147 Ego
2717 2081 2943 2145 veniam;
2970 2091 3014 2134 et
3034 2084 3220 2138 curabo
3237 2104 3349 2140 eum
3375 2086 3588 2160 [Matt/i.
3615 2093 3666 2146 8.
3695 2094 3811 2164 7]);

2221 2165 2268 2218 id
2301 2166 2452 2232 dixit,
2487 2179 2542 2222 ut
2566 2169 2684 2238 ejus
2711 2172 2867 2226 fidem
2898 2177 3227 2232 ostenderet.
3263 2179 3315 2234 Si
3343 2183 3464 2249 quis
3496 2200 3626 2237 vero
3654 2187 3780 2240 dixe
3799 2217 3812 2227 -

2218 2259 2302 2322 rit,
2335 2261 2442 2314 Cur
2461 2276 2706 2317 somnum
2750 2266 3162 2334 suspicabantur
3184 2287 3306 2327 esse
3329 2274 3603 2346 discipuli,
3635 2295 3816 2349 neque

2215 2360 2480 2403 noverunt
2509 2362 2772 2407 mortuum
2805 2371 2944 2416 esse.
2972 2373 3092 2412 cum
3122 2361 3343 2428 diceret,
3401 2365 3600 2421 Vadam
3633 2382 3686 2423 et
3716 2386 3814 2424 cu-

2214 2438 2345 2490 rabo
2385 2442 2544 2494 enm?
2595 2442 2856 2512 (stultum
2902 2450 3045 2502 enim
3088 2462 3204 2504 erat
3235 2453 3277 2504 si
3309 2465 3557 2522 putarent
3599 2459 3789 2514 Jesum

2213 2529 2513 2597 quindecim
2543 2534 2711 2586 stadia
2752 2537 3122 2593 confecturum
3161 2556 3317 2609 esse,
3351 2554 3407 2598 ut
3437 2547 3583 2602 illum
3616 2566 3811 2619 exper-

2213 2618 2480 2686 gefaceret
2511 2623 2529 2690 )
2563 2641 2574 2674 :
2607 2628 2965 2693 respondebo,
3023 2641 3234 2697 putasse
3280 2635 3400 2690 illos
3434 2637 3535 2692 hoc
3575 2644 3806 2712 muigma

2210 2726 2351 2776 esse,
2385 2714 2568 2767 utalia
2601 2718 2763 2770 multa
2795 2736 2913 2786 qn:c
2943 2721 3174 2778 dicebat.

2286 2803 2502 2857 Thomas
2550 2809 2774 2859 omnium
2827 2811 3204 2878 inﬁrmissimus
3264 2829 3438 2885 postea
3490 2823 3808 2891 fortissimus

2209 2895 2416 2961 eﬁ‘ectus
2465 2908 2554 2950 est.
2602 2931 2671 2938 —-
2710 2900 2908 2956 Omnes
2959 2905 3136 2972 itaque
3170 2907 3480 2965 Iudaeorum
3536 2915 3799 2983 impetum

2211 2988 2598 3044 formidabant:
2633 2995 2869 3046 omnium
2903 2997 3136 3051 maxime
3169 2998 3403 3055 Thomas
3437 3021 3449 3056 :
3482 3003 3602 3058 ideo
3639 3008 3800 3070 dixit,

2212 3080 2297 3132 16.
2334 3079 2544 3141 Eamus,
2579 3093 2629 3134 ut
2659 3095 2705 3138 et
2735 3103 2824 3137 nos
2848 3089 3122 3140 moriamur
3159 3106 3272 3142 cum
3302 3109 3378 3144 eo.
3411 3094 3638 3160 Quidam
3673 3116 3804 3150 vero

2208 3171 2410 3238 dicunt,
2458 3174 2628 3242 ipsum
2681 3179 2814 3231 mori
2866 3189 3120 3248 optasse;
3167 3183 3258 3235 sed
3293 3201 3397 3238 non
3441 3188 3507 3239 ita
3557 3205 3646 3243 res
3679 3204 3798 3245 est:

2209 3280 2328 3318 nam
2354 3267 2527 3333 potius
2547 3284 2609 3320 cx
2642 3270 2828 3323 timore
2854 3272 3186 3340 loquebatur.
3211 3274 3315 3330 Sed
3351 3293 3454 3331 non
3488 3279 3803 3351 inerepatus

2209 3357 2322 3410 fuit.
2377 3357 2506 3427 Ejus
2536 3361 2678 3414 enim
2716 3363 3074 3417 inﬁrmitatem
3117 3366 3296 3421 adhuc
3345 3370 3650 3436 tolerabat;
3708 3374 3803 3426 «ιν-

2206 3464 2352 3504 mnm
2382 3460 2527 3504 certe
2554 3451 2633 3504 his
2664 3454 2899 3507 omnium
2928 3455 3251 3512 fortissimus
3281 3459 3504 3514 cliectus
3534 3473 3614 3516 est
3644 3476 3700 3518 et
3732 3468 3802 3518 in-

2206 3543 2539 3608 superabilis.
2594 3543 2744 3608 Nam,
2796 3549 2934 3614 quod
2966 3547 3321 3606 admiratione
3347 3551 3565 3621 dignum
3599 3565 3707 3617 est.
3758 3560 3802 3608 is

2205 3647 2361 3699 quem
2391 3634 2460 3685 ita
2489 3633 2750 3689 infirmum
2774 3647 2895 3690 ante
2922 3652 3133 3691 crucem
3165 3641 3414 3706 vidimus,
3439 3655 3557 3712 post
3580 3662 3800 3701 crucem

2205 3730 2258 3773 ct
2290 3732 2407 3788 post
2434 3727 2840 3779 resurrectionis
2883 3727 3038 3782 ﬁdem
3070 3730 3526 3788 ferventissimnm
3553 3740 3799 3791 omnium

2206 3815 2583 3881 conspicimus.
2614 3817 2779 3870 Tanta
2810 3829 2890 3872 est
2915 3818 3111 3874 Christi
3138 3823 3329 3878 virtus.
3378 3825 3510 3880 Nam
3554 3830 3642 3897 qui
3674 3845 3800 3886 cum

2207 3905 2417 3959 Christo
2448 3906 2757 3960 Bethaniam
2792 3910 2867 3962 ire
2895 3925 2997 3962 non
3027 3913 3277 3980 audebat,
3330 3916 3415 3970 hic
3442 3917 3663 3972 Christo
3689 3938 3800 3976 non

2204 4007 2468 4063 przrsente
2511 3996 2696 4052 orbem
2740 3998 2852 4053 fere
2903 4004 3184 4068 percurrit.
3237 4006 3288 4058 in
3341 4007 3532 4062 mediis
3585 4014 3802 4079 populis

2205 4087 2516 4139 versabatur
2543 4091 2916 4158 sanguinariis,
2950 4094 3037 4160 qui
3072 4095 3216 4147 illum
3248 4096 3551 4153 interficere
3583 4118 3798 4166 quaere-

2207 4175 2352 4229 bant.
2396 4177 2450 4231 Si
2484 4188 2660 4233 autem
2689 4181 2873 4234 stadiis
2903 4183 3205 4250 quindecim
3240 4186 3466 4239 distabat
3499 4188 3757 4244 Bethania
3782 4237 3798 4254 ,

2206 4285 2324 4334 qua:
2355 4279 2479 4322 sunt
2505 4271 2754 4326 milliaria
2782 4273 2908 4337 duo,
2959 4275 3229 4340 quomodo
3262 4280 3648 4344 quatriduanns
3680 4297 3802 4340 emt

2211 4359 2482 4415 Lazarus?
2530 4363 2718 4417 Mansit
2762 4364 2971 4418 duobus
3018 4367 3224 4432 diebus,
3275 4379 3330 4423 et
3373 4373 3542 4437 pridie
3577 4391 3802 4436 veni-rat

2210 4457 2424 4508 mmtius
2445 4496 2458 4518 ,
2507 4471 2571 4508 eo
2620 4457 2733 4524 ipso
2772 4459 2957 4511 mortis
2991 4459 3076 4514 die
3106 4479 3116 4513 :
3152 4461 3346 4515 deinde
3371 4474 3557 4530 quarta
3588 4467 3674 4519 die.
3698 4468 3790 4520 ad-

2211 4547 2374 4601 venit.
2411 4547 2531 4602 Ideo
2561 4547 2736 4600 donec
2762 4559 3045 4603 Vocaretur
3073 4553 3437 4618 exspectavit;
3485 4571 3656 4622 neque
3690 4573 3796 4612 non

2200 4638 2495 4692 accersitus
2550 4638 2694 4692 venit
2745 4654 2811 4692 ne
2863 4654 2964 4709 qua
3017 4642 3249 4696 oriretur
3297 4647 3551 4713 suspicio.
3611 4647 3803 4714 Neque

2209 4729 2357 4793 ipsm,
2393 4744 2510 4797 qua:
2537 4729 2870 4794 amabantur,
2903 4743 3158 4785 venerunt
3186 4751 3200 4799 ;
3249 4735 3342 4788 sed
3372 4736 3459 4789 alii
3489 4738 3797 4794 mittuntur.

2212 4821 2292 4872 18.
2331 4819 2456 4873 Erat
2483 4832 2650 4873 autem
2683 4820 2928 4874 Bethania
2959 4826 3103 4889 quasi
3130 4826 3307 4880 stadiis
3330 4829 3633 4896 quindecim.
3661 4831 3801 4887 Hinc

2207 4911 2534 4977 signiﬁcatur
2585 4913 2780 4966 nmltos
2823 4929 2886 4967 ex
2941 4915 3290 4987 Jerosoiymis
3336 4919 3608 4983 adfuisse;
3672 4939 3798 4978 nam

2207 5003 2382 5055 statim
2423 5002 2623 5070 adjicit.
2666 5005 2863 5058 multos
2889 5021 2955 5059 ex
2992 5006 3190 5062 Judzeis
3210 5009 3449 5065 adfuisse
3476 5013 3566 5081 qui
3593 5029 3799 5067 conso-

2208 5092 2551 5147 Iz-renlttreas
2576 5095 2750 5163 (.Ioan.
2792 5098 2873 5149 lt.
2911 5097 3022 5164 19).
3043 5098 3324 5164 Quomodo
3344 5103 3359 5132 ¹
3380 5118 3406 5154 a
3428 5102 3800 5160 Christodileo

2205 5196 2319 5236 ctas
2354 5184 2520 5238 Judaei
2553 5187 3012 5241 consolabantur?
3065 5191 3223 5258 Atqui
3269 5208 3634 5250 convenerant
3668 5207 3724 5250 nt
3755 5200 3800 5249 si

2207 5276 2325 5344 quis
2353 5276 2624 5330 Cbrismm
2654 5281 3022 5344 conﬁteretur,
3067 5293 3215 5335 extra
3245 5298 3572 5353 synagogam
3605 5288 3757 5340 ﬁeret
3777 5292 3800 5339 τ

2271 5414 2500 5485 tarmes
2531 5414 2640 5462 fere
2667 5423 2769 5484 uss.
2798 5419 2942 5466 nostri
2970 5417 3147 5485 locum,
3165 5430 3229 5485 _t_t_t
3266 5423 3316 5470 ln
3329 5429 3482 5485 textu
3497 5425 3646 5485 jacet,
3675 5425 3800 5473 clie-

2207 5482 2346 5545 rn‘nti;
2373 5476 2497 5543 ljlditi
2514 5491 2638 5524 vero
2661 5480 2829 5525 sic...”
2866 5498 2886 5522 ι
2903 5480 3040 5545 quasi
3065 5476 3233 5531 stadiis
3256 5476 3532 5544 quindecim
3555 5503 3603 5532 ν.
3635 5476 3801 5545 aeque

2212 5536 2334 5606 illud
2359 5536 2460 5584 sine
2485 5546 2842 5606 cuum-natatur
2868 5553 2883 5588 :
2913 5536 2998 5588 sed
3013 5536 3283 5606 ostendere
3321 5545 3465 5606 voluit
3491 5536 3795 5606 Lucinaelista

2208 5598 2360 5667 locum
2383 5612 2485 5667 esse
2509 5599 2781 5658 proximum
2803 5608 2885 5667 ,_et
2925 5615 2989 5650 ea:
3005 5601 3090 5651 illa
3137 5605 3446 5667 proximitate
3488 5598 3799 5659 uerisimilem

2209 5660 2317 5717 ﬁeri
2340 5661 2595 5729 multorum
2617 5662 2938 5721 prceseutiam.
2989 5660 3150 5729 Itaque
3177 5666 3424 5727 subjunxit
3454 5681 3470 5716 :
3503 5688 3521 5713 ι
3553 5670 3686 5718 Multi
3709 5683 3796 5715 aii-

2212 5733 2304 5767 um
2322 5737 2346 5769 ε
2361 5723 2421 5769 ι·.1
2429 5723 2578 5772 Malis
2603 5732 2825 5772 venerant
2845 5731 2893 5773 ut
2915 5723 3272 5777 coitu-(arcum?
3283 5743 3363 5780 eas
3372 5748 3407 5776 .»
3417 5733 3682 5788 Quomodo.
3697 5739 3792 5778 etc.
