4054 6480
311 407 414 462 513

332 521 421 572 \el
443 518 511 569 ob
535 511 854 567 calamitatis
885 503 1325 575 magnitudinem,
1352 501 1432 554 vel
1453 502 1574 568 quia
1602 508 1657 551 ut
1687 495 1910 550 nobilioc

328 625 412 664 res
463 603 890 664 venerabantur;
933 596 1016 651 vel
1061 597 1196 648 forte
1223 591 1312 660 qui
1346 605 1449 643 non
1481 586 1704 656 improbi
1732 595 1908 647 erant,

324 703 578 752 venerunt
608 712 621 746 :
649 689 955 744 inultienim
978 701 1040 739 ex
1072 685 1198 752 ipsis
1217 679 1579 736 crediderunt.
1605 677 1729 730 llaec
1754 691 1912 745 porro

320 791 445 842 dii-it
492 783 858 851 evangelista,
908 776 1092 832 Lazari
1136 784 1362 829 mortem
1402 770 1748 827 confirmans.
1801 766 1914 821 Cur

318 892 472 944 porro
498 873 717 929 Christo
740 871 953 925 obviam
980 867 1126 921 venit
1156 867 1272 919 sine
1303 878 1491 917 sorore
1523 856 1760 915 cernite?
1787 857 1912 912 Vult

313 967 536 1021 seorsim
571 963 727 1017 illum
756 960 928 1022 adire,
953 967 1006 1012 et
1037 972 1147 1012 rem
1181 954 1444 1008 nuntiare.
1481 953 1769 1020 Postquam
1811 964 1910 1002 an-

315 1069 420 1110 tem
451 1055 699 1109 Christus
726 1064 878 1118 spem
927 1048 1119 1102 bonam
1169 1043 1455 1107 indiderat,
1507 1051 1632 1095 tunc
1675 1039 1808 1103 abit,
1860 1047 1913 1093 ct

322 1145 538 1197 Mariam
579 1150 755 1202 vocat,
803 1148 855 1193 ct
903 1135 1136 1192 occurrit
1169 1132 1266 1196 illi,
1296 1133 1444 1186 luctu
1475 1131 1651 1185 adhuc
1679 1131 1908 1200 vigente.

321 1234 509 1288 \‘idcn‘
537 1231 740 1285 amoris
770 1227 1223 1299 magnitudinem?
1269 1225 1395 1279 Ilaec
1433 1232 1517 1278 est
1544 1223 1610 1276 de
1635 1236 1736 1291 qua
1761 1221 1911 1274 dicc-

321 1326 405 1376 bat
433 1342 446 1376 :
483 1322 655 1374 Maria
687 1335 803 1373 vero
828 1319 1066 1388 Optimam
1095 1327 1290 1384 partem
1312 1314 1458 1384 elegit
1498 1311 1648 1378 (Luc.
1682 1310 1766 1365 10.
1797 1309 1908 1383 42).

314 1412 598 1480 Quomodo
622 1427 770 1481 ergo,
801 1410 1029 1478 inquies,
1078 1407 1282 1461 Martha
1323 1420 1467 1460 nunc
1516 1403 1810 1457 ferventior
1837 1402 1914 1455 vi-

313 1504 514 1558 detur?
565 1502 680 1556 Non
724 1509 836 1554 erat
879 1498 993 1552 lnec
1020 1497 1346 1558 ferventior;
1379 1495 1474 1550 sed
1503 1495 1590 1547 illa
1615 1492 1744 1547 nihil
1773 1492 1913 1546 didi-

312 1605 464 1650 cerat
495 1613 507 1646 :
550 1609 673 1648 nam
718 1591 920 1645 Martha
970 1589 1293 1644 imbecillior
1331 1597 1466 1641 erat.
1499 1583 1633 1639 Cum
1661 1587 1806 1639 enim
1829 1583 1915 1639 tot

315 1695 570 1753 nataque
614 1683 875 1745 audisset,
925 1679 1099 1735 adhuc
1149 1689 1326 1732 tamen
1372 1669 1523 1742 dicit,
1568 1675 1689 1729 Jam
1735 1680 1913 1745 fmief,‘

313 1777 682 1845 quatriduanus
708 1785 780 1828 est
809 1775 964 1827 enim.
999 1773 1090 1827 Illa
1122 1785 1279 1833 vero,
1314 1771 1414 1825 etsi
1443 1767 1704 1822 nihildum
1729 1767 1915 1821 audis-

313 1879 419 1934 set,
467 1869 598 1922 nihil
627 1865 926 1935 hujusmodi
949 1864 1166 1934 loqunta
1194 1873 1311 1924 est;
1355 1861 1449 1915 sed
1477 1861 1656 1914 statim
1688 1859 1914 1914 credens

313 1959 447 2012 dixit
477 1976 490 2011 :
515 1957 605 2010 2|.
632 1954 866 2020 Domine,
896 1954 938 2008 si
965 1955 1146 2024 fuisses
1172 1953 1275 2019 hic,
1307 1955 1465 2022 frater
1491 1967 1628 2004 meus
1653 1965 1754 2003 non
1781 1950 1907 2019 fuis-

312 2061 386 2106 IN
427 2060 678 2104 mortuus.

387 2146 440 2197 3.
473 2141 661 2196 Videte
683 2148 882 2210 quanta
910 2138 981 2194 sit
1003 2138 1291 2194 mulierum
1323 2135 1682 2206 philosOphia,
1705 2135 1914 2190 etiamsi

315 2233 589 2288 imbecilla
637 2231 820 2286 mente
861 2230 1084 2286 essent?
1112 2228 1243 2284 Viso
1278 2243 1510 2297 namque
1551 2226 1768 2282 Christo
1807 2243 1914 2281 non

313 2326 496 2379 statim
547 2324 600 2377 in
648 2323 870 2386 luctum,
923 2321 977 2376 in
1021 2320 1313 2390 planctum,
1354 2319 1407 2374 in
1450 2319 1707 2390 gemitum
1738 2334 1916 2373 erum-

317 2425 483 2484 pttttl,
531 2423 589 2468 ut
619 2428 719 2468 nos
746 2411 1010 2476 solemus,
1065 2409 1284 2482 quando
1327 2418 1486 2464 notos
1522 2409 1801 2480 quospiam
1848 2409 1915 2464 ad

315 2509 518 2560 luctum
556 2508 833 2561 venientes
861 2503 1262 2574 conspicimus;
1294 2502 1389 2558 sed
1431 2503 1611 2558 statim
1653 2502 1760 2557 illae
1799 2517 1916 2557 ma-

313 2599 544 2664 gistrum
589 2596 873 2649 mirantur.
924 2593 1232 2649 Credebant
1265 2593 1448 2662 ntiqne
1476 2593 1648 2648 amba:
1678 2591 1730 2647 in
1760 2592 1917 2648 Chri-

315 2696 492 2750 stum;
540 2685 634 2740 sed
687 2701 793 2740 non
839 2694 1017 2756 utpar
1043 2693 1178 2739 erat.
1218 2683 1464 2738 Nondum
1508 2684 1651 2738 enim
1683 2684 1919 2752 perfecte

315 2777 580 2838 sciebant,
613 2791 713 2830 nec
744 2775 908 2830 Deum
939 2789 1075 2838 esse,
1114 2788 1289 2841 neque
1321 2787 1416 2828 sua
1448 2783 1713 2844 potestate
1741 2783 1795 2829 et
1822 2789 1919 2828 au-

315 2869 566 2924 ctoritatc
595 2869 712 2923 hcce
738 2868 912 2922 facere
944 2888 960 2924 :
987 2867 1131 2938 quod
1165 2876 1454 2938 utrumque
1493 2866 1636 2936 ipsas
1677 2866 1914 2922 edocuit.

315 2959 473 3026 Quod
516 2968 692 3012 autem
738 2958 1062 3028 ignorarent,
1116 2965 1260 3027 patet
1293 2971 1358 3011 ex
1405 2972 1473 3012 eo
1508 2956 1651 3028 quod
1693 2956 1776 3011 his
1801 2972 1922 3012 ver-

320 3051 423 3114 bis,
475 3047 537 3104 Si
577 3050 758 3120 fuisses
803 3049 905 3112 hic,
953 3048 1113 3115 frater
1153 3057 1325 3100 noster
1356 3063 1456 3100 non
1488 3055 1615 3101 esset
1646 3055 1876 3100 mortuus
1899 3087 1915 3110 ,

319 3139 653 3202 addiderint,
699 3139 792 3192 22.
864 3138 1205 3206 Quwcumque
1250 3138 1453 3206 petieris
1501 3153 1534 3190 a
1577 3135 1726 3200 Deo,
1778 3135 1919 3189 dabit

322 3233 451 3294 tibi;
483 3231 631 3300 quasi
678 3231 747 3284 de
775 3230 972 3284 virtute
1001 3228 1226 3295 przedito
1269 3238 1325 3282 et
1353 3227 1647 3295 conspicuo
1681 3227 1798 3280 viro
1838 3227 1919 3279 lo-

319 3331 565 3390 qitontes.
591 3320 724 3376 Vide
770 3327 948 3374 autem
989 3318 1114 3389 quid
1144 3317 1390 3372 Christus
1421 3316 1742 3386 respondeat
1768 3333 1784 3373 :
1811 3316 1904 3371 25.

327 3414 576 3483 Resurget
611 3413 770 3481 frater
812 3422 972 3476 tuus;
1025 3408 1160 3464 illud
1207 3409 1516 3472 confutans,
1579 3409 1922 3479 Quwcumque

327 3504 551 3570 petieris.
581 3501 762 3571 Neque
790 3501 935 3555 enim
962 3499 1118 3563 dixit,
1154 3498 1358 3564 Petam,
1389 3498 1483 3552 sed
1513 3496 1683 3566 quid?
1733 3496 1923 3550 Resur-

323 3605 403 3665 get
429 3597 588 3664 frater
612 3603 747 3646 tuus.
799 3592 853 3648 Si
897 3591 1122 3646 dixisset
1162 3591 1306 3645 enim
1341 3605 1355 3642 :
1389 3588 1432 3644 0
1462 3589 1654 3644 mulier
1675 3630 1690 3654 ,
1747 3588 1921 3644 adhuc

325 3695 523 3740 terram
569 3683 839 3754 respicis?
879 3683 1058 3737 alieno
1100 3696 1208 3735 non
1246 3694 1380 3750 egeo
1406 3679 1634 3741 auxilio,
1660 3693 1689 3732 a
1717 3679 1921 3748 IIICIPSO

325 3778 506 3831 omnia
552 3774 729 3842 facio;
763 3775 880 3829 hare
904 3773 1132 3828 molesta
1167 3773 1414 3839 fuissent,
1446 3781 1499 3827 ct
1528 3772 1810 3827 mulierem
1841 3771 1922 3825 of-

326 3867 642 3921 fendissent.
693 3864 846 3920 Nunc
871 3879 1000 3920 vero
1021 3859 1228 3927 dicens,
1262 3861 1535 3932 Resurget,
1573 3861 1808 3916 medium
1841 3871 1922 3915 te-

327 3959 446 4012 nuit
485 3958 724 4023 modum,
767 3967 823 4012 et
869 3971 964 4026 per
990 3955 1267 4025 sequentia
1298 3970 1361 4008 ea
1388 3970 1508 4024 quae
1535 3953 1646 4008 dixi
1675 3954 1921 4008 subindi-

327 4051 490 4105 cavit.
524 4049 746 4105 Dicente
771 4049 914 4103 enim
946 4048 1057 4110 illa,
1086 4048 1174 4102 2t.
1205 4048 1324 4103 Scio
1351 4049 1468 4116 quia
1497 4056 1723 4117 resurget
1749 4047 1800 4100 in
1833 4061 1925 4100 no-

327 4142 531 4196 rissinto
557 4141 657 4201 die.
703 4139 905 4196 clarius
937 4154 1088 4194 suam
1120 4137 1357 4193 ostendit
1396 4138 1796 4200 auctoritatem,
1840 4135 1922 4190 di-‘

328 4248 479 4300 rens,
507 4233 599 4289 25.
631 4231 742 4303 Ego
769 4248 884 4287 sum
916 4231 1214 4285 resurrectio
1244 4239 1292 4284 et
1323 4229 1463 4292 vita;
1491 4237 1923 4283 commonstrans

328 4338 390 4379 se
417 4339 522 4377 non
551 4323 773 4377 alterius
797 4321 994 4375 auxilio
1029 4335 1208 4390 egere,
1246 4318 1509 4389 siquidem
1541 4319 1658 4387 ipse
1685 4319 1792 4372 vita
1818 4326 1920 4372 est.

329 4412 482 4480 Quod
509 4412 553 4466 si
594 4412 813 4466 alterius
855 4419 1038 4482 egeret
1081 4423 1268 4479 opera,
1317 4407 1589 4476 quomodo
1627 4409 1739 4476 ipse
1766 4407 1925 4462 fuerit

333 4501 662 4555 resurrectio
703 4508 759 4553 ct
803 4498 952 4553 vita?
1000 4498 1105 4554 Sed
1155 4512 1261 4551 non
1305 4506 1410 4551 tam
1436 4497 1582 4551 clare
1605 4496 1761 4560 dixit,
1799 4496 1926 4550 sub—

337 4590 589 4644 indicavit
639 4600 838 4643 tamen.
887 4589 1120 4643 Rursum
1167 4588 1255 4642 illa
1301 4586 1534 4650 dicente,
1589 4586 1926 4654 Quacumque

336 4681 645 4748 poposceris,
697 4681 784 4735 illc
828 4681 1086 4749 reponit:
1135 4679 1236 4745 Qui
1283 4678 1442 4732 credit
1481 4679 1535 4731 in
1577 4693 1676 4742 me,
1729 4678 1924 4731 etiamsi

336 4779 564 4824 mortuus
595 4769 746 4837 ﬁerit,
777 4771 901 4822 vivet
927 4785 943 4831 ;
972 4768 1267 4824 ostendens
1294 4782 1352 4821 se
1380 4768 1642 4821 bonorum
1683 4766 1924 4821 datorem

336 4877 482 4929 esse,
508 4873 561 4916 et
586 4877 615 4915 a
644 4875 703 4917 se
727 4861 1017 4933 petendum
1043 4876 1182 4915 esse.
1211 4859 1303 4914 26.
1338 4859 1404 4913 Et
1447 4860 1609 4912 omnis
1648 4857 1733 4928 qui
1777 4858 1923 4921 vivit,

333 4964 385 5008 et
429 4953 592 5007 credit
619 4951 672 5004 in
703 4969 800 5016 me,
848 4968 949 5005 non
979 4952 1218 5004 morietur
1247 4951 1300 5002 in
1325 4959 1592 5003 internum.
1625 4948 1762 5002 Vide
1787 4963 1926 5016 quo-

337 5045 502 5100 modo
539 5054 772 5098 mentem
801 5043 918 5112 ejus
947 5043 1137 5112 erigat.
1165 5041 1279 5095 Non
1308 5042 1451 5095 enim
1486 5049 1692 5094 tantum
1729 5054 1928 5108 qua-re-

336 5135 494 5190 batur
525 5134 846 5188 resurrectio
884 5131 1092 5196 Lazari,
1127 5132 1222 5187 sed
1269 5131 1551 5201 oportebat
1591 5140 1646 5185 et
1678 5132 1834 5196 hanc,
1874 5138 1929 5184 et

335 5227 425 5294 qui
466 5235 756 5294 pra-sentes
803 5239 924 5278 cum
967 5224 1054 5277 illa
1106 5232 1282 5287 erant,
1341 5222 1930 5277 resurrectioncmedi-

338 5332 513 5370 scere.
543 5316 831 5383 Propterea
858 5324 1145 5383 antequam
1177 5314 1400 5366 suscitet
1431 5327 1573 5374 cum,
1605 5311 1786 5365 verbis
1815 5311 1931 5379 phi-

341 5407 672 5475 Iosophatur.
707 5405 860 5472 Quod
902 5405 946 5458 si
976 5404 1303 5458 resurrectio
1330 5403 1399 5456 sit
1429 5411 1480 5456 et
1502 5403 1632 5467 vita,
1679 5416 1782 5455 non
1813 5401 1931 5454 loco

341 5495 822 5560 circumscribitur,
867 5493 960 5549 sed
1007 5494 1202 5563 ubique
1245 5508 1435 5546 sanare
1478 5502 1674 5560 potest.
1720 5491 1774 5546 Si
1805 5506 1932 5544 vero

341 5587 604 5639 dixissent
651 5595 707 5639 ιιι
753 5585 1019 5648 centurio,
1070 5584 1164 5636 Dic
1208 5583 1354 5637 verbo
1403 5593 1447 5636 et
1495 5583 1758 5636 sanabitur
1808 5598 1932 5650 puer

344 5695 483 5730 mens
529 5676 742 5746 (Matth.
772 5678 824 5730 8.
851 5677 946 5745 8),
992 5676 1042 5728 id
1069 5675 1308 5744 profecto
1338 5675 1590 5729 fecisset:
1625 5674 1748 5743 quia
1800 5687 1930 5727 vero

348 5770 492 5822 illum
522 5767 585 5822 ad
622 5784 677 5822 se
706 5768 999 5834 vocabant,
1049 5775 1100 5821 et
1148 5776 1202 5821 ut
1233 5768 1434 5822 veniret
1476 5768 1765 5836 rogabant,
1810 5764 1927 5820 ideo

1379 384 1438 440 IN
1481 379 1792 441 Jll.\.\'.\'i£.\l
1836 378 2060 434 1103111..
2108 377 2258 432 LXII.
2304 380 2372 434 al.
2418 378 2548 434 LXI.

3515 387 3616 443 316

2022 497 2433 565 obtemperavit,
2487 507 2543 550 ut
2585 497 2701 550 iilas
2743 511 2771 550 a
2822 505 2926 549 tam
2974 498 3188 562 humili,
3237 515 3398 568 quam
3446 501 3512 556 de
3556 521 3616 558 se

2023 587 2310 652 habebant,
2360 587 2612 652 Opinione
2658 587 2988 652 retraheret,
3037 596 3090 640 et
3120 587 3184 640 ad
3216 589 3389 643 locum
3427 594 3571 646 venit
3604 612 3618 645 :

2022 686 2075 732 et
2106 686 2283 732 tamen
2324 677 2450 730 dum
2495 692 2616 731 sesc
2655 686 3004 747 attemperat,
3054 679 3290 734 ostendit
3335 697 3490 749 posse
3537 700 3619 749 se,

2021 769 2181 824 etiam
2203 769 2328 822 dum
2353 769 2550 822 absens
2578 778 2681 833 est,
2709 783 2936 832 sanare;
2969 768 3089 822 ideo
3119 771 3312 824 tardat.
3335 771 3448 827 Νηιι
3473 777 3619 832 enim

2025 861 2236 930 vulgata
2284 861 2470 916 fuisset
2499 863 2670 931 gratia
2702 873 2927 930 repente
2958 864 3178 931 collata,
3222 866 3323 920 nisi
3371 865 3619 925 ﬁctorem

2022 952 2310 1006 emisisset.
2343 951 2413 1005 Et
2455 952 2598 1006 unde
2627 953 2833 1007 sciebat
2866 954 3058 1008 mulier
3099 957 3329 1009 futuram
3377 973 3623 1014 resurrc~

2022 1044 2252 1098 ctionem
2277 1043 2300 1098 ἲ
2340 1043 2598 1099 Audierat
2625 1044 2901 1101 Christum
2933 1047 3097 1100 multa
3127 1048 3194 1102 de
3223 1052 3626 1109 resurrectione

2023 1133 2356 1202 loquentem,
2388 1135 2484 1189 sed
2517 1152 2660 1192 nunc
2690 1137 2876 1192 videre
2906 1138 3191 1209 cupiebrt;
3248 1152 3303 1195 et
3333 1142 3453 1196 vide
3485 1159 3623 1212 quo-

2023 1225 2184 1280 modo
2212 1226 2387 1280 adhuc
2415 1227 2560 1281 humi
2594 1237 2862 1284 versetur.
2884 1228 3017 1284 Cum
3048 1232 3287 1284 audisset
3313 1235 3480 1299 enim,
3515 1233 3625 1304 Ego

2021 1332 2132 1404 sup:
2161 1319 2460 1371 resurrectio
2482 1328 2527 1371 et
2553 1319 2678 1386 vita,
2705 1334 2812 1374 non
2842 1323 3138 1391 rcSpondit.
3165 1321 3443 1378 Resuscita
3465 1343 3584 1379 etim
3606 1344 3620 1388 ;

2022 1405 2116 1460 sed
2148 1405 2318 1476 quid?
2344 1407 2506 1462 Credo
2534 1409 2652 1477 quia
2683 1419 2737 1462 tu
2765 1427 2818 1464 es
2847 1408 3082 1466 Christus
3115 1410 3281 1466 Filius
3312 1412 3426 1466 Dei.
3483 1416 3623 1482 Quid

2021 1511 2151 1566 ergo
2181 1496 2428 1553 Christus
2455 1498 2529 1553 illi
2553 1500 2574 1553 ?
2594 1499 2686 1555 25.
2714 1500 2893 1554 Omnis
2919 1502 3007 1572 qui
3035 1502 3193 1556 credit
3221 1504 3274 1556 in
3303 1521 3401 1570 me,
3431 1508 3626 1561 etiamsi

2024 1598 2252 1641 mortuus
2281 1589 2457 1658 fuerit,
2491 1591 2616 1644 vivet
2642 1631 2656 1655 ,
2689 1591 2734 1645 si
2777 1590 2878 1646 hac
2928 1607 3121 1662 nempe
3152 1605 3326 1649 morte
3373 1609 3620 1653 mortuus

2023 1678 2214 1745 fuerit;
2253 1681 2344 1734 26.
2373 1692 2421 1735 et
2462 1683 2627 1736 omnis
2653 1683 2739 1753 qui
2769 1684 2887 1758 vivit
2913 1695 2959 1738 et
2986 1686 3144 1739 credit
3170 1687 3223 1740 in
3256 1703 3355 1751 me,
3385 1704 3486 1741 non
3515 1706 3627 1742 mo-

2021 1771 2203 1835 rietur,
2229 1771 2316 1826 illa
2347 1771 2590 1827 videlicet
2617 1782 2811 1828 morte.
2830 1773 2965 1828 Cum
2991 1775 3153 1844 igitur
3179 1790 3280 1847 ego
3309 1777 3410 1831 sim
3448 1793 3626 1832 resur-

2026 1861 2218 1923 rectio,
2248 1875 2314 1915 ne
2347 1862 2578 1916 turberis
2601 1863 2644 1916 si
2665 1863 2777 1932 jam
2802 1873 3045 1919 mortuus
3075 1863 3266 1931 fuerit,
3318 1868 3412 1922 sed
3439 1869 3621 1924 crede.

2025 1947 2151 2003 [hcc
2181 1951 2326 2004 enim
2371 1965 2478 2004 non
2523 1966 2672 2006 mors
2719 1963 2821 2007 est.
2869 1954 3087 2010 Interim
3130 1955 3276 2011 illam
3321 1956 3388 2013 de
3429 1969 3624 2014 eventu

2021 2039 2328 2096 consolatus
2357 2050 2459 2108 est,
2481 2057 2742 2112 spemque
2771 2042 2988 2112 adjecit,
3010 2053 3122 2100 tum
3150 2045 3335 2103 dicens
3355 2065 3478 2103 eum
3504 2063 3626 2104 csse

2022 2140 2477 2198 resurrecturum,
2529 2142 2641 2188 tum
2673 2135 2790 2189 hate
2819 2133 3118 2205 proferens,
3175 2137 3287 2210 Ego
3312 2155 3426 2194 sum
3452 2157 3624 2194 resur-

2022 2224 2177 2276 rectio
2201 2240 2220 2288 ;
2248 2231 2358 2276 tum
2385 2223 2548 2278 etiam
2582 2226 2724 2294 quia,
2769 2225 2815 2280 si
2845 2237 3093 2297 resurgat
3121 2238 3177 2283 et
3199 2230 3391 2284 iterum
3423 2232 3625 2284 moria-

2025 2322 2130 2377 tur,
2160 2313 2288 2366 nihil
2314 2313 2436 2367 mali
2469 2327 2728 2383 passurus
2754 2315 2845 2370 sit.
2879 2315 3064 2387 Itaque
3092 2333 3198 2373 non
3229 2328 3315 2374 est
3343 2319 3456 2374 hzcc
3480 2335 3626 2375 mers

2025 2402 2357 2458 formidanda
2381 2420 2395 2469 ;
2425 2404 2527 2460 hoc
2555 2415 2658 2470 est,
2686 2407 2872 2478 Neque
2891 2408 3005 2477 ipse
3033 2418 3279 2465 mortuus
3310 2422 3415 2476 est,
3450 2427 3627 2483 neque

2025 2507 2121 2547 Vos
2145 2496 2469 2550 moriemini.
2497 2494 2674 2550 Credis
2704 2498 2840 2552 hoc?
2867 2499 2950 2552 Ait
2976 2498 3071 2552 illa
3101 2516 3119 2554 :
3151 2499 3312 2555 Credo
3348 2503 3470 2572 quia
3497 2516 3550 2556 tu
3574 2521 3627 2558 es

2025 2581 2258 2639 Christus
2303 2585 2470 2640 Filius
2515 2586 2631 2654 Dei,
2678 2588 2764 2656 qui
2790 2589 2845 2643 in
2876 2589 3122 2642 mundum
3153 2591 3353 2645 venisti.
3404 2591 3627 2648 Videtur

2025 2675 2220 2730 mulier
2261 2675 2462 2731 Christi
2505 2676 2708 2731 dictum
2755 2692 2861 2733 non
2911 2679 3266 2735 intellexisse.
3299 2680 3628 2738 Noviteerte

2025 2782 2279 2838 magnum
2306 2784 2427 2824 esse
2466 2770 2762 2840 quidpiam,
2812 2770 2906 2825 scd
2954 2779 3134 2826 totum
3181 2789 3287 2827 non
3339 2773 3622 2829 intellexit.

2026 2860 2151 2915 Ideo
2179 2859 2248 2914 dc
2274 2860 2374 2915 alia
2403 2875 2463 2916 re
2489 2862 2839 2931 interrogata,
2863 2862 2929 2917 dc
2947 2862 3052 2917 alia
3077 2864 3394 2933 resliondet.
3425 2865 3479 2919 Id
3498 2880 3628 2920 vero

2028 2950 2240 3005 interim
2273 2951 2476 3006 lucrata
2509 2962 2614 3018 est,
2645 2953 2785 3023 quod
2814 2953 3017 3009 luctum
3051 2965 3299 3026 poneret.
3337 2956 3460 3011 llzec
3480 2959 3629 3028 quip-

2028 3059 2094 3113 pc
2123 3046 2294 3099 virtus
2339 3057 2426 3100 est
2454 3045 2746 3101 verborum
2785 3048 3008 3103 Christi.
3066 3048 3192 3104 Ideo
3222 3049 3307 3103 illa
3338 3052 3624 3119 praevenit,

2028 3135 2143 3191 huic
2192 3145 2418 3207 sequuta
2471 3148 2575 3193 est.
2649 3139 2781 3194 Nam
2850 3139 3232 3195 benevolentia
3293 3156 3420 3211 erga
3462 3127 3648 3214 magi-4

2026 3239 2198 3281 strum
2247 3243 2306 3284 re
2352 3219 2604 3299 praesenti
2650 3245 2756 3285 non
2790 3231 3017 3299 multum
3062 3229 3200 3285 affici
3252 3233 3618 3301 permittebat.

2027 3318 2210 3388 Itaque
2260 3334 2382 3374 cum
2427 3320 2596 3389 gratia
2646 3335 2802 3376 mens
2849 3335 3068 3390 quoque
3117 3320 3402 3377 mulierum
3451 3323 3629 3395 philo-

2026 3410 2376 3479 sophabatur.

2102 3503 2155 3555 4.
2195 3500 2472 3555 Mulierum
2501 3503 2735 3572 planctus
2761 3511 2809 3556 et
2844 3506 3012 3557 luctus
3036 3504 3382 3562 immodestus.
3425 3536 3498 3546 -—-
3523 3505 3632 3562 Ye~

2027 3609 2146 3650 rum
2175 3609 2318 3649 nunc
2344 3637 2361 3662 ,
2387 3605 2586 3664 prmter
2628 3597 2730 3651 alia
2778 3596 2917 3651 mala
2938 3639 2952 3662 ,
2982 3595 3070 3652 hic
3100 3612 3315 3668 quoque
3343 3599 3628 3655 mulierum

2029 3687 2247 3740 morbus
2291 3687 2519 3742 obtinet.
2573 3687 2705 3742 Nam
2751 3689 2802 3743 in
2852 3689 3000 3743 luctu
3045 3697 3100 3744 ct
3138 3690 3354 3760 planctu
3391 3699 3627 3745 ostenta-

2031 3781 2228 3837 tionem
2260 3781 2532 3848 affectant,
2557 3783 2777 3837 brachia
2802 3783 3006 3838 nudant
3027 3784 3068 3845 ³,
3095 3784 3275 3838 crines
3293 3783 3624 3853 discerpunt,

2029 3890 2193 3944 genas
2224 3874 2462 3937 laniant;
2491 3875 2611 3930 alia:
2635 3875 2704 3930 ob
2735 3874 2975 3930 dolorem
3001 3891 3016 3939 ;
3050 3874 3168 3928 alia:
3202 3873 3268 3928 ad
3309 3877 3629 3929 ostentatio-

2029 3982 2175 4031 nem;
2202 3965 2320 4020 aliaa
2345 3965 2617 4034 impudico
2643 3966 2825 4020 animo
2854 3965 3072 4020 brachia
3103 3963 3344 4028 nudant,
3375 3967 3507 4019 viris
3546 3964 3651 4018 in-'

2031 4057 2329 4112 tuentibus.
2355 4057 2491 4125 Quid
2521 4058 2652 4112 facis
2676 4098 2691 4120 ,
2725 4073 2758 4112 ο
2785 4057 3022 4113 mulier?
3072 4058 3148 4112 Te
3187 4059 3240 4111 in
3285 4057 3465 4112 medio
3513 4057 3632 4111 foro

2032 4149 2260 4217 turpiter
2285 4147 2486 4212 nudas,
2521 4163 2641 4217 qua:
2668 4146 2869 4201 Christi
2901 4148 3206 4202 membrum
3256 4161 3316 4202 es
3341 4188 3356 4212 ,
3388 4146 3545 4216 idque
3577 4147 3628 4199 in

2030 4239 2148 4293 foro
2175 4239 2307 4294 viris
2340 4238 2740 4308 praesentibus?
2768 4237 2957 4292 Crines
3002 4238 3221 4292 vcllicas
3245 4278 3260 4305 ,
3311 4247 3512 4292 vestem
3550 4238 3631 4291 di-

2030 4330 2253 4398 scindis,
2277 4346 2500 4401 magnos
2524 4331 2754 4400 eiulatus
2779 4331 3002 4396 emittis,
3023 4330 3275 4385 choream
3295 4330 3496 4384 circum
3516 4330 3630 4384 cftio

2031 4425 2138 4490 cis,
2171 4434 2226 4480 et
2263 4424 2566 4479 mtenadum
2611 4423 2822 4478 illarum
2866 4423 3153 4493 imaginem
3191 4436 3378 4477 servas
3402 4461 3418 4486 ,
3454 4436 3552 4476 nec
3579 4431 3630 4474 te

2034 4523 2190 4586 putas
2235 4515 2402 4570 Deum
2451 4513 2769 4570 offendere?
2815 4514 2946 4580 Qua:
2984 4514 3072 4568 illa
3137 4513 3386 4568 insania?
3436 4513 3629 4570 Annon

2031 4605 2258 4676 gentiles
2295 4605 2592 4661 ridebunt?
2615 4607 2808 4658 Annon
2843 4604 3046 4658 fabulas
3079 4615 3275 4659 nostra
3320 4617 3439 4658 esse
3480 4614 3632 4672 puta-

2033 4699 2162 4752 bunt
2187 4697 2212 4737 ν
2242 4696 2432 4751 Dicent
2455 4697 2620 4762 enim,
2647 4696 2802 4750 Nulla
2839 4704 2920 4749 est
2951 4696 3312 4760 resurrectio;
3346 4695 3440 4750 sed
3470 4695 3629 4751 Chri-

2032 4790 2329 4844 Stianorum
2360 4786 2609 4858 dogmata
2644 4786 2868 4841 ridicula
2901 4793 3027 4840 sunt
3050 4827 3066 4853 ,
3098 4785 3313 4841 frandes
3335 4829 3350 4852 ,
3386 4787 3631 4842 fallacia'.

2034 4881 2115 4935 Ac
2139 4880 2182 4934 si
2210 4878 2352 4933 enim
2385 4878 2516 4932 nihil
2546 4889 2666 4948 post
2695 4879 3015 4956 hancvitam
3045 4879 3321 4947 supersit,
3347 4879 3416 4933 ita
3451 4878 3637 4948 lugent

2033 4971 2174 5041 apud
2215 4970 2335 5024 illos
2371 4969 2659 5034 mulieres;
2707 4969 2840 5023 nihil
2867 4969 3154 5024 attendunt
3178 4969 3468 5040 Scripturis
3497 4971 3631 5026 suis.

2034 5064 2314 5130 Figmenta
2349 5071 2475 5115 sunt
2517 5061 2603 5114 illa
2632 5061 2811 5114 omnia
2843 5101 2858 5125 ,
2889 5072 2948 5114 ut
2991 5060 3122 5129 ipsa:
3146 5060 3550 5131 comprobant"
3576 5061 3632 5115 Si

2035 5157 2178 5211 enim
2208 5154 2488 5210 crederent
2513 5168 2634 5209 eum
2663 5153 2752 5222 qui
2781 5161 3025 5206 mortuus
3049 5161 3130 5207 est
3153 5191 3168 5218 ,
3192 5167 3298 5207 non
3326 5167 3453 5207 vere
3485 5168 3633 5207 mor-

2038 5259 2185 5302 tuum
2213 5261 2334 5302 esse
2359 5287 2374 5310 ,
2406 5245 2500 5300 sed
2539 5244 2605 5299 ad
2637 5245 2917 5299 meliorem
2945 5244 3105 5298 vitam
3137 5245 3453 5299 translatum
3481 5261 3494 5310 ;
3527 5262 3633 5300 non
3675 5283 3680 5286 -

2036 5341 2190 5395 illum
2216 5341 2367 5410 quasi
2399 5339 2508 5409 jam
2536 5340 2674 5392 ultra
2706 5353 2812 5391 non
2841 5346 2984 5393 esset
3014 5327 3257 5408 lugerent
3279 5379 3294 5404 ,
3334 5353 3439 5391 non
3478 5339 3548 5393 ita
3577 5353 3636 5391 se

2039 5440 2397 5498 macerarent,
2429 5445 2533 5485 non
2566 5430 2687 5484 illas
2726 5431 3036 5484 emitterent
3063 5444 3221 5484 voces
3251 5429 3637 5484 incredulitatis

2104 5588 2118 5617 ι
2157 5584 2250 5635 Alii
2274 5587 2476 5649 habent,
2504 5592 2772 5649 critentant,
2803 5599 2905 5648 pro.
2927 5587 3130 5649 nudant.
3158 5593 3285 5635 More
3312 5599 3493 5649 nempe
3510 5599 3636 5647 gen-

2039 5647 2217 5711 t_ilium,
2241 5648 2326 5710 qui
2363 5649 2577 5708 praebeas
2611 5649 2659 5694 in
2694 5648 3222 5711 funerarinducclnnt,
3249 5647 3452 5711 quarum
3485 5651 3634 5696 ollim:

2038 5708 2280 5819 desieripta
2320 5716 2432 5759 sunt
2479 5717 2625 5760 't‘omo
2665 5712 2834 5771 quinto
2867 5710 3178 5772 Antiquitatis
3224 5708 3494 5774 eiplanaltc
3547 5711 3639 5760 sub

2044 5783 2106 5820 Illl
2136 5784 2249 5819 Ilim.
