4054 6432
151 370 246 421 3i!)

1208 353 1269 407 IN
1309 349 1618 406 JUANNENI
1661 346 1888 403 IIOMIL.
1934 346 2117 400 LXIII.
2158 347 2227 403 al.
2272 346 2428 402 LXII.

3370 353 3476 409 350

140 460 3477 503 ‘_______________________________________________________

1488 528 1835 590 HOMILIA
1881 525 2105 584 LXIII.

151 715 272 767 (In.
304 714 396 767 II.
427 728 480 765 v.
514 713 611 767 50.
679 710 923 764 Nondum
962 716 1129 759 autent
1172 711 1369 755 eraterat
1399 699 1549 750 Jesus
1592 698 1641 747 in
1673 711 1762 746 ra-

220 805 450 870 stellum,
494 804 589 857 scd
625 803 801 855 eratin
838 800 964 859 loco,
1003 798 1087 849 ubi
1109 794 1324 849 orcttrrit
1354 793 1398 843 ei
1431 788 1753 842 Marthaﬁl.

216 895 393 950 Indici
420 906 601 948 autem
625 936 639 953 .
673 895 757 961 qui
778 902 918 944 erant
948 906 1058 942 cum
1092 889 1181 940 illa
1200 929 1213 951 ,
1246 894 1351 939 etc.
1585 972 1595 980 ο

220 989 269 1041 I.
306 988 628 1039 Diuitiarum
659 993 973 1052 contemptus
1009 978 1234 1032 etiamin
1265 983 1358 1028 hoc
1391 974 1491 1026 vita
1523 972 1757 1071 utilis-:-

153 1082 395 1149 Magnum
457 1081 670 1136 bonum
700 1086 779 1130 est
832 1073 1202 1142 philosophia:
1234 1065 1623 1138 philosophiam
1672 1061 1754 1114 di-

153 1185 213 1220 ro
242 1180 527 1233 nostram,
564 1184 677 1221 non
726 1176 1024 1221 externam.
1055 1162 1285 1218 Gcntilis
1323 1159 1464 1213 enim
1510 1155 1754 1224 philoso-

149 1257 262 1325 phia
315 1258 482 1311 verba
514 1266 571 1310 et
616 1257 811 1310 fabula:
853 1263 976 1308 sunt
1006 1272 1017 1306 :
1069 1252 1363 1320 tabulasque
1393 1247 1495 1301 illa:
1527 1245 1656 1298 nihil
1687 1242 1753 1296 ad

147 1348 547 1418 philosophiam
572 1350 866 1417 pertinent.
891 1344 1079 1399 Omnia
1103 1344 1302 1412 quippe
1328 1338 1467 1437 apud
1494 1337 1613 1437 illos

147 1440 234 1492 riae
272 1454 437 1493 causa
473 1440 634 1492 liunt.
674 1439 919 1509 Magnum
955 1440 1129 1506 itaque
1170 1434 1366 1487 bonum
1420 1426 1751 1528 philosophia

146 1540 219 1583 est
248 1568 263 1590 .
296 1545 419 1597 qua:
468 1530 634 1582 nobis
673 1530 753 1583 vel
789 1529 839 1581 in
886 1528 983 1580 hac
1014 1526 1116 1579 vita
1149 1524 1318 1578 vicem
1359 1536 1508 1574 suam
1555 1518 1748 1573 reddit.

146 1619 272 1673 Nam
294 1621 384 1689 qui
410 1620 638 1673 divitias
660 1618 979 1682 contemnit,
1008 1616 1117 1686 jam
1146 1616 1231 1670 hic
1258 1614 1538 1668 utilitatem
1563 1612 1750 1663 decer-

146 1711 237 1777 pit,
262 1712 561 1779 superﬂuis
583 1710 964 1779 inutilibusque
983 1709 1128 1764 curis
1154 1720 1371 1761 vacuus.
1398 1705 1497 1771 Οιιί
1520 1704 1745 1772 Βιθνίθπι

144 1804 307 1854 calcat
329 1843 343 1861 .
375 1802 495 1869 jam
529 1801 623 1857 hic
670 1801 972 1855 mercedem
1003 1814 1153 1854 suam
1200 1796 1426 1865 recipit,
1458 1810 1578 1848 cum
1624 1795 1744 1846 nul-

146 1894 240 1945 lius
270 1896 339 1946 sit
367 1909 567 1948 servus
588 1936 603 1959 ,
643 1894 734 1948 sed
766 1909 887 1948 vera
918 1894 1157 1948 libertate
1188 1892 1338 1945 liber.
1374 1890 1474 1956 Qui
1507 1887 1743 1942 ea-lestia

147 1984 442 2051 desiderat,
471 1986 565 2039 hic
586 1987 862 2054 praemium
884 1985 1095 2054 accipit,
1124 1999 1243 2039 eutn
1263 1980 1545 2053 prmscnliﬂ
1566 1979 1743 2033 οιηηίτι

147 2075 269 2129 nihil
300 2090 424 2129 esse
453 2078 769 2141 existimet,
801 2086 854 2131 et
883 2075 1124 2130 dolorem
1155 2088 1368 2127 omnem
1400 2071 1551 2124 facile
1580 2083 1743 2135 snpe-

147 2176 241 2219 ret.
278 2167 354 2219 En
391 2168 561 2236 igitur
612 2170 890 2222 mulierem
946 2164 1446 2237 philosophantem,
1493 2177 1612 2232 qua:
1658 2161 1743 2213 hic

148 2257 445 2311 mercedem
492 2272 650 2312 suam
700 2258 924 2327 accepit.
961 2255 1094 2310 Cum
1126 2257 1265 2309 enim
1299 2254 1495 2323 lugenti
1524 2261 1575 2306 et
1604 2267 1739 2303 mo:-

146 2346 274 2399 rcnti
321 2361 522 2401 omnes
571 2348 903 2412 assiderent,
950 2362 1054 2400 non
1102 2344 1429 2413 exspectavit
1458 2343 1525 2394 ad
1555 2356 1614 2393 se
1653 2355 1742 2391 ve-

148 2438 377 2491 nientem
407 2440 721 2509 Magistrum
742 2481 758 2505 ,
797 2454 969 2508 neque
998 2438 1308 2508 dignitatem
1343 2434 1579 2490 servavit
1604 2475 1617 2495 ,
1650 2448 1742 2486 ne-

146 2543 243 2595 que
272 2531 416 2582 luctu
450 2531 671 2584 detenta
716 2529 831 2585 fuit.
873 2529 1004 2584 Nam
1040 2538 1233 2597 pr:cter
1261 2528 1395 2583 hanc
1426 2526 1695 2580 miseriam
1722 2567 1734 2586 ,

148 2632 259 2684 qua:
292 2621 516 2689 lugent,
550 2620 652 2675 hoc
691 2622 877 2675 ntorbo
909 2622 1153 2675 laborant
1182 2618 1321 2687 quod
1352 2618 1516 2672 velint
1542 2632 1572 2669 a
1603 2631 1739 2686 prte-

149 2709 384 2762 sentibus
416 2711 469 2763 in
522 2712 725 2764 honore
769 2711 971 2765 haberi.
1018 2709 1183 2765 Secus
1213 2708 1298 2761 illa
1320 2749 1335 2772 ,
1368 2707 1546 2795 statim
1580 2715 1740 2775 atque

151 2800 378 2867 audivit,
411 2804 525 2855 cito
553 2803 696 2856 venit
727 2805 789 2855 ad
820 2804 986 2856 illum.
1019 2802 1177 2855 Jesus
1214 2811 1390 2855 autem
1420 2800 1654 2854 nondum
1688 2799 1738 2853 in

153 2891 315 2941 vicum
344 2893 665 2945 advo-nerat.
698 2893 865 2946 Lento
893 2894 1035 2947 enim
1062 2892 1230 2961 gradu
1260 2892 1506 2946 veniebat
1530 2933 1543 2954 ,
1578 2907 1643 2944 ne
1673 2891 1736 2943 ad

153 2978 352 3045 signum
399 2981 669 3035 edi-ndurn
718 2996 1001 3037 accurrere
1042 2982 1346 3043 videretur.
1380 2982 1474 3036 sed
1524 2991 1739 3050 rogatus

155 3072 347 3126 venire.
384 3074 480 3129 Vel
511 3077 612 3128 hoc
638 3076 974 3130 subindicare
1001 3076 1113 3129 vult
1141 3077 1467 3144 evangelista
1498 3090 1615 3126 eum
1638 3074 1734 3135 all.

155 3162 255 3214 cito
292 3169 595 3221 surrexisse
637 3168 817 3231 illam;
850 3170 930 3223 vel
961 3168 1198 3223 declarat
1229 3169 1298 3221 ita
1329 3168 1647 3230 :tet-urrisse,
1683 3175 1738 3219 ttt

158 3254 444 3310 adventum
492 3262 610 3324 ejus
655 3268 1021 3328 pratvcrteret.
1059 3260 1211 3313 Vertit
1240 3270 1415 3312 autem
1450 3274 1553 3311 non
1583 3258 1691 3311 sola
1722 3296 1735 3319 ,

156 3342 242 3394 sed
265 3360 384 3398 cum
404 3346 611 3400 .Iudzeis
635 3349 724 3416 qui
754 3348 898 3402 domi
925 3358 1094 3403 erant.
1129 3350 1194 3402 Et
1226 3364 1476 3417 perquam
1510 3347 1737 3416 pruden—

158 3433 298 3486 terei
324 3449 483 3489 soror
504 3437 638 3489 clam
670 3438 900 3506 Magistri
934 3440 1221 3493 adventum
1276 3439 1628 3509 signiﬁcavit,
1670 3452 1737 3493 ne

158 3531 347 3578 emtum
376 3527 621 3581 turbaret
648 3546 659 3581 :
693 3544 865 3598 neque
886 3530 1134 3600 surgendi
1163 3546 1377 3585 causam
1400 3532 1532 3583 dixit
1558 3548 1570 3582 :
1602 3531 1736 3584 alio-

158 3613 276 3679 quin
326 3619 475 3671 multi
525 3622 890 3675 recessissent.
939 3621 1088 3677 Nunc
1135 3631 1312 3677 autem
1357 3623 1500 3675 illam
1548 3638 1734 3675 onmes

162 3705 302 3767 quasi
329 3707 393 3760 ad
427 3708 627 3761 luetttm
680 3711 1105 3778 proﬁciscentem
1138 3722 1472 3780 sequuntur:
1514 3724 1566 3766 et
1599 3712 1737 3767 forte

165 3790 278 3846 hinc
303 3796 462 3850 etiam
489 3808 756 3853 mortuum
785 3802 945 3855 fuisse
967 3802 1228 3856 Lazarum
1252 3803 1613 3858 conﬁrmatur.
1643 3806 1732 3859 52.

166 3880 224 3933 Et
253 3888 467 3952 procidit
495 3889 563 3940 ad
583 3889 732 3958 pedes
756 3893 886 3960 ejus.
920 3891 1231 3947 Fcrvcntior
1259 3894 1372 3947 hate
1396 3905 1509 3947 erat
1531 3936 1543 3958 ,
1577 3911 1734 3964 quam

164 3986 307 4029 soror
327 3979 463 4045 ejus.
488 3978 603 4033 Non
629 3981 836 4034 turbam
862 3984 1087 4036 reverita
1112 3993 1215 4048 est,
1247 4001 1350 4038 non
1374 3989 1734 4055 suspicionem

164 4080 311 4132 quam
333 4074 473 4125 circa
499 4072 643 4125 illum
669 4073 933 4128 habebant
963 4076 1144 4145 (Multi
1167 4077 1309 4130 enim
1340 4079 1435 4145 ipsi
1459 4089 1609 4131 erant
1634 4080 1735 4133 ini-

167 4156 279 4210 mici
300 4160 386 4226 qui
416 4162 667 4216 dioeltattt
691 4181 702 4215 :
737 4162 858 4217 Non
881 4175 1076 4234 poterat
1099 4166 1200 4232 hic,
1237 4170 1323 4236 qui
1344 4170 1541 4238 aperuit
1564 4172 1734 4223 oculos

166 4246 275 4297 caeci
303 4250 428 4317 nati,
462 4252 626 4321 facere
649 4262 702 4304 ut
723 4254 804 4306 lu'c
830 4272 930 4309 non
962 4268 1240 4310 moreretur
1264 4257 1453 4329 (Joan.
1477 4263 1563 4315 Η.
1589 4262 1656 4316 37
1680 4264 1735 4330 )‘l

168 4331 262 4386 Sed
303 4351 564 4404 praesente
608 4341 855 4412 Magistro
905 4344 1189 4401 humanam
1229 4365 1443 4403 ntnnent
1476 4354 1736 4408 rationem

170 4428 361 4493 expulit
379 4470 394 4494 ,
431 4448 698 4500 unumque
722 4436 939 4491 curabat
966 4437 1197 4508 Magistri
1224 4441 1501 4497 honorem.
1528 4445 1593 4499 Et
1612 4448 1737 4515 quid

172 4512 325 4573 dicit?
350 4524 573 4577 Domine
593 4565 607 4587 ,
634 4528 678 4577 si
717 4526 897 4593 fuisses
922 4528 1032 4591 hic,
1078 4535 1238 4602 frater
1265 4550 1402 4587 meus
1434 4551 1534 4588 non
1564 4540 1740 4607 fuisset

175 4619 388 4668 mortuus
408 4614 571 4684 (Ibid.
596 4632 642 4668 υ.
673 4617 787 4686 2|).
808 4620 941 4687 Quid
962 4637 1088 4676 vero
1105 4620 1387 4680 Christus?
1409 4627 1546 4683 Nihil
1570 4632 1743 4688 adhuc

175 4709 282 4752 cum
311 4701 397 4757 illa
429 4705 685 4774 loquitur,
718 4724 888 4778 neque
916 4712 1047 4765 dixit
1075 4713 1262 4769 eadem
1308 4733 1427 4785 qua:
1454 4721 1624 4773 sorori
1656 4720 1739 4774 di-

177 4799 310 4844 xerat
348 4794 545 4861 (turba
570 4798 767 4867 quippe
808 4801 971 4856 multa
1021 4803 1237 4867 aderat.
1272 4818 1325 4862 et
1356 4824 1459 4862 non
1486 4823 1603 4864 erat
1630 4811 1744 4866 ha-c

183 4878 416 4950 loquendi
445 4893 727 4958 tempus);
760 4892 851 4947 sed
882 4908 940 4948 se
965 4905 1282 4967 attemperat
1302 4916 1363 4954 ac
1388 4902 1626 4971 dimittit,
1659 4914 1739 4958 at-

178 4983 271 5035 que
296 4974 577 5032 humanam
602 4980 699 5034 sibi
731 4993 973 5038 naturam
1000 5000 1121 5043 esse
1148 4990 1450 5057 declarans,
1486 4996 1746 5065 tantisper

183 5059 507 5134 Iacrytnatur,
531 5079 585 5124 et
610 5072 817 5141 signum
843 5074 1021 5130 dilI’ert
1044 5078 1275 5134 interim.
1304 5083 1437 5149 Quia
1462 5086 1603 5139 enim
1635 5059 1745 5140 ma-

181 5162 323 5215 suum
353 5169 469 5213 erat
500 5160 848 5230 miraculum,
879 5174 936 5222 et
980 5169 1137 5238 quale
1186 5188 1305 5228 raro
1344 5173 1577 5242 fecerat,
1611 5180 1748 5234 mul-

186 5241 311 5311 tique
339 5264 435 5318 per
462 5250 587 5305 illud
618 5256 871 5310 credituri
902 5269 1053 5313 erant
1086 5263 1101 5291 ¹
1129 5302 1142 5324 ,
1179 5278 1245 5318 ne
1271 5264 1315 5317 si
1347 5267 1498 5321 turba
1526 5268 1747 5325 absente

187 5328 361 5391 factum
388 5350 566 5405 esset,
597 5359 702 5396 non
748 5346 1061 5403 crederetur
1081 5392 1094 5413 ,
1124 5352 1362 5422 nihilque
1392 5357 1496 5413 illis
1525 5361 1745 5427 prodes-

185 5432 284 5489 set,
310 5432 505 5484 multos
548 5435 766 5490 attrahit
811 5446 974 5495 testes
995 5482 1008 5504 ,
1037 5441 1089 5496 in
1122 5442 1223 5499 hoc
1254 5445 1357 5500 illis
1383 5461 1443 5502 se
1486 5460 1747 5522 attempe-

188 5525 326 5586 rsus,
358 5535 426 5575 ne
453 5522 688 5593 przedam
730 5529 1023 5585 amitteret.
1056 5532 1351 5589 llumauam
1382 5548 1559 5592 autem
1592 5544 1745 5596 exhi-

190 5599 263 5659 Itct
306 5620 595 5667 naturam:
633 5614 954 5686 lacrymatur
1000 5623 1142 5676 enim
1187 5635 1241 5679 et
1285 5628 1551 5686 turbatur.
1598 5632 1749 5689 Solet

244 5740 257 5772 ⁸
291 5746 381 5798 Alii
402 5750 603 5806 habent.
630 5765 854 5815 magnum
873 5766 1009 5806 erant
1037 5759 1223 5811 lucrum
1246 5769 1566 5818 consecuturi.

481 5850 747 5913 Puncta
797 5857 912 5917 Gn.
962 5860 1121 5922 LIX.

1869 700 2065 754 qtllppe
2093 684 2289 739 luctum
2324 684 2586 740 humanus
2611 685 2836 743 allectus
2866 701 3132 749 exertare.
3164 694 3370 753 Deinde
3392 700 3475 753 af-

1871 776 2065 829 fectum
2088 777 2386 847 corripiens
2408 778 2574 848 (illud
2602 783 2744 834 enim
2766 823 2781 845 ,
2805 780 3082 847 Infremuit
3105 788 3291 857 spiritu
3312 830 3329 852 ,
3363 789 3469 847 hoc

1868 865 2134 932 signiﬁcat
2157 869 2207 934 ),
2242 869 2600 923 tnrbationem
2630 870 2901 938 cohibuit,
2933 885 2989 929 et
3017 876 3096 933 sic
3121 878 3416 952 interrogat
3446 900 3459 936 :

1866 958 1955 1009 δι.
1985 956 2081 1010 Ubi
2102 961 2341 1027 posuistis
2363 961 2516 1013 eum?
2542 976 2609 1016 ne
2634 960 2813 1017 ﬂettdo
2836 965 3213 1038 interrogaret.
3236 971 3345 1026 Cur
3366 989 3466 1027 au-

1869 1055 1978 1097 tem
2003 1046 2335 1117 interrogat?
2355 1049 2507 1115 Quod
2531 1052 2697 1105 nollet
2718 1068 2841 1108 sese
2863 1056 3102 1123 proferre
3121 1100 3136 1125 ,
3161 1050 3254 1115 scil
3281 1065 3460 1119 omnia

1862 1144 2080 1203 cuperet
2110 1136 2177 1189 ab
2205 1137 2311 1191 illis
2335 1137 2579 1193 ediscere
2618 1153 2875 1211 rogatus;
2910 1146 2982 1200 ita
3012 1158 3069 1201 ut
3098 1151 3244 1205 omni
3276 1155 3459 1222 suSpi-

1869 1224 2024 1278 cione
2052 1224 2274 1280 liberum
2293 1224 2435 1284 foret
2454 1229 2688 1299 signum.
2723 1232 2917 1288 Dicunt
2943 1236 3056 1302 illi,
3100 1236 3223 1293 Veni
3254 1250 3300 1295 et
3325 1243 3458 1297 uide.

1862 1318 1947 1372 35.
1974 1317 2309 1389 Lacrymutus
2335 1331 2407 1375 cst
2428 1321 2604 1377 Jesus.
2635 1325 2819 1380 Viden‘
2847 1328 3017 1397 ipsum
3049 1331 3254 1386 nullum
3283 1335 3460 1390 adhuc

1864 1411 2275 1467 resurrectionis
2314 1414 2525 1482 signum
2558 1415 2813 1484 dedisse,
2845 1428 3006 1490 atque
3048 1424 3307 1481 accedere
3349 1442 3456 1482 non

1860 1510 1913 1551 ut
1960 1501 2343 1557 suscitaturum
2364 1543 2382 1569 ,
2413 1504 2509 1560 sed
2537 1514 2594 1560 ut
2633 1506 3095 1580 laerymaturum?
3125 1513 3175 1569 id
3207 1516 3350 1587 quod
3377 1518 3456 1573 si-

1854 1590 2113 1655 gniﬁcant
2159 1590 2369 1659 Judaei,
2416 1596 2506 1664 qui
2552 1595 2851 1654 dicebant:
2908 1600 2997 1655 36.
3045 1600 3177 1658 Ecce
3202 1607 3456 1673 quotuodo

1863 1681 2063 1733 (uitabat
2086 1699 2223 1738 eum.
2250 1685 2470 1750 Quidam
2504 1699 2669 1743 autem
2690 1706 2751 1744 ea:
2778 1692 2880 1745 illis
2918 1693 3149 1749 dicebant
3176 1712 3194 1749 :
3218 1697 3309 1752 37.
3332 1696 3456 1754 Non

1859 1781 2057 1836 poterat
2084 1775 2187 1841 hic,
2209 1778 2292 1846 qui
2309 1779 2507 1845 aperuit
2528 1782 2699 1835 oculos
2719 1783 2840 1836 caeci
2858 1824 2874 1849 ,
2906 1787 3071 1855 facere
3092 1798 3147 1840 ut
3173 1798 3222 1842 et
3250 1790 3331 1843 hic
3351 1808 3453 1846 non

1853 1866 2169 1917 moreretur?
2200 1865 2275 1920 Ne
2296 1867 2348 1920 in
2371 1869 2767 1925 calamitatibus
2795 1874 3013 1943 quidem
3043 1880 3331 1948 nequitiam
3361 1898 3453 1936 re-

1851 1964 2176 2021 presserunt.
2227 1960 2389 2027 Atqui
2434 1959 2672 2017 facturus
2700 1974 2783 2018 cst
2809 1980 2920 2020 rem
2962 1967 3120 2038 longe
3151 1972 3449 2027 mirabilio-

1850 2056 1987 2097 rem.
2020 2043 2149 2097 Nam
2182 2046 2337 2117 longe
2365 2049 2660 2105 mirabilius
2688 2065 2771 2109 est
2800 2066 2918 2123 post
2944 2069 3173 2114 mortem
3195 2062 3260 2115 ad
3286 2064 3448 2119 vitam

1849 2146 2123 2198 revocare,
2155 2151 2312 2204 quam
2344 2139 2630 2195 instantem
2661 2155 2886 2200 mortem
2910 2147 3203 2218 depellere.
3235 2152 3315 2209 Ex
3335 2172 3445 2226 quo

1849 2225 2111 2293 crgztejns
2138 2227 2388 2284 virtutem
2421 2231 2603 2285 mirari
2634 2248 2730 2303 par
2753 2248 2905 2300 erat,
2938 2240 3083 2293 illum
3113 2244 3442 2300 calumnian-

1851 2321 1971 2377 tur;
1997 2316 2321 2371 conﬁtentur
2349 2327 2527 2375 tamen
2555 2322 2725 2391 ipsum
2750 2327 2939 2382 oculos
2965 2331 3096 2385 caeci
3125 2336 3401 2401 aperuisse
3428 2354 3440 2388 :

1850 2412 1903 2454 et
1931 2417 2051 2457 cum
2079 2408 2407 2474 oportuisset
2432 2410 2553 2466 ideo
2581 2414 2802 2481 mirari,
2836 2416 2913 2471 illi
2936 2429 3122 2475 contra
3153 2424 3447 2481 criminan-

1850 2498 1936 2545 tur
1958 2534 1974 2559 ,
2002 2494 2141 2564 quod
2183 2496 2285 2551 hoc
2324 2499 2483 2554 etiam
2514 2517 2619 2555 non
2653 2503 2861 2560 fecerit.
2892 2507 3073 2579 Neque
3109 2512 3232 2567 inde
3265 2516 3441 2569 solum

1850 2584 2106 2650 probatur
2136 2587 2255 2641 illos
2287 2604 2541 2657 perverso
2569 2594 2733 2648 fuisse
2760 2596 2943 2653 animo
2969 2615 2982 2664 ;
3016 2602 3114 2656 sed
3142 2604 3284 2672 quod
3315 2620 3436 2659 cum

1850 2673 2083 2727 nondum
2114 2676 2457 2743 advenisset,
2490 2696 2590 2737 nec
2619 2685 2891 2754 quidpiam
2925 2691 3298 2759 praestitisset,
3331 2698 3440 2748 eri-

1850 2764 2229 2820 minationibus
2286 2782 2641 2837 prmvertant,
2678 2790 2782 2828 non
2837 2789 3153 2846 exspectato
3194 2783 3271 2838 rei
3317 2783 3443 2840 line.

1850 2851 2033 2908 Viden'
2059 2872 2216 2924 quam
2243 2871 2497 2930 corrupto
2525 2875 2711 2920 essent
2734 2867 2974 2934 judicio?

1917 2945 1969 2996 2.
1998 2943 2339 3017 Evangelislce
2365 2954 2590 3006 Immana
2612 2955 2675 3008 de
2696 2957 2897 3011 Christo
2918 2962 3163 3016 scribunt.
3190 2993 3262 3003 -
3284 2963 3442 3020 Venit

1845 3050 1973 3104 ergo
2002 3038 2066 3091 ad
2113 3053 2516 3097 mooumentum
2539 3083 2554 3109 ,
2588 3056 2640 3098 et
2686 3061 2875 3101 rursus
2899 3049 3150 3107 allectum
3193 3055 3438 3124 corripit.

1846 3124 1953 3179 Cur
1972 3126 2037 3181 de
2056 3129 2316 3185 industria
2346 3133 2637 3189 identidem
2660 3136 2789 3193 dicit
2811 3142 3141 3209 evangelista
3166 3146 3436 3217 lacryma-

1845 3225 1954 3270 tum
1985 3218 2135 3273 illum
2163 3236 2302 3285 esse,
2334 3232 2388 3276 et
2419 3224 2792 3283 intremuisse?
2836 3230 2902 3284 Ut
2928 3232 3104 3288 discas
3130 3236 3279 3291 illum
3307 3254 3435 3294 vere

1847 3317 2028 3360 natura
2056 3319 2238 3365 nostra
2272 3312 2512 3367 indutum
2549 3316 2732 3371 fuisse.
2763 3319 2894 3386 Quia
2917 3323 3060 3376 enim
3086 3327 3235 3394 plura
3259 3329 3327 3383 de
3347 3345 3437 3385 se—

1846 3397 1961 3465 ipso
1983 3441 1996 3465 ,
2030 3401 2336 3472 majoraque
2364 3421 2524 3474 quam
2572 3410 2747 3477 quivis
2775 3413 2909 3466 alius
2959 3417 3131 3483 palam
3186 3418 3440 3489 dixerat,

1846 3503 2057 3543 rursum
2088 3491 2139 3542 in
2185 3496 2459 3561 corporeis
2500 3496 2782 3554 humiliora
2828 3501 2976 3558 dicit.
3006 3506 3146 3562 Nihil
3172 3509 3241 3564 de
3274 3514 3442 3582 ipsius

1844 3589 2037 3643 morte,
2059 3591 2115 3633 ut
2134 3583 2323 3651 reiiqni
2347 3588 2707 3656 evangelistte,
2730 3603 2909 3647 narrat
2928 3594 3042 3660 hic;
3063 3600 3201 3666 quod
3236 3604 3401 3657 tristis
3422 3647 3438 3671 ,

1842 3669 1985 3737 quod
2014 3671 2064 3724 in
2092 3674 2281 3741 agonia
2306 3686 2451 3729 esset
2488 3675 2697 3748 (Matt/1.
2736 3680 2824 3735 26.
2857 3684 2946 3739 38.
2991 3685 3155 3741 Marc.
3191 3692 3277 3747 lt.
3310 3669 3438 3761 3t):

1844 3761 1936 3813 Sed
1962 3772 2145 3815 contra
2173 3765 2317 3834 quod
2345 3771 2569 3837 supinos
2601 3776 2952 3838 prostravcrit
2996 3776 3015 3838 (
3040 3776 3195 3833 Jouu.
3232 3784 3317 3837 l8.
3349 3786 3439 3853 6).

1844 3848 2129 3913 Quod-illic
2150 3857 2429 3921 omissum,
2475 3860 2561 3914 hic
2599 3865 2888 3932 supplevit,
2933 3867 3060 3921 dum
3092 3870 3289 3927 luctum
3323 3848 3440 3944 ejus

1847 3946 2129 3997 memorat.
2178 3944 2311 4000 Nam
2365 3949 2433 4003 de
2476 3961 2647 4006 morte
2688 3954 2962 4011 disserens
2998 3960 3248 4015 dicebat:
3283 3964 3441 4018 Pote-

1845 4042 2025 4084 statent
2046 4034 2203 4088 habeo
2240 4041 2461 4104 ponendi
2490 4044 2715 4097 animam
2743 4062 2909 4101 meum
2951 4048 3141 4121 (Joan.
3177 4056 3263 4110 10.
3293 4058 3390 4128 I8)
3425 4076 3439 4112 :

1847 4131 1900 4176 et
1930 4125 2057 4179 nih.l
2084 4128 2353 4196 abjectum
2386 4133 2455 4187 ibi
2490 4135 2742 4204 loquitur.
2782 4139 2908 4194 Ideo
2934 4154 3114 4196 autem
3146 4147 3196 4199 in
3231 4152 3441 4216 passio-

1848 4230 1917 4269 ne
1963 4218 2126 4271 multa
2160 4220 2235 4275 illi
2276 4223 2503 4279 humana
2534 4227 2880 4298 adscribunt,
2915 4233 3040 4290 hinc
3088 4242 3445 4309 comproban-

1850 4315 1929 4359 tes
1979 4322 2157 4362 veram
2208 4312 2629 4371 incarnationem
2662 4334 2801 4375 esse.
2860 4324 3140 4382 Matthteus
3191 4332 3259 4385 ab
3308 4348 3443 4403 ago-

1851 4397 1933 4450 nia
1955 4440 1970 4463 ,
2000 4415 2029 4451 a
2086 4404 2484 4470 perturbatione
2506 4449 2520 4471 ,
2545 4425 2575 4462 a
2621 4413 2819 4468 sudore
2846 4414 3011 4481 (Luc.
3048 4419 3139 4473 22.
3173 4422 3261 4476 45.
3295 4397 3397 4499 εἰ)
3426 4445 3441 4492 ;

1851 4489 1937 4544 hic
1961 4506 1990 4544 a
2019 4492 2160 4546 luctu
2192 4496 2242 4550 id
2269 4499 2475 4553 suadet.
2508 4500 2563 4555 Si
2592 4505 2734 4557 enim
2764 4517 2961 4562 nostrae
2988 4527 3093 4565 non
3126 4511 3314 4571 fuisset
3351 4534 3446 4572 na-

1852 4590 1985 4635 tura:
2005 4625 2020 4649 ,
2051 4600 2154 4638 non
2185 4602 2212 4640 a
2246 4590 2390 4644 luctu
2419 4596 2585 4648 semel
2608 4605 2663 4648 et
2690 4597 2880 4653 iterum
2923 4615 3207 4673 correptus
3230 4608 3443 4667 luisset.

1850 4673 1985 4739 Quid
2014 4690 2139 4730 vero
2164 4677 2353 4733 Jesus‘.’
2378 4683 2415 4736 A
2450 4687 2769 4741 criminibus
2793 4704 2898 4743 non
2923 4707 2982 4746 se
3003 4693 3245 4750 defendit
3269 4717 3281 4752 :
3311 4702 3441 4769 quid

1851 4767 1992 4819 enim
2018 4783 2151 4837 opus
2172 4781 2285 4824 erat
2308 4775 2483 4828 verbis
2503 4777 2783 4834 confutare
2802 4796 2895 4835 eos
2916 4784 3006 4853 qui
3033 4801 3155 4841 mox
3180 4791 3436 4858 operibus

1852 4868 2005 4913 erant
2048 4862 2401 4919 confutandi?
2434 4868 2486 4921 Id
2518 4870 2659 4940 quod
2689 4873 2863 4926 minus
2898 4879 3179 4933 molestum
3209 4893 3358 4946 erat,
3392 4894 3446 4939 et

1856 4953 2021 5020 magis
2050 4963 2257 5021 poterat
2284 4956 2401 5010 illos
2430 4960 2778 5043 pudefaeere._
2798 4964 2892 5018 39.
2920 4967 3002 5019 Ait
3024 4983 3191 5023 autem
3212 4986 3232 5025 :
3261 4971 3447 5028 Tollite

1856 5040 2090 5109 lapidem.
2114 5044 2219 5100 Cur
2234 5064 2338 5101 non
2357 5050 2553 5107 absens
2570 5040 2777 5108 vocavit
2795 5065 2848 5109 et
2863 5074 3085 5128 surgere
3097 5062 3293 5130 jussit?
3312 5068 3443 5132 lmo.

1856 5151 1953 5187 cur
1981 5151 2085 5189 non
2133 5139 2308 5194 adhuc
2351 5146 2691 5215 superposito
2739 5148 2915 5218 lapide
2964 5155 3281 5210 suscitavit?
3312 5158 3445 5215 Nam

1857 5226 1945 5290 qui
1966 5236 2174 5293 poterat
2195 5245 2389 5302 corpus
2411 5246 2679 5292 mortuum
2702 5254 2831 5295 voce
2852 5257 3070 5300 movere
3085 5255 3139 5301 et
3153 5248 3446 5308 animatum

1859 5316 2181 5383 ostendere,
2212 5323 2379 5375 multo
2425 5328 2591 5397 magis
2636 5344 2767 5384 voce
2816 5330 3047 5402 lapidem
3088 5339 3445 5404 removisset;

1858 5408 1948 5473 qui
2004 5407 2238 5463 vinetum
2271 5414 2444 5468 fasciis
2464 5457 2479 5480 ,
2508 5428 2563 5473 et
2589 5419 2900 5488 impeditum
2923 5464 2937 5489 ,
2969 5438 3099 5479 voce
3122 5436 3181 5480 ut
3205 5428 3446 5483 ambula-

1863 5506 1939 5550 ret
1968 5498 2145 5554 etl'ecit
2165 5542 2180 5568 ,
2215 5503 2371 5573 longe
2399 5506 2605 5563 factlius
2634 5510 2866 5580 lapidem
2894 5517 3216 5574 removisset
3249 5519 3445 5589 (Joan.

1864 5591 1952 5643 tl.
1980 5592 2066 5645 43.
2099 5592 2220 5665 tt).
2250 5596 2384 5664 Quid
2413 5598 2578 5655 dico?
2603 5602 2776 5659 Etiam
2799 5606 2996 5663 absens
3018 5608 3119 5665 hoc
3149 5610 3324 5667 facere
3349 5598 3447 5682 po-

1864 5682 1981 5733 tuit.
2014 5680 2122 5736 Cur
2168 5700 2297 5754 ergo
2343 5704 2448 5743 non
2500 5690 2660 5748 fecit?
2691 5694 2760 5751 Ut
2806 5698 2951 5766 ipsos
2994 5700 3241 5757 miraculi
3279 5680 3445 5751 testes

1864 5772 2085 5840 faceret,
2121 5793 2187 5830 ne
2218 5780 2444 5849 idipsum
2471 5783 2717 5843 dicerent
2742 5790 2885 5859 quod
2908 5791 3048 5846 circa
3081 5808 3280 5850 caecum
3309 5814 3321 5849 :
3356 5794 3449 5850 Πὶι-

3037 5884 3120 5944 22
