4054 6434
613 402 706 453 .‘tfil
1411 383 1463 436 S.
1503 376 1773 434 JUANNIS
1809 369 2191 430 CllRYSOSTt‘

2321 363 2630 418 AllClllEP.
2665 360 3187 416 CUNSTANTIXOP.

621 527 689 570 est
711 556 726 577 ,
770 528 877 569 non
908 520 988 566 est
1020 509 1122 563 hic.
1167 505 1295 574 Ipsa:
1328 513 1555 565 namque
1585 509 1772 552 manus
1794 534 1806 556 ,
1837 501 1887 543 ct
1917 488 2051 558 quod
2082 501 2170 577 ve.

623 575 787 658 uisset
814 600 878 654 ad
916 596 1247 665 sepulcrum,
1283 585 1584 642 testimonio
1637 591 1790 637 erant
1820 579 2061 634 eumdem
2093 575 2171 640 ip.

622 707 737 745 sum
760 684 1067 755 esse(Joan.
1086 682 1136 735 9.
1157 682 1208 734 8.
1234 679 1317 747 9).
1344 676 1520 743 Quare
1542 674 1711 727 sinon
1735 684 1799 723 eo
1821 666 2176 728 advenissent,

624 777 850 848 pulaturi
878 781 1030 830 erant
1055 781 1142 826 aut
1170 770 1480 836 phantasma
1511 775 1631 815 esse
1653 800 1665 823 ,
1697 766 1787 811 aut
1811 758 1968 808 alium
2000 761 2053 808 ct
2075 766 2176 803 non

623 845 768 925 illum
811 882 931 923 esse
955 879 1111 935 quem
1151 861 1416 915 videbant.
1445 855 1591 909 Nunc
1634 861 1810 905 autem
1853 863 1971 902 cum
2000 845 2060 900 ad

617 962 861 1027 pulcrum
904 932 1145 1009 venerint
1164 991 1179 1017 ,
1208 946 1430 1018 lapidem
1462 941 1782 997 removerint
1803 980 1815 1001 ,
1847 936 2082 1005 jussiquc
2112 932 2173 983 li-

620 1023 796 1117 gatum
825 1061 856 1100 a
883 1042 1103 1098 vinculis
1144 1037 1430 1099 solverint,
1463 1040 1516 1086 et
1541 1030 1693 1084 amici
1723 1027 1809 1097 qui
1840 1043 1902 1080 ex
1934 1023 2179 1092 sepulcro

627 1115 942 1196 retulerant,
969 1145 1032 1185 ex
1065 1127 1248 1198 pannis
1281 1125 1423 1177 illum
1455 1119 1781 1189 agnoverint,
1814 1115 1948 1185 quod
1974 1125 2183 1167 sorores

631 1241 730 1278 non
786 1218 1168 1280 abscesserint,
1217 1212 1356 1283 quod
1402 1212 1565 1264 altera
1597 1208 1820 1269 dixerit,
1852 1204 1968 1257 Jam
2010 1205 2179 1270 μετα,

626 1313 982 1384 quatriduoaut
1008 1308 1138 1362 enim
1168 1313 1273 1365 est;
1313 1305 1417 1366 jam
1452 1299 1563 1352 hate
1593 1298 1768 1351 omnia
1799 1292 2004 1347 abunde
2032 1300 2181 1358 pote-

629 1382 742 1454 rant
765 1397 1033 1468 improbos
1061 1395 1156 1464 ipsi
1182 1390 1418 1446 miraculi
1443 1397 1602 1442 testes
1623 1386 1888 1440 cohibere.
1916 1382 2034 1434 ldco
2059 1393 2185 1450 pne-

623 1491 748 1558 eipit
770 1489 872 1542 illis
906 1496 958 1539 ut
978 1483 1205 1552 lapidem
1232 1496 1261 1534 a
1287 1479 1533 1547 sepulcro
1559 1482 1878 1535 amoverent,
1902 1468 2186 1523 ostendens

627 1595 684 1634 se
708 1583 874 1649 ipsum
894 1575 1186 1630 suscitare:
1221 1568 1337 1622 ideo
1356 1568 1512 1621 etiam
1539 1566 1856 1631 interrogat,
1893 1559 1988 1614 Ubi
2017 1558 2186 1627 posui-

633 1648 906 1719 stiseum?
933 1672 987 1715 ut
1013 1661 1098 1729 qui
1127 1657 1398 1718 dixerant,
1441 1653 1560 1707 Veni
1588 1662 1631 1704 et
1657 1653 1764 1704 vide
1784 1692 1795 1713 ,
1827 1661 1874 1703 et
1903 1649 1986 1716 qui
2019 1648 2184 1700 duxe-

627 1768 743 1810 rant
766 1755 928 1817 illum,
949 1752 1123 1805 dicere
1143 1762 1250 1802 non
1277 1746 1478 1815 possint
1494 1744 1648 1796 alium
1669 1741 1825 1795 fuisse
1843 1739 2147 1792 suscitatam
2174 1755 2186 1788 :

631 1855 685 1898 ut
713 1855 763 1897 et
791 1857 889 1895 vox
919 1848 971 1894 et
1002 1851 1188 1892 manus
1220 1833 1624 1889 testificarentur
1655 1829 1788 1901 (vox
1819 1827 2065 1891 dicendo,
2096 1825 2189 1878 Ve-

627 1936 677 1986 ni
699 1944 740 1987 et
771 1934 913 1993 t'idc;
943 1943 1126 1983 manus
1151 1926 1376 1995 lapidem
1403 1921 1632 1977 tollendo
1653 1959 1668 1987 ,
1694 1931 1745 1975 et
1768 1921 1956 1972 fascias
1979 1919 2185 1971 solven-

625 2024 724 2093 tlo)
789 2024 929 2076 visus
960 2033 1166 2089 quoque
1196 2026 1248 2071 et
1289 2015 1496 2070 auditus
1537 2013 1655 2083 (hic
1681 2027 1862 2064 vocent
1891 2009 2187 2072 audiendo,

629 2114 714 2164 illc
749 2119 1026 2164 exeuntem
1061 2105 1366 2174 videndo);
1399 2102 1624 2156 olfactus
1653 2116 1861 2170 quoque
1891 2101 2070 2160 testis,
2104 2099 2188 2166 qui

628 2202 848 2256 odorem
902 2198 1139 2272 excepit;
1190 2194 1308 2247 lam
1357 2197 1525 2264 faetet,
1577 2192 1776 2259 inquit;
1830 2190 2191 2259 quatriduanus

628 2294 740 2345 enin
798 2301 885 2344 est.
920 2290 1048 2343 Jure
1076 2301 1200 2355 ergo
1229 2283 1335 2338 dixi
1359 2325 1372 2346 ,
1403 2298 1504 2338 non
1555 2282 1879 2336 intellexisse
1913 2279 2186 2330 mulierem

631 2383 729 2436 hoc
770 2380 963 2435 Christi
1011 2377 1241 2440 dictum,
1294 2375 1456 2427 Etiam
1485 2374 1527 2427 si
1567 2383 1791 2424 mortuus
1822 2373 2003 2441 fuerit,
2047 2369 2187 2422 vivet.

634 2473 763 2527 Vide
784 2485 910 2540 ergo
936 2469 1055 2539 quid
1081 2480 1218 2521 nunc
1238 2466 1396 2529 dicat,
1421 2466 1566 2533 quasi
1590 2477 1674 2516 res
1696 2461 1764 2514 ob
1792 2460 2189 2514 diuturnitatem

633 2561 857 2630 amplius
908 2558 1018 2610 fieri
1051 2571 1153 2609 non
1211 2554 1394 2623 possit.
1428 2554 1531 2605 lies
1556 2553 1695 2604 enim
1741 2549 1995 2617 stupenda
2040 2558 2191 2609 erat,

630 2653 1036 2722 quatriduauttm
1065 2659 1118 2702 et
1165 2656 1470 2713 corruptum
1522 2643 1744 2696 cadaver
1790 2643 2064 2694 suscitare.
2111 2640 2197 2692 Di-

639 2741 856 2811 scipulis
898 2741 1107 2808 quidem
1138 2737 1301 2800 dixit,
1340 2733 1739 2804 Utgloriﬁcetur
1783 2730 1944 2783 Filius
1983 2729 2097 2793 Dei,
2131 2728 2196 2783 de

640 2832 814 2898 seipso
868 2830 1123 2897 loquens;
1172 2826 1376 2878 mulieri
1417 2837 1543 2876 vero
1585 2823 1692 2874 ait:
1739 2820 1934 2873 Videbis
1984 2820 2194 2888 gloriam

643 2921 736 2973 Dei
756 2962 770 2986 ,
803 2920 868 2973 de
898 2918 1052 2972 Patre
1080 2916 1232 2970 verba
1266 2915 1482 2967 faciens.
1517 2910 1695 2964 Viden‘
1718 2909 2014 2963 auditorum
2042 2907 2194 2961 diffe-

640 3011 858 3065 rentiam
903 3010 1096 3064 diversi
1145 3006 1404 3061 sermonis
1435 3018 1551 3073 esse
1595 3004 1846 3058 causam?
1879 3003 1933 3055 ln
1964 3011 2194 3055 tuentem

640 3108 849 3153 revocat
893 3115 953 3153 ea
1003 3113 1118 3166 qua:
1166 3096 1372 3150 mulieri
1423 3095 1656 3156 dixerat,
1691 3107 1752 3147 ac
1797 3094 1838 3146 si
1882 3092 2192 3160 rcdarguat,

639 3191 775 3256 quod
806 3191 962 3243 oblita
993 3190 1091 3250 sit;
1127 3189 1205 3242 vel
1238 3201 1354 3239 cum
1388 3185 1548 3238 nollet
1573 3183 1840 3237 adstantes
1869 3183 2156 3251 percellere
2181 3222 2194 3244 ,

639 3279 842 3351 placide
867 3279 992 3331 dicit
1019 3296 1029 3330 :
1065 3279 1151 3330 40.
1187 3275 1369 3329 Nonne
1394 3275 1499 3326 dixi
1525 3273 1642 3340 tibi,
1675 3276 1718 3327 si
1751 3273 2049 3337 credideris,
2074 3272 2196 3323 vide-

639 3376 712 3426 bis
750 3372 960 3442 gloriam
994 3365 1083 3418 Dei
1106 3367 1131 3418 ?

705 3466 756 3519 '5.
773 3458 930 3517 Fides
941 3455 1732 3529 quantumsitbonum.Apostoli
1747 3471 1896 3523 quam
1946 3464 2196 3521 praJstan-

641 3559 786 3610 tiores
813 3556 1139 3625 pltilosttltis.
1169 3581 1236 3594 -
1260 3551 1500 3622 Magnum
1544 3564 1665 3621 ergo
1694 3548 1887 3606 itOlilllll
1921 3555 2002 3600 cst
2035 3547 2194 3608 ﬁdt‘s,

643 3661 885 3716 magnum
939 3652 1152 3715 utique,
1203 3657 1258 3698 et
1311 3647 1594 3699 ntultorum
1642 3658 1797 3697 causa
1854 3643 2110 3696 bonorum
2147 3639 2194 3698 ';

644 3738 711 3789 ita
743 3746 799 3790 ut
828 3736 1071 3790 homines
1121 3736 1208 3788 Dr-i
1258 3749 1414 3812 Opera
1471 3737 1522 3787 in
1569 3734 1780 3786 nomine
1827 3733 1990 3800 ipsius
2043 3731 2197 3785 cdere

643 3825 862 3892 possint.
908 3823 1063 3881 Nam,
1120 3823 1180 3877 Si
1232 3822 1496 3874 habueritis
1548 3822 1729 3888 ﬁdem,
1780 3821 1975 3888 inquit,
2028 3817 2198 3872 dicetis

640 3915 795 3968 monti
821 3915 963 3980 huic,
995 3912 1179 3966 Transi
1211 3913 1344 3978 hinc,
1377 3922 1421 3964 et
1453 3912 1677 3964 transibit
1709 3909 1921 3978 (Matth.
1954 3911 2039 3963 17.
2079 3911 2194 3974 l9);

640 4021 702 4059 ae
743 4019 971 4070 rursum,
1017 4004 1114 4068 Qui
1161 4005 1314 4056 credit
1358 4005 1409 4054 in
1464 4018 1558 4068 me,
1609 4017 1789 4070 opera,
1841 4015 1953 4068 qua:
1994 4017 2083 4069 ego
2123 4003 2202 4068 [τις

640 4096 746 4158 cio,
772 4101 816 4145 et
836 4094 941 4162 ipse
964 4094 1138 4165 faciet,
1170 4103 1213 4145 et
1239 4094 1431 4158 majora
1454 4092 1531 4145 his
1576 4091 1720 4160 faciet
1746 4089 1935 4159 (Joan.
1967 4091 2050 4143 M.
2077 4088 2142 4143 l2
2160 4090 2198 4157 ).

639 4185 768 4247 Quae
809 4181 1046 4251 majora?
1073 4181 1146 4235 Ea
1175 4196 1290 4250 quae
1332 4178 1571 4249 discipuli
1612 4187 1792 4246 postea
1844 4177 2036 4232 fecere.
2070 4176 2199 4231 Nant

639 4273 820 4325 umbra
841 4270 980 4325 Petri
1000 4279 1262 4323 mortuum
1284 4269 1554 4323 suscitavit
1575 4267 1708 4338 (Act.
1729 4267 1924 4337 5.15).
1950 4267 2038 4322 Sic
2054 4268 2197 4320 enim

639 4363 804 4432 magis
838 4361 1218 4429 prmdieabatur
1261 4359 1456 4414 Christi
1507 4369 1761 4428 potestas.
1794 4358 2064 4428 Siquidem
2096 4374 2201 4413 non

635 4463 743 4503 tam
775 4451 1011 4504 mirabile
1039 4459 1154 4504 erat
1210 4451 1381 4518 ipsum
1429 4449 1690 4502 viventem
1721 4448 1971 4502 miracula
2004 4448 2160 4503 edcrc
2182 4489 2198 4516 ,

642 4558 796 4613 quam
825 4552 944 4611 post
970 4551 1194 4596 mortem
1226 4541 1340 4610 ejus
1368 4540 1500 4594 alios
1530 4541 1579 4592 in
1611 4541 1821 4594 nomine
1850 4540 2011 4609 ipsius
2040 4541 2204 4609 majo-

642 4650 696 4685 ra
740 4642 992 4701 prmstare
1021 4645 1195 4701 posse.
1223 4630 1353 4684 Nam
1409 4638 1774 4699 argumentum
1810 4630 1937 4684 illud
1969 4646 2072 4683 non
2099 4631 2198 4684 du-

643 4724 784 4776 bium
811 4732 924 4776 erat
966 4721 1369 4776 resurrectionis
1410 4720 1568 4787 ejus:
1612 4735 1727 4788 quae
1772 4721 1816 4774 si
1847 4719 1913 4774 ab
1956 4720 2202 4774 erunibus

642 4812 751 4864 visa
785 4809 1002 4875 fuisset,
1027 4825 1130 4865 non
1162 4810 1229 4863 ita
1262 4809 1448 4863 fuisset
1474 4809 1670 4862 credita
1698 4826 1710 4873 ;
1748 4810 2039 4878 potuissent
2059 4811 2201 4863 enim

641 4903 818 4954 dicere
860 4901 1167 4970 phantasma
1208 4915 1363 4956 esse:
1406 4901 1528 4969 quia
1557 4909 1729 4954 autem
1763 4900 1976 4954 videbat
2000 4916 2062 4954 ex
2089 4901 2203 4955 solo

644 4990 855 5045 nomine
876 4990 990 5058 ejus
1015 4989 1169 5058 longe
1195 4991 1391 5058 majora
1419 4990 1564 5059 signa
1586 4989 1698 5044 fleri
1723 5032 1736 5057 ,
1771 5007 1924 5059 quam
1951 5005 2068 5044 cum
2091 4991 2204 5060 ipse

645 5081 779 5131 inter
806 5079 1049 5133 homines
1079 5089 1401 5141 versaretur,
1430 5078 1585 5133 fidem
1615 5094 1807 5149 negare
1838 5096 1941 5134 non
1974 5089 2199 5150 poterat,

645 5169 743 5219 nisi
771 5167 1051 5222 admodum
1073 5168 1350 5236 desiperet.
1386 5167 1625 5237 Magnum
1657 5171 1830 5239 itaque
1857 5171 2050 5224 bonum
2075 5171 2203 5225 fides

644 5268 724 5309 est
745 5297 759 5322 ,
788 5272 902 5310 cum
929 5273 995 5312 ex
1027 5257 1244 5313 ferventi
1267 5259 1440 5311 animo
1461 5298 1475 5323 ,
1525 5273 1704 5314 amore
1727 5275 1914 5329 magno
1935 5301 1949 5325 ,
1997 5261 2202 5315 ardenti

646 5346 809 5400 corde
852 5349 1106 5415 procedit.
1139 5347 1260 5402 llaec
1292 5361 1385 5400 nos
1415 5347 1755 5417 philoSOpbos
1782 5349 2011 5403 Ostendit
2044 5366 2056 5402 :
2089 5349 2202 5403 lnee

650 5440 931 5492 humanam
958 5437 1155 5508 detegit
1181 5440 1434 5492 vilitatem
1458 5480 1470 5503 ,
1501 5449 1551 5493 ct
1577 5441 1753 5494 missis
1780 5439 2070 5493 ratiociniis
2090 5481 2103 5504 ,
2134 5439 2200 5492 de

709 5659 724 5688 ³
759 5655 888 5726 Editi
911 5656 1109 5726 habent,
1133 5669 1308 5726 magna
1332 5663 1498 5726 (esea
1518 5656 1638 5719 ﬁdes
1655 5692 1672 5720 ,
1696 5665 1739 5709 et
1784 5671 1976 5722 tuuynos
2001 5658 2204 5722 elﬁcieas

645 5729 722 5766 eos
745 5718 824 5774 qui
833 5718 984 5777 juxta
1006 5718 1138 5768 ittam
1161 5718 1304 5767 vitam
1325 5718 1589 5769 instituunt.

3760 362 3884 416 553

2289 479 2584 534 crelestibus
2605 476 3021 546 philosoiihatur;
3045 476 3148 526 imo
3168 475 3336 542 potius
3355 488 3414 526 ea
3434 489 3546 544 quae
3569 491 3672 527 non
3699 485 3891 543 potest

2290 572 2513 624 humana
2546 568 2795 636 sapientia
2830 567 3089 634 reperire,
3129 568 3235 634 ipsa
3269 566 3407 632 capit
3436 574 3488 617 et
3515 566 3712 634 dirigit.
3740 567 3890 619 lluic

2288 662 2461 731 itaque
2495 661 2785 713 horreamus
2805 703 2818 723 ,
2849 673 3016 726 neque
3045 657 3331 711 ratiociniis
3360 667 3539 710 nostra
3568 660 3890 710 committa—

2291 768 2428 806 tnus.
2463 752 2585 815 Cur,
2617 765 2794 818 qumso
2815 791 2827 811 ,
2872 749 3094 817 gentiles
3125 748 3248 799 nihil
3287 748 3521 815 reperire
3553 750 3892 814 potuerunt?

2288 858 2460 895 annon
2513 851 2673 894 totam
2716 841 2856 893 illatn
2898 849 3167 891 externam
3221 838 3532 905 Sapientiam
3565 847 3834 893 noverant
3862 838 3888 890 ἲ

2289 950 2383 986 cur
2423 934 2711 1001 piscatores
2739 942 2788 983 et
2832 929 3175 984 tentoriorum
3215 928 3429 997 opifices
3466 944 3724 996 superare
3767 945 3888 981 non

2293 1020 2616 1091 potuerunt?
2654 1033 2826 1072 nonne
2851 1019 2937 1087 qui
2978 1019 3048 1071 illi
3081 1019 3395 1076 ratiociniis.
3443 1017 3491 1069 bi
3541 1017 3665 1070 fidei
3697 1025 3882 1070 totum

2291 1109 2708 1165 commiserant?
2757 1108 2877 1161 Ideo
2939 1107 3206 1160 Platonem
3253 1107 3354 1164 illi,
3407 1106 3764 1174 Pythagoram
3822 1115 3887 1157 et

2293 1203 2426 1254 alios
2455 1214 2638 1254 omnes
2684 1214 2903 1252 errones
2940 1198 3095 1266 longe
3139 1206 3484 1263 superarunt;
3526 1199 3833 1266 astrologos
3866 1237 3883 1258 ,

2294 1289 2690 1343 mathematicos
2713 1330 2726 1351 ,
2773 1295 3104 1355 geometras,
3142 1285 3533 1349 arithmeticos,
3567 1288 3755 1353 quavis
3795 1285 3890 1338 di-

2292 1381 2511 1450 sciplina
2541 1380 2824 1433 instructos
2852 1378 3142 1442 vicerunt‘,
3188 1378 3355 1444 iisque
3377 1379 3681 1442 Superiores
3699 1376 3886 1430 effecti

2293 1480 2449 1532 Sunt;
2499 1469 2566 1522 ita
2600 1479 2652 1522 ttt
2681 1468 2730 1520 hi
2758 1484 2881 1521 vere
2907 1467 3184 1521 videantur
3216 1467 3548 1535 philosophi,
3582 1469 3654 1519 illi
3685 1479 3877 1521 autem

2295 1561 2434 1613 stulti
2467 1575 2526 1613 ac
2555 1560 2724 1612 deliri.
2763 1559 3136 1613 Animadverte
3177 1559 3350 1624 enim,
3403 1559 3498 1612 hos
3524 1560 3725 1613 dixisse
3753 1562 3885 1611 ani-

2285 1646 2432 1703 'mam
2477 1649 2862 1711 immortalem;
2912 1664 3009 1702 nec
3041 1648 3246 1702 dixisse
3275 1649 3466 1713 modo,
3499 1649 3588 1702 sc'
3630 1650 3790 1701 etiam
3828 1649 3885 1700 id

2295 1742 2541 1794 suasisse.
2583 1741 2658 1794 lEli
2684 1756 2809 1793 vero
2837 1741 3006 1808 primo
3034 1740 3154 1808 quid
3184 1751 3322 1794 esset
3353 1741 3682 1804 nesciebant;
3725 1749 3883 1807 post-

2295 1846 2448 1897 quam
2475 1840 2648 1882 autent
2681 1832 2986 1881 invenerunt
3015 1870 3027 1892 ,
3075 1841 3123 1882 et
3153 1830 3506 1881 distinxerunt
3547 1844 3663 1882 eam
3692 1844 3718 1879 a
3749 1844 3884 1881 ror—

2295 1938 2422 1992 pore
2445 1963 2457 1984 ,
2505 1921 2656 1974 divisi
2684 1931 2805 1973 sunt
2841 1921 2974 1972 inter
3003 1937 3088 1980 so,
3136 1920 3252 1971 aliis
3285 1919 3653 1983 incorporeum
3685 1918 3832 1970 il'atn
3862 1961 3877 1980 ,

2296 2013 2412 2065 aliis
2434 2025 2626 2078 corpus
2659 2024 2806 2072 esse,
2835 2017 3025 2062 etcum
3053 2024 3273 2076 Corpore
3299 2008 3511 2062 dissolvi
3551 2007 3880 2062 dicentibus.

2295 2102 2490 2155 Caelum
2538 2101 2661 2154 item
2709 2100 2778 2153 illi
2829 2103 3110 2153 animatum
3144 2110 3194 2152 t-t
3227 2101 3378 2152 deum
3412 2115 3530 2153 esse
3566 2100 3824 2154 dixerunt
3867 2119 3880 2153 :

2299 2193 2582 2258 piscatores
2611 2205 2734 2242 vero
2763 2191 3025 2257 opificium
3052 2206 3166 2243 esse
3190 2190 3278 2242 Dei
3305 2198 3357 2243 et
3387 2191 3634 2244 dixerunt
3673 2200 3725 2244 ct
3753 2207 3886 2244 sua-

2296 2296 2335 2333 si
2360 2292 2496 2335 runt.
2551 2281 2653 2335 Sed
2700 2281 2835 2350 quod
2882 2283 3099 2348 gentiles
3146 2282 3435 2333 ratiociniis
3466 2292 3699 2346 utantur,
3741 2282 3883 2334 nihil

2297 2374 2486 2424 mirum
2515 2389 2525 2424 :
2552 2372 2690 2440 quod
2722 2381 2895 2425 autem
2928 2372 2958 2422 ii
2988 2373 3073 2439 qui
3107 2371 3290 2423 ﬁdeles
3316 2384 3435 2424 esse
3464 2372 3726 2436 videntur,
3757 2373 3882 2424 ani-

2299 2463 2462 2515 males
2503 2464 2833 2515 inveniantur
2858 2504 2870 2527 ,
2906 2462 3006 2516 hoc
3051 2462 3190 2514 luctu
3225 2463 3435 2529 dignum
3470 2475 3549 2516 est
3584 2466 3622 2513 ³.
3656 2463 3783 2516 ldeo
3825 2463 3883 2516 lii

2299 2566 2504 2620 queque
2537 2562 2842 2606 erraverunt
2868 2594 2880 2616 ,
2905 2563 2955 2604 et
2978 2553 3064 2604 alii
3089 2553 3298 2619 quidem
3318 2554 3494 2606 dicunt
3524 2567 3580 2606 se
3609 2553 3678 2605 ita
3712 2567 3883 2606 nosse

2301 2640 2496 2705 Deum,
2546 2650 2599 2695 ut
2643 2642 2779 2694 Deus
2823 2643 3053 2708 scipsunt
3098 2645 3266 2705 novit,
3324 2642 3463 2708 quod
3505 2658 3569 2694 ne
3599 2643 3885 2710 gentilium

2301 2732 2508 2799 quidem
2546 2733 2818 2799 quisquam
2862 2733 3038 2786 dicere
3068 2748 3227 2786 ausus
3262 2744 3342 2787 est
3371 2750 3384 2785 :
3419 2735 3504 2787 alii
3548 2735 3732 2788 dicunt
3767 2751 3882 2790 non

2304 2836 2457 2889 posse
2483 2822 2645 2876 Deum
2680 2823 2792 2875 sine
2823 2823 3063 2889 passione
3094 2824 3308 2891 gignere
3330 2865 3343 2886 ,
3397 2838 3492 2876 nec
3519 2826 3636 2890 plus
3667 2825 3743 2877 illi
3780 2827 3883 2877 tri-

2302 2915 2464 2967 buunt
2495 2928 2649 2982 quam
2683 2914 2981 2967 hominibus
3013 2932 3022 2965 :
3048 2915 3131 2966 alii
3161 2913 3338 2968 dicunt
3364 2914 3492 2966 nihil
3520 2914 3773 2982 prodesse
3807 2916 3890 2968 vi-

2303 3015 2405 3058 tam
2435 3006 2649 3074 probam
2674 3047 2687 3072 ,
2721 3005 2800 3058 vel
2831 3018 3030 3059 rectum
3060 3006 3375 3059 institutum.
3412 3004 3515 3060 Sed
3547 3004 3662 3060 lucc
3691 3006 3887 3060 confu-

2304 3105 2415 3146 tare
2443 3109 2546 3146 non
2575 3094 2699 3148 licet
2729 3109 2820 3162 per
2845 3101 3068 3162 tempus.

2374 3185 2425 3237 ι.
2495 3182 2647 3236 Fides
2711 3184 2835 3237 nihil
2907 3185 3104 3252 prodest
3166 3184 3408 3251 improbo.
3479 3183 3664 3237 Contra
3724 3186 3884 3237 adul-

2306 3287 2451 3326 teros.
2514 3302 2582 3312 ——
2627 3275 2774 3340 Quod
2823 3284 2998 3328 autem
3040 3276 3168 3328 lidcs
3213 3285 3355 3330 recta
3397 3277 3524 3328 nihil
3569 3277 3772 3344 prosit,
3834 3279 3880 3330 si

2308 3374 2556 3431 Corrupto
2594 3365 2696 3416 vita
2731 3366 2832 3430 sit,
2875 3374 2928 3418 et
2967 3364 3210 3418 Christus
3237 3374 3290 3419 ct
3330 3365 3521 3419 Paulus
3561 3366 3882 3432 declarant,

2305 3454 2393 3521 qui
2437 3455 2534 3507 hoc
2561 3455 2787 3508 maxime
2809 3464 2995 3506 curant
3035 3471 3047 3506 :
3089 3453 3328 3508 Christus
3349 3496 3362 3519 ,
3391 3471 3509 3509 cum
3534 3456 3610 3510 sic
3640 3458 3795 3511 docet
3815 3457 3836 3486 ⁸
3869 3476 3882 3510 :

2309 3541 2424 3595 Non
2453 3544 2610 3596 omnis
2638 3547 2722 3610 qui
2763 3545 2878 3596 dicit
2921 3545 3040 3596 mihi
3062 3587 3075 3609 ,
3112 3544 3320 3598 Domine
3346 3587 3359 3608 ,
3395 3544 3605 3598 Domine
3630 3587 3644 3611 ,
3675 3548 3886 3600 intrabit

2305 3633 2353 3683 in
2380 3648 2581 3700 regnum
2610 3635 2844 3685 cwlorum
2873 3633 3066 3701 (Math.
3105 3636 3152 3686 7.
3187 3633 3248 3686 21
3273 3634 3292 3702 )
3321 3650 3333 3698 ;
3370 3644 3420 3688 et
3453 3650 3690 3701 rursum,
3726 3636 3886 3690 Multi

2309 3725 2470 3782 dicent
2499 3724 2622 3780 mihi
2649 3726 2697 3776 in
2729 3724 2818 3776 illa
2845 3725 2925 3776 die
2955 3740 2973 3777 :
2998 3723 3212 3778 Domine
3232 3766 3245 3790 ,
3283 3743 3448 3778 nonne
3478 3728 3530 3778 in
3563 3707 3764 3780 nomine
3794 3741 3884 3781 tuo

2306 3818 2752 3890 proyhetavimtts?
2797 3815 2860 3871 Et
2889 3825 3004 3870 tunc
3039 3818 3311 3882 conﬁtebor
3346 3816 3446 3868 illis
3471 3857 3484 3880 ,
3535 3815 3665 3880 Quia
3714 3821 3883 3871 nescio

2305 3914 2672 3966 vos:discedite
2697 3929 2821 3964 aute
2853 3918 2937 3980 qui
2983 3909 3259 3980 operamini
3300 3909 3602 3979 iniqttdatem
3639 3906 3796 3976 (Ibid.
3831 3926 3881 3961 v.

2304 4003 2391 4055 22.
2421 4003 2489 4057 25
2511 4007 2548 4072 ).
2578 4004 2675 4069 Qui
2700 4005 2838 4058 enim
2877 4003 2896 4032 ’⁵
2926 4017 3030 4056 ιιοιι
3063 4003 3158 4056 sibi
3184 4004 3479 4065 attendunt,
3511 3998 3663 4055 facile
3686 4000 3749 4052 ad
3785 4016 3883 4053 ne-

2305 4093 2520 4160 quitiam
2570 4108 2712 4161 saepe
2741 4093 3038 4157 declinant,
3086 4092 3290 4146 etiamsi
3344 4093 3497 4145 fidem
3543 4104 3740 4146 rectam
3786 4089 3884 4141 ba-

2308 4185 2486 4236 bcant.
2532 4183 2728 4237 Paulus
2756 4194 2929 4238 autem
2961 4183 3200 4238 llcllrmis
3229 4183 3485 4244 scribens,
3522 4181 3634 4235 lia-c
3674 4183 3799 4235 dicit
3833 4197 3888 4237 et

2307 4285 2486 4330 monet
2516 4293 2526 4327 :
2563 4273 2747 4328 Pacem
2777 4291 2891 4327 cum
2925 4275 3149 4327 omnibus
3177 4274 3544 4343 perscquimini,
3575 4283 3620 4326 et
3649 4275 3883 4340 sanctiﬁ-

2307 4370 2576 4432 cationem,
2606 4369 2712 4420 sine
2739 4381 2834 4436 qua
2865 4382 3007 4420 nemo
3040 4367 3217 4418 videbit
3262 4363 3532 4418 Dominum
3556 4365 3576 4433 (
3598 4363 3760 4417 Ηιὸτ.
3793 4365 3885 4419 1⁸3.

2310 4458 2375 4512 14
2398 4457 2434 4524 ).
2475 4456 2949 4512 Sanctificationcm
2981 4447 3211 4525 appellat
3239 4455 3536 4509 castitatem
3559 4493 3575 4519 ,
3616 4465 3674 4507 ut
3705 4471 3880 4510 mms-

2307 4551 2526 4619 quisque
2554 4563 2647 4603 sua
2679 4563 2841 4602 uxore
2868 4556 3148 4602 contentus
3171 4547 3239 4599 sit
3263 4587 3276 4611 ,
3307 4560 3481 4614 neque
3510 4546 3669 4598 aliam
3703 4544 3883 4599 adeat.

2307 4640 2433 4694 Nam
2461 4641 2547 4709 qui
2576 4655 2667 4694 sua
2695 4649 2976 4695 contentus
3001 4653 3107 4692 non
3137 4645 3255 4700 est,
3303 4636 3480 4690 salvus
3510 4650 3630 4689 esse
3660 4637 3844 4704 nequit
3871 4654 3884 4698 ;

2305 4731 2398 4785 sed
2429 4740 2607 4798 pereat
2633 4738 2870 4798 oportet,
2899 4729 2998 4784 etsi
3027 4727 3170 4782 mille
3200 4727 3352 4782 bouis
3409 4727 3664 4800 operibus
3693 4728 3764 4779 sit
3803 4728 3890 4780 in-

2311 4831 2560 4874 struetus.
2596 4818 2967 4874 Fornicantem
2993 4818 3133 4873 enim
3163 4815 3484 4886 impossibile
3500 4825 3580 4870 est
3610 4815 3812 4869 intrare
3837 4818 3888 4869 in

2309 4926 2525 4980 regnum
2554 4909 2836 4974 cmlurum;
2870 4910 2977 4961 imo
3005 4908 3052 4960 id
3073 4907 3181 4976 jam
3207 4923 3311 4960 non
3340 4905 3619 4960 fornicatin
3645 4913 3764 4971 est,
3793 4907 3889 4959 sed

2309 5001 2639 5056 adulterium.
2687 5000 2834 5055 Sicut
2866 5000 3006 5053 enim
3048 4997 3261 5067 alligata
3289 4987 3440 5061 viro,
3487 4996 3531 5050 si
3559 5010 3682 5048 cum
3713 4997 3888 5049 altero

2309 5103 2488 5158 coeat,
2522 5093 2845 5147 adulteretur
2878 5109 2889 5142 :
2921 5091 2997 5145 sic
3027 5091 3270 5159 alligatus
3301 5091 3486 5153 uxori,
3519 5088 3564 5142 si
3597 5089 3758 5141 aliam
3792 5089 3882 5141 ba-

2311 5185 2461 5251 beat,
2492 5183 2696 5238 adulter
2715 5193 2816 5237 est.
2844 5182 2940 5236 llic
2964 5195 3088 5235 vero
3117 5194 3222 5234 non
3250 5180 3404 5234 lieres
3430 5179 3532 5234 erit
3553 5179 3699 5249 regni
3723 5181 3885 5235 caelo-

2374 5357 2388 5386 ¹
2417 5354 2507 5402 ΑΙιὶ
2531 5351 2878 5414 liabent,quasi_
2900 5349 3139 5414 pulverem
3164 5349 3480 5412 dissiparant,
3506 5347 3632 5407 loco,
3651 5348 3769 5400 rice:
3785 5359 3885 5401 ttat.

2373 5418 2392 5447 ¹
2425 5415 2623 5472 Quidam
2649 5411 2836 5473 legunt,
2861 5411 2946 5473 hoc
2972 5411 3233 5473 ridiculam
3251 5411 3335 5460 est.

2347 5477 2394 5544 μ’
2431 5469 2486 5523 lu
2509 5474 2615 5524 aliis
2650 5469 2848 5536 legitur,
2885 5471 3104 5523 Christus
3143 5471 3287 5534 plura
3329 5473 3388 5522 de
3433 5471 3520 5521 hoc
3559 5469 3770 5528 loquitur
3813 5473 3885 5524 di-

2311 5542 2642 5663 cugutfounulli
2688 5595 2816 5644 hunc
2849 5595 3006 5643 locum
3050 5596 3120 5663 sic
3168 5593 3394 5663 efferunt.
3527 5591 3688 5663 «Icaria
3732 5580 3891 5663 nescio

2311 5669 2388 5705 ras
2413 5674 2460 5715 ι,
2503 5659 2761 5718 etgiteruin
2789 5671 2800 5704 :
2828 5675 2857 5718 _(
2891 5662 3218 5718 ret-undante"
3262 5654 3310 5703 in
3357 5658 3443 5718 hoc
3487 5655 3630 5702 nolite
3675 5653 3891 5718 gaudere

2313 5720 2425 5781 quia
2449 5714 2643 5780 spiritus
2666 5716 2980 5778 subjiciuntur
3005 5715 3150 5766 vobis.
3170 5731 3190 5759 ι
3222 5723 3306 5777 Qttt
3329 5714 3471 5773 enim,
3501 5725 3595 5763 etc.
