4054 6430
172 353 276 416 353

172 484 292 527 rum
313 509 331 536 ,
358 466 453 523 sed
486 467 537 521 in
564 462 861 534 gehennam
889 458 1105 516 incidet.
1155 459 1287 514 Audi
1316 474 1433 529 qua:
1462 457 1531 513 de
1560 456 1643 512 his
1671 457 1753 512 di-

170 565 243 619 cit
270 562 518 617 Christus
548 576 561 611 :
603 556 795 610 Vermis
818 570 990 609 eorum
1014 569 1115 607 non
1144 554 1404 617 morietur,
1435 562 1481 605 et
1502 551 1633 621 ignis
1662 566 1762 604 non

172 656 520 723 extinguetur
549 649 569 719 (
594 647 757 703 Marc.
802 646 856 703 9.
880 646 949 701 45
972 645 1011 716 ).
1046 644 1208 713 ⁸Νιιιιει
1234 644 1377 697 enim
1408 643 1562 697 venia
1590 643 1639 696 ei
1671 641 1760 710 qui

172 745 351 797 uxoris
373 740 798 796 consolationem
823 735 1056 800 habens,
1091 734 1236 788 illam
1262 775 1277 801 ,
1305 733 1477 788 altera
1505 732 1762 797 admissa,

170 831 499 887 contumelia
542 828 709 885 afﬁcit
736 845 752 883 :
780 827 895 881 haec
935 825 1130 895 quippe
1180 822 1592 893 intemperantia
1640 838 1764 875 vere

168 933 273 979 est.
315 920 471 989 Quod
517 921 562 975 si
620 918 774 975 multi
802 915 1078 988 jejunandi
1122 924 1175 970 et
1212 913 1463 984 precandi
1510 927 1668 969 causa
1698 912 1765 965 ab

171 1027 342 1067 uxore
372 1010 676 1075 abstinent;
725 1008 814 1078 qui
842 1023 938 1061 sua
972 1021 1077 1061 non
1106 1014 1392 1060 contentus
1415 1003 1635 1059 alteram
1666 1003 1763 1057 ad-

170 1102 369 1166 mittit,
416 1110 671 1170 quantum
704 1098 803 1153 sibi
834 1099 1011 1168 ignem
1037 1093 1383 1151 accumulat?
1422 1093 1476 1151 Si
1507 1109 1612 1149 non
1640 1094 1764 1149 licet

170 1194 220 1249 ci
251 1193 343 1264 qui
373 1206 594 1246 uxorem
616 1189 914 1260 repudiavit
940 1196 996 1244 et
1013 1188 1202 1258 ejecit,
1233 1202 1353 1242 cum
1381 1187 1555 1241 altera
1578 1185 1767 1251 coire;

173 1286 275 1340 hoc
299 1286 498 1353 quippe
536 1289 619 1337 est
647 1280 1003 1345 adulterium;
1053 1278 1143 1349 qui
1185 1292 1405 1333 uxorem
1450 1292 1633 1332 secum
1676 1276 1769 1330 ha-

170 1376 308 1430 bens
332 1415 348 1441 ,
399 1374 623 1428 alteram
656 1371 896 1436 inducit,
944 1379 1202 1439 quantum
1250 1369 1428 1423 scelus
1459 1367 1770 1438 perpetrat?

171 1465 346 1520 Nemo
373 1463 534 1534 igitur
577 1461 721 1516 hunc
750 1459 998 1516 morbum
1024 1461 1076 1514 in
1105 1460 1279 1514 anima
1315 1458 1550 1515 insidere
1593 1458 1770 1525 sinat,

172 1556 268 1613 sed
294 1556 549 1611 radicitus
571 1553 785 1609 evellat.
814 1551 997 1622 Neque
1023 1553 1166 1607 enim
1192 1560 1297 1606 tam
1323 1566 1546 1607 uxorem
1568 1592 1583 1618 ,
1613 1565 1769 1621 quam

174 1650 411 1719 seipsnm
442 1644 611 1700 bedit.
642 1644 788 1700 Adeo
817 1658 984 1715 grave
1005 1684 1020 1710 ,
1045 1642 1182 1700 adeo
1208 1643 1362 1699 venia
1385 1643 1663 1714 indignum
1690 1652 1776 1697 ειμι

178 1740 281 1792 hoc
310 1746 617 1808 peccatum,
650 1743 710 1790 ut
738 1735 782 1790 si
804 1749 972 1799 uxor,
1010 1735 1175 1790 invito
1203 1734 1433 1805 conjuge
1462 1734 1623 1789 etiam
1653 1733 1771 1788 ido-

176 1829 368 1882 lulatra
389 1867 404 1891 ,
426 1828 494 1882 ab
519 1826 612 1882 illo
627 1835 927 1896 separetur,
959 1840 989 1880 a
1012 1826 1124 1882 Deo
1153 1826 1421 1896 puniatur;
1449 1826 1493 1880 si
1526 1823 1595 1878 ab
1621 1823 1769 1879 adul-

177 1930 329 1982 tero,
360 1918 603 1973 minime.
632 1917 818 1974 Viden’
842 1928 1098 1987 quantum
1125 1919 1194 1972 sit
1220 1917 1322 1972 hoc
1348 1917 1544 1971 malum
1569 1916 1591 1970 ?
1640 1916 1771 1970 Nam

180 2010 371 2080 Siqua
402 2010 598 2078 ﬁdelis,
632 2009 839 2081 inquit,
868 2009 1049 2064 habeat
1074 2009 1235 2064 virum
1265 2008 1554 2079 inﬁdelem,
1586 2018 1631 2062 et
1667 2007 1776 2078 ipse

174 2101 423 2154 consentit
441 2101 668 2155 habitare
686 2117 797 2154 cum
819 2102 930 2165 illa,
955 2118 1016 2155 ne
1032 2085 1250 2165 dimitlat
1270 2101 1438 2171 ipsum
1460 2101 1546 2170 (1.
1569 2100 1688 2155 Cor.
1718 2101 1770 2154 7.

177 2192 247 2245 13
269 2195 312 2261 ).
359 2190 432 2244 De
458 2191 702 2246 adultera
750 2206 907 2246 secus
932 2208 947 2255 ;
984 2191 1077 2246 sed
1104 2191 1230 2261 quid
1249 2194 1273 2243 Υ
1300 2190 1362 2244 Si
1390 2191 1500 2260 quis
1527 2191 1774 2243 dimiserit

178 2298 391 2336 uxorem
433 2298 578 2335 suam
609 2292 789 2351 praeter
832 2298 1040 2336 causam
1082 2282 1462 2352 fornicationis,
1510 2282 1630 2351 facit
1666 2297 1775 2335 eam

178 2374 423 2427 mazchari
451 2372 664 2444 (Matth.
690 2374 742 2428 5.
766 2373 880 2443 32).
909 2373 1042 2429 Nam
1066 2374 1110 2427 si
1136 2374 1440 2444 canjugium
1469 2388 1630 2428 unum
1659 2388 1778 2428 eor—

180 2480 279 2533 pus
329 2463 485 2529 facit;
534 2464 579 2518 si
613 2464 731 2534 quis
758 2479 877 2518 cum
908 2466 1194 2521 meretrice
1242 2473 1430 2530 coeat,
1464 2480 1627 2519 unum
1655 2480 1774 2519 cum

178 2556 265 2609 illa
293 2569 491 2624 corpus
521 2554 770 2609 efﬁcitur.
813 2555 1094 2624 Quomodo
1128 2572 1255 2627 ergo
1289 2557 1511 2612 honesta
1544 2556 1736 2610 mulicr
1759 2598 1774 2618 ,

176 2662 299 2716 qua:
330 2655 414 2701 est
442 2646 741 2700 membrum
784 2646 1021 2712 Christi,
1073 2647 1232 2701 talem
1279 2647 1450 2701 virum
1493 2646 1778 2701 admittat?

175 2748 270 2791 aut
318 2736 591 2806 quomodo
633 2736 733 2791 sibi
772 2738 959 2807 junget
1002 2738 1300 2793 membrum
1342 2740 1681 2803 mereri-eis?
1714 2742 1777 2795 Et

180 2827 303 2882 vide
328 2841 489 2897 quam
517 2828 649 2881 mira
674 2841 760 2885 res
782 2829 868 2881 sit.
897 2827 1027 2896 Quae
1047 2843 1169 2883 eum
1194 2828 1392 2883 infideli
1422 2828 1644 2893 habitat,
1671 2845 1776 2885 non

178 2928 261 2973 est
292 2920 502 2988 impura
532 2918 695 2988 (nam
726 2917 1087 2986 Sanctiﬁcatus
1113 2928 1184 2972 est
1211 2959 1225 2984 ,
1259 2920 1463 2989 inquit,
1496 2922 1571 2973 vir
1594 2921 1779 2990 inﬁde-

178 3013 242 3065 lis
269 3013 323 3065 in
352 3011 560 3064 muliere
592 3011 681 3080 (l.
710 3009 830 3065 Cor.
856 3011 909 3065 7.
942 3011 1043 3080 H)
1080 3029 1094 3065 :
1127 3012 1194 3065 de
1226 3016 1512 3067 meretrice
1543 3028 1647 3066 non
1675 3014 1774 3079 sic,

178 3105 275 3157 sed
302 3101 619 3172 quomodo?
667 3100 872 3157 Tollcns
904 3102 1062 3173 igitur
1086 3102 1310 3158 membra
1334 3102 1557 3170 Christi,
1588 3104 1778 3172 faciam

178 3196 407 3249 membra
428 3196 701 3250 meretricis
725 3193 886 3268 (Ibid.
906 3196 958 3251 6.
985 3196 1051 3252 15
1073 3195 1130 3266 )?
1156 3196 1268 3251 lllic
1296 3196 1555 3251 sanctitas
1578 3207 1775 3265 manet,

180 3286 386 3341 infideli
411 3300 536 3341 cum
559 3286 645 3340 illa
671 3285 981 3351 habitante;
1012 3286 1139 3342 hinc
1168 3286 1393 3343 recedit.
1425 3286 1600 3344 Grave
1629 3304 1779 3343 nam-

178 3391 285 3445 que
314 3376 518 3430 malum
550 3386 633 3431 est
674 3377 954 3432 fornicatio
976 3418 992 3444 ,
1021 3391 1184 3448 grave
1213 3379 1396 3447 utique
1418 3420 1432 3444 ,
1475 3386 1527 3433 et
1556 3379 1777 3433 immor-

1144 348 1207 404 l.\'
1247 347 1560 405 JOANNEM
1603 343 1827 403 unum.
1875 345 2059 401 ωηεν.
2101 347 2171 403 al.
2214 346 2402 404 LXIII.

3371 354 3433 408 35
3447 354 3464 407 1

1866 457 1970 510 tale
1991 456 2219 511 alTet'eus
2250 456 2592 526 Supplicium.
2624 457 2694 513 Et
2722 458 2777 513 iu
2808 457 2909 513 hac
2936 461 3043 515 vita
3076 459 3355 520 innumera
3383 473 3468 519 ill-

1869 549 2033 602 trahit
2069 549 2203 603 mala
2228 591 2242 612 ,
2280 550 2440 603 vitam
2490 550 2767 616 miseram,
2816 565 2915 606 nec
2957 552 3236 608 meliorem
3264 594 3280 619 ,
3310 569 3467 625 quam

1866 654 2051 695 eorum
2079 641 2168 710 qui
2200 640 2465 711 supplicio
2505 638 2834 707 afﬁciuntur,
2865 641 2992 696 dum
3020 644 3071 697 in
3104 645 3333 700 alienam
3364 645 3463 699 dn-

1867 748 2013 787 mum
2047 731 2225 786 furtim
2258 744 2311 787 et
2340 746 2462 787 cum
2496 740 2731 788 tremore
2772 731 3073 803 ingreditur
3098 776 3115 802 ,
3166 749 3464 809 omnesque

1868 833 2149 893 suspectos
2178 823 2336 879 habet
2362 864 2377 885 ,
2410 832 2514 877 tam
2545 838 2731 878 servos
2760 839 2919 894 quam
2951 825 3169 881 liberas.
3193 825 3464 895 Quamob-

1869 931 1981 970 rem
2023 915 2283 981 obsecro,
2336 914 2437 971 hoc
2464 930 2559 971 vos
2589 915 2844 985 expedire
2870 916 3061 971 morbo
3103 918 3323 972 curetis:
3376 918 3471 975 Sin

1871 1021 1974 1061 non
2008 1006 2413 1076 obsequamini,
2448 1021 2515 1061 ne
2544 1006 2596 1060 in
2628 1020 2781 1061 sacra
2811 1005 2995 1061 limina
3024 1007 3398 1079 ingrediamini
3426 1010 3467 1063 ί.

1870 1099 1999 1154 Nam
2029 1100 2301 1154 scabiosas
2329 1109 2382 1154 ct
2413 1098 2687 1153 morbidas
2715 1111 2844 1153 oves
2871 1113 2976 1153 non
3005 1107 3223 1170 oportet
3247 1100 3298 1155 in
3332 1100 3470 1157 bene

1872 1191 2159 1245 valentium
2184 1204 2345 1261 grege
2374 1190 2614 1254 versari,
2649 1189 2743 1243 sed
2771 1188 2840 1243 ab
2863 1190 2990 1244 ovili
3018 1190 3295 1260 exigendm
3325 1200 3468 1254 sunt,

1870 1283 2042 1337 donec
2085 1282 2331 1337 morbum
2358 1280 2652 1351 deponant.
2695 1280 2827 1336 Nam
2870 1281 3113 1337 membra
3149 1281 3348 1339 Christi
3377 1299 3473 1337 su-

1872 1389 1992 1429 lntls
2020 1390 2033 1426 :
2075 1388 2141 1428 ne
2170 1371 2471 1428 efticiamur
2499 1372 2739 1427 membra
2767 1373 3091 1428 meretricis.
3123 1372 3237 1428 Non
3268 1383 3349 1428 est
3381 1373 3467 1428 lu-

1876 1482 2040 1536 panar
2081 1465 2170 1521 hic
2216 1465 2397 1532 locus,
2440 1464 2536 1520 sed
2585 1464 2835 1520 ecclesia.
2877 1465 2932 1521 Si
2963 1468 3263 1523 membrum
3294 1484 3470 1524 mere-

1876 1559 2023 1613 tricis
2069 1557 2268 1612 habeas
2289 1597 2308 1623 ,
2358 1571 2427 1611 ne
2457 1565 2569 1611 stes
2596 1556 2648 1610 in
2678 1555 2905 1610 ecclesia
2930 1598 2945 1625 ,
2980 1572 3048 1612 ne
3085 1558 3260 1612 locum
3287 1568 3481 1614 contn-

1876 1650 2034 1703 nu:lia
2059 1646 2285 1703 afﬁcias.
2336 1647 2559 1703 Etiamsi
2587 1648 2730 1703 enim
2761 1648 3007 1720 gehenaa
3039 1650 3185 1706 nulla
3208 1692 3226 1718 ,
3267 1652 3472 1706 nullum

1877 1741 2196 1812 supplicium
2242 1750 2421 1807 esset,
2474 1750 2595 1810 post
2627 1750 2778 1810 pacta
2809 1742 2899 1797 illa
2924 1752 2976 1797 et
3008 1743 3278 1823 nuptiales
3305 1744 3477 1799 lucer-

1878 1846 2001 1896 nas,
2035 1832 2371 1903 postjustum
2391 1832 2587 1887 lectum
2612 1840 2669 1887 et
2697 1833 2989 1889 liberorum
3018 1836 3475 1905 procreationem,

1881 1932 1999 1992 post
2030 1922 2137 1978 tale
2162 1922 2520 1987 consortium,
2546 1922 2817 1993 quomodo
2834 1923 3000 1979 audes
3027 1925 3181 1980 alteri
3208 1927 3482 1997 copulari?

1878 2030 1975 2068 cur
2003 2029 2108 2069 non
2137 2013 2339 2068 vereris
2360 2053 2375 2079 ,
2410 2028 2510 2068 nec
2537 2014 2860 2069 erubescis?
2905 2015 2987 2069 An
3019 2015 3241 2085 ignoras
3263 2033 3358 2072 eos
3385 2018 3477 2087 qui

1881 2115 1999 2175 pust
2031 2106 2214 2160 uxoris
2242 2113 2470 2160 mortem
2496 2145 2511 2172 ,
2545 2105 2707 2160 aliain
2735 2105 2975 2174 ducunt,
3003 2121 3032 2161 a
3063 2108 3245 2162 multis
3272 2109 3481 2179 impro-

1880 2198 1991 2254 bari
2009 2240 2025 2266 ,
2065 2198 2272 2254 etiamsi
2298 2210 2485 2268 plenas
2514 2212 2619 2253 non
2643 2196 2819 2254 daturi
2847 2199 2990 2255 sint?
3012 2199 3095 2256 Tu
3120 2217 3249 2256 vero
3274 2243 3289 2268 ,
3314 2218 3478 2257 uxore

1879 2292 2201 2362 superstite,
2231 2291 2388 2345 aliam
2418 2290 2646 2346 inducis.
2692 2290 2877 2362 Ecqua
2905 2300 2987 2347 est
3014 2292 3102 2349 illa
3147 2293 3483 2349 incontinen-

1882 2387 1994 2441 tia?
2026 2385 2180 2441 Disce
2217 2399 2337 2456 qua:
2375 2383 2474 2439 hac
2497 2383 2566 2440 de
2609 2399 2668 2440 re
2707 2383 2848 2439 dicta
2890 2386 3037 2440 sint:
3081 2384 3279 2441 Verulis
3305 2402 3484 2440 eorum

1880 2495 1980 2532 non
2003 2478 2263 2543 morietur,
2297 2485 2344 2531 et
2365 2476 2497 2548 ignis
2522 2493 2626 2531 non
2651 2477 3003 2548 exstinguetur
3029 2478 3050 2550 (
3077 2477 3239 2532 Marc.
3275 2478 3329 2533 9.
3355 2478 3473 2549 43).

1882 2571 2050 2626 Minas
2096 2568 2488 2639 perhorresce,
2525 2569 2655 2624 time
2690 2569 3034 2639 supplicium.
3076 2568 3194 2624 Non
3225 2580 3307 2625 cst
3338 2579 3484 2625 tanta

1881 2660 1968 2714 hic
1995 2660 2243 2731 voluptas
2263 2702 2277 2726 ,
2305 2672 2564 2730 quantum
2596 2660 2707 2715 illic
2730 2660 3080 2730 supplicium.
3116 2660 3315 2717 Verum
3347 2660 3489 2716 absit

1882 2760 1940 2807 ut
1965 2752 2087 2823 quis
2113 2752 2203 2807 tali
2234 2752 2303 2806 sit
2327 2750 2592 2806 obnoxius
2631 2751 2927 2821 supplicio;
2978 2750 3074 2807 sed
3125 2752 3326 2807 utinam
3356 2768 3484 2807 san-

1879 2846 2123 2900 ctitatem
2156 2851 2426 2899 sectantes
2465 2841 2741 2897 videamus
2771 2841 3066 2909 Christum,
3106 2851 3161 2898 et
3209 2842 3486 2913 promissis

1883 2936 2124 2991 fruamur
2164 2934 2319 2990 bonis
2350 2952 2361 2987 :
2389 2949 2509 3005 qua:
2566 2947 2664 2987 nos
2696 2946 2885 2987 omnes
2915 2933 3128 3004 assequi
3174 2935 3484 3005 contingat,

1881 3027 2054 3099 gratia
2079 3037 2131 3081 et
2161 3025 2494 3095 benignitate
2526 3023 2735 3078 Domini
2778 3024 2948 3078 nostri
2981 3028 3110 3079 Jesu
3138 3023 3338 3079 Christi
3370 3025 3487 3090 qui-

1883 3133 2005 3175 cum
2047 3118 2189 3174 Patri
2216 3117 2385 3188 gloria
2418 3131 2631 3185 unaquc
2669 3114 2890 3186 Spiritui
2938 3123 3162 3175 sancto.
3194 3116 3247 3170 in
3287 3116 3485 3173 saeuis

1887 3211 2228 3267 smculorum.
2272 3211 2465 3263 Amen.

1952 3390 1964 3417 ι
2004 3383 2097 3434 Alii
2120 3382 2324 3440 habent,
2348 3378 2393 3431 si
2414 3392 2508 3429 non
2531 3378 2695 3439 vultis,
2716 3392 2775 3429 ne
2791 3378 2841 3430 in
2866 3380 3016 3444 adyta
3040 3378 3406 3445 ingredtamini.

1508 3540 1857 3604 HOMILIA
1900 3535 2125 3598 LXIV.

176 3685 315 3741 CAP.
361 3685 449 3739 11.
491 3698 543 3737 v.
586 3685 674 3739 41.
713 3682 865 3738 Iesus
895 3694 1101 3750 autem,
1131 3685 1335 3739 elevatis
1365 3700 1568 3739 sursum
1593 3684 1775 3749 oculis,

254 3776 385 3830 dixit
410 3792 424 3828 :
454 3772 612 3828 Pater
634 3814 650 3840 ,
687 3775 878 3845 gratias
904 3791 1000 3845 ago
1025 3773 1115 3827 tibi
1137 3817 1151 3842 ,
1182 3775 1424 3845 quoniam
1458 3774 1649 3828 audisti
1680 3790 1776 3829 me.

255 3865 348 3920 42.
406 3864 515 3935 Ego
558 3874 727 3917 autem
752 3864 968 3919 sciebant
992 3867 1111 3933 quia
1136 3882 1334 3934 semper
1374 3882 1454 3920 me
1480 3866 1665 3930 audis;
1692 3866 1781 3921 sed

256 3966 466 4026 prapter
492 3954 691 4009 turbam
717 3955 1123 4009 circumstantem
1152 3956 1262 4009 dixi
1278 3998 1292 4024 ,
1323 3964 1429 4011 etc.

262 4111 316 4165 1.
355 4107 587 4163 Christus
632 4106 847 4161 humilia
872 4123 1007 4179 ηερε
1034 4107 1274 4179 loquitur,
1321 4125 1496 4181 quare.
1530 4139 1600 4150 —-
1627 4109 1780 4176 Quod

184 4214 333 4271 saepe
379 4199 521 4265 dixi,
566 4198 669 4254 hoc
707 4207 762 4254 et
804 4213 949 4254 nunc
977 4198 1188 4266 dicam,
1241 4200 1487 4255 Christus
1532 4216 1636 4255 non
1672 4213 1779 4257 tant

183 4306 338 4347 suam
367 4290 714 4361 dignitatem,
762 4304 921 4361 quam
951 4290 1178 4345 salutem
1219 4300 1457 4347 nostram
1511 4294 1775 4363 respicit,

186 4399 285 4439 nec
313 4383 505 4455 quaerit
538 4396 787 4453 magnum
818 4380 1094 4453 quidpiam
1123 4382 1334 4449 dicere,
1387 4384 1480 4439 sed
1507 4387 1650 4456 quod
1680 4401 1779 4441 nos

186 4474 356 4543 possit
382 4472 450 4528 ad
480 4487 540 4528 se
568 4472 801 4529 trahere.
846 4473 969 4529 Ideo
999 4489 1165 4545 pauca
1196 4489 1385 4546 magna
1417 4486 1471 4532 et
1505 4479 1776 4546 sublimia,

183 4575 347 4636 atque
370 4565 532 4620 etiam
560 4563 892 4620 subobscure
912 4565 1069 4634 dicit,
1103 4566 1322 4623 humilia
1350 4586 1476 4624 vero
1497 4579 1549 4624 et
1572 4571 1777 4641 abiecta

184 4658 494 4727 frequenter
523 4655 860 4711 sermonibus
887 4656 1166 4714 admiscet.
1199 4658 1333 4728 Quia
1364 4661 1505 4716 enim
1531 4661 1645 4717 haec
1675 4678 1771 4717 au-

182 4747 387 4801 ditores
436 4747 607 4817 magis
654 4747 999 4813 alliciebant,
1050 4747 1135 4804 his
1203 4752 1368 4807 utitur
1418 4751 1774 4823 frequentius.

182 4838 365 4908 Neque
396 4853 611 4908 semper
639 4839 719 4893 sic
749 4839 1004 4908 loquitur,
1047 4856 1115 4896 ne
1148 4851 1331 4912 postea
1361 4846 1647 4901 crcdituris
1676 4865 1776 4902 no-

180 4940 332 4991 ceat;
376 4945 549 4999 neque
580 4930 666 4983 illa
701 4939 874 4998 tacet,
924 4947 992 4986 ne
1034 4944 1327 5003 prtesentcs
1358 4935 1612 4993 offendat.
1644 4939 1775 4994 Nam

180 5021 273 5099 qui
300 5021 565 5090 abiectam
594 5022 735 5076 illam
764 5032 996 5077 mentem
1027 5024 1423 5093 deposuerunt,
1458 5029 1539 5084 vel
1570 5045 1636 5087 ex
1672 5047 1778 5085 uno

179 5112 398 5166 sublimi
437 5111 687 5182 dogmate
731 5121 899 5168 totum
943 5116 1245 5188 intelligere
1286 5130 1577 5189 potuerunt
1630 5142 1643 5178 :
1686 5125 1775 5193 qui

182 5219 311 5257 tero
340 5202 656 5259 demissiore
697 5207 877 5261 animo
920 5221 1137 5279 semper
1163 5221 1315 5265 erant
1337 5253 1352 5279 ,
1392 5212 1494 5267 nisi
1526 5212 1641 5269 haec
1667 5214 1777 5270 fre-

179 5302 409 5364 quenter
453 5293 760 5361 audissent,
808 5312 913 5351 non
954 5300 1139 5369 utique
1175 5303 1549 5359 accessissent.
1593 5304 1778 5376 Neque

181 5393 359 5439 tamen
392 5396 642 5465 manent,
673 5397 951 5459 postquam
982 5401 1059 5445 tot
1082 5403 1138 5448 et
1168 5401 1313 5449 tanta
1341 5396 1649 5465 audierunt,
1680 5400 1775 5455 sed

181 5464 452 5544 lapidibus
473 5476 762 5545 impetunt,
788 5492 1182 5551 persequuntur
1197 5495 1249 5539 et
1270 5487 1520 5545 occidere
1546 5464 1771 5559 tentant,

183 5566 663 5640 hlasphemumque
706 5582 896 5629 vocant
927 5591 941 5627 :
974 5590 1037 5630 ac
1086 5592 1207 5632 cum
1252 5594 1312 5634 se
1363 5580 1471 5635 Deo
1513 5586 1773 5655 azqualem

182 5658 339 5725 facit,
380 5657 609 5729 dicunt,
658 5662 758 5717 Hic
797 5666 1115 5734 blasphemat
1150 5668 1171 5741 (
1192 5670 1354 5727 Marc.
1401 5672 1455 5730 2.
1486 5677 1597 5746 7);
1653 5694 1775 5735 cum

184 5762 359 5810 autem
379 5754 528 5819 dicit,
554 5756 890 5812 licinittuntnr
918 5761 1006 5813 tibi
1051 5775 1253 5830 peccata
1282 5777 1365 5820 tua
1396 5764 1606 5834 (Matth.
1630 5773 1681 5827 9.
1716 5774 1767 5828 2.

1887 3677 2016 3734 Luc.
2046 3678 2098 3732 5.
2117 3676 2232 3744 20),
2266 3674 2655 3730 daemoniacqu
2677 3685 2894 3743 vocant;
2914 3684 2971 3731 ut
2996 3677 3156 3733 etiam
3183 3692 3304 3734 cum
3334 3679 3489 3744 dixit,

1889 3772 1980 3841 qui
2048 3768 2208 3823 verba
2252 3781 2345 3821 sua
2391 3765 2634 3833 audiret,
2704 3777 2877 3823 morte
2933 3769 3267 3840 superiorem
3321 3786 3488 3827 esse:

1888 3875 2011 3915 cum
2039 3871 2222 3914 autem
2248 3858 2325 3913 sic
2366 3858 2642 3928 loquitur,
2697 3857 2811 3931 Ego
2839 3859 2893 3914 in
2923 3859 3120 3929 Patre,
3168 3874 3214 3918 et
3256 3863 3492 3920 Peterin

1889 3966 1968 4003 me
2011 3948 2210 4021 (Joau.
2240 3949 2331 4004 14.
2378 3948 2523 4019 10),
2572 3949 2747 4020 ipsum
2795 3950 3147 4022 relinquunt;
3196 3970 3492 4027 rursusque

1888 4040 2235 4096 olfendnntur
2260 4054 2382 4096 cum
2413 4040 2520 4107 ait,
2542 4055 2612 4097 se
2631 4041 2699 4097 de
2723 4043 2859 4099 caelo
2886 4043 3251 4101 descendisse.
3280 4047 3340 4102 Si
3363 4063 3493 4119 ergo

1891 4130 2035 4197 haec,
2065 4130 2165 4186 etsi
2189 4130 2365 4187 rarius
2382 4130 2523 4187 dicta
2542 4171 2562 4199 ,
2591 4147 2700 4188 non
2722 4131 2965 4189 ferebant
2987 4145 3163 4192 tamen
3188 4179 3203 4205 ,
3237 4139 3323 4194 vix
3343 4151 3491 4196 certe

1887 4220 2277 4289 attendisseut,
2320 4222 2366 4277 si
2411 4223 2659 4279 sublimia
2711 4239 2928 4295 semper
2965 4226 3218 4297 loquutus
3274 4230 3484 4288 fuisset.

1887 4311 2113 4380 Quando
2162 4312 2321 4382 igitur
2348 4312 2480 4368 dicit
2514 4330 2527 4368 :
2560 4314 2708 4370 Sicut
2738 4317 2998 4370 mandauit
3025 4318 3149 4373 mihi
3180 4319 3370 4386 Pater,
3417 4324 3489 4378 sic

1887 4404 2069 4472 loquor
2110 4402 2289 4475 (Ibid.
2317 4422 2366 4459 υ.
2395 4406 2459 4460 51
2487 4405 2547 4475 );
2606 4416 2700 4474 et,
2747 4407 3008 4479 Ameipso
3050 4426 3149 4465 non
3207 4414 3317 4467 veni
3360 4413 3487 4483 (Id.

1889 4497 1941 4550 7.
1974 4495 2046 4549 28
2067 4498 2084 4565 )
2106 4538 2120 4558 ,
2172 4504 2297 4552 tunc
2325 4497 2590 4563 credunt,
2642 4507 2699 4553 ut
2753 4499 2927 4570 palam
2960 4500 3222 4571 signiﬁcat
3254 4519 3487 4577 evange-

1889 4587 2008 4641 lista
2037 4603 2159 4643 cum
2190 4588 2356 4650 dicit,
2406 4587 2533 4644 Haec
2566 4588 2657 4643 illo
2684 4590 2943 4659 loquente.
2996 4593 3141 4647 multi
3167 4595 3495 4653 crediderunt

1887 4677 1939 4730 iu
1968 4694 2081 4731 eum
2108 4680 2126 4748 (
2160 4676 2245 4732 Id.
2276 4696 2324 4731 v.
2353 4679 2478 4749 51).
2514 4679 2567 4733 Si
2603 4695 2731 4750 ergo
2768 4681 2987 4735 humilia
3043 4683 3206 4739 verba
3232 4685 3299 4740 ad
3332 4687 3487 4743 fidem

1890 4769 2200 4838 trahebant,
2234 4771 2481 4827 sublimia
2504 4787 2628 4826 vero
2644 4774 2959 4829 avertebant
2977 4816 2991 4839 .
3025 4791 3203 4832 annon
3230 4787 3489 4834 extretme

1887 4861 2175 4917 dementire
2202 4862 2363 4918 fuerit
2390 4879 2495 4918 non
2526 4864 2765 4934 cogitare
2795 4865 3016 4922 humilia
3046 4869 3210 4925 verba
3232 4869 3299 4925 ad
3341 4870 3486 4923 audi-

1889 4962 2062 5008 torum
2107 4963 2323 5025 captum
2370 4964 2722 5026 attemperata
2774 4960 2933 5013 esse?
2979 4960 3258 5031 Siquidem
3291 4965 3480 5019 etalio

1891 5041 2038 5109 loco,
2069 5060 2191 5099 cum
2220 5060 2468 5115 maguum
2496 5036 2766 5115 qnidpiain
2800 5048 2944 5118 loqui
2973 5051 3169 5119 vellet,
3201 5054 3390 5116 tacuit,
3420 5066 3475 5109 ct

1886 5148 2102 5190 causam
2132 5135 2327 5192 silentii
2354 5136 2592 5192 addidit:
2615 5137 2697 5192 Ne
2722 5142 3127 5198 scandalizemus
3160 5161 3265 5209 eos,
3284 5147 3481 5215 profice

1887 5225 2093 5278 humum
2113 5226 2166 5279 in
2188 5244 2326 5283 mare
2353 5227 2373 5300 (
2398 5229 2581 5283 .llatth.
2609 5230 2693 5283 l7.
2721 5230 2848 5302 26).
2875 5232 3027 5301 Quod
3052 5238 3213 5291 etiam
3237 5236 3323 5294 hic
3344 5241 3485 5296 facit.

1887 5316 2015 5370 Nam
2046 5328 2324 5388 postquam
2352 5320 2594 5387 dixerat,
2627 5321 2738 5394 Ege
2780 5325 2997 5379 sciebant
3026 5330 3146 5397 quia
3183 5347 3379 5403 semper
3406 5351 3483 5386 me

1885 5410 2033 5462 (mdis
2056 5427 2075 5475 ;
2105 5410 2329 5475 addidit,
2350 5410 2457 5467 Sed
2476 5423 2682 5483 propter
2706 5417 2903 5469 turbam
2924 5419 3330 5475 circumstautcm
3353 5424 3476 5486 dixi,

1888 5511 1939 5553 ut
1973 5502 2200 5556 credant.
2263 5509 2342 5557 An
2374 5514 2557 5559 nostra
2601 5504 2714 5560 lucc
2751 5508 2911 5561 sunt?
2957 5524 3025 5563 an
3058 5511 3288 5567 humana
3343 5529 3474 5568 con-

1880 5592 2089 5662 jectura
2112 5596 2136 5649 ἳ
2161 5594 2293 5649 Cum
2325 5610 2454 5667 ergo
2476 5596 2597 5667 quis
2625 5613 2688 5652 ex
2713 5599 2926 5667 scriptis
2947 5616 3007 5655 se
3029 5601 3338 5670 persuaderi
3380 5620 3409 5656 n
3439 5625 3481 5656 τι

1888 5686 2117 5755 patitur,
2150 5688 2291 5753 quod
2319 5688 2419 5757 ipsi
2450 5688 2516 5744 de
2543 5688 2947 5746 sublimioribus
2976 5693 3373 5748 oﬁ'cuderentur
3396 5738 3409 5760 ,
3444 5700 3495 5749 is.

1885 5777 2107 5834 audiens
2148 5768 2419 5836 Christum
2452 5781 2721 5839 dicentem
2750 5800 2807 5839 se
2840 5783 2962 5841 ideo
2997 5785 3212 5843 humilia
3244 5788 3387 5857 loqui
3424 5807 3489 5845 nt.
