  <div class='ocr_page' id='page_1' title='image "/cluster/home/n/w/nwhite01/storage/ocr_20150623/59/ien.35556001660869/361.png"; bbox 0 0 4054 6434; ppageno 0'>
   <div class='ocr_carea' id='block_1_1' title="bbox 632 327 737 384">
    <p class='ocr_par' dir='ltr' id='par_1_1' title="bbox 632 327 737 384">
     <span class='ocr_line' id='line_1_1' title="bbox 632 327 737 384; baseline -0.01 0"><span class='ocrx_word' id='word_1_1' title='bbox 632 327 737 384; x_wconf 74' lang='lat'><strong>355</strong></span> 
     </span>
    </p>
   </div>
   <div class='ocr_carea' id='block_1_2' title="bbox 631 425 2188 504">
    <p class='ocr_par' dir='ltr' id='par_1_2' title="bbox 631 425 2188 504">
     <span class='ocr_line' id='line_1_2' title="bbox 631 425 2188 504; baseline -0.013 -10"><span class='ocrx_word' id='word_1_2' title='bbox 631 437 1078 502; x_wconf 76' lang='lat' dir='ltr'><strong>scandalizentur,</strong></span> <span class='ocrx_word' id='word_1_3' title='bbox 1122 434 1386 504; x_wconf 88' lang='lat' dir='ltr'><strong>quomodo</strong></span> <span class='ocrx_word' id='word_1_4' title='bbox 1411 431 1666 500; x_wconf 87' lang='lat' dir='ltr'><strong>suspicari</strong></span> <span class='ocrx_word' id='word_1_5' title='bbox 1691 427 1910 499; x_wconf 74' lang='lat' dir='ltr'><strong>poterit‘</strong></span> <span class='ocrx_word' id='word_1_6' title='bbox 1943 425 2092 479; x_wconf 89' lang='lat' dir='ltr'><strong>illum</strong></span> <span class='ocrx_word' id='word_1_7' title='bbox 2121 437 2188 476; x_wconf 83' lang='lat' dir='ltr'><strong>ex</strong></span> 
     </span>
    </p>
   </div>
   <div class='ocr_carea' id='block_1_3' title="bbox 632 517 2186 594">
    <p class='ocr_par' dir='ltr' id='par_1_3' title="bbox 632 517 2186 594">
     <span class='ocr_line' id='line_1_3' title="bbox 632 517 2186 594; baseline -0.01 -13"><span class='ocrx_word' id='word_1_8' title='bbox 632 536 816 580; x_wconf 86' lang='lat' dir='ltr'><strong>natura</strong></span> <span class='ocrx_word' id='word_1_9' title='bbox 857 526 934 579; x_wconf 90' lang='lat' dir='ltr'><strong>rei</strong></span> <span class='ocrx_word' id='word_1_10' title='bbox 981 524 1159 594; x_wconf 84' lang='lat' dir='ltr'><strong>loqui,</strong></span> <span class='ocrx_word' id='word_1_11' title='bbox 1204 519 1400 576; x_wconf 88' lang='lat' dir='ltr'><strong>etnon</strong></span> <span class='ocrx_word' id='word_1_12' title='bbox 1443 537 1539 592; x_wconf 89' lang='lat' dir='ltr'><strong>per</strong></span> <span class='ocrx_word' id='word_1_13' title='bbox 1585 517 1960 588; x_wconf 77' lang='lat' dir='ltr'><strong>indulgentiam</strong></span> <span class='ocrx_word' id='word_1_14' title='bbox 2004 527 2186 582; x_wconf 86' lang='lat' dir='ltr'><strong>quam-</strong></span> 
     </span>
    </p>
   </div>
   <div class='ocr_carea' id='block_1_4' title="bbox 628 604 2195 681">
    <p class='ocr_par' dir='ltr' id='par_1_4' title="bbox 628 604 2195 681">
     <span class='ocr_line' id='line_1_4' title="bbox 628 604 2195 681; baseline -0.007 -14"><span class='ocrx_word' id='word_1_15' title='bbox 628 617 787 672; x_wconf 81' lang='lat' dir='ltr'><strong>dam?</strong></span> <span class='ocrx_word' id='word_1_16' title='bbox 829 616 914 671; x_wconf 87' lang='lat' dir='ltr'><strong>Sic</strong></span> <span class='ocrx_word' id='word_1_17' title='bbox 957 624 1011 670; x_wconf 91' lang='lat' dir='ltr'><strong>et</strong></span> <span class='ocrx_word' id='word_1_18' title='bbox 1051 614 1176 670; x_wconf 82' lang='lat' dir='ltr'><strong>alibi</strong></span> <span class='ocrx_word' id='word_1_19' title='bbox 1216 629 1347 669; x_wconf 85' lang='lat' dir='ltr'><strong>voce</strong></span> <span class='ocrx_word' id='word_1_20' title='bbox 1389 627 1618 681; x_wconf 86' lang='lat' dir='ltr'><strong>superne</strong></span> <span class='ocrx_word' id='word_1_21' title='bbox 1660 612 1830 664; x_wconf 89' lang='lat' dir='ltr'><strong>delata</strong></span> <span class='ocrx_word' id='word_1_22' title='bbox 1870 608 2039 662; x_wconf 91' lang='lat' dir='ltr'><strong>dicit:</strong></span> <span class='ocrx_word' id='word_1_23' title='bbox 2073 604 2195 657; x_wconf 82' lang='lat' dir='ltr'><strong>Non</strong></span> 
     </span>
    </p>
   </div>
   <div class='ocr_carea' id='block_1_5' title="bbox 630 695 2185 776">
    <p class='ocr_par' dir='ltr' id='par_1_5' title="bbox 630 695 2185 776">
     <span class='ocr_line' id='line_1_5' title="bbox 630 695 2185 776; baseline -0.01 -15"><span class='ocrx_word' id='word_1_24' title='bbox 630 716 830 776; x_wconf 83' lang='lat' dir='ltr'><strong>propter</strong></span> <span class='ocrx_word' id='word_1_25' title='bbox 859 723 936 759; x_wconf 86' lang='lat' dir='ltr'><strong>me</strong></span> <span class='ocrx_word' id='word_1_26' title='bbox 975 707 1080 759; x_wconf 67' lang='lat' dir='ltr'><strong>haec</strong></span> <span class='ocrx_word' id='word_1_27' title='bbox 1106 721 1199 759; x_wconf 76' lang='lat' dir='ltr'><strong>vox</strong></span> <span class='ocrx_word' id='word_1_28' title='bbox 1226 707 1359 773; x_wconf 75' lang='lat' dir='ltr'><strong>facta</strong></span> <span class='ocrx_word' id='word_1_29' title='bbox 1387 715 1478 769; x_wconf 83' lang='lat' dir='ltr'><strong>est,</strong></span> <span class='ocrx_word' id='word_1_30' title='bbox 1525 703 1611 756; x_wconf 82' lang='lat' dir='ltr'><strong>sed</strong></span> <span class='ocrx_word' id='word_1_31' title='bbox 1652 711 1854 770; x_wconf 83' lang='lat' dir='ltr'><strong>propter</strong></span> <span class='ocrx_word' id='word_1_32' title='bbox 1882 715 1966 750; x_wconf 86' lang='lat' dir='ltr'><strong>vos</strong></span> <span class='ocrx_word' id='word_1_33' title='bbox 1998 697 2016 767; x_wconf 94' lang='lat'><strong>(</strong></span> <span class='ocrx_word' id='word_1_34' title='bbox 2033 695 2185 748; x_wconf 81' lang='lat' dir='ltr'><strong>Joan.</strong></span> 
     </span>
    </p>
   </div>
   <div class='ocr_carea' id='block_1_6' title="bbox 629 787 2189 866">
    <p class='ocr_par' dir='ltr' id='par_1_6' title="bbox 629 787 2189 866">
     <span class='ocr_line' id='line_1_6' title="bbox 629 787 2189 866; baseline -0.012 -10"><span class='ocrx_word' id='word_1_35' title='bbox 629 798 712 856; x_wconf 71' lang='lat' dir='ltr'><strong>l2.</strong></span> <span class='ocrx_word' id='word_1_36' title='bbox 754 798 882 866; x_wconf 77' lang='lat'><strong>30).</strong></span> <span class='ocrx_word' id='word_1_37' title='bbox 927 797 1086 866; x_wconf 81' lang='lat' dir='ltr'><strong>Atqui</strong></span> <span class='ocrx_word' id='word_1_38' title='bbox 1118 811 1308 865; x_wconf 87' lang='lat' dir='ltr'><strong>magno</strong></span> <span class='ocrx_word' id='word_1_39' title='bbox 1354 795 1476 849; x_wconf 88' lang='lat' dir='ltr'><strong>licet</strong></span> <span class='ocrx_word' id='word_1_40' title='bbox 1519 795 1679 846; x_wconf 90' lang='lat' dir='ltr'><strong>multa</strong></span> <span class='ocrx_word' id='word_1_41' title='bbox 1723 791 1789 846; x_wconf 91' lang='lat' dir='ltr'><strong>de</strong></span> <span class='ocrx_word' id='word_1_42' title='bbox 1831 806 1889 844; x_wconf 88' lang='lat' dir='ltr'><strong>se</strong></span> <span class='ocrx_word' id='word_1_43' title='bbox 1923 787 2189 842; x_wconf 72' lang='lat' dir='ltr'><strong>humiliter</strong></span> 
     </span>
    </p>
   </div>
   <div class='ocr_carea' id='block_1_7' title="bbox 629 882 2188 957">
    <p class='ocr_par' dir='ltr' id='par_1_7' title="bbox 629 882 2188 957">
     <span class='ocr_line' id='line_1_7' title="bbox 629 882 2188 957; baseline -0.009 -13"><span class='ocrx_word' id='word_1_44' title='bbox 629 888 942 957; x_wconf 65' lang='lat' dir='ltr'><strong>praedicare;</strong></span> <span class='ocrx_word' id='word_1_45' title='bbox 991 889 1079 941; x_wconf 85' lang='lat' dir='ltr'><strong>vili</strong></span> <span class='ocrx_word' id='word_1_46' title='bbox 1108 897 1287 940; x_wconf 89' lang='lat' dir='ltr'><strong>autem</strong></span> <span class='ocrx_word' id='word_1_47' title='bbox 1327 895 1378 939; x_wconf 89' lang='lat' dir='ltr'><strong>et</strong></span> <span class='ocrx_word' id='word_1_48' title='bbox 1410 885 1616 952; x_wconf 87' lang='lat' dir='ltr'><strong>abjeeto</strong></span> <span class='ocrx_word' id='word_1_49' title='bbox 1661 897 1763 936; x_wconf 91' lang='lat' dir='ltr'><strong>non</strong></span> <span class='ocrx_word' id='word_1_50' title='bbox 1796 882 1916 935; x_wconf 87' lang='lat' dir='ltr'><strong>licet</strong></span> <span class='ocrx_word' id='word_1_51' title='bbox 1945 893 2188 947; x_wconf 84' lang='lat' dir='ltr'><strong>magnum</strong></span> 
     </span>
    </p>
   </div>
   <div class='ocr_carea' id='block_1_8' title="bbox 622 971 2196 1048">
    <p class='ocr_par' dir='ltr' id='par_1_8' title="bbox 622 971 2196 1048">
     <span class='ocr_line' id='line_1_8' title="bbox 622 971 2196 1048; baseline -0.009 -15"><span class='ocrx_word' id='word_1_52' title='bbox 622 977 890 1048; x_wconf 81' lang='lat' dir='ltr'><strong>quidpiam</strong></span> <span class='ocrx_word' id='word_1_53' title='bbox 933 986 986 1031; x_wconf 91' lang='lat' dir='ltr'><strong>et</strong></span> <span class='ocrx_word' id='word_1_54' title='bbox 1014 977 1237 1030; x_wconf 83' lang='lat' dir='ltr'><strong>sublime</strong></span> <span class='ocrx_word' id='word_1_55' title='bbox 1265 974 1330 1028; x_wconf 91' lang='lat' dir='ltr'><strong>de</strong></span> <span class='ocrx_word' id='word_1_56' title='bbox 1357 989 1414 1028; x_wconf 88' lang='lat' dir='ltr'><strong>se</strong></span> <span class='ocrx_word' id='word_1_57' title='bbox 1439 974 1635 1027; x_wconf 82' lang='lat' dir='ltr'><strong>dicere.</strong></span> <span class='ocrx_word' id='word_1_58' title='bbox 1680 971 1808 1024; x_wconf 91' lang='lat' dir='ltr'><strong>Illud</strong></span> <span class='ocrx_word' id='word_1_59' title='bbox 1840 985 1905 1024; x_wconf 80' lang='lat' dir='ltr'><strong>ex</strong></span> <span class='ocrx_word' id='word_1_60' title='bbox 1930 977 2196 1034; x_wconf 86' lang='lat' dir='ltr'><strong>attempe-</strong></span> 
     </span>
    </p>
   </div>
   <div class='ocr_carea' id='block_1_9' title="bbox 624 1061 2187 1138">
    <p class='ocr_par' dir='ltr' id='par_1_9' title="bbox 624 1061 2187 1138">
     <span class='ocr_line' id='line_1_9' title="bbox 624 1061 2187 1138; baseline -0.007 -16"><span class='ocrx_word' id='word_1_61' title='bbox 624 1068 826 1122; x_wconf 76' lang='lat' dir='ltr'><strong>ratione</strong></span> <span class='ocrx_word' id='word_1_62' title='bbox 850 1067 1073 1138; x_wconf 88' lang='lat' dir='ltr'><strong>quadam</strong></span> <span class='ocrx_word' id='word_1_63' title='bbox 1103 1064 1160 1120; x_wconf 82' lang='lat' dir='ltr'><strong>lit</strong></span> <span class='ocrx_word' id='word_1_64' title='bbox 1182 1107 1194 1129; x_wconf 93' lang='lat'><strong>,</strong></span> <span class='ocrx_word' id='word_1_65' title='bbox 1227 1075 1282 1119; x_wconf 92' lang='lat' dir='ltr'><strong>ut</strong></span> <span class='ocrx_word' id='word_1_66' title='bbox 1310 1064 1376 1118; x_wconf 89' lang='lat' dir='ltr'><strong>ad</strong></span> <span class='ocrx_word' id='word_1_67' title='bbox 1405 1063 1731 1117; x_wconf 86' lang='lat' dir='ltr'><strong>audientium</strong></span> <span class='ocrx_word' id='word_1_68' title='bbox 1767 1061 2187 1114; x_wconf 72' lang='lat' dir='ltr'><strong>imbecillitatem</strong></span> 
     </span>
    </p>
   </div>
   <div class='ocr_carea' id='block_1_10' title="bbox 625 1150 2188 1223">
    <p class='ocr_par' dir='ltr' id='par_1_10' title="bbox 625 1150 2188 1223">
     <span class='ocr_line' id='line_1_10' title="bbox 625 1150 2188 1223; baseline -0.006 -11"><span class='ocrx_word' id='word_1_69' title='bbox 625 1159 1048 1214; x_wconf 76' lang='lat' dir='ltr'><strong>accommodetur</strong></span> <span class='ocrx_word' id='word_1_70' title='bbox 1070 1198 1084 1220; x_wconf 92' lang='lat'><strong>,</strong></span> <span class='ocrx_word' id='word_1_71' title='bbox 1114 1157 1220 1210; x_wconf 88' lang='lat' dir='ltr'><strong>imo</strong></span> <span class='ocrx_word' id='word_1_72' title='bbox 1248 1153 1442 1223; x_wconf 84' lang='lat' dir='ltr'><strong>magis,</strong></span> <span class='ocrx_word' id='word_1_73' title='bbox 1476 1161 1532 1207; x_wconf 94' lang='lat' dir='ltr'><strong>ut</strong></span> <span class='ocrx_word' id='word_1_74' title='bbox 1557 1151 1903 1205; x_wconf 89' lang='lat' dir='ltr'><strong>humilitatem</strong></span> <span class='ocrx_word' id='word_1_75' title='bbox 1937 1150 2007 1202; x_wconf 87' lang='lat' dir='ltr'><strong>illi</strong></span> <span class='ocrx_word' id='word_1_76' title='bbox 2038 1164 2188 1203; x_wconf 82' lang='lat' dir='ltr'><strong>exer-</strong></span> 
     </span>
    </p>
   </div>
   <div class='ocr_carea' id='block_1_11' title="bbox 624 1241 2188 1317">
    <p class='ocr_par' dir='ltr' id='par_1_11' title="bbox 624 1241 2188 1317">
     <span class='ocr_line' id='line_1_11' title="bbox 624 1241 2188 1317; baseline -0.008 -12"><span class='ocrx_word' id='word_1_77' title='bbox 624 1259 778 1305; x_wconf 80' lang='lat' dir='ltr'><strong>ceant</strong></span> <span class='ocrx_word' id='word_1_78' title='bbox 798 1291 813 1317; x_wconf 96' lang='lat'><strong>,</strong></span> <span class='ocrx_word' id='word_1_79' title='bbox 864 1257 919 1303; x_wconf 92' lang='lat' dir='ltr'><strong>et</strong></span> <span class='ocrx_word' id='word_1_80' title='bbox 948 1263 1070 1301; x_wconf 89' lang='lat' dir='ltr'><strong>vere</strong></span> <span class='ocrx_word' id='word_1_81' title='bbox 1101 1247 1338 1299; x_wconf 91' lang='lat' dir='ltr'><strong>indutum</strong></span> <span class='ocrx_word' id='word_1_82' title='bbox 1369 1258 1531 1297; x_wconf 85' lang='lat' dir='ltr'><strong>carne</strong></span> <span class='ocrx_word' id='word_1_83' title='bbox 1556 1257 1673 1296; x_wconf 90' lang='lat' dir='ltr'><strong>esse</strong></span> <span class='ocrx_word' id='word_1_84' title='bbox 1713 1245 1921 1303; x_wconf 83' lang='lat' dir='ltr'><strong>sciant;</strong></span> <span class='ocrx_word' id='word_1_85' title='bbox 1957 1241 2188 1307; x_wconf 83' lang='lat' dir='ltr'><strong>itemque</strong></span> 
     </span>
    </p>
   </div>
   <div class='ocr_carea' id='block_1_12' title="bbox 626 1330 2188 1403">
    <p class='ocr_par' dir='ltr' id='par_1_12' title="bbox 626 1330 2188 1403">
     <span class='ocr_line' id='line_1_12' title="bbox 626 1330 2188 1403; baseline -0.006 -9"><span class='ocrx_word' id='word_1_86' title='bbox 626 1353 680 1394; x_wconf 91' lang='lat' dir='ltr'><strong>nt</strong></span> <span class='ocrx_word' id='word_1_87' title='bbox 701 1340 888 1395; x_wconf 84' lang='lat' dir='ltr'><strong>doceat</strong></span> <span class='ocrx_word' id='word_1_88' title='bbox 913 1339 1179 1393; x_wconf 87' lang='lat' dir='ltr'><strong>auditores</strong></span> <span class='ocrx_word' id='word_1_89' title='bbox 1201 1377 1216 1402; x_wconf 86' lang='lat'><strong>,</strong></span> <span class='ocrx_word' id='word_1_90' title='bbox 1250 1351 1531 1403; x_wconf 78' lang='lat' dir='ltr'><strong>numquam</strong></span> <span class='ocrx_word' id='word_1_91' title='bbox 1556 1349 1799 1402; x_wconf 87' lang='lat' dir='ltr'><strong>magnum</strong></span> <span class='ocrx_word' id='word_1_92' title='bbox 1825 1331 2093 1401; x_wconf 82' lang='lat' dir='ltr'><strong>quidpiam</strong></span> <span class='ocrx_word' id='word_1_93' title='bbox 2121 1330 2188 1384; x_wconf 82' lang='lat' dir='ltr'><strong>tle</strong></span> 
     </span>
    </p>
   </div>
   <div class='ocr_carea' id='block_1_13' title="bbox 624 1421 2186 1500">
    <p class='ocr_par' dir='ltr' id='par_1_13' title="bbox 624 1421 2186 1500">
     <span class='ocr_line' id='line_1_13' title="bbox 624 1421 2186 1500; baseline -0.008 -16"><span class='ocrx_word' id='word_1_94' title='bbox 624 1449 681 1485; x_wconf 88' lang='lat' dir='ltr'><strong>se</strong></span> <span class='ocrx_word' id='word_1_95' title='bbox 711 1429 1027 1500; x_wconf 78' lang='lat' dir='ltr'><strong>loquendum</strong></span> <span class='ocrx_word' id='word_1_96' title='bbox 1057 1441 1208 1490; x_wconf 82' lang='lat' dir='ltr'><strong>esse;</strong></span> <span class='ocrx_word' id='word_1_97' title='bbox 1245 1436 1350 1480; x_wconf 92' lang='lat' dir='ltr'><strong>tum</strong></span> <span class='ocrx_word' id='word_1_98' title='bbox 1379 1441 1442 1478; x_wconf 90' lang='lat' dir='ltr'><strong>eo</strong></span> <span class='ocrx_word' id='word_1_99' title='bbox 1469 1425 1606 1493; x_wconf 86' lang='lat' dir='ltr'><strong>quod</strong></span> <span class='ocrx_word' id='word_1_100' title='bbox 1641 1424 1750 1490; x_wconf 85' lang='lat' dir='ltr'><strong>ipse</strong></span> <span class='ocrx_word' id='word_1_101' title='bbox 1781 1431 2052 1491; x_wconf 87' lang='lat' dir='ltr'><strong>putaretur</strong></span> <span class='ocrx_word' id='word_1_102' title='bbox 2082 1421 2186 1473; x_wconf 88' lang='lat' dir='ltr'><strong>Deo</strong></span> 
     </span>
    </p>
   </div>
   <div class='ocr_carea' id='block_1_14' title="bbox 621 1511 2188 1584">
    <p class='ocr_par' dir='ltr' id='par_1_14' title="bbox 621 1511 2188 1584">
     <span class='ocr_line' id='line_1_14' title="bbox 621 1511 2188 1584; baseline -0.006 -12"><span class='ocrx_word' id='word_1_103' title='bbox 621 1519 958 1573; x_wconf 82' lang='lat' dir='ltr'><strong>adversarius</strong></span> <span class='ocrx_word' id='word_1_104' title='bbox 987 1531 1138 1581; x_wconf 90' lang='lat' dir='ltr'><strong>esse,</strong></span> <span class='ocrx_word' id='word_1_105' title='bbox 1185 1526 1241 1570; x_wconf 90' lang='lat' dir='ltr'><strong>et</strong></span> <span class='ocrx_word' id='word_1_106' title='bbox 1266 1514 1406 1584; x_wconf 92' lang='lat' dir='ltr'><strong>quod</strong></span> <span class='ocrx_word' id='word_1_107' title='bbox 1438 1528 1539 1566; x_wconf 90' lang='lat' dir='ltr'><strong>non</strong></span> <span class='ocrx_word' id='word_1_108' title='bbox 1569 1511 1875 1566; x_wconf 86' lang='lat' dir='ltr'><strong>crederetur</strong></span> <span class='ocrx_word' id='word_1_109' title='bbox 1902 1526 1929 1563; x_wconf 90' lang='lat' dir='ltr'><strong>a</strong></span> <span class='ocrx_word' id='word_1_110' title='bbox 1962 1511 2069 1565; x_wconf 90' lang='lat' dir='ltr'><strong>Deo</strong></span> <span class='ocrx_word' id='word_1_111' title='bbox 2101 1525 2188 1563; x_wconf 79' lang='lat' dir='ltr'><strong>ve-</strong></span> 
     </span>
    </p>
   </div>
   <div class='ocr_carea' id='block_1_15' title="bbox 626 1601 2184 1678">
    <p class='ocr_par' dir='ltr' id='par_1_15' title="bbox 626 1601 2184 1678">
     <span class='ocr_line' id='line_1_15' title="bbox 626 1601 2184 1678; baseline -0.006 -15"><span class='ocrx_word' id='word_1_112' title='bbox 626 1613 736 1663; x_wconf 80' lang='lat' dir='ltr'><strong>nire</strong></span> <span class='ocrx_word' id='word_1_113' title='bbox 758 1651 775 1675; x_wconf 89' lang='lat'><strong>,</strong></span> <span class='ocrx_word' id='word_1_114' title='bbox 823 1608 1068 1678; x_wconf 78' lang='lat' dir='ltr'><strong>quodque</strong></span> <span class='ocrx_word' id='word_1_115' title='bbox 1098 1606 1492 1674; x_wconf 81' lang='lat' dir='ltr'><strong>suspicarentur</strong></span> <span class='ocrx_word' id='word_1_116' title='bbox 1528 1604 1698 1671; x_wconf 91' lang='lat' dir='ltr'><strong>ipsum</strong></span> <span class='ocrx_word' id='word_1_117' title='bbox 1727 1603 1936 1656; x_wconf 66' lang='lat' dir='ltr'><strong>soli-ere</strong></span> <span class='ocrx_word' id='word_1_118' title='bbox 1977 1601 2146 1669; x_wconf 82' lang='lat' dir='ltr'><strong>legem</strong></span> <span class='ocrx_word' id='word_1_119' title='bbox 2170 1642 2184 1665; x_wconf 90' lang='lat'><strong>,</strong></span> 
     </span>
    </p>
   </div>
   <div class='ocr_carea' id='block_1_16' title="bbox 622 1690 2186 1770">
    <p class='ocr_par' dir='ltr' id='par_1_16' title="bbox 622 1690 2186 1770">
     <span class='ocr_line' id='line_1_16' title="bbox 622 1690 2186 1770; baseline -0.005 -18"><span class='ocrx_word' id='word_1_120' title='bbox 622 1701 762 1770; x_wconf 86' lang='lat' dir='ltr'><strong>quod</strong></span> <span class='ocrx_word' id='word_1_121' title='bbox 792 1699 1060 1754; x_wconf 84' lang='lat' dir='ltr'><strong>auditores</strong></span> <span class='ocrx_word' id='word_1_122' title='bbox 1087 1698 1184 1765; x_wconf 90' lang='lat' dir='ltr'><strong>ipsi</strong></span> <span class='ocrx_word' id='word_1_123' title='bbox 1215 1696 1505 1749; x_wconf 81' lang='lat' dir='ltr'><strong>inviderent</strong></span> <span class='ocrx_word' id='word_1_124' title='bbox 1527 1734 1541 1758; x_wconf 93' lang='lat'><strong>,</strong></span> <span class='ocrx_word' id='word_1_125' title='bbox 1574 1695 1849 1762; x_wconf 88' lang='lat' dir='ltr'><strong>ipsumque</strong></span> <span class='ocrx_word' id='word_1_126' title='bbox 1872 1693 1993 1744; x_wconf 89' lang='lat' dir='ltr'><strong>odio</strong></span> <span class='ocrx_word' id='word_1_127' title='bbox 2019 1690 2186 1744; x_wconf 87' lang='lat' dir='ltr'><strong>habe-</strong></span> 
     </span>
    </p>
   </div>
   <div class='ocr_carea' id='block_1_17' title="bbox 623 1782 2187 1860">
    <p class='ocr_par' dir='ltr' id='par_1_17' title="bbox 623 1782 2187 1860">
     <span class='ocr_line' id='line_1_17' title="bbox 623 1782 2187 1860; baseline -0.008 -12"><span class='ocrx_word' id='word_1_128' title='bbox 623 1803 743 1848; x_wconf 80' lang='lat' dir='ltr'><strong>rent</strong></span> <span class='ocrx_word' id='word_1_129' title='bbox 764 1833 780 1860; x_wconf 90' lang='lat'><strong>,</strong></span> <span class='ocrx_word' id='word_1_130' title='bbox 809 1793 929 1860; x_wconf 85' lang='lat' dir='ltr'><strong>quia</strong></span> <span class='ocrx_word' id='word_1_131' title='bbox 958 1807 1016 1846; x_wconf 91' lang='lat' dir='ltr'><strong>se</strong></span> <span class='ocrx_word' id='word_1_132' title='bbox 1041 1789 1247 1844; x_wconf 86' lang='lat' dir='ltr'><strong>dicebat</strong></span> <span class='ocrx_word' id='word_1_133' title='bbox 1273 1788 1527 1857; x_wconf 77' lang='lat' dir='ltr'><strong>:cqualem</strong></span> <span class='ocrx_word' id='word_1_134' title='bbox 1562 1788 1666 1838; x_wconf 82' lang='lat' dir='ltr'><strong>Deo</strong></span> <span class='ocrx_word' id='word_1_135' title='bbox 1684 1788 1723 1836; x_wconf 78' lang='grc'><strong>³.</strong></span> <span class='ocrx_word' id='word_1_136' title='bbox 1757 1784 1905 1851; x_wconf 85' lang='lat' dir='ltr'><strong>Quod</strong></span> <span class='ocrx_word' id='word_1_137' title='bbox 1935 1792 2109 1836; x_wconf 87' lang='lat' dir='ltr'><strong>autem</strong></span> <span class='ocrx_word' id='word_1_138' title='bbox 2145 1782 2187 1836; x_wconf 90' lang='lat' dir='ltr'><strong>is</strong></span> 
     </span>
    </p>
   </div>
   <div class='ocr_carea' id='block_1_18' title="bbox 621 1876 2181 1952">
    <p class='ocr_par' dir='ltr' id='par_1_18' title="bbox 621 1876 2181 1952">
     <span class='ocr_line' id='line_1_18' title="bbox 621 1876 2181 1952; baseline -0.006 -16"><span class='ocrx_word' id='word_1_139' title='bbox 621 1885 708 1952; x_wconf 86' lang='lat' dir='ltr'><strong>qui</strong></span> <span class='ocrx_word' id='word_1_140' title='bbox 757 1884 876 1938; x_wconf 87' lang='lat' dir='ltr'><strong>vilis</strong></span> <span class='ocrx_word' id='word_1_141' title='bbox 919 1883 1262 1950; x_wconf 85' lang='lat' dir='ltr'><strong>abjectusque</strong></span> <span class='ocrx_word' id='word_1_142' title='bbox 1295 1888 1375 1933; x_wconf 91' lang='lat' dir='ltr'><strong>est</strong></span> <span class='ocrx_word' id='word_1_143' title='bbox 1396 1919 1413 1944; x_wconf 92' lang='lat'><strong>,</strong></span> <span class='ocrx_word' id='word_1_144' title='bbox 1458 1876 1703 1931; x_wconf 82' lang='lat' dir='ltr'><strong>sublimia</strong></span> <span class='ocrx_word' id='word_1_145' title='bbox 1734 1876 1800 1930; x_wconf 90' lang='lat' dir='ltr'><strong>de</strong></span> <span class='ocrx_word' id='word_1_146' title='bbox 1831 1889 1890 1929; x_wconf 89' lang='lat' dir='ltr'><strong>se</strong></span> <span class='ocrx_word' id='word_1_147' title='bbox 1920 1876 2181 1942; x_wconf 81' lang='lat' dir='ltr'><strong>loquatur,</strong></span> 
     </span>
    </p>
   </div>
   <div class='ocr_carea' id='block_1_19' title="bbox 622 1964 2179 2042">
    <p class='ocr_par' dir='ltr' id='par_1_19' title="bbox 622 1964 2179 2042">
     <span class='ocr_line' id='line_1_19' title="bbox 622 1964 2179 2042; baseline -0.008 -16"><span class='ocrx_word' id='word_1_148' title='bbox 622 1975 763 2028; x_wconf 89' lang='lat' dir='ltr'><strong>nulla</strong></span> <span class='ocrx_word' id='word_1_149' title='bbox 809 1982 981 2042; x_wconf 88' lang='lat' dir='ltr'><strong>potest</strong></span> <span class='ocrx_word' id='word_1_150' title='bbox 1019 1986 1137 2026; x_wconf 90' lang='lat' dir='ltr'><strong>esse</strong></span> <span class='ocrx_word' id='word_1_151' title='bbox 1181 1977 1531 2024; x_wconf 86' lang='lat' dir='ltr'><strong>consentanea</strong></span> <span class='ocrx_word' id='word_1_152' title='bbox 1562 1980 1717 2020; x_wconf 86' lang='lat' dir='ltr'><strong>causa</strong></span> <span class='ocrx_word' id='word_1_153' title='bbox 1741 2005 1756 2028; x_wconf 86' lang='lat'><strong>,</strong></span> <span class='ocrx_word' id='word_1_154' title='bbox 1804 1965 1895 2018; x_wconf 89' lang='lat' dir='ltr'><strong>sed</strong></span> <span class='ocrx_word' id='word_1_155' title='bbox 1930 1964 1978 2016; x_wconf 90' lang='lat' dir='ltr'><strong>id</strong></span> <span class='ocrx_word' id='word_1_156' title='bbox 2009 1964 2179 2016; x_wconf 87' lang='lat' dir='ltr'><strong>solum</strong></span> 
     </span>
    </p>
   </div>
   <div class='ocr_carea' id='block_1_20' title="bbox 620 2054 2185 2133">
    <p class='ocr_par' dir='ltr' id='par_1_20' title="bbox 620 2054 2185 2133">
     <span class='ocr_line' id='line_1_20' title="bbox 620 2054 2185 2133; baseline -0.007 -16"><span class='ocrx_word' id='word_1_157' title='bbox 620 2065 932 2133; x_wconf 76' lang='lat' dir='ltr'><strong>arrogantizc</strong></span> <span class='ocrx_word' id='word_1_158' title='bbox 970 2073 1023 2115; x_wconf 91' lang='lat' dir='ltr'><strong>et</strong></span> <span class='ocrx_word' id='word_1_159' title='bbox 1059 2059 1397 2128; x_wconf 70' lang='lat' dir='ltr'><strong>impudenthc</strong></span> <span class='ocrx_word' id='word_1_160' title='bbox 1441 2057 1800 2118; x_wconf 79' lang='lat' dir='ltr'><strong>adscribatur,</strong></span> <span class='ocrx_word' id='word_1_161' title='bbox 1847 2054 2185 2120; x_wconf 67' lang='lat' dir='ltr'><strong>audaciaeque</strong></span> 
     </span>
    </p>
   </div>
   <div class='ocr_carea' id='block_1_21' title="bbox 622 2147 2185 2221">
    <p class='ocr_par' dir='ltr' id='par_1_21' title="bbox 622 2147 2185 2221">
     <span class='ocr_line' id='line_1_21' title="bbox 622 2147 2185 2221; baseline -0.007 -12"><span class='ocrx_word' id='word_1_162' title='bbox 622 2156 760 2209; x_wconf 88' lang='lat' dir='ltr'><strong>nulla</strong></span> <span class='ocrx_word' id='word_1_163' title='bbox 781 2156 926 2207; x_wconf 84' lang='lat' dir='ltr'><strong>venia</strong></span> <span class='ocrx_word' id='word_1_164' title='bbox 947 2152 1256 2221; x_wconf 73' lang='lat' dir='ltr'><strong>tligme.Cur</strong></span> <span class='ocrx_word' id='word_1_165' title='bbox 1275 2167 1400 2219; x_wconf 88' lang='lat' dir='ltr'><strong>ergo</strong></span> <span class='ocrx_word' id='word_1_166' title='bbox 1424 2149 1637 2203; x_wconf 72' lang='lat' dir='ltr'><strong>humilia</strong></span> <span class='ocrx_word' id='word_1_167' title='bbox 1665 2149 1915 2217; x_wconf 91' lang='lat' dir='ltr'><strong>loquitur,</strong></span> <span class='ocrx_word' id='word_1_168' title='bbox 1941 2149 2024 2215; x_wconf 90' lang='lat' dir='ltr'><strong>qui</strong></span> <span class='ocrx_word' id='word_1_169' title='bbox 2056 2147 2185 2200; x_wconf 79' lang='lat' dir='ltr'><strong>incf-</strong></span> 
     </span>
    </p>
   </div>
   <div class='ocr_carea' id='block_1_22' title="bbox 621 2239 2184 2310">
    <p class='ocr_par' dir='ltr' id='par_1_22' title="bbox 621 2239 2184 2310">
     <span class='ocr_line' id='line_1_22' title="bbox 621 2239 2184 2310; baseline -0.004 -14"><span class='ocrx_word' id='word_1_170' title='bbox 621 2245 792 2297; x_wconf 80' lang='lat' dir='ltr'><strong>fubilis</strong></span> <span class='ocrx_word' id='word_1_171' title='bbox 828 2244 962 2296; x_wconf 76' lang='lat' dir='ltr'><strong>illius</strong></span> <span class='ocrx_word' id='word_1_172' title='bbox 989 2253 1042 2296; x_wconf 89' lang='lat' dir='ltr'><strong>ct</strong></span> <span class='ocrx_word' id='word_1_173' title='bbox 1073 2257 1273 2310; x_wconf 73' lang='lat' dir='ltr'><strong>magna:</strong></span> <span class='ocrx_word' id='word_1_174' title='bbox 1300 2241 1604 2292; x_wconf 70' lang='lat' dir='ltr'><strong>substantim</strong></span> <span class='ocrx_word' id='word_1_175' title='bbox 1631 2249 1710 2292; x_wconf 87' lang='lat' dir='ltr'><strong>est</strong></span> <span class='ocrx_word' id='word_1_176' title='bbox 1738 2239 1759 2289; x_wconf 69' lang='grc' dir='ltr'><strong>’ἶ</strong></span> <span class='ocrx_word' id='word_1_177' title='bbox 1791 2239 1921 2290; x_wconf 83' lang='lat' dir='ltr'><strong>Tum</strong></span> <span class='ocrx_word' id='word_1_178' title='bbox 1956 2240 2018 2290; x_wconf 88' lang='lat' dir='ltr'><strong>iis</strong></span> <span class='ocrx_word' id='word_1_179' title='bbox 2054 2252 2184 2306; x_wconf 63' lang='lat' dir='ltr'><strong>qua;</strong></span> 
     </span>
    </p>
   </div>
   <div class='ocr_carea' id='block_1_23' title="bbox 620 2327 2183 2398">
    <p class='ocr_par' dir='ltr' id='par_1_23' title="bbox 620 2327 2183 2398">
     <span class='ocr_line' id='line_1_23' title="bbox 620 2327 2183 2398; baseline -0.004 -14"><span class='ocrx_word' id='word_1_180' title='bbox 620 2335 847 2386; x_wconf 74' lang='lat' dir='ltr'><strong>diximus</strong></span> <span class='ocrx_word' id='word_1_181' title='bbox 874 2331 938 2383; x_wconf 88' lang='lat' dir='ltr'><strong>de</strong></span> <span class='ocrx_word' id='word_1_182' title='bbox 968 2332 1142 2384; x_wconf 84' lang='lat' dir='ltr'><strong>causis</strong></span> <span class='ocrx_word' id='word_1_183' title='bbox 1165 2369 1181 2395; x_wconf 94' lang='lat'><strong>,</strong></span> <span class='ocrx_word' id='word_1_184' title='bbox 1211 2341 1316 2382; x_wconf 90' lang='lat' dir='ltr'><strong>tum</strong></span> <span class='ocrx_word' id='word_1_185' title='bbox 1350 2344 1412 2381; x_wconf 87' lang='lat' dir='ltr'><strong>ne</strong></span> <span class='ocrx_word' id='word_1_186' title='bbox 1455 2340 1723 2398; x_wconf 78' lang='lat' dir='ltr'><strong>putaretur</strong></span> <span class='ocrx_word' id='word_1_187' title='bbox 1753 2327 2016 2395; x_wconf 79' lang='lat' dir='ltr'><strong>ingenitus</strong></span> <span class='ocrx_word' id='word_1_188' title='bbox 2044 2342 2183 2379; x_wconf 79' lang='lat' dir='ltr'><strong>esse.</strong></span> 
     </span>
    </p>
   </div>
   <div class='ocr_carea' id='block_1_24' title="bbox 618 2416 2184 2486">
    <p class='ocr_par' dir='ltr' id='par_1_24' title="bbox 618 2416 2184 2486">
     <span class='ocr_line' id='line_1_24' title="bbox 618 2416 2184 2486; baseline -0.005 -12"><span class='ocrx_word' id='word_1_189' title='bbox 618 2421 748 2474; x_wconf 83' lang='lat' dir='ltr'><strong>Nam</strong></span> <span class='ocrx_word' id='word_1_190' title='bbox 791 2431 844 2474; x_wconf 90' lang='lat' dir='ltr'><strong>et</strong></span> <span class='ocrx_word' id='word_1_191' title='bbox 883 2419 1073 2472; x_wconf 78' lang='lat' dir='ltr'><strong>Paulus</strong></span> <span class='ocrx_word' id='word_1_192' title='bbox 1104 2421 1203 2472; x_wconf 90' lang='lat' dir='ltr'><strong>tale</strong></span> <span class='ocrx_word' id='word_1_193' title='bbox 1232 2419 1497 2486; x_wconf 83' lang='lat' dir='ltr'><strong>quidpiam</strong></span> <span class='ocrx_word' id='word_1_194' title='bbox 1539 2417 1775 2470; x_wconf 85' lang='lat' dir='ltr'><strong>timuisse</strong></span> <span class='ocrx_word' id='word_1_195' title='bbox 1805 2417 2030 2469; x_wconf 88' lang='lat' dir='ltr'><strong>videtur.</strong></span> <span class='ocrx_word' id='word_1_196' title='bbox 2065 2416 2184 2467; x_wconf 78' lang='lat' dir='ltr'><strong>Ideo</strong></span> 
     </span>
    </p>
   </div>
   <div class='ocr_carea' id='block_1_25' title="bbox 619 2504 2181 2575">
    <p class='ocr_par' dir='ltr' id='par_1_25' title="bbox 619 2504 2181 2575">
     <span class='ocr_line' id='line_1_25' title="bbox 619 2504 2181 2575; baseline -0.004 -14"><span class='ocrx_word' id='word_1_197' title='bbox 619 2512 721 2562; x_wconf 86' lang='lat' dir='ltr'><strong>ait:</strong></span> <span class='ocrx_word' id='word_1_198' title='bbox 752 2509 938 2562; x_wconf 70' lang='lat' dir='ltr'><strong>Prwter</strong></span> <span class='ocrx_word' id='word_1_199' title='bbox 960 2523 1068 2560; x_wconf 89' lang='lat' dir='ltr'><strong>eum</strong></span> <span class='ocrx_word' id='word_1_200' title='bbox 1086 2509 1172 2575; x_wconf 84' lang='lat' dir='ltr'><strong>qui</strong></span> <span class='ocrx_word' id='word_1_201' title='bbox 1189 2507 1264 2559; x_wconf 87' lang='lat' dir='ltr'><strong>illi</strong></span> <span class='ocrx_word' id='word_1_202' title='bbox 1288 2515 1463 2558; x_wconf 86' lang='lat' dir='ltr'><strong>cuncta</strong></span> <span class='ocrx_word' id='word_1_203' title='bbox 1485 2507 1688 2571; x_wconf 80' lang='lat' dir='ltr'><strong>subjecit</strong></span> <span class='ocrx_word' id='word_1_204' title='bbox 1714 2507 1789 2572; x_wconf 89' lang='grc' dir='ltr'><strong>(Ι.</strong></span> <span class='ocrx_word' id='word_1_205' title='bbox 1817 2505 1931 2557; x_wconf 84' lang='lat' dir='ltr'><strong>Cor.</strong></span> <span class='ocrx_word' id='word_1_206' title='bbox 1957 2506 2043 2557; x_wconf 78' lang='grc'><strong>15.</strong></span> <span class='ocrx_word' id='word_1_207' title='bbox 2069 2504 2181 2574; x_wconf 73' lang='lat'><strong>9.7).</strong></span> 
     </span>
    </p>
   </div>
   <div class='ocr_carea' id='block_1_26' title="bbox 621 2599 1739 2666">
    <p class='ocr_par' dir='ltr' id='par_1_26' title="bbox 621 2599 1739 2666">
     <span class='ocr_line' id='line_1_26' title="bbox 621 2599 1739 2666; baseline -0.009 -11"><span class='ocrx_word' id='word_1_208' title='bbox 621 2603 730 2656; x_wconf 87' lang='lat' dir='ltr'><strong>lloc</strong></span> <span class='ocrx_word' id='word_1_209' title='bbox 758 2603 897 2653; x_wconf 83' lang='lat' dir='ltr'><strong>enim</strong></span> <span class='ocrx_word' id='word_1_210' title='bbox 924 2599 1007 2654; x_wconf 85' lang='lat' dir='ltr'><strong>vel</strong></span> <span class='ocrx_word' id='word_1_211' title='bbox 1045 2599 1274 2666; x_wconf 87' lang='lat' dir='ltr'><strong>cogitare</strong></span> <span class='ocrx_word' id='word_1_212' title='bbox 1315 2599 1531 2665; x_wconf 90' lang='lat' dir='ltr'><strong>impium</strong></span> <span class='ocrx_word' id='word_1_213' title='bbox 1579 2604 1739 2650; x_wconf 90' lang='lat' dir='ltr'><strong>esset.</strong></span> 
     </span>
    </p>
   </div>
   <div class='ocr_carea' id='block_1_27' title="bbox 691 2685 2180 2758">
    <p class='ocr_par' dir='ltr' id='par_1_27' title="bbox 691 2685 2180 2758">
     <span class='ocr_line' id='line_1_27' title="bbox 691 2685 2180 2758; baseline -0.003 -16"><span class='ocrx_word' id='word_1_214' title='bbox 691 2690 912 2743; x_wconf 84' lang='lat' dir='ltr'><strong>Christus</strong></span> <span class='ocrx_word' id='word_1_215' title='bbox 940 2687 1159 2758; x_wconf 85' lang='lat' dir='ltr'><strong>ejusdem</strong></span> <span class='ocrx_word' id='word_1_216' title='bbox 1185 2687 1470 2741; x_wconf 77' lang='lat' dir='ltr'><strong>substantia:</strong></span> <span class='ocrx_word' id='word_1_217' title='bbox 1491 2695 1560 2740; x_wconf 87' lang='lat' dir='ltr'><strong>est</strong></span> <span class='ocrx_word' id='word_1_218' title='bbox 1589 2703 1646 2738; x_wconf 89' lang='lat' dir='ltr'><strong>ac</strong></span> <span class='ocrx_word' id='word_1_219' title='bbox 1670 2685 1840 2738; x_wconf 85' lang='lat' dir='ltr'><strong>Pater.</strong></span> <span class='ocrx_word' id='word_1_220' title='bbox 1866 2717 1932 2725; x_wconf 93' lang='lat'><strong>—-</strong></span> <span class='ocrx_word' id='word_1_221' title='bbox 1952 2685 2006 2740; x_wconf 89' lang='lat' dir='ltr'><strong>Si</strong></span> <span class='ocrx_word' id='word_1_222' title='bbox 2038 2685 2180 2739; x_wconf 89' lang='lat' dir='ltr'><strong>enim</strong></span> 
     </span>
    </p>
   </div>
   <div class='ocr_carea' id='block_1_28' title="bbox 623 2774 2182 2838">
    <p class='ocr_par' dir='ltr' id='par_1_28' title="bbox 623 2774 2182 2838">
     <span class='ocr_line' id='line_1_28' title="bbox 623 2774 2182 2838; baseline -0.003 -6"><span class='ocrx_word' id='word_1_223' title='bbox 623 2782 796 2834; x_wconf 85' lang='lat' dir='ltr'><strong>minor</strong></span> <span class='ocrx_word' id='word_1_224' title='bbox 825 2780 979 2833; x_wconf 86' lang='lat' dir='ltr'><strong>Patre</strong></span> <span class='ocrx_word' id='word_1_225' title='bbox 1007 2787 1056 2831; x_wconf 90' lang='lat' dir='ltr'><strong>et</strong></span> <span class='ocrx_word' id='word_1_226' title='bbox 1092 2793 1154 2831; x_wconf 86' lang='lat' dir='ltr'><strong>ex</strong></span> <span class='ocrx_word' id='word_1_227' title='bbox 1182 2777 1280 2830; x_wconf 81' lang='lat' dir='ltr'><strong>alia</strong></span> <span class='ocrx_word' id='word_1_228' title='bbox 1307 2776 1596 2829; x_wconf 84' lang='lat' dir='ltr'><strong>substantia</strong></span> <span class='ocrx_word' id='word_1_229' title='bbox 1629 2774 1830 2838; x_wconf 78' lang='lat' dir='ltr'><strong>fuisset,</strong></span> <span class='ocrx_word' id='word_1_230' title='bbox 1861 2791 2036 2829; x_wconf 86' lang='lat' dir='ltr'><strong>annon</strong></span> <span class='ocrx_word' id='word_1_231' title='bbox 2066 2793 2182 2829; x_wconf 89' lang='lat' dir='ltr'><strong>ont-</strong></span> 
     </span>
    </p>
   </div>
   <div class='ocr_carea' id='block_1_29' title="bbox 621 2868 2182 2937">
    <p class='ocr_par' dir='ltr' id='par_1_29' title="bbox 621 2868 2182 2937">
     <span class='ocr_line' id='line_1_29' title="bbox 621 2868 2182 2937; baseline -0.004 -10"><span class='ocrx_word' id='word_1_232' title='bbox 621 2875 703 2927; x_wconf 86' lang='lat' dir='ltr'><strong>nia</strong></span> <span class='ocrx_word' id='word_1_233' title='bbox 734 2872 961 2933; x_wconf 80' lang='lat' dir='ltr'><strong>fecisset,</strong></span> <span class='ocrx_word' id='word_1_234' title='bbox 996 2884 1061 2924; x_wconf 89' lang='lat' dir='ltr'><strong>ne</strong></span> <span class='ocrx_word' id='word_1_235' title='bbox 1089 2870 1208 2924; x_wconf 89' lang='lat' dir='ltr'><strong>talis</strong></span> <span class='ocrx_word' id='word_1_236' title='bbox 1241 2878 1508 2937; x_wconf 90' lang='lat' dir='ltr'><strong>putaretur</strong></span> <span class='ocrx_word' id='word_1_237' title='bbox 1533 2868 1690 2922; x_wconf 65' lang='lat' dir='ltr'><strong>esse?</strong></span> <span class='ocrx_word' id='word_1_238' title='bbox 1719 2868 1864 2920; x_wconf 83' lang='lat' dir='ltr'><strong>Nunc</strong></span> <span class='ocrx_word' id='word_1_239' title='bbox 1896 2882 2020 2921; x_wconf 84' lang='lat' dir='ltr'><strong>vero</strong></span> <span class='ocrx_word' id='word_1_240' title='bbox 2057 2883 2182 2921; x_wconf 87' lang='lat' dir='ltr'><strong>con-</strong></span> 
     </span>
    </p>
   </div>
   <div class='ocr_carea' id='block_1_30' title="bbox 623 2957 2185 3026">
    <p class='ocr_par' dir='ltr' id='par_1_30' title="bbox 623 2957 2185 3026">
     <span class='ocr_line' id='line_1_30' title="bbox 623 2957 2185 3026; baseline -0.003 -11"><span class='ocrx_word' id='word_1_241' title='bbox 623 2963 836 3016; x_wconf 86' lang='lat' dir='ltr'><strong>trarium</strong></span> <span class='ocrx_word' id='word_1_242' title='bbox 869 2960 1030 3015; x_wconf 79' lang='lat' dir='ltr'><strong>efﬁcit</strong></span> <span class='ocrx_word' id='word_1_243' title='bbox 1059 2959 1240 3013; x_wconf 88' lang='lat' dir='ltr'><strong>dicens</strong></span> <span class='ocrx_word' id='word_1_244' title='bbox 1274 2979 1287 3013; x_wconf 91' lang='lat'><strong>:</strong></span> <span class='ocrx_word' id='word_1_245' title='bbox 1338 2957 1398 3011; x_wconf 88' lang='lat' dir='ltr'><strong>Si</strong></span> <span class='ocrx_word' id='word_1_246' title='bbox 1437 2974 1535 3009; x_wconf 86' lang='lat' dir='ltr'><strong>non</strong></span> <span class='ocrx_word' id='word_1_247' title='bbox 1578 2959 1710 3026; x_wconf 83' lang='lat' dir='ltr'><strong>facio</strong></span> <span class='ocrx_word' id='word_1_248' title='bbox 1756 2973 1906 3024; x_wconf 82' lang='lat' dir='ltr'><strong>opera</strong></span> <span class='ocrx_word' id='word_1_249' title='bbox 1958 2959 2064 3026; x_wconf 86' lang='lat' dir='ltr'><strong>ejus</strong></span> <span class='ocrx_word' id='word_1_250' title='bbox 2100 2957 2185 3026; x_wconf 82' lang='lat' dir='ltr'><strong>qui</strong></span> 
     </span>
    </p>
   </div>
   <div class='ocr_carea' id='block_1_31' title="bbox 622 3045 2178 3117">
    <p class='ocr_par' dir='ltr' id='par_1_31' title="bbox 622 3045 2178 3117">
     <span class='ocr_line' id='line_1_31' title="bbox 622 3045 2178 3117; baseline -0.003 -12"><span class='ocrx_word' id='word_1_251' title='bbox 622 3053 754 3105; x_wconf 81' lang='lat' dir='ltr'><strong>misit</strong></span> <span class='ocrx_word' id='word_1_252' title='bbox 785 3069 889 3117; x_wconf 87' lang='lat' dir='ltr'><strong>me,</strong></span> <span class='ocrx_word' id='word_1_253' title='bbox 936 3051 1086 3103; x_wconf 80' lang='lat' dir='ltr'><strong>nolite</strong></span> <span class='ocrx_word' id='word_1_254' title='bbox 1116 3049 1234 3102; x_wconf 82' lang='lat' dir='ltr'><strong>mihi</strong></span> <span class='ocrx_word' id='word_1_255' title='bbox 1268 3048 1468 3101; x_wconf 86' lang='lat' dir='ltr'><strong>credere</strong></span> <span class='ocrx_word' id='word_1_256' title='bbox 1497 3045 1672 3114; x_wconf 82' lang='lat' dir='ltr'><strong>(Joan.</strong></span> <span class='ocrx_word' id='word_1_257' title='bbox 1703 3046 1786 3100; x_wconf 83' lang='lat' dir='ltr'><strong>l0.</strong></span> <span class='ocrx_word' id='word_1_258' title='bbox 1825 3049 1936 3117; x_wconf 83' lang='grc'><strong>57).</strong></span> <span class='ocrx_word' id='word_1_259' title='bbox 1969 3049 2032 3101; x_wconf 82' lang='lat' dir='ltr'><strong>Et</strong></span> <span class='ocrx_word' id='word_1_260' title='bbox 2059 3064 2178 3100; x_wconf 89' lang='lat' dir='ltr'><strong>cum</strong></span> 
     </span>
    </p>
   </div>
   <div class='ocr_carea' id='block_1_32' title="bbox 624 3137 2180 3209">
    <p class='ocr_par' dir='ltr' id='par_1_32' title="bbox 624 3137 2180 3209">
     <span class='ocr_line' id='line_1_32' title="bbox 624 3137 2180 3209; baseline -0.001 -13"><span class='ocrx_word' id='word_1_261' title='bbox 624 3145 771 3206; x_wconf 83' lang='lat' dir='ltr'><strong>dicit,</strong></span> <span class='ocrx_word' id='word_1_262' title='bbox 819 3141 926 3209; x_wconf 82' lang='lat' dir='ltr'><strong>Ego</strong></span> <span class='ocrx_word' id='word_1_263' title='bbox 971 3143 1021 3200; x_wconf 81' lang='lat' dir='ltr'><strong>in</strong></span> <span class='ocrx_word' id='word_1_264' title='bbox 1052 3139 1224 3202; x_wconf 84' lang='lat' dir='ltr'><strong>Patre,</strong></span> <span class='ocrx_word' id='word_1_265' title='bbox 1253 3149 1296 3192; x_wconf 87' lang='lat' dir='ltr'><strong>et</strong></span> <span class='ocrx_word' id='word_1_266' title='bbox 1323 3137 1479 3191; x_wconf 88' lang='lat' dir='ltr'><strong>Pater</strong></span> <span class='ocrx_word' id='word_1_267' title='bbox 1507 3139 1557 3191; x_wconf 87' lang='lat' dir='ltr'><strong>in</strong></span> <span class='ocrx_word' id='word_1_268' title='bbox 1598 3155 1674 3191; x_wconf 88' lang='lat' dir='ltr'><strong>me</strong></span> <span class='ocrx_word' id='word_1_269' title='bbox 1707 3151 1800 3205; x_wconf 89' lang='lat' dir='ltr'><strong>est,</strong></span> <span class='ocrx_word' id='word_1_270' title='bbox 1832 3141 2180 3208; x_wconf 68' lang='lat' dir='ltr'><strong>arqualitalem</strong></span> 
     </span>
    </p>
   </div>
   <div class='ocr_carea' id='block_1_33' title="bbox 623 3227 2183 3296">
    <p class='ocr_par' dir='ltr' id='par_1_33' title="bbox 623 3227 2183 3296">
     <span class='ocr_line' id='line_1_33' title="bbox 623 3227 2183 3296; baseline -0.001 -11"><span class='ocrx_word' id='word_1_271' title='bbox 623 3233 774 3286; x_wconf 81' lang='lat' dir='ltr'><strong>nobis</strong></span> <span class='ocrx_word' id='word_1_272' title='bbox 809 3230 1121 3286; x_wconf 85' lang='lat' dir='ltr'><strong>subindicat.</strong></span> <span class='ocrx_word' id='word_1_273' title='bbox 1165 3227 1496 3296; x_wconf 88' lang='lat' dir='ltr'><strong>Oportuisset</strong></span> <span class='ocrx_word' id='word_1_274' title='bbox 1525 3229 1666 3282; x_wconf 91' lang='lat' dir='ltr'><strong>enim</strong></span> <span class='ocrx_word' id='word_1_275' title='bbox 1702 3244 1820 3281; x_wconf 90' lang='lat' dir='ltr'><strong>cum</strong></span> <span class='ocrx_word' id='word_1_276' title='bbox 1851 3229 2183 3284; x_wconf 80' lang='lat' dir='ltr'><strong>vehementia</strong></span> 
     </span>
    </p>
   </div>
   <div class='ocr_carea' id='block_1_34' title="bbox 619 3309 2180 3387">
    <p class='ocr_par' dir='ltr' id='par_1_34' title="bbox 619 3309 2180 3387">
     <span class='ocr_line' id='line_1_34' title="bbox 619 3309 2180 3387; baseline 0 -14"><span class='ocrx_word' id='word_1_277' title='bbox 619 3322 760 3374; x_wconf 89' lang='lat' dir='ltr'><strong>illam</strong></span> <span class='ocrx_word' id='word_1_278' title='bbox 801 3321 1098 3387; x_wconf 86' lang='lat' dir='ltr'><strong>opinionem</strong></span> <span class='ocrx_word' id='word_1_279' title='bbox 1126 3327 1363 3372; x_wconf 83' lang='lat' dir='ltr'><strong>avertere</strong></span> <span class='ocrx_word' id='word_1_280' title='bbox 1386 3309 1477 3384; x_wconf 47' lang='lat' dir='ltr'><strong>,&#39;si</strong></span> <span class='ocrx_word' id='word_1_281' title='bbox 1521 3318 1691 3371; x_wconf 91' lang='lat' dir='ltr'><strong>minor</strong></span> <span class='ocrx_word' id='word_1_282' title='bbox 1720 3318 1935 3383; x_wconf 85' lang='lat' dir='ltr'><strong>fuisset,</strong></span> <span class='ocrx_word' id='word_1_283' title='bbox 1969 3328 2022 3373; x_wconf 91' lang='lat' dir='ltr'><strong>et</strong></span> <span class='ocrx_word' id='word_1_284' title='bbox 2058 3334 2180 3374; x_wconf 83' lang='lat' dir='ltr'><strong>nus-</strong></span> 
     </span>
    </p>
   </div>
   <div class='ocr_carea' id='block_1_35' title="bbox 619 3408 2176 3477">
    <p class='ocr_par' dir='ltr' id='par_1_35' title="bbox 619 3408 2176 3477">
     <span class='ocr_line' id='line_1_35' title="bbox 619 3408 2176 3477; baseline 0.002 -13"><span class='ocrx_word' id='word_1_285' title='bbox 619 3426 776 3477; x_wconf 88' lang='lat' dir='ltr'><strong>quam</strong></span> <span class='ocrx_word' id='word_1_286' title='bbox 821 3409 1000 3464; x_wconf 87' lang='lat' dir='ltr'><strong>dicere</strong></span> <span class='ocrx_word' id='word_1_287' title='bbox 1032 3426 1046 3462; x_wconf 87' lang='lat'><strong><em>:</em></strong></span> <span class='ocrx_word' id='word_1_288' title='bbox 1077 3408 1185 3477; x_wconf 85' lang='lat' dir='ltr'><strong>Ego</strong></span> <span class='ocrx_word' id='word_1_289' title='bbox 1233 3411 1283 3462; x_wconf 87' lang='lat' dir='ltr'><strong>in</strong></span> <span class='ocrx_word' id='word_1_290' title='bbox 1331 3408 1522 3475; x_wconf 82' lang='lat' dir='ltr'><strong>Patre,</strong></span> <span class='ocrx_word' id='word_1_291' title='bbox 1568 3420 1614 3462; x_wconf 89' lang='lat' dir='ltr'><strong>et</strong></span> <span class='ocrx_word' id='word_1_292' title='bbox 1651 3409 1802 3463; x_wconf 81' lang='lat' dir='ltr'><strong>Pater</strong></span> <span class='ocrx_word' id='word_1_293' title='bbox 1829 3413 1879 3464; x_wconf 89' lang='lat' dir='ltr'><strong>in</strong></span> <span class='ocrx_word' id='word_1_294' title='bbox 1926 3428 2040 3476; x_wconf 88' lang='lat' dir='ltr'><strong>me;</strong></span> <span class='ocrx_word' id='word_1_295' title='bbox 2093 3423 2176 3477; x_wconf 87' lang='lat' dir='ltr'><strong>et,</strong></span> 
     </span>
    </p>
   </div>
   <div class='ocr_carea' id='block_1_36' title="bbox 625 3499 2180 3567">
    <p class='ocr_par' dir='ltr' id='par_1_36' title="bbox 625 3499 2180 3567">
     <span class='ocr_line' id='line_1_36' title="bbox 625 3499 2180 3567; baseline 0.001 -14"><span class='ocrx_word' id='word_1_296' title='bbox 625 3500 790 3554; x_wconf 88' lang='lat' dir='ltr'><strong>Unum</strong></span> <span class='ocrx_word' id='word_1_297' title='bbox 816 3517 986 3553; x_wconf 86' lang='lat' dir='ltr'><strong>sumus</strong></span> <span class='ocrx_word' id='word_1_298' title='bbox 1002 3516 1020 3562; x_wconf 90' lang='grc'><strong><em>;</em></strong></span> <span class='ocrx_word' id='word_1_299' title='bbox 1045 3509 1154 3565; x_wconf 89' lang='lat' dir='ltr'><strong>aut,</strong></span> <span class='ocrx_word' id='word_1_300' title='bbox 1188 3499 1287 3567; x_wconf 85' lang='lat' dir='ltr'><strong>Qui</strong></span> <span class='ocrx_word' id='word_1_301' title='bbox 1305 3500 1431 3553; x_wconf 85' lang='lat' dir='ltr'><strong>videt</strong></span> <span class='ocrx_word' id='word_1_302' title='bbox 1460 3516 1555 3564; x_wconf 89' lang='lat' dir='ltr'><strong>me,</strong></span> <span class='ocrx_word' id='word_1_303' title='bbox 1587 3502 1714 3553; x_wconf 78' lang='lat' dir='ltr'><strong>ridet</strong></span> <span class='ocrx_word' id='word_1_304' title='bbox 1741 3511 1786 3554; x_wconf 89' lang='lat' dir='ltr'><strong>et</strong></span> <span class='ocrx_word' id='word_1_305' title='bbox 1807 3501 2029 3554; x_wconf 87' lang='lat' dir='ltr'><strong>Patrem.</strong></span> <span class='ocrx_word' id='word_1_306' title='bbox 2053 3503 2180 3554; x_wconf 84' lang='lat' dir='ltr'><strong>Nam</strong></span> 
     </span>
    </p>
   </div>
   <div class='ocr_carea' id='block_1_37' title="bbox 619 3590 2184 3659">
    <p class='ocr_par' dir='ltr' id='par_1_37' title="bbox 619 3590 2184 3659">
     <span class='ocr_line' id='line_1_37' title="bbox 619 3590 2184 3659; baseline 0 -14"><span class='ocrx_word' id='word_1_307' title='bbox 619 3606 739 3645; x_wconf 89' lang='lat' dir='ltr'><strong>cum</strong></span> <span class='ocrx_word' id='word_1_308' title='bbox 782 3590 849 3645; x_wconf 91' lang='lat' dir='ltr'><strong>de</strong></span> <span class='ocrx_word' id='word_1_309' title='bbox 886 3590 1078 3643; x_wconf 83' lang='lat' dir='ltr'><strong>virtute</strong></span> <span class='ocrx_word' id='word_1_310' title='bbox 1123 3605 1297 3644; x_wconf 88' lang='lat' dir='ltr'><strong>sermo</strong></span> <span class='ocrx_word' id='word_1_311' title='bbox 1342 3601 1483 3652; x_wconf 86' lang='lat' dir='ltr'><strong>erat,</strong></span> <span class='ocrx_word' id='word_1_312' title='bbox 1533 3590 1760 3655; x_wconf 87' lang='lat' dir='ltr'><strong>dicebat,</strong></span> <span class='ocrx_word' id='word_1_313' title='bbox 1807 3591 1915 3659; x_wconf 88' lang='lat' dir='ltr'><strong>Ego</strong></span> <span class='ocrx_word' id='word_1_314' title='bbox 1946 3603 1990 3645; x_wconf 88' lang='lat' dir='ltr'><strong>et</strong></span> <span class='ocrx_word' id='word_1_315' title='bbox 2032 3592 2184 3646; x_wconf 81' lang='lat' dir='ltr'><strong>Pater</strong></span> 
     </span>
    </p>
   </div>
   <div class='ocr_carea' id='block_1_38' title="bbox 621 3680 2182 3753">
    <p class='ocr_par' dir='ltr' id='par_1_38' title="bbox 621 3680 2182 3753">
     <span class='ocr_line' id='line_1_38' title="bbox 621 3680 2182 3753; baseline 0.006 -22"><span class='ocrx_word' id='word_1_316' title='bbox 621 3697 773 3733; x_wconf 69' lang='lat' dir='ltr'><strong>unum</strong></span> <span class='ocrx_word' id='word_1_317' title='bbox 811 3697 979 3734; x_wconf 82' lang='lat' dir='ltr'><strong>sumus</strong></span> <span class='ocrx_word' id='word_1_318' title='bbox 1016 3680 1172 3752; x_wconf 90' lang='lat' dir='ltr'><strong>(Ibid.</strong></span> <span class='ocrx_word' id='word_1_319' title='bbox 1211 3682 1294 3736; x_wconf 85' lang='lat' dir='ltr'><strong>l0.</strong></span> <span class='ocrx_word' id='word_1_320' title='bbox 1322 3681 1410 3736; x_wconf 78' lang='grc'><strong>58.</strong></span> <span class='ocrx_word' id='word_1_321' title='bbox 1435 3690 1476 3734; x_wconf 88' lang='lat' dir='ltr'><strong>et</strong></span> <span class='ocrx_word' id='word_1_322' title='bbox 1501 3681 1568 3736; x_wconf 77' lang='lat'><strong>50</strong></span> <span class='ocrx_word' id='word_1_323' title='bbox 1591 3682 1646 3751; x_wconf 86' lang='lat'><strong>);</strong></span> <span class='ocrx_word' id='word_1_324' title='bbox 1675 3692 1727 3737; x_wconf 92' lang='lat' dir='ltr'><strong>ct</strong></span> <span class='ocrx_word' id='word_1_325' title='bbox 1752 3698 1870 3736; x_wconf 92' lang='lat' dir='ltr'><strong>cum</strong></span> <span class='ocrx_word' id='word_1_326' title='bbox 1923 3685 1987 3738; x_wconf 88' lang='lat' dir='ltr'><strong>de</strong></span> <span class='ocrx_word' id='word_1_327' title='bbox 2033 3697 2182 3753; x_wconf 73' lang='lat' dir='ltr'><strong>porc-</strong></span> 
     </span>
    </p>
   </div>
   <div class='ocr_carea' id='block_1_39' title="bbox 621 3771 2209 3842">
    <p class='ocr_par' dir='ltr' id='par_1_39' title="bbox 621 3771 2209 3842">
     <span class='ocr_line' id='line_1_39' title="bbox 621 3771 2209 3842; baseline 0.003 -20"><span class='ocrx_word' id='word_1_328' title='bbox 621 3783 776 3833; x_wconf 85' lang='lat' dir='ltr'><strong>state,</strong></span> <span class='ocrx_word' id='word_1_329' title='bbox 801 3771 946 3827; x_wconf 84' lang='lat' dir='ltr'><strong>Sicut</strong></span> <span class='ocrx_word' id='word_1_330' title='bbox 971 3773 1102 3825; x_wconf 85' lang='lat' dir='ltr'><strong>enim</strong></span> <span class='ocrx_word' id='word_1_331' title='bbox 1126 3771 1276 3825; x_wconf 86' lang='lat' dir='ltr'><strong>Pater</strong></span> <span class='ocrx_word' id='word_1_332' title='bbox 1292 3774 1494 3826; x_wconf 73' lang='lat' dir='ltr'><strong>suscitat</strong></span> <span class='ocrx_word' id='word_1_333' title='bbox 1510 3784 1735 3826; x_wconf 83' lang='lat' dir='ltr'><strong>mortuos</strong></span> <span class='ocrx_word' id='word_1_334' title='bbox 1748 3783 1793 3827; x_wconf 90' lang='lat' dir='ltr'><strong>et</strong></span> <span class='ocrx_word' id='word_1_335' title='bbox 1812 3774 2064 3842; x_wconf 68' lang='lat' dir='ltr'><strong>vivi/Scal:</strong></span> <span class='ocrx_word' id='word_1_336' title='bbox 2080 3776 2209 3827; x_wconf 71' lang='grc' dir='ltr'><strong>δίιέἰ</strong></span> 
     </span>
    </p>
   </div>
   <div class='ocr_carea' id='block_1_40' title="bbox 623 3859 2181 3934">
    <p class='ocr_par' dir='ltr' id='par_1_40' title="bbox 623 3859 2181 3934">
     <span class='ocr_line' id='line_1_40' title="bbox 623 3859 2181 3934; baseline 0.006 -23"><span class='ocrx_word' id='word_1_337' title='bbox 623 3859 785 3914; x_wconf 74' lang='lat' dir='ltr'><strong>Filius</strong></span> <span class='ocrx_word' id='word_1_338' title='bbox 809 3877 931 3930; x_wconf 87' lang='lat' dir='ltr'><strong>quos</strong></span> <span class='ocrx_word' id='word_1_339' title='bbox 949 3862 1050 3913; x_wconf 84' lang='lat' dir='ltr'><strong>vult</strong></span> <span class='ocrx_word' id='word_1_340' title='bbox 1073 3861 1284 3929; x_wconf 79' lang='lat' dir='ltr'><strong>rivi/ient</strong></span> <span class='ocrx_word' id='word_1_341' title='bbox 1313 3861 1467 3928; x_wconf 86' lang='lat' dir='ltr'><strong>(Ibid.</strong></span> <span class='ocrx_word' id='word_1_342' title='bbox 1497 3862 1577 3916; x_wconf 74' lang='lat' dir='ltr'><strong>l2.</strong></span> <span class='ocrx_word' id='word_1_343' title='bbox 1610 3864 1697 3917; x_wconf 71' lang='grc'><strong>45.</strong></span> <span class='ocrx_word' id='word_1_344' title='bbox 1727 3874 1773 3917; x_wconf 91' lang='lat' dir='ltr'><strong>et</strong></span> <span class='ocrx_word' id='word_1_345' title='bbox 1795 3865 1847 3919; x_wconf 84' lang='lat'><strong>5.</strong></span> <span class='ocrx_word' id='word_1_346' title='bbox 1876 3864 1990 3934; x_wconf 71' lang='lat'><strong>2|).</strong></span> <span class='ocrx_word' id='word_1_347' title='bbox 2032 3866 2181 3933; x_wconf 83' lang='lat' dir='ltr'><strong>Quod</strong></span> 
     </span>
    </p>
   </div>
   <div class='ocr_carea' id='block_1_41' title="bbox 623 3952 2179 4021">
    <p class='ocr_par' dir='ltr' id='par_1_41' title="bbox 623 3952 2179 4021">
     <span class='ocr_line' id='line_1_41' title="bbox 623 3952 2179 4021; baseline 0.004 -19"><span class='ocrx_word' id='word_1_348' title='bbox 623 3967 726 4004; x_wconf 90' lang='lat' dir='ltr'><strong>non</strong></span> <span class='ocrx_word' id='word_1_349' title='bbox 779 3960 986 4021; x_wconf 90' lang='lat' dir='ltr'><strong>poterat</strong></span> <span class='ocrx_word' id='word_1_350' title='bbox 1027 3952 1199 4006; x_wconf 86' lang='lat' dir='ltr'><strong>facere</strong></span> <span class='ocrx_word' id='word_1_351' title='bbox 1224 3993 1237 4016; x_wconf 90' lang='lat'><strong>,</strong></span> <span class='ocrx_word' id='word_1_352' title='bbox 1282 3953 1324 4006; x_wconf 85' lang='lat' dir='ltr'><strong>si</strong></span> <span class='ocrx_word' id='word_1_353' title='bbox 1378 3954 1593 4006; x_wconf 82' lang='lat' dir='ltr'><strong>alterius</strong></span> <span class='ocrx_word' id='word_1_354' title='bbox 1633 3953 1815 4008; x_wconf 83' lang='lat' dir='ltr'><strong>fuisset</strong></span> <span class='ocrx_word' id='word_1_355' title='bbox 1855 3956 2179 4010; x_wconf 70' lang='lat' dir='ltr'><strong>Sttb-lanlia‘.</strong></span> 
     </span>
    </p>
   </div>
   <div class='ocr_carea' id='block_1_42' title="bbox 619 4040 2184 4110">
    <p class='ocr_par' dir='ltr' id='par_1_42' title="bbox 619 4040 2184 4110">
     <span class='ocr_line' id='line_1_42' title="bbox 619 4040 2184 4110; baseline 0.004 -17"><span class='ocrx_word' id='word_1_356' title='bbox 619 4040 768 4108; x_wconf 83' lang='lat' dir='ltr'><strong>Quod</strong></span> <span class='ocrx_word' id='word_1_357' title='bbox 806 4043 850 4094; x_wconf 89' lang='lat' dir='ltr'><strong>si</strong></span> <span class='ocrx_word' id='word_1_358' title='bbox 901 4043 1056 4096; x_wconf 87' lang='lat' dir='ltr'><strong>etiam</strong></span> <span class='ocrx_word' id='word_1_359' title='bbox 1089 4042 1378 4109; x_wconf 86' lang='lat' dir='ltr'><strong>potuisset,</strong></span> <span class='ocrx_word' id='word_1_360' title='bbox 1411 4057 1511 4095; x_wconf 84' lang='lat' dir='ltr'><strong>non</strong></span> <span class='ocrx_word' id='word_1_361' title='bbox 1545 4043 1594 4095; x_wconf 91' lang='lat' dir='ltr'><strong>id</strong></span> <span class='ocrx_word' id='word_1_362' title='bbox 1635 4042 1915 4097; x_wconf 90' lang='lat' dir='ltr'><strong>dicendum</strong></span> <span class='ocrx_word' id='word_1_363' title='bbox 1955 4055 2086 4110; x_wconf 76' lang='lat' dir='ltr'><strong>erat,</strong></span> <span class='ocrx_word' id='word_1_364' title='bbox 2119 4061 2184 4100; x_wconf 89' lang='lat' dir='ltr'><strong>ne</strong></span> 
     </span>
    </p>
   </div>
   <div class='ocr_carea' id='block_1_43' title="bbox 621 4131 2178 4200">
    <p class='ocr_par' dir='ltr' id='par_1_43' title="bbox 621 4131 2178 4200">
     <span class='ocr_line' id='line_1_43' title="bbox 621 4131 2178 4200; baseline 0.001 -16"><span class='ocrx_word' id='word_1_365' title='bbox 621 4132 1013 4200; x_wconf 86' lang='lat' dir='ltr'><strong>suspicarentur</strong></span> <span class='ocrx_word' id='word_1_366' title='bbox 1059 4147 1213 4183; x_wconf 91' lang='lat' dir='ltr'><strong>unam</strong></span> <span class='ocrx_word' id='word_1_367' title='bbox 1261 4131 1603 4199; x_wconf 84' lang='lat' dir='ltr'><strong>eamdemque</strong></span> <span class='ocrx_word' id='word_1_368' title='bbox 1653 4146 1770 4184; x_wconf 89' lang='lat' dir='ltr'><strong>esse</strong></span> <span class='ocrx_word' id='word_1_369' title='bbox 1815 4132 2178 4185; x_wconf 74' lang='lat' dir='ltr'><strong>Stlbstattliatn.</strong></span> 
     </span>
    </p>
   </div>
   <div class='ocr_carea' id='block_1_44' title="bbox 620 4219 2179 4288">
    <p class='ocr_par' dir='ltr' id='par_1_44' title="bbox 620 4219 2179 4288">
     <span class='ocr_line' id='line_1_44' title="bbox 620 4219 2179 4288; baseline -0.001 -14"><span class='ocrx_word' id='word_1_370' title='bbox 620 4221 674 4274; x_wconf 90' lang='lat' dir='ltr'><strong>Si</strong></span> <span class='ocrx_word' id='word_1_371' title='bbox 694 4221 855 4284; x_wconf 88' lang='lat' dir='ltr'><strong>enim,</strong></span> <span class='ocrx_word' id='word_1_372' title='bbox 885 4233 950 4274; x_wconf 88' lang='lat' dir='ltr'><strong>ne</strong></span> <span class='ocrx_word' id='word_1_373' title='bbox 971 4221 1299 4286; x_wconf 75' lang='lat' dir='ltr'><strong>suspicentur</strong></span> <span class='ocrx_word' id='word_1_374' title='bbox 1329 4220 1495 4288; x_wconf 91' lang='lat' dir='ltr'><strong>ipsum</strong></span> <span class='ocrx_word' id='word_1_375' title='bbox 1528 4234 1643 4274; x_wconf 89' lang='lat' dir='ltr'><strong>esse</strong></span> <span class='ocrx_word' id='word_1_376' title='bbox 1668 4220 1774 4274; x_wconf 90' lang='lat' dir='ltr'><strong>Deo</strong></span> <span class='ocrx_word' id='word_1_377' title='bbox 1803 4219 2179 4284; x_wconf 84' lang='lat' dir='ltr'><strong>adversarium,</strong></span> 
     </span>
    </p>
   </div>
   <div class='ocr_carea' id='block_1_45' title="bbox 622 4309 2183 4378">
    <p class='ocr_par' dir='ltr' id='par_1_45' title="bbox 622 4309 2183 4378">
     <span class='ocr_line' id='line_1_45' title="bbox 622 4309 2183 4378; baseline 0.003 -16"><span class='ocrx_word' id='word_1_378' title='bbox 622 4311 779 4364; x_wconf 88' lang='lat' dir='ltr'><strong>etiam</strong></span> <span class='ocrx_word' id='word_1_379' title='bbox 812 4323 928 4378; x_wconf 66' lang='lat' dir='ltr'><strong>quae</strong></span> <span class='ocrx_word' id='word_1_380' title='bbox 953 4309 1050 4362; x_wconf 89' lang='lat' dir='ltr'><strong>sibi</strong></span> <span class='ocrx_word' id='word_1_381' title='bbox 1083 4325 1184 4362; x_wconf 90' lang='lat' dir='ltr'><strong>non</strong></span> <span class='ocrx_word' id='word_1_382' title='bbox 1216 4311 1536 4363; x_wconf 82' lang='lat' dir='ltr'><strong>conveniunt</strong></span> <span class='ocrx_word' id='word_1_383' title='bbox 1575 4325 1715 4378; x_wconf 80' lang='lat' dir='ltr'><strong>su-pe</strong></span> <span class='ocrx_word' id='word_1_384' title='bbox 1736 4310 1986 4378; x_wconf 84' lang='lat' dir='ltr'><strong>loquitur,</strong></span> <span class='ocrx_word' id='word_1_385' title='bbox 2021 4313 2183 4366; x_wconf 90' lang='lat' dir='ltr'><strong>nmlto</strong></span> 
     </span>
    </p>
   </div>
   <div class='ocr_carea' id='block_1_46' title="bbox 623 4399 2183 4470">
    <p class='ocr_par' dir='ltr' id='par_1_46' title="bbox 623 4399 2183 4470">
     <span class='ocr_line' id='line_1_46' title="bbox 623 4399 2183 4470; baseline 0.001 -16"><span class='ocrx_word' id='word_1_386' title='bbox 623 4401 792 4470; x_wconf 83' lang='lat' dir='ltr'><strong>magis</strong></span> <span class='ocrx_word' id='word_1_387' title='bbox 823 4408 947 4467; x_wconf 87' lang='lat' dir='ltr'><strong>tunc</strong></span> <span class='ocrx_word' id='word_1_388' title='bbox 973 4401 1222 4470; x_wconf 88' lang='lat' dir='ltr'><strong>oportuit.</strong></span> <span class='ocrx_word' id='word_1_389' title='bbox 1248 4399 1396 4454; x_wconf 82' lang='lat' dir='ltr'><strong>Nunc</strong></span> <span class='ocrx_word' id='word_1_390' title='bbox 1425 4416 1549 4453; x_wconf 90' lang='lat' dir='ltr'><strong>vero</strong></span> <span class='ocrx_word' id='word_1_391' title='bbox 1574 4415 1691 4454; x_wconf 84' lang='lat' dir='ltr'><strong>eum</strong></span> <span class='ocrx_word' id='word_1_392' title='bbox 1721 4402 1848 4456; x_wconf 89' lang='lat' dir='ltr'><strong>dicit</strong></span> <span class='ocrx_word' id='word_1_393' title='bbox 1879 4419 1890 4454; x_wconf 96' lang='lat'>:</span> <span class='ocrx_word' id='word_1_394' title='bbox 1935 4400 2001 4456; x_wconf 88' lang='lat' dir='ltr'><strong>Ut</strong></span> <span class='ocrx_word' id='word_1_395' title='bbox 2028 4403 2183 4455; x_wconf 81' lang='lat' dir='ltr'><strong>Itono-</strong></span> 
     </span>
    </p>
   </div>
   <div class='ocr_carea' id='block_1_47' title="bbox 623 4487 2179 4561">
    <p class='ocr_par' dir='ltr' id='par_1_47' title="bbox 623 4487 2179 4561">
     <span class='ocr_line' id='line_1_47' title="bbox 623 4487 2179 4561; baseline 0.005 -21"><span class='ocrx_word' id='word_1_396' title='bbox 623 4489 814 4554; x_wconf 81' lang='lat' dir='ltr'><strong>riﬁcent</strong></span> <span class='ocrx_word' id='word_1_397' title='bbox 847 4487 1053 4551; x_wconf 81' lang='lat' dir='ltr'><strong>Filium,</strong></span> <span class='ocrx_word' id='word_1_398' title='bbox 1075 4489 1200 4542; x_wconf 87' lang='lat' dir='ltr'><strong>sicut</strong></span> <span class='ocrx_word' id='word_1_399' title='bbox 1221 4489 1550 4555; x_wconf 80' lang='lat' dir='ltr'><strong>honoriﬁcam</strong></span> <span class='ocrx_word' id='word_1_400' title='bbox 1570 4488 1770 4544; x_wconf 87' lang='lat' dir='ltr'><strong>Patrem</strong></span> <span class='ocrx_word' id='word_1_401' title='bbox 1793 4489 1948 4561; x_wconf 84' lang='lat' dir='ltr'><strong>(Ibid.</strong></span> <span class='ocrx_word' id='word_1_402' title='bbox 1973 4493 2023 4546; x_wconf 89' lang='lat'><strong>5.</strong></span> <span class='ocrx_word' id='word_1_403' title='bbox 2048 4493 2140 4557; x_wconf 71' lang='lat'><strong>23)</strong></span> <span class='ocrx_word' id='word_1_404' title='bbox 2165 4511 2179 4557; x_wconf 89' lang='lat'><strong>;</strong></span> 
     </span>
    </p>
   </div>
   <div class='ocr_carea' id='block_1_48' title="bbox 625 4575 2178 4652">
    <p class='ocr_par' dir='ltr' id='par_1_48' title="bbox 625 4575 2178 4652">
     <span class='ocr_line' id='line_1_48' title="bbox 625 4575 2178 4652; baseline 0.003 -23"><span class='ocrx_word' id='word_1_405' title='bbox 625 4585 701 4641; x_wconf 86' lang='lat' dir='ltr'><strong>et,</strong></span> <span class='ocrx_word' id='word_1_406' title='bbox 746 4575 913 4644; x_wconf 86' lang='lat' dir='ltr'><strong>Opera</strong></span> <span class='ocrx_word' id='word_1_407' title='bbox 954 4592 1064 4644; x_wconf 76' lang='lat' dir='ltr'><strong>qua:</strong></span> <span class='ocrx_word' id='word_1_408' title='bbox 1091 4578 1196 4643; x_wconf 85' lang='lat' dir='ltr'><strong>ipse</strong></span> <span class='ocrx_word' id='word_1_409' title='bbox 1222 4578 1363 4646; x_wconf 77' lang='lat' dir='ltr'><strong>facit,</strong></span> <span class='ocrx_word' id='word_1_410' title='bbox 1394 4587 1438 4630; x_wconf 89' lang='lat' dir='ltr'><strong>et</strong></span> <span class='ocrx_word' id='word_1_411' title='bbox 1464 4595 1552 4646; x_wconf 87' lang='lat' dir='ltr'><strong>ego</strong></span> <span class='ocrx_word' id='word_1_412' title='bbox 1581 4581 1803 4633; x_wconf 78' lang='lat' dir='ltr'><strong>similiter</strong></span> <span class='ocrx_word' id='word_1_413' title='bbox 1829 4581 1960 4647; x_wconf 80' lang='lat' dir='ltr'><strong>facio</strong></span> <span class='ocrx_word' id='word_1_414' title='bbox 2003 4582 2022 4652; x_wconf 96' lang='lat'><strong>(</strong></span> <span class='ocrx_word' id='word_1_415' title='bbox 2047 4581 2178 4634; x_wconf 86' lang='lat' dir='ltr'><strong>Ibid.</strong></span> 
     </span>
    </p>
   </div>
   <div class='ocr_carea' id='block_1_49' title="bbox 627 4665 2183 4735">
    <p class='ocr_par' dir='ltr' id='par_1_49' title="bbox 627 4665 2183 4735">
     <span class='ocr_line' id='line_1_49' title="bbox 627 4665 2183 4735; baseline 0.006 -18"><span class='ocrx_word' id='word_1_416' title='bbox 627 4682 673 4718; x_wconf 80' lang='grc' dir='ltr'><strong>υ.</strong></span> <span class='ocrx_word' id='word_1_417' title='bbox 697 4665 806 4733; x_wconf 76' lang='lat'><strong>36)</strong></span> <span class='ocrx_word' id='word_1_418' title='bbox 835 4673 930 4728; x_wconf 85' lang='lat' dir='ltr'><strong>;et</strong></span> <span class='ocrx_word' id='word_1_419' title='bbox 953 4679 1011 4719; x_wconf 87' lang='lat' dir='ltr'><strong>se</strong></span> <span class='ocrx_word' id='word_1_420' title='bbox 1043 4680 1162 4720; x_wconf 90' lang='lat' dir='ltr'><strong>esse</strong></span> <span class='ocrx_word' id='word_1_421' title='bbox 1199 4669 1636 4722; x_wconf 86' lang='lat' dir='ltr'><strong>resurrectionem</strong></span> <span class='ocrx_word' id='word_1_422' title='bbox 1667 4681 1718 4723; x_wconf 88' lang='lat' dir='ltr'><strong>et</strong></span> <span class='ocrx_word' id='word_1_423' title='bbox 1747 4672 1901 4725; x_wconf 83' lang='lat' dir='ltr'><strong>vitam</strong></span> <span class='ocrx_word' id='word_1_424' title='bbox 1923 4711 1938 4735; x_wconf 92' lang='lat'><strong>,</strong></span> <span class='ocrx_word' id='word_1_425' title='bbox 1985 4675 2183 4727; x_wconf 89' lang='lat' dir='ltr'><strong>lucem-</strong></span> 
     </span>
    </p>
   </div>
   <div class='ocr_carea' id='block_1_50' title="bbox 626 4754 2180 4825">
    <p class='ocr_par' dir='ltr' id='par_1_50' title="bbox 626 4754 2180 4825">
     <span class='ocr_line' id='line_1_50' title="bbox 626 4754 2180 4825; baseline 0.007 -19"><span class='ocrx_word' id='word_1_426' title='bbox 626 4769 729 4822; x_wconf 89' lang='lat' dir='ltr'><strong>que</strong></span> <span class='ocrx_word' id='word_1_427' title='bbox 759 4754 960 4820; x_wconf 90' lang='lat' dir='ltr'><strong>mundi,</strong></span> <span class='ocrx_word' id='word_1_428' title='bbox 992 4769 1109 4810; x_wconf 85' lang='lat' dir='ltr'><strong>sese</strong></span> <span class='ocrx_word' id='word_1_429' title='bbox 1133 4755 1273 4810; x_wconf 86' lang='lat' dir='ltr'><strong>Patri</strong></span> <span class='ocrx_word' id='word_1_430' title='bbox 1304 4760 1631 4825; x_wconf 67' lang='lat' dir='ltr'><strong>exaequantis</strong></span> <span class='ocrx_word' id='word_1_431' title='bbox 1653 4761 1807 4815; x_wconf 84' lang='lat' dir='ltr'><strong>verba</strong></span> <span class='ocrx_word' id='word_1_432' title='bbox 1833 4773 1973 4823; x_wconf 84' lang='lat' dir='ltr'><strong>sum.</strong></span> <span class='ocrx_word' id='word_1_433' title='bbox 2004 4779 2065 4817; x_wconf 89' lang='lat' dir='ltr'><strong>ac</strong></span> <span class='ocrx_word' id='word_1_434' title='bbox 2088 4778 2180 4816; x_wconf 86' lang='lat' dir='ltr'><strong>su-</strong></span> 
     </span>
    </p>
   </div>
   <div class='ocr_carea' id='block_1_51' title="bbox 627 4845 2182 4913">
    <p class='ocr_par' dir='ltr' id='par_1_51' title="bbox 627 4845 2182 4913">
     <span class='ocr_line' id='line_1_51' title="bbox 627 4845 2182 4913; baseline 0.006 -15"><span class='ocrx_word' id='word_1_435' title='bbox 627 4845 916 4913; x_wconf 88' lang='lat' dir='ltr'><strong>spicionem</strong></span> <span class='ocrx_word' id='word_1_436' title='bbox 960 4859 1117 4913; x_wconf 84' lang='lat' dir='ltr'><strong>quam</strong></span> <span class='ocrx_word' id='word_1_437' title='bbox 1161 4845 1234 4900; x_wconf 91' lang='lat' dir='ltr'><strong>illi</strong></span> <span class='ocrx_word' id='word_1_438' title='bbox 1281 4846 1538 4903; x_wconf 85' lang='lat' dir='ltr'><strong>habebant</strong></span> <span class='ocrx_word' id='word_1_439' title='bbox 1570 4851 1951 4906; x_wconf 80' lang='lat' dir='ltr'><strong>confirmantis.</strong></span> <span class='ocrx_word' id='word_1_440' title='bbox 2005 4853 2182 4907; x_wconf 83' lang='lat' dir='ltr'><strong>Vidcn‘</strong></span> 
     </span>
    </p>
   </div>
   <div class='ocr_carea' id='block_1_52' title="bbox 627 4932 2178 5010">
    <p class='ocr_par' dir='ltr' id='par_1_52' title="bbox 627 4932 2178 5010">
     <span class='ocr_line' id='line_1_52' title="bbox 627 4932 2178 5010; baseline 0.006 -22"><span class='ocrx_word' id='word_1_441' title='bbox 627 4932 894 5003; x_wconf 88' lang='lat' dir='ltr'><strong>quomodo</strong></span> <span class='ocrx_word' id='word_1_442' title='bbox 921 4948 1040 4990; x_wconf 80' lang='lat' dir='ltr'><strong>sese</strong></span> <span class='ocrx_word' id='word_1_443' title='bbox 1065 4946 1252 5006; x_wconf 87' lang='lat' dir='ltr'><strong>purgat</strong></span> <span class='ocrx_word' id='word_1_444' title='bbox 1287 4949 1563 4992; x_wconf 86' lang='lat' dir='ltr'><strong>accusatus</strong></span> <span class='ocrx_word' id='word_1_445' title='bbox 1593 4940 1728 5007; x_wconf 91' lang='lat' dir='ltr'><strong>quod</strong></span> <span class='ocrx_word' id='word_1_446' title='bbox 1761 4941 1926 5010; x_wconf 84' lang='lat' dir='ltr'><strong>legem</strong></span> <span class='ocrx_word' id='word_1_447' title='bbox 1967 4944 2132 4998; x_wconf 86' lang='lat' dir='ltr'><strong>solvat</strong></span> <span class='ocrx_word' id='word_1_448' title='bbox 2163 4962 2178 5010; x_wconf 88' lang='lat'><strong>;</strong></span> 
     </span>
    </p>
   </div>
   <div class='ocr_carea' id='block_1_53' title="bbox 627 5024 2180 5102">
    <p class='ocr_par' dir='ltr' id='par_1_53' title="bbox 627 5024 2180 5102">
     <span class='ocr_line' id='line_1_53' title="bbox 627 5024 2180 5102; baseline 0.007 -23"><span class='ocrx_word' id='word_1_449' title='bbox 627 5024 941 5095; x_wconf 75' lang='lat' dir='ltr'><strong>aequalitatis</strong></span> <span class='ocrx_word' id='word_1_450' title='bbox 958 5041 1085 5081; x_wconf 88' lang='lat' dir='ltr'><strong>vero</strong></span> <span class='ocrx_word' id='word_1_451' title='bbox 1108 5041 1226 5080; x_wconf 90' lang='lat' dir='ltr'><strong>cum</strong></span> <span class='ocrx_word' id='word_1_452' title='bbox 1254 5027 1408 5082; x_wconf 88' lang='lat' dir='ltr'><strong>Patre</strong></span> <span class='ocrx_word' id='word_1_453' title='bbox 1435 5031 1735 5096; x_wconf 75' lang='lat' dir='ltr'><strong>Opinionem</strong></span> <span class='ocrx_word' id='word_1_454' title='bbox 1768 5048 1869 5086; x_wconf 87' lang='lat' dir='ltr'><strong>non</strong></span> <span class='ocrx_word' id='word_1_455' title='bbox 1895 5035 2051 5088; x_wconf 89' lang='lat' dir='ltr'><strong>modo</strong></span> <span class='ocrx_word' id='word_1_456' title='bbox 2077 5051 2180 5102; x_wconf 85' lang='lat' dir='ltr'><strong>non</strong></span> 
     </span>
    </p>
   </div>
   <div class='ocr_carea' id='block_1_54' title="bbox 627 5113 2177 5192">
    <p class='ocr_par' dir='ltr' id='par_1_54' title="bbox 627 5113 2177 5192">
     <span class='ocr_line' id='line_1_54' title="bbox 627 5113 2177 5192; baseline 0.008 -26"><span class='ocrx_word' id='word_1_457' title='bbox 627 5113 796 5178; x_wconf 89' lang='lat' dir='ltr'><strong>tollit,</strong></span> <span class='ocrx_word' id='word_1_458' title='bbox 827 5114 918 5167; x_wconf 78' lang='lat' dir='ltr'><strong>sed</strong></span> <span class='ocrx_word' id='word_1_459' title='bbox 961 5115 1153 5169; x_wconf 82' lang='lat' dir='ltr'><strong>llrlnat.</strong></span> <span class='ocrx_word' id='word_1_460' title='bbox 1184 5115 1271 5171; x_wconf 89' lang='lat' dir='ltr'><strong>Sic</strong></span> <span class='ocrx_word' id='word_1_461' title='bbox 1295 5116 1593 5171; x_wconf 84' lang='lat' dir='ltr'><strong>dicentibus</strong></span> <span class='ocrx_word' id='word_1_462' title='bbox 1621 5119 1720 5173; x_wconf 87' lang='lat' dir='ltr'><strong>illis</strong></span> <span class='ocrx_word' id='word_1_463' title='bbox 1744 5161 1756 5183; x_wconf 94' lang='lat'><strong>,</strong></span> <span class='ocrx_word' id='word_1_464' title='bbox 1785 5124 1901 5183; x_wconf 82' lang='lat' dir='ltr'><strong>quia</strong></span> <span class='ocrx_word' id='word_1_465' title='bbox 1944 5123 2177 5192; x_wconf 84' lang='lat' dir='ltr'><strong>blasphe-</strong></span> 
     </span>
    </p>
   </div>
   <div class='ocr_carea' id='block_1_55' title="bbox 638 5285 2182 5357">
    <p class='ocr_par' dir='ltr' id='par_1_55' title="bbox 638 5285 2182 5357">
     <span class='ocr_line' id='line_1_55' title="bbox 638 5285 2182 5357; baseline 0.009 -24"><span class='ocrx_word' id='word_1_466' title='bbox 638 5288 705 5357; x_wconf 55' lang='lat' dir='ltr'><strong>m‘</strong></span> <span class='ocrx_word' id='word_1_467' title='bbox 729 5285 855 5357; x_wconf 72' lang='lat' dir='ltr'><strong>Mplti</strong></span> <span class='ocrx_word' id='word_1_468' title='bbox 879 5293 983 5357; x_wconf 56' lang='lat' dir='ltr'><strong>uss.</strong></span> <span class='ocrx_word' id='word_1_469' title='bbox 1007 5287 1292 5357; x_wconf 38' lang='lat' dir='ltr'><strong>dehabeat.</strong></span> <span class='ocrx_word' id='word_1_470' title='bbox 1313 5297 1428 5357; x_wconf 67' lang='lat' dir='ltr'><strong>cum</strong></span> <span class='ocrx_word' id='word_1_471' title='bbox 1459 5290 1585 5340; x_wconf 85' lang='lat' dir='ltr'><strong>enim</strong></span> <span class='ocrx_word' id='word_1_472' title='bbox 1607 5304 1668 5340; x_wconf 77' lang='lat' dir='ltr'><strong>ea:</strong></span> <span class='ocrx_word' id='word_1_473' title='bbox 1704 5291 1818 5354; x_wconf 75' lang='lat' dir='ltr'><strong>ipsis</strong></span> <span class='ocrx_word' id='word_1_474' title='bbox 1858 5294 1995 5357; x_wconf 80' lang='lat' dir='ltr'><strong>rebus</strong></span> <span class='ocrx_word' id='word_1_475' title='bbox 2027 5303 2182 5357; x_wconf 84' lang='lat' dir='ltr'><strong>pateat</strong></span> 
     </span>
    </p>
   </div>
   <div class='ocr_carea' id='block_1_56' title="bbox 629 5346 2182 5418">
    <p class='ocr_par' dir='ltr' id='par_1_56' title="bbox 629 5346 2182 5418">
     <span class='ocr_line' id='line_1_56' title="bbox 629 5346 2182 5418; baseline 0.008 -23"><span class='ocrx_word' id='word_1_476' title='bbox 836 5347 1186 5418; x_wconf 63' lang='lat' dir='ltr'><strong>sublimioribus</strong></span> <span class='ocrx_word' id='word_1_477' title='bbox 1208 5348 1399 5418; x_wconf 64' lang='lat' dir='ltr'><strong>oﬁendi,</strong></span> <span class='ocrx_word' id='word_1_478' title='bbox 1420 5364 1618 5412; x_wconf 86' lang='lat' dir='ltr'><strong>cumque</strong></span> <span class='ocrx_word' id='word_1_479' title='bbox 1649 5346 1884 5418; x_wconf 56' lang='lat' dir='ltr'><strong>prtptcrea</strong></span> <span class='ocrx_word' id='word_1_480' title='bbox 1925 5346 2182 5418; x_wconf 31' lang='lat' dir='ltr'><strong>ipseidicot</strong></span> 
     </span>
    </p>
   </div>
   <div class='ocr_carea' id='block_1_57' title="bbox 623 5407 2181 5478">
    <p class='ocr_par' dir='ltr' id='par_1_57' title="bbox 623 5407 2181 5478">
     <span class='ocr_line' id='line_1_57' title="bbox 623 5407 2181 5478; baseline 0.008 -23"><span class='ocrx_word' id='word_1_481' title='bbox 623 5407 858 5477; x_wconf 59' lang='lat' dir='ltr'><strong>Christus,</strong></span> <span class='ocrx_word' id='word_1_482' title='bbox 880 5421 969 5478; x_wconf 80' lang='lat' dir='ltr'><strong>ego</strong></span> <span class='ocrx_word' id='word_1_483' title='bbox 989 5407 1186 5478; x_wconf 57' lang='lat' dir='ltr'><strong>ligurritio</strong></span> <span class='ocrx_word' id='word_1_484' title='bbox 1227 5407 1407 5472; x_wconf 79' lang='lat' dir='ltr'><strong>loquor,</strong></span> <span class='ocrx_word' id='word_1_485' title='bbox 1433 5424 1490 5461; x_wconf 85' lang='lat' dir='ltr'><strong>ne</strong></span> <span class='ocrx_word' id='word_1_486' title='bbox 1523 5407 1924 5474; x_wconf 69' lang='lat' dir='ltr'><strong>scandalizentur,</strong></span> <span class='ocrx_word' id='word_1_487' title='bbox 1944 5407 2049 5476; x_wconf 74' lang='lat' dir='ltr'><strong>quis</strong></span> <span class='ocrx_word' id='word_1_488' title='bbox 2072 5407 2181 5478; x_wconf 85' lang='lat' dir='ltr'><strong>jam</strong></span> 
     </span>
    </p>
   </div>
   <div class='ocr_carea' id='block_1_58' title="bbox 623 5473 2180 5604">
    <p class='ocr_par' dir='ltr' id='par_1_58' title="bbox 623 5473 2180 5604">
     <span class='ocr_line' id='line_1_58' title="bbox 623 5473 2087 5540; baseline 0.016 -28"><span class='ocrx_word' id='word_1_489' title='bbox 623 5473 858 5529; x_wconf 76' lang='lat' dir='ltr'><strong>suspicari</strong></span> <span class='ocrx_word' id='word_1_490' title='bbox 880 5473 1066 5540; x_wconf 76' lang='lat' dir='ltr'><strong>poterit,</strong></span> <span class='ocrx_word' id='word_1_491' title='bbox 1087 5476 1180 5518; x_wconf 89' lang='lat' dir='ltr'><strong>etc.</strong></span> <span class='ocrx_word' id='word_1_492' title='bbox 1545 5532 1548 5533; x_wconf 23' lang='grc' dir='ltr'><em>ν</em></span> <span class='ocrx_word' id='word_1_493' title='bbox 1912 5473 1915 5474; x_wconf 62' lang='grc'><strong><em>⁷</em></strong></span> <span class='ocrx_word' id='word_1_494' title='bbox 1958 5473 1966 5476; x_wconf 77' lang='grc'><em>’</em></span> <span class='ocrx_word' id='word_1_495' title='bbox 2072 5473 2087 5478; x_wconf 70' lang='grc'>⁷</span> 
     </span>
     <span class='ocr_line' id='line_1_59' title="bbox 637 5527 2180 5604; baseline 0.01 0"><span class='ocrx_word' id='word_1_496' title='bbox 637 5527 1226 5604; x_wconf 59' lang='lat' dir='ltr'><strong>..3.,_1!!99!P9§¥991M§§-</strong></span> <span class='ocrx_word' id='word_1_497' title='bbox 1258 5531 1327 5604; x_wconf 61' lang='grc' dir='ltr'><strong>είς</strong></span> <span class='ocrx_word' id='word_1_498' title='bbox 1359 5531 1810 5604; x_wconf 68' lang='grc' dir='ltr'><strong>ειῑετιυτ.¹ιίο.ιοουε</strong></span> <span class='ocrx_word' id='word_1_499' title='bbox 1953 5540 2078 5594; x_wconf 70' lang='grc' dir='ltr'><em>ηδιοτί</em></span> <span class='ocrx_word' id='word_1_500' title='bbox 2099 5554 2180 5589; x_wconf 71' lang='grc' dir='ltr'><em>στι·</em></span> 
     </span>
    </p>
   </div>
   <div class='ocr_carea' id='block_1_59' title="bbox 628 5588 2183 5655">
    <p class='ocr_par' dir='ltr' id='par_1_59' title="bbox 628 5588 2183 5655">
     <span class='ocr_line' id='line_1_60' title="bbox 628 5588 2183 5655; baseline 0.009 -19"><span class='ocrx_word' id='word_1_501' title='bbox 628 5588 802 5655; x_wconf 69' lang='grc' dir='ltr'><strong>ᾀὶιοτεε</strong></span> <span class='ocrx_word' id='word_1_502' title='bbox 828 5588 922 5650; x_wconf 78' lang='lat' dir='ltr'><strong>ipsi</strong></span> <span class='ocrx_word' id='word_1_503' title='bbox 943 5588 1222 5655; x_wconf 67' lang='lat' dir='ltr'><strong>inviderent,</strong></span> <span class='ocrx_word' id='word_1_504' title='bbox 1244 5592 1428 5652; x_wconf 85' lang='lat' dir='ltr'><strong>etquod</strong></span> <span class='ocrx_word' id='word_1_505' title='bbox 1451 5595 1625 5655; x_wconf 63' lang='lat' dir='ltr'><strong>sapius</strong></span> <span class='ocrx_word' id='word_1_506' title='bbox 1646 5594 1695 5643; x_wconf 85' lang='lat' dir='ltr'><strong>in</strong></span> <span class='ocrx_word' id='word_1_507' title='bbox 1717 5596 1869 5644; x_wconf 81' lang='lat' dir='ltr'><strong>Veteri</strong></span> <span class='ocrx_word' id='word_1_508' title='bbox 1900 5588 2183 5650; x_wconf 68' lang='lat' dir='ltr'><strong>Testunu&#39;nto</strong></span> 
     </span>
    </p>
   </div>
   <div class='ocr_carea' id='block_1_60' title="bbox 630 5646 1948 5710">
    <p class='ocr_par' dir='ltr' id='par_1_60' title="bbox 630 5646 1948 5710">
     <span class='ocr_line' id='line_1_61' title="bbox 630 5646 1948 5710; baseline 0.009 -17"><span class='ocrx_word' id='word_1_509' title='bbox 630 5646 881 5710; x_wconf 78' lang='lat' dir='ltr'><strong>tegeretur,</strong></span> <span class='ocrx_word' id='word_1_510' title='bbox 909 5648 1130 5699; x_wconf 63' lang='lat' dir='ltr'><strong>nonanus</strong></span> <span class='ocrx_word' id='word_1_511' title='bbox 1153 5646 1271 5701; x_wconf 78' lang='lat' dir='ltr'><strong>Deus</strong></span> <span class='ocrx_word' id='word_1_512' title='bbox 1291 5646 1410 5701; x_wconf 84' lang='lat' dir='ltr'><strong>tuus.</strong></span> <span class='ocrx_word' id='word_1_513' title='bbox 1447 5646 1664 5705; x_wconf 76' lang='lat' dir='ltr'><strong>Dominus</strong></span> <span class='ocrx_word' id='word_1_514' title='bbox 1690 5670 1807 5705; x_wconf 77' lang='lat' dir='ltr'><strong>unus</strong></span> <span class='ocrx_word' id='word_1_515' title='bbox 1829 5667 1914 5705; x_wconf 68' lang='lat' dir='ltr'><strong>est.</strong></span> <span class='ocrx_word' id='word_1_516' title='bbox 1935 5677 1948 5696; x_wconf 74' lang='grc' dir='ltr'><strong><em>ο</em></strong></span> 
     </span>
    </p>
   </div>
   <div class='ocr_carea' id='block_1_61' title="bbox 1386 291 3166 375">
    <p class='ocr_par' dir='ltr' id='par_1_61' title="bbox 1386 291 3166 375">
     <span class='ocr_line' id='line_1_62' title="bbox 1386 291 3166 375; baseline -0.001 -2"><span class='ocrx_word' id='word_1_517' title='bbox 1386 319 1438 375; x_wconf 91' lang='lat' dir='ltr'><strong>s.</strong></span> <span class='ocrx_word' id='word_1_518' title='bbox 1480 316 1754 372; x_wconf 74' lang='lat' dir='ltr'><strong>JOANNIS</strong></span> <span class='ocrx_word' id='word_1_519' title='bbox 1780 291 2257 370; x_wconf 77' lang='lat' dir='ltr'><strong>cnnvsos&#39;tout&#39;</strong></span> <span class='ocrx_word' id='word_1_520' title='bbox 2287 311 2603 368; x_wconf 80' lang='lat' dir='ltr'><strong>AltCHIEP.</strong></span> <span class='ocrx_word' id='word_1_521' title='bbox 2642 314 3166 372; x_wconf 74' lang='lat' dir='ltr'><strong>CONSTAM‘INUP.</strong></span> 
     </span>
    </p>
   </div>
   <div class='ocr_carea' id='block_1_62' title="bbox 3773 322 3887 375">
    <p class='ocr_par' dir='ltr' id='par_1_62' title="bbox 3773 322 3887 375">
     <span class='ocr_line' id='line_1_63' title="bbox 3773 322 3887 375; baseline -0.009 0"><span class='ocrx_word' id='word_1_522' title='bbox 3773 322 3887 375; x_wconf 65' lang='grc' dir='ltr'><strong>εδδ</strong></span> 
     </span>
    </p>
   </div>
   <div class='ocr_carea' id='block_1_63' title="bbox 2302 423 3886 500">
    <p class='ocr_par' dir='ltr' id='par_1_63' title="bbox 2302 423 3886 500">
     <span class='ocr_line' id='line_1_64' title="bbox 2302 423 3886 500; baseline 0.003 -25"><span class='ocrx_word' id='word_1_523' title='bbox 2302 423 3216 497; x_wconf 72' lang='lat' dir='ltr'><strong>masetfacisteipsumDeum(.loan.</strong></span> <span class='ocrx_word' id='word_1_524' title='bbox 3239 425 3321 482; x_wconf 87' lang='lat' dir='ltr'><strong>l0.</strong></span> <span class='ocrx_word' id='word_1_525' title='bbox 3371 427 3494 499; x_wconf 78' lang='lat'><strong>36),</strong></span> <span class='ocrx_word' id='word_1_526' title='bbox 3529 428 3658 484; x_wconf 91' lang='lat' dir='ltr'><strong>illud</strong></span> <span class='ocrx_word' id='word_1_527' title='bbox 3701 432 3886 500; x_wconf 83' lang='lat' dir='ltr'><strong>ipsum</strong></span> 
     </span>
    </p>
   </div>
   <div class='ocr_carea' id='block_1_64' title="bbox 2299 515 3164 584">
    <p class='ocr_par' dir='ltr' id='par_1_64' title="bbox 2299 515 3164 584">
     <span class='ocr_line' id='line_1_65' title="bbox 2299 515 3164 584; baseline 0.006 -20"><span class='ocrx_word' id='word_1_528' title='bbox 2299 515 2365 567; x_wconf 91' lang='lat' dir='ltr'><strong>ab</strong></span> <span class='ocrx_word' id='word_1_529' title='bbox 2390 529 2605 584; x_wconf 87' lang='lat' dir='ltr'><strong>operum</strong></span> <span class='ocrx_word' id='word_1_530' title='bbox 2637 516 2937 584; x_wconf 64' lang='lat' dir='ltr'><strong>{equalitate</strong></span> <span class='ocrx_word' id='word_1_531' title='bbox 2968 518 3164 570; x_wconf 88' lang='lat' dir='ltr'><strong>statuit.</strong></span> 
     </span>
    </p>
   </div>
   <div class='ocr_carea' id='block_1_65' title="bbox 2366 607 3888 676">
    <p class='ocr_par' dir='ltr' id='par_1_65' title="bbox 2366 607 3888 676">
     <span class='ocr_line' id='line_1_66' title="bbox 2366 607 3888 676; baseline -0.003 -16"><span class='ocrx_word' id='word_1_532' title='bbox 2366 607 2421 662; x_wconf 75' lang='grc'><strong>2.</strong></span> <span class='ocrx_word' id='word_1_533' title='bbox 2464 607 2582 660; x_wconf 83' lang='grc' dir='ltr'><strong>Νοη</strong></span> <span class='ocrx_word' id='word_1_534' title='bbox 2612 608 2770 659; x_wconf 87' lang='lat' dir='ltr'><strong>solum</strong></span> <span class='ocrx_word' id='word_1_535' title='bbox 2799 607 2967 661; x_wconf 75' lang='lat' dir='ltr'><strong>Filius</strong></span> <span class='ocrx_word' id='word_1_536' title='bbox 2996 609 3083 660; x_wconf 86' lang='lat' dir='ltr'><strong>sed</strong></span> <span class='ocrx_word' id='word_1_537' title='bbox 3112 609 3218 676; x_wconf 84' lang='lat' dir='ltr'><strong>ipse</strong></span> <span class='ocrx_word' id='word_1_538' title='bbox 3237 609 3384 661; x_wconf 88' lang='lat' dir='ltr'><strong>etiam</strong></span> <span class='ocrx_word' id='word_1_539' title='bbox 3410 608 3565 661; x_wconf 84' lang='lat' dir='ltr'><strong>Pater</strong></span> <span class='ocrx_word' id='word_1_540' title='bbox 3586 625 3642 662; x_wconf 91' lang='lat' dir='ltr'><strong>se</strong></span> <span class='ocrx_word' id='word_1_541' title='bbox 3667 608 3888 675; x_wconf 71' lang='lat' dir='ltr'><strong>indigna</strong></span> 
     </span>
    </p>
   </div>
   <div class='ocr_carea' id='block_1_66' title="bbox 2298 696 3858 769">
    <p class='ocr_par' dir='ltr' id='par_1_66' title="bbox 2298 696 3858 769">
     <span class='ocr_line' id='line_1_67' title="bbox 2298 696 3858 769; baseline 0 -20"><span class='ocrx_word' id='word_1_542' title='bbox 2298 699 2489 750; x_wconf 81' lang='lat' dir='ltr'><strong>locutus</strong></span> <span class='ocrx_word' id='word_1_543' title='bbox 2516 708 2603 749; x_wconf 82' lang='lat' dir='ltr'><strong>est.</strong></span> <span class='ocrx_word' id='word_1_544' title='bbox 2629 696 2858 749; x_wconf 77' lang='lat' dir='ltr'><strong>Christus</strong></span> <span class='ocrx_word' id='word_1_545' title='bbox 2880 715 2969 749; x_wconf 85' lang='lat' dir='ltr'><strong>cur</strong></span> <span class='ocrx_word' id='word_1_546' title='bbox 2991 699 3165 751; x_wconf 85' lang='lat' dir='ltr'><strong>oravit.</strong></span> <span class='ocrx_word' id='word_1_547' title='bbox 3201 699 3320 752; x_wconf 72' lang='lat' dir='ltr'><strong>Non</strong></span> <span class='ocrx_word' id='word_1_548' title='bbox 3350 701 3605 769; x_wconf 84' lang='lat' dir='ltr'><strong>indigebat</strong></span> <span class='ocrx_word' id='word_1_549' title='bbox 3623 700 3858 769; x_wconf 75' lang='lat' dir='ltr'><strong>precibus</strong></span> 
     </span>
    </p>
   </div>
   <div class='ocr_carea' id='block_1_67' title="bbox 2307 787 3887 858">
    <p class='ocr_par' dir='ltr' id='par_1_67' title="bbox 2307 787 3887 858">
     <span class='ocr_line' id='line_1_68' title="bbox 2307 787 3887 858; baseline 0.003 -21"><span class='ocrx_word' id='word_1_550' title='bbox 2307 787 2476 839; x_wconf 86' lang='lat' dir='ltr'><strong>Verbis</strong></span> <span class='ocrx_word' id='word_1_551' title='bbox 2505 787 2866 854; x_wconf 81' lang='lat' dir='ltr'><strong>humilitatem,</strong></span> <span class='ocrx_word' id='word_1_552' title='bbox 2909 789 3137 858; x_wconf 84' lang='lat' dir='ltr'><strong>operibus</strong></span> <span class='ocrx_word' id='word_1_553' title='bbox 3173 791 3442 857; x_wconf 83' lang='lat' dir='ltr'><strong>potentiam</strong></span> <span class='ocrx_word' id='word_1_554' title='bbox 3478 791 3887 844; x_wconf 86' lang='lat' dir='ltr'><strong>ostendebat.—</strong></span> 
     </span>
    </p>
   </div>
   <div class='ocr_carea' id='block_1_68' title="bbox 2298 875 3882 949">
    <p class='ocr_par' dir='ltr' id='par_1_68' title="bbox 2298 875 3882 949">
     <span class='ocr_line' id='line_1_69' title="bbox 2298 875 3882 949; baseline 0.001 -20"><span class='ocrx_word' id='word_1_555' title='bbox 2298 876 2498 945; x_wconf 86' lang='lat' dir='ltr'><strong>Ecqnid</strong></span> <span class='ocrx_word' id='word_1_556' title='bbox 2523 877 2637 930; x_wconf 82' lang='lat' dir='ltr'><strong>(lien</strong></span> <span class='ocrx_word' id='word_1_557' title='bbox 2665 875 2855 930; x_wconf 86' lang='lat' dir='ltr'><strong>Filium</strong></span> <span class='ocrx_word' id='word_1_558' title='bbox 2890 879 2938 931; x_wconf 91' lang='lat' dir='ltr'><strong>id</strong></span> <span class='ocrx_word' id='word_1_559' title='bbox 2967 877 3182 941; x_wconf 85' lang='lat' dir='ltr'><strong>fecisse.</strong></span> <span class='ocrx_word' id='word_1_560' title='bbox 3215 879 3425 948; x_wconf 81' lang='lat' dir='ltr'><strong>quando</strong></span> <span class='ocrx_word' id='word_1_561' title='bbox 3462 880 3620 934; x_wconf 83' lang='lat' dir='ltr'><strong>Pater</strong></span> <span class='ocrx_word' id='word_1_562' title='bbox 3648 881 3738 949; x_wconf 87' lang='lat' dir='ltr'><strong>qui</strong></span> <span class='ocrx_word' id='word_1_563' title='bbox 3769 897 3882 932; x_wconf 79' lang='lat' dir='ltr'><strong>non</strong></span> 
     </span>
    </p>
   </div>
   <div class='ocr_carea' id='block_1_69' title="bbox 2295 969 3878 1039">
    <p class='ocr_par' dir='ltr' id='par_1_69' title="bbox 2295 969 3878 1039">
     <span class='ocr_line' id='line_1_70' title="bbox 2295 969 3878 1039; baseline 0.003 -19"><span class='ocrx_word' id='word_1_564' title='bbox 2295 982 2509 1022; x_wconf 90' lang='lat' dir='ltr'><strong>carnem</strong></span> <span class='ocrx_word' id='word_1_565' title='bbox 2541 969 2863 1036; x_wconf 66' lang='lat' dir='ltr'><strong>assumpsit,</strong></span> <span class='ocrx_word' id='word_1_566' title='bbox 2900 969 3124 1038; x_wconf 88' lang='lat' dir='ltr'><strong>idipsum</strong></span> <span class='ocrx_word' id='word_1_567' title='bbox 3153 970 3275 1024; x_wconf 83' lang='lat' dir='ltr'><strong>facit</strong></span> <span class='ocrx_word' id='word_1_568' title='bbox 3304 970 3478 1024; x_wconf 82' lang='lat' dir='ltr'><strong>?Nam</strong></span> <span class='ocrx_word' id='word_1_569' title='bbox 3510 980 3562 1024; x_wconf 89' lang='lat' dir='ltr'><strong>et</strong></span> <span class='ocrx_word' id='word_1_570' title='bbox 3599 971 3714 1038; x_wconf 86' lang='lat' dir='ltr'><strong>ipse</strong></span> <span class='ocrx_word' id='word_1_571' title='bbox 3755 986 3878 1039; x_wconf 83' lang='lat' dir='ltr'><strong>pas-</strong></span> 
     </span>
    </p>
   </div>
   <div class='ocr_carea' id='block_1_70' title="bbox 2294 1060 3877 1115">
    <p class='ocr_par' dir='ltr' id='par_1_70' title="bbox 2294 1060 3877 1115">
     <span class='ocr_line' id='line_1_71' title="bbox 2294 1060 3877 1115; baseline 0.001 -5"><span class='ocrx_word' id='word_1_572' title='bbox 2294 1073 2384 1110; x_wconf 88' lang='lat' dir='ltr'><strong>sus</strong></span> <span class='ocrx_word' id='word_1_573' title='bbox 2405 1067 2485 1112; x_wconf 81' lang='lat' dir='ltr'><strong>est</strong></span> <span class='ocrx_word' id='word_1_574' title='bbox 2515 1060 2671 1110; x_wconf 86' lang='lat' dir='ltr'><strong>multa</strong></span> <span class='ocrx_word' id='word_1_575' title='bbox 2703 1060 2765 1112; x_wconf 71' lang='lat' dir='ltr'><strong>ill)</strong></span> <span class='ocrx_word' id='word_1_576' title='bbox 2790 1073 2848 1112; x_wconf 92' lang='lat' dir='ltr'><strong>sc</strong></span> <span class='ocrx_word' id='word_1_577' title='bbox 2879 1060 3091 1113; x_wconf 90' lang='lat' dir='ltr'><strong>lmmilia</strong></span> <span class='ocrx_word' id='word_1_578' title='bbox 3121 1061 3221 1114; x_wconf 89' lang='lat' dir='ltr'><strong>dici</strong></span> <span class='ocrx_word' id='word_1_579' title='bbox 3253 1061 3316 1114; x_wconf 89' lang='lat' dir='ltr'><strong>ad</strong></span> <span class='ocrx_word' id='word_1_580' title='bbox 3346 1062 3673 1115; x_wconf 88' lang='lat' dir='ltr'><strong>audientium</strong></span> <span class='ocrx_word' id='word_1_581' title='bbox 3728 1063 3877 1115; x_wconf 86' lang='lat' dir='ltr'><strong>salu-</strong></span> 
     </span>
    </p>
   </div>
   <div class='ocr_carea' id='block_1_71' title="bbox 2297 1150 3876 1221">
    <p class='ocr_par' dir='ltr' id='par_1_71' title="bbox 2297 1150 3876 1221">
     <span class='ocr_line' id='line_1_72' title="bbox 2297 1150 3876 1221; baseline 0.003 -20"><span class='ocrx_word' id='word_1_582' title='bbox 2297 1158 2422 1201; x_wconf 85' lang='lat' dir='ltr'><strong>tem.</strong></span> <span class='ocrx_word' id='word_1_583' title='bbox 2457 1150 2584 1204; x_wconf 90' lang='lat' dir='ltr'><strong>Illud</strong></span> <span class='ocrx_word' id='word_1_584' title='bbox 2629 1152 2790 1214; x_wconf 88' lang='lat' dir='ltr'><strong>enim,</strong></span> <span class='ocrx_word' id='word_1_585' title='bbox 2825 1152 3002 1214; x_wconf 78' lang='lat' dir='ltr'><strong>Adam,</strong></span> <span class='ocrx_word' id='word_1_586' title='bbox 3045 1154 3128 1204; x_wconf 86' lang='lat' dir='ltr'><strong>ubi</strong></span> <span class='ocrx_word' id='word_1_587' title='bbox 3159 1170 3207 1205; x_wconf 86' lang='lat' dir='ltr'><strong>es</strong></span> <span class='ocrx_word' id='word_1_588' title='bbox 3229 1151 3382 1221; x_wconf 82' lang='lat' dir='ltr'><strong>(Gen.</strong></span> <span class='ocrx_word' id='word_1_589' title='bbox 3413 1155 3466 1208; x_wconf 77' lang='lat'><strong>5.</strong></span> <span class='ocrx_word' id='word_1_590' title='bbox 3497 1155 3552 1221; x_wconf 84' lang='lat'><strong>9)</strong></span> <span class='ocrx_word' id='word_1_591' title='bbox 3583 1154 3606 1206; x_wconf 88' lang='lat'><strong>?</strong></span> <span class='ocrx_word' id='word_1_592' title='bbox 3637 1164 3691 1208; x_wconf 88' lang='lat' dir='ltr'><strong>ct</strong></span> <span class='ocrx_word' id='word_1_593' title='bbox 3721 1154 3876 1216; x_wconf 83' lang='lat' dir='ltr'><strong>illud,</strong></span> 
     </span>
    </p>
   </div>
   <div class='ocr_carea' id='block_1_72' title="bbox 2299 1238 3878 1310">
    <p class='ocr_par' dir='ltr' id='par_1_72' title="bbox 2299 1238 3878 1310">
     <span class='ocr_line' id='line_1_73' title="bbox 2299 1238 3878 1310; baseline 0.003 -19"><span class='ocrx_word' id='word_1_594' title='bbox 2299 1238 2363 1291; x_wconf 87' lang='lat' dir='ltr'><strong>Ut</strong></span> <span class='ocrx_word' id='word_1_595' title='bbox 2392 1257 2683 1309; x_wconf 69' lang='lat' dir='ltr'><strong>cognoscam</strong></span> <span class='ocrx_word' id='word_1_596' title='bbox 2713 1243 2754 1294; x_wconf 87' lang='lat' dir='ltr'><strong>si</strong></span> <span class='ocrx_word' id='word_1_597' title='bbox 2797 1243 2924 1307; x_wconf 77' lang='lat' dir='ltr'><strong>forte</strong></span> <span class='ocrx_word' id='word_1_598' title='bbox 2949 1243 3218 1295; x_wconf 79' lang='lat' dir='ltr'><strong>secundum</strong></span> <span class='ocrx_word' id='word_1_599' title='bbox 3261 1241 3529 1296; x_wconf 84' lang='lat' dir='ltr'><strong>clamorem</strong></span> <span class='ocrx_word' id='word_1_600' title='bbox 3556 1259 3736 1296; x_wconf 86' lang='lat' dir='ltr'><strong>eorum</strong></span> <span class='ocrx_word' id='word_1_601' title='bbox 3757 1260 3878 1310; x_wconf 73' lang='lat' dir='ltr'><strong>per—</strong></span> 
     </span>
    </p>
   </div>
   <div class='ocr_carea' id='block_1_73' title="bbox 2293 1332 3874 1404">
    <p class='ocr_par' dir='ltr' id='par_1_73' title="bbox 2293 1332 3874 1404">
     <span class='ocr_line' id='line_1_74' title="bbox 2293 1332 3874 1404; baseline 0.003 -23"><span class='ocrx_word' id='word_1_602' title='bbox 2293 1332 2464 1397; x_wconf 77' lang='lat' dir='ltr'><strong>ﬁciant</strong></span> <span class='ocrx_word' id='word_1_603' title='bbox 2501 1332 2670 1399; x_wconf 84' lang='lat' dir='ltr'><strong>(Ibid.</strong></span> <span class='ocrx_word' id='word_1_604' title='bbox 2711 1334 2790 1386; x_wconf 88' lang='lat' dir='ltr'><strong>l8.</strong></span> <span class='ocrx_word' id='word_1_605' title='bbox 2820 1333 2880 1385; x_wconf 70' lang='lat'><strong>2|</strong></span> <span class='ocrx_word' id='word_1_606' title='bbox 2913 1333 2929 1402; x_wconf 96' lang='lat'>)</span> <span class='ocrx_word' id='word_1_607' title='bbox 2977 1350 2989 1397; x_wconf 92' lang='lat'>;</span> <span class='ocrx_word' id='word_1_608' title='bbox 3024 1345 3094 1394; x_wconf 89' lang='lat' dir='ltr'><strong>et,</strong></span> <span class='ocrx_word' id='word_1_609' title='bbox 3141 1333 3293 1386; x_wconf 78' lang='lat' dir='ltr'><strong>Nunc</strong></span> <span class='ocrx_word' id='word_1_610' title='bbox 3322 1337 3529 1404; x_wconf 75' lang='lat' dir='ltr'><strong>cognovi</strong></span> <span class='ocrx_word' id='word_1_611' title='bbox 3557 1337 3695 1403; x_wconf 82' lang='lat' dir='ltr'><strong>quod</strong></span> <span class='ocrx_word' id='word_1_612' title='bbox 3726 1347 3778 1387; x_wconf 77' lang='lat' dir='ltr'><strong>tu</strong></span> <span class='ocrx_word' id='word_1_613' title='bbox 3807 1338 3874 1388; x_wconf 87' lang='lat' dir='ltr'><strong>ti-</strong></span> 
     </span>
    </p>
   </div>
   <div class='ocr_carea' id='block_1_74' title="bbox 2293 1421 3873 1496">
    <p class='ocr_par' dir='ltr' id='par_1_74' title="bbox 2293 1421 3873 1496">
     <span class='ocr_line' id='line_1_75' title="bbox 2293 1421 3873 1496; baseline 0.005 -25"><span class='ocrx_word' id='word_1_614' title='bbox 2293 1437 2426 1472; x_wconf 86' lang='lat' dir='ltr'><strong>nteas</strong></span> <span class='ocrx_word' id='word_1_615' title='bbox 2457 1421 2610 1473; x_wconf 83' lang='lat' dir='ltr'><strong>Deum</strong></span> <span class='ocrx_word' id='word_1_616' title='bbox 2639 1423 2798 1492; x_wconf 84' lang='lat' dir='ltr'><strong>(Ibid.</strong></span> <span class='ocrx_word' id='word_1_617' title='bbox 2828 1423 2914 1475; x_wconf 68' lang='lat'><strong>22.</strong></span> <span class='ocrx_word' id='word_1_618' title='bbox 2951 1425 3056 1491; x_wconf 72' lang='lat'><strong>12);</strong></span> <span class='ocrx_word' id='word_1_619' title='bbox 3082 1434 3151 1487; x_wconf 88' lang='lat' dir='ltr'><strong>et,</strong></span> <span class='ocrx_word' id='word_1_620' title='bbox 3175 1426 3234 1478; x_wconf 80' lang='lat' dir='ltr'><strong>Si</strong></span> <span class='ocrx_word' id='word_1_621' title='bbox 3263 1430 3391 1494; x_wconf 78' lang='lat' dir='ltr'><strong>forte</strong></span> <span class='ocrx_word' id='word_1_622' title='bbox 3415 1427 3622 1480; x_wconf 84' lang='lat' dir='ltr'><strong>audiant</strong></span> <span class='ocrx_word' id='word_1_623' title='bbox 3657 1427 3873 1496; x_wconf 71' lang='lat' dir='ltr'><strong>(Ezech.</strong></span> 
     </span>
    </p>
   </div>
   <div class='ocr_carea' id='block_1_75' title="bbox 2292 1513 3877 1586">
    <p class='ocr_par' dir='ltr' id='par_1_75' title="bbox 2292 1513 3877 1586">
     <span class='ocr_line' id='line_1_76' title="bbox 2292 1513 3877 1586; baseline 0.001 -21"><span class='ocrx_word' id='word_1_624' title='bbox 2292 1514 2342 1565; x_wconf 78' lang='grc'><strong>5.</strong></span> <span class='ocrx_word' id='word_1_625' title='bbox 2399 1513 2483 1581; x_wconf 80' lang='grc' dir='ltr'><strong>Η)</strong></span> <span class='ocrx_word' id='word_1_626' title='bbox 2517 1529 2528 1576; x_wconf 92' lang='grc'>;</span> <span class='ocrx_word' id='word_1_627' title='bbox 2576 1525 2648 1574; x_wconf 87' lang='lat' dir='ltr'><strong>et,</strong></span> <span class='ocrx_word' id='word_1_628' title='bbox 2699 1513 2759 1566; x_wconf 83' lang='lat' dir='ltr'><strong>Si</strong></span> <span class='ocrx_word' id='word_1_629' title='bbox 2800 1515 3083 1583; x_wconf 83' lang='lat' dir='ltr'><strong>intelligant</strong></span> <span class='ocrx_word' id='word_1_630' title='bbox 3108 1533 3125 1577; x_wconf 61' lang='grc'><strong>,⁸</strong></span> <span class='ocrx_word' id='word_1_631' title='bbox 3164 1525 3250 1579; x_wconf 83' lang='lat' dir='ltr'><strong>et,</strong></span> <span class='ocrx_word' id='word_1_632' title='bbox 3285 1516 3409 1581; x_wconf 82' lang='lat' dir='ltr'><strong>Quis</strong></span> <span class='ocrx_word' id='word_1_633' title='bbox 3439 1518 3519 1568; x_wconf 83' lang='lat' dir='ltr'><strong>det</strong></span> <span class='ocrx_word' id='word_1_634' title='bbox 3558 1534 3647 1569; x_wconf 87' lang='lat' dir='ltr'><strong>cor</strong></span> <span class='ocrx_word' id='word_1_635' title='bbox 3695 1520 3877 1586; x_wconf 71' lang='lat' dir='ltr'><strong>pepuli</strong></span> 
     </span>
    </p>
   </div>
   <div class='ocr_carea' id='block_1_76' title="bbox 2292 1604 3876 1674">
    <p class='ocr_par' dir='ltr' id='par_1_76' title="bbox 2292 1604 3876 1674">
     <span class='ocr_line' id='line_1_77' title="bbox 2292 1604 3876 1674; baseline 0.004 -21"><span class='ocrx_word' id='word_1_636' title='bbox 2292 1604 2439 1671; x_wconf 82' lang='lat' dir='ltr'><strong>hujus</strong></span> <span class='ocrx_word' id='word_1_637' title='bbox 2486 1605 2556 1655; x_wconf 82' lang='lat' dir='ltr'><strong>sic</strong></span> <span class='ocrx_word' id='word_1_638' title='bbox 2598 1620 2701 1656; x_wconf 84' lang='lat' dir='ltr'><strong>esse</strong></span> <span class='ocrx_word' id='word_1_639' title='bbox 2755 1605 2928 1671; x_wconf 82' lang='lat' dir='ltr'><strong>(Deut.</strong></span> <span class='ocrx_word' id='word_1_640' title='bbox 2975 1607 3027 1659; x_wconf 85' lang='lat'><strong>5.</strong></span> <span class='ocrx_word' id='word_1_641' title='bbox 3087 1606 3230 1674; x_wconf 77' lang='lat'><strong>‘29)?</strong></span> <span class='ocrx_word' id='word_1_642' title='bbox 3278 1616 3352 1670; x_wconf 85' lang='lat' dir='ltr'><strong>et,</strong></span> <span class='ocrx_word' id='word_1_643' title='bbox 3399 1605 3517 1659; x_wconf 86' lang='lat' dir='ltr'><strong>Non</strong></span> <span class='ocrx_word' id='word_1_644' title='bbox 3574 1618 3648 1659; x_wconf 83' lang='lat' dir='ltr'><strong>est</strong></span> <span class='ocrx_word' id='word_1_645' title='bbox 3687 1609 3876 1660; x_wconf 81' lang='lat' dir='ltr'><strong>similis</strong></span> 
     </span>
    </p>
   </div>
   <div class='ocr_carea' id='block_1_77' title="bbox 2292 1693 3872 1767">
    <p class='ocr_par' dir='ltr' id='par_1_77' title="bbox 2292 1693 3872 1767">
     <span class='ocr_line' id='line_1_78' title="bbox 2292 1693 3872 1767; baseline 0.004 -23"><span class='ocrx_word' id='word_1_646' title='bbox 2292 1695 2362 1746; x_wconf 89' lang='lat' dir='ltr'><strong>tui</strong></span> <span class='ocrx_word' id='word_1_647' title='bbox 2409 1695 2459 1746; x_wconf 85' lang='lat' dir='ltr'><strong>in</strong></span> <span class='ocrx_word' id='word_1_648' title='bbox 2488 1695 2615 1760; x_wconf 83' lang='lat' dir='ltr'><strong>diis,</strong></span> <span class='ocrx_word' id='word_1_649' title='bbox 2667 1693 2920 1758; x_wconf 88' lang='lat' dir='ltr'><strong>Domine;</strong></span> <span class='ocrx_word' id='word_1_650' title='bbox 2961 1706 3013 1748; x_wconf 91' lang='lat' dir='ltr'><strong>et</strong></span> <span class='ocrx_word' id='word_1_651' title='bbox 3052 1697 3216 1748; x_wconf 88' lang='lat' dir='ltr'><strong>multa</strong></span> <span class='ocrx_word' id='word_1_652' title='bbox 3262 1697 3361 1748; x_wconf 90' lang='lat' dir='ltr'><strong>alia</strong></span> <span class='ocrx_word' id='word_1_653' title='bbox 3416 1697 3468 1750; x_wconf 91' lang='lat' dir='ltr'><strong>in</strong></span> <span class='ocrx_word' id='word_1_654' title='bbox 3527 1699 3693 1751; x_wconf 86' lang='lat' dir='ltr'><strong>veteri</strong></span> <span class='ocrx_word' id='word_1_655' title='bbox 3754 1698 3872 1767; x_wconf 82' lang='lat' dir='ltr'><strong>lege</strong></span> 
     </span>
    </p>
   </div>
   <div class='ocr_carea' id='block_1_78' title="bbox 2291 1783 3870 1854">
    <p class='ocr_par' dir='ltr' id='par_1_78' title="bbox 2291 1783 3870 1854">
     <span class='ocr_line' id='line_1_79' title="bbox 2291 1783 3870 1854; baseline 0.002 -19"><span class='ocrx_word' id='word_1_656' title='bbox 2291 1783 2334 1835; x_wconf 92' lang='lat' dir='ltr'><strong>si</strong></span> <span class='ocrx_word' id='word_1_657' title='bbox 2385 1783 2501 1851; x_wconf 89' lang='lat' dir='ltr'><strong>quis</strong></span> <span class='ocrx_word' id='word_1_658' title='bbox 2551 1784 2783 1852; x_wconf 80' lang='lat' dir='ltr'><strong>colligat,</strong></span> <span class='ocrx_word' id='word_1_659' title='bbox 2839 1785 3051 1854; x_wconf 87' lang='lat' dir='ltr'><strong>indigna</strong></span> <span class='ocrx_word' id='word_1_660' title='bbox 3109 1785 3201 1840; x_wconf 88' lang='lat' dir='ltr'><strong>Dei</strong></span> <span class='ocrx_word' id='word_1_661' title='bbox 3244 1786 3518 1854; x_wconf 87' lang='lat' dir='ltr'><strong>majestate</strong></span> <span class='ocrx_word' id='word_1_662' title='bbox 3565 1802 3687 1842; x_wconf 87' lang='lat' dir='ltr'><strong>esse</strong></span> <span class='ocrx_word' id='word_1_663' title='bbox 3715 1804 3870 1841; x_wconf 83' lang='lat' dir='ltr'><strong>com-</strong></span> 
     </span>
    </p>
   </div>
   <div class='ocr_carea' id='block_1_79' title="bbox 2291 1873 3874 1942">
    <p class='ocr_par' dir='ltr' id='par_1_79' title="bbox 2291 1873 3874 1942">
     <span class='ocr_line' id='line_1_80' title="bbox 2291 1873 3874 1942; baseline 0.001 -16"><span class='ocrx_word' id='word_1_664' title='bbox 2291 1875 2477 1941; x_wconf 87' lang='lat' dir='ltr'><strong>pcrict.</strong></span> <span class='ocrx_word' id='word_1_665' title='bbox 2514 1873 2580 1926; x_wconf 87' lang='lat' dir='ltr'><strong>Et</strong></span> <span class='ocrx_word' id='word_1_666' title='bbox 2615 1875 2682 1927; x_wconf 88' lang='lat' dir='ltr'><strong>de</strong></span> <span class='ocrx_word' id='word_1_667' title='bbox 2724 1875 2908 1928; x_wconf 82' lang='lat' dir='ltr'><strong>Achab</strong></span> <span class='ocrx_word' id='word_1_668' title='bbox 2948 1875 3146 1928; x_wconf 88' lang='lat' dir='ltr'><strong>dictum</strong></span> <span class='ocrx_word' id='word_1_669' title='bbox 3190 1885 3303 1938; x_wconf 90' lang='lat' dir='ltr'><strong>est,</strong></span> <span class='ocrx_word' id='word_1_670' title='bbox 3340 1877 3462 1942; x_wconf 83' lang='lat' dir='ltr'><strong>Quis</strong></span> <span class='ocrx_word' id='word_1_671' title='bbox 3500 1877 3714 1941; x_wconf 75' lang='lat' dir='ltr'><strong>decipiet</strong></span> <span class='ocrx_word' id='word_1_672' title='bbox 3748 1879 3874 1930; x_wconf 86' lang='lat' dir='ltr'><strong>mihi</strong></span> 
     </span>
    </p>
   </div>
   <div class='ocr_carea' id='block_1_80' title="bbox 2289 1963 3872 2040">
    <p class='ocr_par' dir='ltr' id='par_1_80' title="bbox 2289 1963 3872 2040">
     <span class='ocr_line' id='line_1_81' title="bbox 2289 1963 3872 2040; baseline 0.006 -27"><span class='ocrx_word' id='word_1_673' title='bbox 2289 1963 2458 2015; x_wconf 79' lang='lat' dir='ltr'><strong>Achab</strong></span> <span class='ocrx_word' id='word_1_674' title='bbox 2481 1965 2555 2033; x_wconf 68' lang='grc' dir='ltr'><strong>(Ξ.</strong></span> <span class='ocrx_word' id='word_1_675' title='bbox 2585 1963 2760 2018; x_wconf 89' lang='lat' dir='ltr'><strong>Paral.</strong></span> <span class='ocrx_word' id='word_1_676' title='bbox 2787 1966 2867 2020; x_wconf 87' lang='lat' dir='ltr'><strong>l8.</strong></span> <span class='ocrx_word' id='word_1_677' title='bbox 2894 1967 3024 2035; x_wconf 80' lang='lat' dir='ltr'><strong>l9)?</strong></span> <span class='ocrx_word' id='word_1_678' title='bbox 3057 1967 3120 2020; x_wconf 87' lang='lat' dir='ltr'><strong>Et</strong></span> <span class='ocrx_word' id='word_1_679' title='bbox 3145 1968 3283 2037; x_wconf 84' lang='lat' dir='ltr'><strong>quod</strong></span> <span class='ocrx_word' id='word_1_680' title='bbox 3313 1967 3444 2021; x_wconf 83' lang='lat' dir='ltr'><strong>facta</strong></span> <span class='ocrx_word' id='word_1_681' title='bbox 3470 1983 3588 2022; x_wconf 90' lang='lat' dir='ltr'><strong>cum</strong></span> <span class='ocrx_word' id='word_1_682' title='bbox 3619 1970 3722 2022; x_wconf 88' lang='lat' dir='ltr'><strong>diis</strong></span> <span class='ocrx_word' id='word_1_683' title='bbox 3750 1987 3872 2040; x_wconf 67' lang='lat' dir='ltr'><strong>grn-</strong></span> 
     </span>
    </p>
   </div>
   <div class='ocr_carea' id='block_1_81' title="bbox 2292 2056 3872 2129">
    <p class='ocr_par' dir='ltr' id='par_1_81' title="bbox 2292 2056 3872 2129">
     <span class='ocr_line' id='line_1_82' title="bbox 2292 2056 3872 2129; baseline 0.005 -20"><span class='ocrx_word' id='word_1_684' title='bbox 2292 2056 2456 2109; x_wconf 90' lang='lat' dir='ltr'><strong>tilium</strong></span> <span class='ocrx_word' id='word_1_685' title='bbox 2499 2060 2893 2125; x_wconf 85' lang='lat' dir='ltr'><strong>comparatione</strong></span> <span class='ocrx_word' id='word_1_686' title='bbox 2924 2075 2981 2114; x_wconf 81' lang='lat' dir='ltr'><strong>se</strong></span> <span class='ocrx_word' id='word_1_687' title='bbox 3022 2075 3230 2129; x_wconf 67' lang='lat' dir='ltr'><strong>semper</strong></span> <span class='ocrx_word' id='word_1_688' title='bbox 3273 2061 3372 2113; x_wconf 57' lang='lat' dir='ltr'><strong>illis</strong></span> <span class='ocrx_word' id='word_1_689' title='bbox 3405 2071 3674 2129; x_wconf 79' lang='lat' dir='ltr'><strong>pra-ponat.</strong></span> <span class='ocrx_word' id='word_1_690' title='bbox 3701 2105 3714 2122; x_wconf 86' lang='lat'><strong>,</strong></span> <span class='ocrx_word' id='word_1_691' title='bbox 3757 2063 3872 2117; x_wconf 61' lang='lat' dir='ltr'><strong>hasc</strong></span> 
     </span>
    </p>
   </div>
   <div class='ocr_carea' id='block_1_82' title="bbox 2289 2148 3872 2222">
    <p class='ocr_par' dir='ltr' id='par_1_82' title="bbox 2289 2148 3872 2222">
     <span class='ocr_line' id='line_1_83' title="bbox 2289 2148 3872 2222; baseline 0.004 -22"><span class='ocrx_word' id='word_1_692' title='bbox 2289 2152 2460 2200; x_wconf 83' lang='lat' dir='ltr'><strong>omu&#39;a</strong></span> <span class='ocrx_word' id='word_1_693' title='bbox 2496 2148 2703 2215; x_wconf 83' lang='lat' dir='ltr'><strong>indigna</strong></span> <span class='ocrx_word' id='word_1_694' title='bbox 2732 2159 2854 2202; x_wconf 91' lang='lat' dir='ltr'><strong>sunt</strong></span> <span class='ocrx_word' id='word_1_695' title='bbox 2894 2151 3036 2212; x_wconf 88' lang='lat' dir='ltr'><strong>Deo;</strong></span> <span class='ocrx_word' id='word_1_696' title='bbox 3070 2152 3160 2204; x_wconf 86' lang='lat' dir='ltr'><strong>sed</strong></span> <span class='ocrx_word' id='word_1_697' title='bbox 3192 2152 3290 2203; x_wconf 81' lang='lat' dir='ltr'><strong>alia</strong></span> <span class='ocrx_word' id='word_1_698' title='bbox 3321 2154 3523 2205; x_wconf 85' lang='lat' dir='ltr'><strong>ratione</strong></span> <span class='ocrx_word' id='word_1_699' title='bbox 3551 2153 3708 2222; x_wconf 84' lang='lat' dir='ltr'><strong>digna</strong></span> <span class='ocrx_word' id='word_1_700' title='bbox 3743 2165 3872 2206; x_wconf 89' lang='lat' dir='ltr'><strong>sunt</strong></span> 
     </span>
    </p>
   </div>
   <div class='ocr_carea' id='block_1_83' title="bbox 2291 2236 3867 2309">
    <p class='ocr_par' dir='ltr' id='par_1_83' title="bbox 2291 2236 3867 2309">
     <span class='ocr_line' id='line_1_84' title="bbox 2291 2236 3867 2309; baseline 0.005 -22"><span class='ocrx_word' id='word_1_701' title='bbox 2291 2236 2399 2288; x_wconf 83' lang='lat' dir='ltr'><strong>illo.</strong></span> <span class='ocrx_word' id='word_1_702' title='bbox 2449 2237 2578 2289; x_wconf 87' lang='lat' dir='ltr'><strong>Nam</strong></span> <span class='ocrx_word' id='word_1_703' title='bbox 2622 2239 2692 2291; x_wconf 89' lang='lat' dir='ltr'><strong>ita</strong></span> <span class='ocrx_word' id='word_1_704' title='bbox 2733 2239 2990 2308; x_wconf 84' lang='lat' dir='ltr'><strong>benignus</strong></span> <span class='ocrx_word' id='word_1_705' title='bbox 3020 2250 3131 2301; x_wconf 85' lang='lat' dir='ltr'><strong>est,</strong></span> <span class='ocrx_word' id='word_1_706' title='bbox 3168 2250 3222 2293; x_wconf 90' lang='lat' dir='ltr'><strong>ut</strong></span> <span class='ocrx_word' id='word_1_707' title='bbox 3257 2252 3470 2309; x_wconf 83' lang='lat' dir='ltr'><strong>propter</strong></span> <span class='ocrx_word' id='word_1_708' title='bbox 3509 2243 3732 2295; x_wconf 86' lang='lat' dir='ltr'><strong>salutem</strong></span> <span class='ocrx_word' id='word_1_709' title='bbox 3767 2258 3867 2295; x_wconf 85' lang='lat' dir='ltr'><strong>no-</strong></span> 
     </span>
    </p>
   </div>
   <div class='ocr_carea' id='block_1_84' title="bbox 2240 2321 3862 2399">
    <p class='ocr_par' dir='ltr' id='par_1_84' title="bbox 2240 2321 3862 2399">
     <span class='ocr_line' id='line_1_85' title="bbox 2240 2321 3862 2399; baseline 0.004 -19"><span class='ocrx_word' id='word_1_710' title='bbox 2240 2321 2247 2327; x_wconf 77' lang='grc'><em>’</em></span> <span class='ocrx_word' id='word_1_711' title='bbox 2290 2338 2450 2380; x_wconf 83' lang='lat' dir='ltr'><strong>stram</strong></span> <span class='ocrx_word' id='word_1_712' title='bbox 2494 2330 2647 2382; x_wconf 77' lang='lat' dir='ltr'><strong>verba</strong></span> <span class='ocrx_word' id='word_1_713' title='bbox 2697 2329 2938 2399; x_wconf 76' lang='lat' dir='ltr'><strong>dignitati</strong></span> <span class='ocrx_word' id='word_1_714' title='bbox 2970 2347 3078 2385; x_wconf 70' lang='lat' dir='ltr'><strong>sum</strong></span> <span class='ocrx_word' id='word_1_715' title='bbox 3120 2335 3483 2386; x_wconf 84' lang='lat' dir='ltr'><strong>convenientia</strong></span> <span class='ocrx_word' id='word_1_716' title='bbox 3530 2345 3862 2387; x_wconf 84' lang='lat' dir='ltr'><strong>contemnat.</strong></span> 
     </span>
    </p>
   </div>
   <div class='ocr_carea' id='block_1_85' title="bbox 2293 2419 3864 2491">
    <p class='ocr_par' dir='ltr' id='par_1_85' title="bbox 2293 2419 3864 2491">
     <span class='ocr_line' id='line_1_86' title="bbox 2293 2419 3864 2491; baseline 0.004 -20"><span class='ocrx_word' id='word_1_717' title='bbox 2293 2419 2399 2471; x_wconf 79' lang='lat' dir='ltr'><strong>lino</strong></span> <span class='ocrx_word' id='word_1_718' title='bbox 2447 2429 2499 2471; x_wconf 85' lang='lat' dir='ltr'><strong>et</strong></span> <span class='ocrx_word' id='word_1_719' title='bbox 2527 2421 2664 2488; x_wconf 86' lang='lat' dir='ltr'><strong>quod</strong></span> <span class='ocrx_word' id='word_1_720' title='bbox 2715 2421 2871 2471; x_wconf 87' lang='lat' dir='ltr'><strong>homo</strong></span> <span class='ocrx_word' id='word_1_721' title='bbox 2916 2421 3082 2474; x_wconf 86' lang='lat' dir='ltr'><strong>factus</strong></span> <span class='ocrx_word' id='word_1_722' title='bbox 3107 2423 3174 2474; x_wconf 85' lang='lat' dir='ltr'><strong>sit</strong></span> <span class='ocrx_word' id='word_1_723' title='bbox 3196 2463 3211 2487; x_wconf 93' lang='lat'><strong>,</strong></span> <span class='ocrx_word' id='word_1_724' title='bbox 3243 2422 3569 2491; x_wconf 76' lang='lat' dir='ltr'><strong>formamque.</strong></span> <span class='ocrx_word' id='word_1_725' title='bbox 3598 2425 3736 2476; x_wconf 81' lang='lat' dir='ltr'><strong>servi</strong></span> <span class='ocrx_word' id='word_1_726' title='bbox 3771 2440 3864 2478; x_wconf 84' lang='lat' dir='ltr'><strong>ac-</strong></span> 
     </span>
    </p>
   </div>
   <div class='ocr_carea' id='block_1_86' title="bbox 2289 2510 3868 2580">
    <p class='ocr_par' dir='ltr' id='par_1_86' title="bbox 2289 2510 3868 2580">
     <span class='ocr_line' id='line_1_87' title="bbox 2289 2510 3868 2580; baseline 0.005 -21"><span class='ocrx_word' id='word_1_727' title='bbox 2289 2511 2521 2575; x_wconf 84' lang='lat' dir='ltr'><strong>ceperit,</strong></span> <span class='ocrx_word' id='word_1_728' title='bbox 2560 2511 2706 2576; x_wconf 65' lang='lat' dir='ltr'><strong>quod</strong></span> <span class='ocrx_word' id='word_1_729' title='bbox 2741 2510 2955 2563; x_wconf 87' lang='lat' dir='ltr'><strong>humilia</strong></span> <span class='ocrx_word' id='word_1_730' title='bbox 3010 2511 3164 2564; x_wconf 67' lang='lat' dir='ltr'><strong>verba</strong></span> <span class='ocrx_word' id='word_1_731' title='bbox 3213 2511 3474 2580; x_wconf 87' lang='lat' dir='ltr'><strong>loquatur,</strong></span> <span class='ocrx_word' id='word_1_732' title='bbox 3518 2516 3654 2580; x_wconf 85' lang='lat' dir='ltr'><strong>quod</strong></span> <span class='ocrx_word' id='word_1_733' title='bbox 3691 2514 3868 2566; x_wconf 84' lang='lat' dir='ltr'><strong>vilitcr</strong></span> 
     </span>
    </p>
   </div>
   <div class='ocr_carea' id='block_1_87' title="bbox 2287 2600 3864 2671">
    <p class='ocr_par' dir='ltr' id='par_1_87' title="bbox 2287 2600 3864 2671">
     <span class='ocr_line' id='line_1_88' title="bbox 2287 2600 3864 2671; baseline 0.004 -19"><span class='ocrx_word' id='word_1_734' title='bbox 2287 2601 2357 2652; x_wconf 82' lang='lat' dir='ltr'><strong>sit</strong></span> <span class='ocrx_word' id='word_1_735' title='bbox 2407 2600 2650 2665; x_wconf 83' lang='lat' dir='ltr'><strong>amictus,</strong></span> <span class='ocrx_word' id='word_1_736' title='bbox 2684 2601 2952 2668; x_wconf 77' lang='lat' dir='ltr'><strong>indignum</strong></span> <span class='ocrx_word' id='word_1_737' title='bbox 2997 2601 3085 2654; x_wconf 73' lang='lat' dir='ltr'><strong>illo</strong></span> <span class='ocrx_word' id='word_1_738' title='bbox 3126 2612 3243 2664; x_wconf 89' lang='lat' dir='ltr'><strong>est,</strong></span> <span class='ocrx_word' id='word_1_739' title='bbox 3287 2602 3328 2654; x_wconf 88' lang='lat' dir='ltr'><strong>si</strong></span> <span class='ocrx_word' id='word_1_740' title='bbox 3361 2604 3478 2671; x_wconf 89' lang='lat' dir='ltr'><strong>quis</strong></span> <span class='ocrx_word' id='word_1_741' title='bbox 3527 2606 3864 2671; x_wconf 73' lang='lat' dir='ltr'><strong>tnajestatem</strong></span> 
     </span>
    </p>
   </div>
   <div class='ocr_carea' id='block_1_88' title="bbox 2285 2689 3865 2762">
    <p class='ocr_par' dir='ltr' id='par_1_88' title="bbox 2285 2689 3865 2762">
     <span class='ocr_line' id='line_1_89' title="bbox 2285 2689 3865 2762; baseline 0.002 -20"><span class='ocrx_word' id='word_1_742' title='bbox 2285 2689 2402 2757; x_wconf 87' lang='lat' dir='ltr'><strong>ejus</strong></span> <span class='ocrx_word' id='word_1_743' title='bbox 2431 2691 2713 2757; x_wconf 86' lang='lat' dir='ltr'><strong>respiciat;</strong></span> <span class='ocrx_word' id='word_1_744' title='bbox 2743 2691 2957 2758; x_wconf 81' lang='lat' dir='ltr'><strong>dignum</strong></span> <span class='ocrx_word' id='word_1_745' title='bbox 2997 2706 3138 2755; x_wconf 66' lang='lat' dir='ltr'><strong>vero,</strong></span> <span class='ocrx_word' id='word_1_746' title='bbox 3172 2692 3214 2743; x_wconf 88' lang='lat' dir='ltr'><strong>si</strong></span> <span class='ocrx_word' id='word_1_747' title='bbox 3243 2693 3361 2760; x_wconf 91' lang='lat' dir='ltr'><strong>quis</strong></span> <span class='ocrx_word' id='word_1_748' title='bbox 3391 2693 3727 2762; x_wconf 77' lang='lat' dir='ltr'><strong>benignitatis</strong></span> <span class='ocrx_word' id='word_1_749' title='bbox 3747 2695 3865 2762; x_wconf 77' lang='lat' dir='ltr'><strong>ejus</strong></span> 
     </span>
    </p>
   </div>
   <div class='ocr_carea' id='block_1_89' title="bbox 2287 2780 3868 2851">
    <p class='ocr_par' dir='ltr' id='par_1_89' title="bbox 2287 2780 3868 2851">
     <span class='ocr_line' id='line_1_90' title="bbox 2287 2780 3868 2851; baseline 0.003 -17"><span class='ocrx_word' id='word_1_750' title='bbox 2287 2780 2579 2835; x_wconf 80' lang='lat' dir='ltr'><strong>inctl&#39;abiles</strong></span> <span class='ocrx_word' id='word_1_751' title='bbox 2608 2781 2816 2835; x_wconf 82' lang='lat' dir='ltr'><strong>divitias</strong></span> <span class='ocrx_word' id='word_1_752' title='bbox 2843 2797 3022 2836; x_wconf 88' lang='lat' dir='ltr'><strong>secum</strong></span> <span class='ocrx_word' id='word_1_753' title='bbox 3061 2793 3284 2851; x_wconf 86' lang='lat' dir='ltr'><strong>reputet.</strong></span> <span class='ocrx_word' id='word_1_754' title='bbox 3319 2784 3412 2838; x_wconf 87' lang='lat' dir='ltr'><strong>Est</strong></span> <span class='ocrx_word' id='word_1_755' title='bbox 3438 2793 3492 2838; x_wconf 91' lang='lat' dir='ltr'><strong>et</strong></span> <span class='ocrx_word' id='word_1_756' title='bbox 3516 2785 3616 2838; x_wconf 84' lang='lat' dir='ltr'><strong>alia</strong></span> <span class='ocrx_word' id='word_1_757' title='bbox 3646 2784 3868 2838; x_wconf 58' lang='lat' dir='ltr'><strong>humili-</strong></span> 
     </span>
    </p>
   </div>
   <div class='ocr_carea' id='block_1_90' title="bbox 2288 2871 3866 2938">
    <p class='ocr_par' dir='ltr' id='par_1_90' title="bbox 2288 2871 3866 2938">
     <span class='ocr_line' id='line_1_91' title="bbox 2288 2871 3866 2938; baseline 0.004 -17"><span class='ocrx_word' id='word_1_758' title='bbox 2288 2872 2410 2923; x_wconf 88' lang='lat' dir='ltr'><strong>tatis</strong></span> <span class='ocrx_word' id='word_1_759' title='bbox 2439 2871 2722 2924; x_wconf 78' lang='lat' dir='ltr'><strong>verborum</strong></span> <span class='ocrx_word' id='word_1_760' title='bbox 2766 2886 2944 2925; x_wconf 87' lang='lat' dir='ltr'><strong>causa.</strong></span> <span class='ocrx_word' id='word_1_761' title='bbox 2993 2872 3243 2937; x_wconf 67' lang='lat' dir='ltr'><strong>Qucenam</strong></span> <span class='ocrx_word' id='word_1_762' title='bbox 3291 2873 3449 2926; x_wconf 58' lang='lat' dir='ltr'><strong>haec?</strong></span> <span class='ocrx_word' id='word_1_763' title='bbox 3487 2874 3614 2938; x_wconf 85' lang='lat' dir='ltr'><strong>Quia</strong></span> <span class='ocrx_word' id='word_1_764' title='bbox 3647 2873 3866 2928; x_wconf 81' lang='lat' dir='ltr'><strong>Patrem</strong></span> 
     </span>
    </p>
   </div>
   <div class='ocr_carea' id='block_1_91' title="bbox 2286 2961 3866 3032">
    <p class='ocr_par' dir='ltr' id='par_1_91' title="bbox 2286 2961 3866 3032">
     <span class='ocr_line' id='line_1_92' title="bbox 2286 2961 3866 3032; baseline 0.006 -23"><span class='ocrx_word' id='word_1_765' title='bbox 2286 2961 2498 3030; x_wconf 89' lang='lat' dir='ltr'><strong>quidem</strong></span> <span class='ocrx_word' id='word_1_766' title='bbox 2536 2969 2588 3014; x_wconf 90' lang='lat' dir='ltr'><strong>et</strong></span> <span class='ocrx_word' id='word_1_767' title='bbox 2617 2973 2876 3014; x_wconf 80' lang='lat' dir='ltr'><strong>noverant</strong></span> <span class='ocrx_word' id='word_1_768' title='bbox 2905 2971 2957 3016; x_wconf 92' lang='lat' dir='ltr'><strong>et</strong></span> <span class='ocrx_word' id='word_1_769' title='bbox 2978 2962 3386 3027; x_wconf 75' lang='lat' dir='ltr'><strong>confitebantur,</strong></span> <span class='ocrx_word' id='word_1_770' title='bbox 3411 2964 3579 3032; x_wconf 88' lang='lat' dir='ltr'><strong>ipsum</strong></span> <span class='ocrx_word' id='word_1_771' title='bbox 3605 2979 3730 3019; x_wconf 86' lang='lat' dir='ltr'><strong>vero</strong></span> <span class='ocrx_word' id='word_1_772' title='bbox 3756 2982 3866 3018; x_wconf 83' lang='lat' dir='ltr'><strong>non</strong></span> 
     </span>
    </p>
   </div>
   <div class='ocr_carea' id='block_1_92' title="bbox 2288 3049 3868 3122">
    <p class='ocr_par' dir='ltr' id='par_1_92' title="bbox 2288 3049 3868 3122">
     <span class='ocr_line' id='line_1_93' title="bbox 2288 3049 3868 3122; baseline 0.004 -21"><span class='ocrx_word' id='word_1_773' title='bbox 2288 3060 2559 3103; x_wconf 72' lang='lat' dir='ltr'><strong>noverant.</strong></span> <span class='ocrx_word' id='word_1_774' title='bbox 2591 3049 2709 3104; x_wconf 90' lang='lat' dir='ltr'><strong>Ideo</strong></span> <span class='ocrx_word' id='word_1_775' title='bbox 2728 3049 3030 3120; x_wconf 87' lang='lat' dir='ltr'><strong>frequenter</strong></span> <span class='ocrx_word' id='word_1_776' title='bbox 3050 3051 3115 3105; x_wconf 88' lang='lat' dir='ltr'><strong>ad</strong></span> <span class='ocrx_word' id='word_1_777' title='bbox 3135 3053 3345 3106; x_wconf 85' lang='lat' dir='ltr'><strong>Patrem</strong></span> <span class='ocrx_word' id='word_1_778' title='bbox 3371 3051 3581 3121; x_wconf 79' lang='lat' dir='ltr'><strong>refugit,</strong></span> <span class='ocrx_word' id='word_1_779' title='bbox 3605 3052 3745 3122; x_wconf 88' lang='lat' dir='ltr'><strong>quod</strong></span> <span class='ocrx_word' id='word_1_780' title='bbox 3773 3053 3868 3108; x_wconf 88' lang='lat' dir='ltr'><strong>ille</strong></span> 
     </span>
    </p>
   </div>
   <div class='ocr_carea' id='block_1_93' title="bbox 2288 3138 3867 3214">
    <p class='ocr_par' dir='ltr' id='par_1_93' title="bbox 2288 3138 3867 3214">
     <span class='ocr_line' id='line_1_94' title="bbox 2288 3138 3867 3214; baseline 0.006 -22"><span class='ocrx_word' id='word_1_781' title='bbox 2288 3139 2339 3192; x_wconf 87' lang='lat' dir='ltr'><strong>itt</strong></span> <span class='ocrx_word' id='word_1_782' title='bbox 2369 3140 2612 3194; x_wconf 86' lang='lat' dir='ltr'><strong>confesso</strong></span> <span class='ocrx_word' id='word_1_783' title='bbox 2643 3151 2803 3206; x_wconf 88' lang='lat' dir='ltr'><strong>esset,</strong></span> <span class='ocrx_word' id='word_1_784' title='bbox 2837 3143 2984 3210; x_wconf 89' lang='lat' dir='ltr'><strong>quasi</strong></span> <span class='ocrx_word' id='word_1_785' title='bbox 3012 3143 3123 3210; x_wconf 90' lang='lat' dir='ltr'><strong>ipse</strong></span> <span class='ocrx_word' id='word_1_786' title='bbox 3162 3143 3394 3197; x_wconf 89' lang='lat' dir='ltr'><strong>nondum</strong></span> <span class='ocrx_word' id='word_1_787' title='bbox 3427 3144 3528 3199; x_wconf 82' lang='lat' dir='ltr'><strong>fide</strong></span> <span class='ocrx_word' id='word_1_788' title='bbox 3553 3138 3745 3214; x_wconf 85' lang='lat' dir='ltr'><strong>dignus</strong></span> <span class='ocrx_word' id='word_1_789' title='bbox 3775 3161 3867 3201; x_wconf 87' lang='lat' dir='ltr'><strong>es-</strong></span> 
     </span>
    </p>
   </div>
   <div class='ocr_carea' id='block_1_94' title="bbox 2287 3235 3865 3298">
    <p class='ocr_par' dir='ltr' id='par_1_94' title="bbox 2287 3235 3865 3298">
     <span class='ocr_line' id='line_1_95' title="bbox 2287 3235 3865 3298; baseline 0.004 -12"><span class='ocrx_word' id='word_1_790' title='bbox 2287 3244 2402 3295; x_wconf 85' lang='lat' dir='ltr'><strong>set;</strong></span> <span class='ocrx_word' id='word_1_791' title='bbox 2435 3250 2536 3288; x_wconf 84' lang='lat' dir='ltr'><strong>uon</strong></span> <span class='ocrx_word' id='word_1_792' title='bbox 2573 3250 2634 3287; x_wconf 79' lang='lat' dir='ltr'><strong>ex</strong></span> <span class='ocrx_word' id='word_1_793' title='bbox 2668 3249 2757 3298; x_wconf 90' lang='lat' dir='ltr'><strong>se,</strong></span> <span class='ocrx_word' id='word_1_794' title='bbox 2786 3235 2878 3288; x_wconf 89' lang='lat' dir='ltr'><strong>sed</strong></span> <span class='ocrx_word' id='word_1_795' title='bbox 2906 3251 2968 3289; x_wconf 75' lang='lat' dir='ltr'><strong>ex</strong></span> <span class='ocrx_word' id='word_1_796' title='bbox 2996 3235 3294 3290; x_wconf 87' lang='lat' dir='ltr'><strong>auditorum</strong></span> <span class='ocrx_word' id='word_1_797' title='bbox 3329 3237 3549 3290; x_wconf 89' lang='lat' dir='ltr'><strong>stultitia</strong></span> <span class='ocrx_word' id='word_1_798' title='bbox 3592 3246 3646 3291; x_wconf 89' lang='lat' dir='ltr'><strong>et</strong></span> <span class='ocrx_word' id='word_1_799' title='bbox 3686 3239 3865 3293; x_wconf 86' lang='lat' dir='ltr'><strong>imbe-</strong></span> 
     </span>
    </p>
   </div>
   <div class='ocr_carea' id='block_1_95' title="bbox 2287 3325 3867 3399">
    <p class='ocr_par' dir='ltr' id='par_1_95' title="bbox 2287 3325 3867 3399">
     <span class='ocr_line' id='line_1_96' title="bbox 2287 3325 3867 3399; baseline 0.003 -22"><span class='ocrx_word' id='word_1_800' title='bbox 2287 3326 2525 3378; x_wconf 84' lang='lat' dir='ltr'><strong>cillitate.</strong></span> <span class='ocrx_word' id='word_1_801' title='bbox 2559 3325 2678 3378; x_wconf 88' lang='lat' dir='ltr'><strong>ldco</strong></span> <span class='ocrx_word' id='word_1_802' title='bbox 2721 3335 2964 3394; x_wconf 87' lang='lat' dir='ltr'><strong>precatur</strong></span> <span class='ocrx_word' id='word_1_803' title='bbox 3006 3335 3058 3380; x_wconf 89' lang='lat' dir='ltr'><strong>et</strong></span> <span class='ocrx_word' id='word_1_804' title='bbox 3100 3326 3268 3380; x_wconf 88' lang='lat' dir='ltr'><strong>dicit:</strong></span> <span class='ocrx_word' id='word_1_805' title='bbox 3311 3325 3491 3393; x_wconf 78' lang='lat' dir='ltr'><strong>Pater,</strong></span> <span class='ocrx_word' id='word_1_806' title='bbox 3532 3329 3722 3397; x_wconf 88' lang='lat' dir='ltr'><strong>gratias</strong></span> <span class='ocrx_word' id='word_1_807' title='bbox 3764 3346 3867 3399; x_wconf 86' lang='lat' dir='ltr'><strong>ago</strong></span> 
     </span>
    </p>
   </div>
   <div class='ocr_carea' id='block_1_96' title="bbox 2287 3417 3862 3489">
    <p class='ocr_par' dir='ltr' id='par_1_96' title="bbox 2287 3417 3862 3489">
     <span class='ocr_line' id='line_1_97' title="bbox 2287 3417 3862 3489; baseline 0.004 -21"><span class='ocrx_word' id='word_1_808' title='bbox 2287 3417 2395 3478; x_wconf 89' lang='lat' dir='ltr'><strong>tibi,</strong></span> <span class='ocrx_word' id='word_1_809' title='bbox 2425 3417 2661 3484; x_wconf 83' lang='lat' dir='ltr'><strong>quoniam</strong></span> <span class='ocrx_word' id='word_1_810' title='bbox 2710 3419 2898 3471; x_wconf 55' lang='lat' dir='ltr'><strong>audisti</strong></span> <span class='ocrx_word' id='word_1_811' title='bbox 2934 3435 3026 3470; x_wconf 89' lang='lat' dir='ltr'><strong>me.</strong></span> <span class='ocrx_word' id='word_1_812' title='bbox 3069 3417 3199 3472; x_wconf 84' lang='lat' dir='ltr'><strong>Nam</strong></span> <span class='ocrx_word' id='word_1_813' title='bbox 3227 3419 3272 3474; x_wconf 81' lang='lat' dir='ltr'><strong>si</strong></span> <span class='ocrx_word' id='word_1_814' title='bbox 3304 3436 3432 3489; x_wconf 84' lang='lat' dir='ltr'><strong>quos</strong></span> <span class='ocrx_word' id='word_1_815' title='bbox 3471 3422 3579 3475; x_wconf 82' lang='lat' dir='ltr'><strong>vult</strong></span> <span class='ocrx_word' id='word_1_816' title='bbox 3606 3422 3862 3488; x_wconf 71' lang='lat' dir='ltr'><strong>\‘ivilicat,</strong></span> 
     </span>
    </p>
   </div>
   <div class='ocr_carea' id='block_1_97' title="bbox 2286 3508 3864 3580">
    <p class='ocr_par' dir='ltr' id='par_1_97' title="bbox 2286 3508 3864 3580">
     <span class='ocr_line' id='line_1_98' title="bbox 2286 3508 3864 3580; baseline 0.003 -20"><span class='ocrx_word' id='word_1_817' title='bbox 2286 3518 2338 3560; x_wconf 91' lang='lat' dir='ltr'><strong>et</strong></span> <span class='ocrx_word' id='word_1_818' title='bbox 2367 3509 2435 3560; x_wconf 87' lang='lat' dir='ltr'><strong>ita</strong></span> <span class='ocrx_word' id='word_1_819' title='bbox 2468 3508 2698 3560; x_wconf 85' lang='lat' dir='ltr'><strong>viviticat</strong></span> <span class='ocrx_word' id='word_1_820' title='bbox 2725 3519 2780 3560; x_wconf 90' lang='lat' dir='ltr'><strong>ttt</strong></span> <span class='ocrx_word' id='word_1_821' title='bbox 2811 3508 2987 3572; x_wconf 85' lang='lat' dir='ltr'><strong>Pater,</strong></span> <span class='ocrx_word' id='word_1_822' title='bbox 3016 3523 3111 3562; x_wconf 90' lang='lat' dir='ltr'><strong>cur</strong></span> <span class='ocrx_word' id='word_1_823' title='bbox 3142 3519 3387 3576; x_wconf 84' lang='lat' dir='ltr'><strong>precatur</strong></span> <span class='ocrx_word' id='word_1_824' title='bbox 3414 3513 3436 3562; x_wconf 79' lang='lat'><strong>?</strong></span> <span class='ocrx_word' id='word_1_825' title='bbox 3461 3510 3564 3565; x_wconf 90' lang='lat' dir='ltr'><strong>Sed</strong></span> <span class='ocrx_word' id='word_1_826' title='bbox 3586 3512 3694 3580; x_wconf 89' lang='lat' dir='ltr'><strong>jatn</strong></span> <span class='ocrx_word' id='word_1_827' title='bbox 3729 3522 3864 3566; x_wconf 86' lang='lat' dir='ltr'><strong>tem-</strong></span> 
     </span>
    </p>
   </div>
   <div class='ocr_carea' id='block_1_98' title="bbox 2289 3599 3862 3671">
    <p class='ocr_par' dir='ltr' id='par_1_98' title="bbox 2289 3599 3862 3671">
     <span class='ocr_line' id='line_1_99' title="bbox 2289 3599 3862 3671; baseline 0.004 -24"><span class='ocrx_word' id='word_1_828' title='bbox 2289 3613 2385 3666; x_wconf 83' lang='lat' dir='ltr'><strong>pus</strong></span> <span class='ocrx_word' id='word_1_829' title='bbox 2436 3606 2515 3649; x_wconf 87' lang='lat' dir='ltr'><strong>est</strong></span> <span class='ocrx_word' id='word_1_830' title='bbox 2565 3600 2627 3649; x_wconf 88' lang='lat' dir='ltr'><strong>ad</strong></span> <span class='ocrx_word' id='word_1_831' title='bbox 2681 3601 2850 3650; x_wconf 89' lang='lat' dir='ltr'><strong>locum</strong></span> <span class='ocrx_word' id='word_1_832' title='bbox 2897 3601 3097 3653; x_wconf 75' lang='lat' dir='ltr'><strong>venire.</strong></span> <span class='ocrx_word' id='word_1_833' title='bbox 3129 3599 3387 3655; x_wconf 90' lang='lat' dir='ltr'><strong>Tulernnt</strong></span> <span class='ocrx_word' id='word_1_834' title='bbox 3430 3617 3557 3670; x_wconf 84' lang='lat' dir='ltr'><strong>ergo</strong></span> <span class='ocrx_word' id='word_1_835' title='bbox 3607 3602 3862 3671; x_wconf 72' lang='lat' dir='ltr'><strong>lapidem,</strong></span> 
     </span>
    </p>
   </div>
   <div class='ocr_carea' id='block_1_99' title="bbox 2289 3689 3864 3759">
    <p class='ocr_par' dir='ltr' id='par_1_99' title="bbox 2289 3689 3864 3759">
     <span class='ocr_line' id='line_1_100' title="bbox 2289 3689 3864 3759; baseline 0.004 -19"><span class='ocrx_word' id='word_1_836' title='bbox 2289 3689 2374 3744; x_wconf 78' lang='lat' dir='ltr'><strong>ubi</strong></span> <span class='ocrx_word' id='word_1_837' title='bbox 2400 3699 2517 3743; x_wconf 89' lang='lat' dir='ltr'><strong>erat</strong></span> <span class='ocrx_word' id='word_1_838' title='bbox 2537 3699 2775 3742; x_wconf 83' lang='lat' dir='ltr'><strong>mortuus</strong></span> <span class='ocrx_word' id='word_1_839' title='bbox 2800 3691 3003 3759; x_wconf 85' lang='lat' dir='ltr'><strong>jacens.</strong></span> <span class='ocrx_word' id='word_1_840' title='bbox 3035 3690 3066 3742; x_wconf 77' lang='grc' dir='ltr'><em>Ι</em></span> <span class='ocrx_word' id='word_1_841' title='bbox 3074 3708 3186 3744; x_wconf 84' lang='lat' dir='ltr'><strong>esus</strong></span> <span class='ocrx_word' id='word_1_842' title='bbox 3211 3702 3398 3752; x_wconf 87' lang='lat' dir='ltr'><strong>autem,</strong></span> <span class='ocrx_word' id='word_1_843' title='bbox 3433 3693 3631 3745; x_wconf 80' lang='lat' dir='ltr'><strong>elevatis</strong></span> <span class='ocrx_word' id='word_1_844' title='bbox 3657 3710 3864 3746; x_wconf 82' lang='lat' dir='ltr'><strong>sursum</strong></span> 
     </span>
    </p>
   </div>
   <div class='ocr_carea' id='block_1_100' title="bbox 2287 3779 3865 3851">
    <p class='ocr_par' dir='ltr' id='par_1_100' title="bbox 2287 3779 3865 3851">
     <span class='ocr_line' id='line_1_101' title="bbox 2287 3779 3865 3851; baseline 0.003 -19"><span class='ocrx_word' id='word_1_845' title='bbox 2287 3779 2466 3842; x_wconf 86' lang='lat' dir='ltr'><strong>oculis,</strong></span> <span class='ocrx_word' id='word_1_846' title='bbox 2498 3780 2623 3832; x_wconf 72' lang='lat' dir='ltr'><strong>dixit</strong></span> <span class='ocrx_word' id='word_1_847' title='bbox 2650 3797 2668 3832; x_wconf 87' lang='lat'><strong><em>:</em></strong></span> <span class='ocrx_word' id='word_1_848' title='bbox 2705 3779 2881 3844; x_wconf 83' lang='lat' dir='ltr'><strong>Pater,</strong></span> <span class='ocrx_word' id='word_1_849' title='bbox 2915 3783 3101 3850; x_wconf 87' lang='lat' dir='ltr'><strong>gratias</strong></span> <span class='ocrx_word' id='word_1_850' title='bbox 3127 3798 3223 3851; x_wconf 85' lang='lat' dir='ltr'><strong>ago</strong></span> <span class='ocrx_word' id='word_1_851' title='bbox 3261 3783 3367 3847; x_wconf 87' lang='lat' dir='ltr'><strong>tibi,</strong></span> <span class='ocrx_word' id='word_1_852' title='bbox 3405 3784 3640 3850; x_wconf 85' lang='lat' dir='ltr'><strong>quoniam</strong></span> <span class='ocrx_word' id='word_1_853' title='bbox 3672 3785 3865 3836; x_wconf 84' lang='lat' dir='ltr'><strong>audisti</strong></span> 
     </span>
    </p>
   </div>
   <div class='ocr_carea' id='block_1_101' title="bbox 2285 3869 3866 3942">
    <p class='ocr_par' dir='ltr' id='par_1_101' title="bbox 2285 3869 3866 3942">
     <span class='ocr_line' id='line_1_102' title="bbox 2285 3869 3866 3942; baseline 0.003 -20"><span class='ocrx_word' id='word_1_854' title='bbox 2285 3886 2382 3922; x_wconf 87' lang='lat' dir='ltr'><strong>me.</strong></span> <span class='ocrx_word' id='word_1_855' title='bbox 2430 3869 2538 3939; x_wconf 86' lang='lat' dir='ltr'><strong>Ego</strong></span> <span class='ocrx_word' id='word_1_856' title='bbox 2581 3879 2744 3922; x_wconf 85' lang='lat' dir='ltr'><strong>autem</strong></span> <span class='ocrx_word' id='word_1_857' title='bbox 2782 3871 2993 3924; x_wconf 78' lang='lat' dir='ltr'><strong>sciebam</strong></span> <span class='ocrx_word' id='word_1_858' title='bbox 3033 3872 3166 3940; x_wconf 85' lang='lat' dir='ltr'><strong>quod</strong></span> <span class='ocrx_word' id='word_1_859' title='bbox 3192 3889 3384 3942; x_wconf 77' lang='lat' dir='ltr'><strong>semper</strong></span> <span class='ocrx_word' id='word_1_860' title='bbox 3423 3890 3498 3925; x_wconf 90' lang='lat' dir='ltr'><strong>me</strong></span> <span class='ocrx_word' id='word_1_861' title='bbox 3540 3875 3728 3937; x_wconf 86' lang='lat' dir='ltr'><strong>audis;</strong></span> <span class='ocrx_word' id='word_1_862' title='bbox 3773 3878 3866 3927; x_wconf 75' lang='lat' dir='ltr'><strong>sed</strong></span> 
     </span>
    </p>
   </div>
   <div class='ocr_carea' id='block_1_102' title="bbox 2288 3961 3866 4032">
    <p class='ocr_par' dir='ltr' id='par_1_102' title="bbox 2288 3961 3866 4032">
     <span class='ocr_line' id='line_1_103' title="bbox 2288 3961 3866 4032; baseline 0.004 -21"><span class='ocrx_word' id='word_1_863' title='bbox 2288 3970 2486 4030; x_wconf 83' lang='lat' dir='ltr'><strong>propter</strong></span> <span class='ocrx_word' id='word_1_864' title='bbox 2508 3961 2701 4012; x_wconf 83' lang='lat' dir='ltr'><strong>turbam</strong></span> <span class='ocrx_word' id='word_1_865' title='bbox 2730 3962 3132 4016; x_wconf 85' lang='lat' dir='ltr'><strong>circumstantem</strong></span> <span class='ocrx_word' id='word_1_866' title='bbox 3160 3963 3289 4026; x_wconf 74' lang='lat' dir='ltr'><strong>dixi,</strong></span> <span class='ocrx_word' id='word_1_867' title='bbox 3326 3974 3384 4015; x_wconf 79' lang='lat' dir='ltr'><strong>ut</strong></span> <span class='ocrx_word' id='word_1_868' title='bbox 3410 3967 3614 4016; x_wconf 84' lang='lat' dir='ltr'><strong>credunt</strong></span> <span class='ocrx_word' id='word_1_869' title='bbox 3653 3966 3768 4032; x_wconf 84' lang='lat' dir='ltr'><strong>quia</strong></span> <span class='ocrx_word' id='word_1_870' title='bbox 3806 3976 3866 4018; x_wconf 80' lang='lat' dir='ltr'><strong>tu</strong></span> 
     </span>
    </p>
   </div>
   <div class='ocr_carea' id='block_1_103' title="bbox 2287 4048 3864 4124">
    <p class='ocr_par' dir='ltr' id='par_1_103' title="bbox 2287 4048 3864 4124">
     <span class='ocr_line' id='line_1_104' title="bbox 2287 4048 3864 4124; baseline 0.005 -25"><span class='ocrx_word' id='word_1_871' title='bbox 2287 4065 2365 4100; x_wconf 89' lang='lat' dir='ltr'><strong>me</strong></span> <span class='ocrx_word' id='word_1_872' title='bbox 2409 4048 2606 4101; x_wconf 86' lang='lat' dir='ltr'><strong>misisti.</strong></span> <span class='ocrx_word' id='word_1_873' title='bbox 2654 4049 3048 4117; x_wconf 86' lang='lat' dir='ltr'><strong>lnterrogemns</strong></span> <span class='ocrx_word' id='word_1_874' title='bbox 3075 4065 3202 4119; x_wconf 83' lang='lat' dir='ltr'><strong>ergo</strong></span> <span class='ocrx_word' id='word_1_875' title='bbox 3242 4051 3544 4106; x_wconf 68' lang='lat' dir='ltr'><strong>ha‘reticnm</strong></span> <span class='ocrx_word' id='word_1_876' title='bbox 3579 4053 3691 4124; x_wconf 88' lang='lat' dir='ltr'><strong>(a):</strong></span> <span class='ocrx_word' id='word_1_877' title='bbox 3733 4071 3864 4108; x_wconf 85' lang='lat' dir='ltr'><strong>nunt</strong></span> 
     </span>
    </p>
   </div>
   <div class='ocr_carea' id='block_1_104' title="bbox 2291 4138 3863 4210">
    <p class='ocr_par' dir='ltr' id='par_1_104' title="bbox 2291 4138 3863 4210">
     <span class='ocr_line' id='line_1_105' title="bbox 2291 4138 3863 4210; baseline 0.006 -20"><span class='ocrx_word' id='word_1_878' title='bbox 2291 4152 2384 4201; x_wconf 85' lang='lat' dir='ltr'><strong>per</strong></span> <span class='ocrx_word' id='word_1_879' title='bbox 2409 4153 2590 4206; x_wconf 88' lang='lat' dir='ltr'><strong>preces</strong></span> <span class='ocrx_word' id='word_1_880' title='bbox 2615 4138 2835 4207; x_wconf 89' lang='lat' dir='ltr'><strong>gratiam</strong></span> <span class='ocrx_word' id='word_1_881' title='bbox 2864 4151 3222 4210; x_wconf 87' lang='lat' dir='ltr'><strong>consequutus</strong></span> <span class='ocrx_word' id='word_1_882' title='bbox 3245 4153 3508 4197; x_wconf 90' lang='lat' dir='ltr'><strong>mortuum</strong></span> <span class='ocrx_word' id='word_1_883' title='bbox 3538 4146 3814 4198; x_wconf 74' lang='lat' dir='ltr'><strong>suscitavit</strong></span> <span class='ocrx_word' id='word_1_884' title='bbox 3840 4148 3863 4199; x_wconf 91' lang='lat'><strong>?</strong></span> 
     </span>
    </p>
   </div>
   <div class='ocr_carea' id='block_1_105' title="bbox 2289 4227 3868 4299">
    <p class='ocr_par' dir='ltr' id='par_1_105' title="bbox 2289 4227 3868 4299">
     <span class='ocr_line' id='line_1_106' title="bbox 2289 4227 3868 4299; baseline 0.007 -22"><span class='ocrx_word' id='word_1_885' title='bbox 2289 4228 2550 4292; x_wconf 90' lang='lat' dir='ltr'><strong>quomodo</strong></span> <span class='ocrx_word' id='word_1_886' title='bbox 2593 4241 2718 4294; x_wconf 85' lang='lat' dir='ltr'><strong>ergo</strong></span> <span class='ocrx_word' id='word_1_887' title='bbox 2758 4227 2857 4280; x_wconf 88' lang='lat' dir='ltr'><strong>alia</strong></span> <span class='ocrx_word' id='word_1_888' title='bbox 2911 4229 3026 4283; x_wconf 89' lang='lat' dir='ltr'><strong>sine</strong></span> <span class='ocrx_word' id='word_1_889' title='bbox 3078 4230 3322 4298; x_wconf 87' lang='lat' dir='ltr'><strong>precibus</strong></span> <span class='ocrx_word' id='word_1_890' title='bbox 3364 4241 3613 4299; x_wconf 82' lang='lat' dir='ltr'><strong>Operatus</strong></span> <span class='ocrx_word' id='word_1_891' title='bbox 3651 4244 3755 4297; x_wconf 89' lang='lat' dir='ltr'><strong>est,</strong></span> <span class='ocrx_word' id='word_1_892' title='bbox 3804 4244 3868 4288; x_wconf 88' lang='lat' dir='ltr'><strong>ut</strong></span> 
     </span>
    </p>
   </div>
   <div class='ocr_carea' id='block_1_106' title="bbox 2287 4315 3862 4392">
    <p class='ocr_par' dir='ltr' id='par_1_106' title="bbox 2287 4315 3862 4392">
     <span class='ocr_line' id='line_1_107' title="bbox 2287 4315 3862 4392; baseline 0.006 -24"><span class='ocrx_word' id='word_1_893' title='bbox 2287 4330 2405 4368; x_wconf 86' lang='lat' dir='ltr'><strong>cum</strong></span> <span class='ocrx_word' id='word_1_894' title='bbox 2435 4315 2666 4389; x_wconf 25' lang='grc' dir='ltr'><strong>πίῃ,Τὶὺὶ</strong></span> <span class='ocrx_word' id='word_1_895' title='bbox 2701 4317 2813 4370; x_wconf 87' lang='lat' dir='ltr'><strong>dico</strong></span> <span class='ocrx_word' id='word_1_896' title='bbox 2834 4318 3156 4384; x_wconf 66' lang='lat' dir='ltr'><strong>daemonium,</strong></span> <span class='ocrx_word' id='word_1_897' title='bbox 3189 4318 3440 4390; x_wconf 85' lang='lat' dir='ltr'><strong>Egredere</strong></span> <span class='ocrx_word' id='word_1_898' title='bbox 3467 4322 3528 4374; x_wconf 89' lang='lat' dir='ltr'><strong>ab</strong></span> <span class='ocrx_word' id='word_1_899' title='bbox 3559 4338 3615 4375; x_wconf 85' lang='lat' dir='ltr'><strong>eo</strong></span> <span class='ocrx_word' id='word_1_900' title='bbox 3648 4325 3666 4392; x_wconf 90' lang='lat'><strong>(</strong></span> <span class='ocrx_word' id='word_1_901' title='bbox 3693 4324 3862 4378; x_wconf 76' lang='lat' dir='ltr'><strong>Marc.</strong></span> 
     </span>
    </p>
   </div>
   <div class='ocr_carea' id='block_1_107' title="bbox 2288 4406 3868 4482">
    <p class='ocr_par' dir='ltr' id='par_1_107' title="bbox 2288 4406 3868 4482">
     <span class='ocr_line' id='line_1_108' title="bbox 2288 4406 3868 4482; baseline 0.005 -22"><span class='ocrx_word' id='word_1_902' title='bbox 2288 4407 2338 4460; x_wconf 88' lang='lat'><strong>9.</strong></span> <span class='ocrx_word' id='word_1_903' title='bbox 2365 4406 2436 4459; x_wconf 64' lang='grc'><strong>24</strong></span> <span class='ocrx_word' id='word_1_904' title='bbox 2465 4411 2481 4475; x_wconf 93' lang='grc'><strong>)</strong></span> <span class='ocrx_word' id='word_1_905' title='bbox 2511 4422 2526 4472; x_wconf 91' lang='lat'><strong>;</strong></span> <span class='ocrx_word' id='word_1_906' title='bbox 2556 4415 2629 4472; x_wconf 91' lang='lat' dir='ltr'><strong>et,</strong></span> <span class='ocrx_word' id='word_1_907' title='bbox 2671 4406 2815 4472; x_wconf 83' lang='lat' dir='ltr'><strong>Volo,</strong></span> <span class='ocrx_word' id='word_1_908' title='bbox 2861 4410 3104 4463; x_wconf 87' lang='lat' dir='ltr'><strong>mundare</strong></span> <span class='ocrx_word' id='word_1_909' title='bbox 3133 4409 3151 4479; x_wconf 91' lang='lat'><strong>(</strong></span> <span class='ocrx_word' id='word_1_910' title='bbox 3174 4409 3307 4463; x_wconf 87' lang='lat' dir='ltr'><strong>Ibid.</strong></span> <span class='ocrx_word' id='word_1_911' title='bbox 3355 4412 3403 4464; x_wconf 88' lang='lat' dir='ltr'><strong>l.</strong></span> <span class='ocrx_word' id='word_1_912' title='bbox 3429 4413 3488 4466; x_wconf 77' lang='grc' dir='ltr'>Η</span> <span class='ocrx_word' id='word_1_913' title='bbox 3519 4415 3537 4482; x_wconf 86' lang='grc'>)</span> <span class='ocrx_word' id='word_1_914' title='bbox 3565 4428 3580 4477; x_wconf 87' lang='grc'>;</span> <span class='ocrx_word' id='word_1_915' title='bbox 3610 4424 3684 4478; x_wconf 87' lang='lat' dir='ltr'><strong>et,</strong></span> <span class='ocrx_word' id='word_1_916' title='bbox 3719 4413 3868 4470; x_wconf 80' lang='lat' dir='ltr'><strong>Tolle</strong></span> 
     </span>
    </p>
   </div>
   <div class='ocr_carea' id='block_1_108' title="bbox 2288 4497 3865 4570">
    <p class='ocr_par' dir='ltr' id='par_1_108' title="bbox 2288 4497 3865 4570">
     <span class='ocr_line' id='line_1_109' title="bbox 2288 4497 3865 4570; baseline 0.008 -24"><span class='ocrx_word' id='word_1_917' title='bbox 2288 4497 2576 4565; x_wconf 87' lang='lat' dir='ltr'><strong>grabbatum</strong></span> <span class='ocrx_word' id='word_1_918' title='bbox 2619 4508 2756 4551; x_wconf 85' lang='lat' dir='ltr'><strong>tuum</strong></span> <span class='ocrx_word' id='word_1_919' title='bbox 2782 4499 2968 4570; x_wconf 81' lang='lat' dir='ltr'><strong>(Joan.</strong></span> <span class='ocrx_word' id='word_1_920' title='bbox 3013 4502 3066 4554; x_wconf 82' lang='lat'><strong>5.</strong></span> <span class='ocrx_word' id='word_1_921' title='bbox 3097 4500 3202 4570; x_wconf 89' lang='lat'><strong>9);</strong></span> <span class='ocrx_word' id='word_1_922' title='bbox 3249 4511 3330 4570; x_wconf 88' lang='lat' dir='ltr'><strong>et,</strong></span> <span class='ocrx_word' id='word_1_923' title='bbox 3381 4502 3725 4557; x_wconf 82' lang='lat' dir='ltr'><strong>Ilemittuntur</strong></span> <span class='ocrx_word' id='word_1_924' title='bbox 3774 4506 3865 4560; x_wconf 78' lang='lat' dir='ltr'><strong>tibi</strong></span> 
     </span>
    </p>
   </div>
   <div class='ocr_carea' id='block_1_109' title="bbox 2291 4590 3867 4660">
    <p class='ocr_par' dir='ltr' id='par_1_109' title="bbox 2291 4590 3867 4660">
     <span class='ocr_line' id='line_1_110' title="bbox 2291 4590 3867 4660; baseline 0.007 -21"><span class='ocrx_word' id='word_1_925' title='bbox 2291 4598 2490 4655; x_wconf 87' lang='lat' dir='ltr'><strong>peccata</strong></span> <span class='ocrx_word' id='word_1_926' title='bbox 2515 4598 2600 4641; x_wconf 88' lang='lat' dir='ltr'><strong>tua</strong></span> <span class='ocrx_word' id='word_1_927' title='bbox 2634 4590 2859 4658; x_wconf 79' lang='lat' dir='ltr'><strong>(Matth.</strong></span> <span class='ocrx_word' id='word_1_928' title='bbox 2894 4591 2946 4644; x_wconf 91' lang='lat'><strong>9.</strong></span> <span class='ocrx_word' id='word_1_929' title='bbox 2969 4591 3076 4660; x_wconf 69' lang='lat'><strong>2);</strong></span> <span class='ocrx_word' id='word_1_930' title='bbox 3113 4601 3167 4647; x_wconf 89' lang='lat' dir='ltr'><strong>et</strong></span> <span class='ocrx_word' id='word_1_931' title='bbox 3207 4595 3368 4659; x_wconf 83' lang='lat' dir='ltr'><strong>mari,</strong></span> <span class='ocrx_word' id='word_1_932' title='bbox 3402 4592 3552 4657; x_wconf 83' lang='lat' dir='ltr'><strong>Tace,</strong></span> <span class='ocrx_word' id='word_1_933' title='bbox 3577 4597 3867 4652; x_wconf 80' lang='lat' dir='ltr'><strong>obmutesce</strong></span> 
     </span>
    </p>
   </div>
   <div class='ocr_carea' id='block_1_110' title="bbox 2290 4679 3865 4756">
    <p class='ocr_par' dir='ltr' id='par_1_110' title="bbox 2290 4679 3865 4756">
     <span class='ocr_line' id='line_1_111' title="bbox 2290 4679 3865 4756; baseline 0.009 -25"><span class='ocrx_word' id='word_1_934' title='bbox 2290 4679 2489 4746; x_wconf 83' lang='lat' dir='ltr'><strong>(Marc.</strong></span> <span class='ocrx_word' id='word_1_935' title='bbox 2528 4682 2578 4734; x_wconf 73' lang='grc'><strong>4.</strong></span> <span class='ocrx_word' id='word_1_936' title='bbox 2605 4682 2713 4750; x_wconf 78' lang='grc'><strong>59)</strong></span> <span class='ocrx_word' id='word_1_937' title='bbox 2745 4682 2768 4733; x_wconf 90' lang='lat'><strong>?</strong></span> <span class='ocrx_word' id='word_1_938' title='bbox 2816 4683 2942 4752; x_wconf 89' lang='lat' dir='ltr'><strong>quid</strong></span> <span class='ocrx_word' id='word_1_939' title='bbox 2983 4684 3102 4753; x_wconf 89' lang='lat' dir='ltr'><strong>plus</strong></span> <span class='ocrx_word' id='word_1_940' title='bbox 3133 4683 3292 4739; x_wconf 81' lang='lat' dir='ltr'><strong>habet</strong></span> <span class='ocrx_word' id='word_1_941' title='bbox 3327 4701 3480 4754; x_wconf 84' lang='lat' dir='ltr'><strong>quam</strong></span> <span class='ocrx_word' id='word_1_942' title='bbox 3513 4691 3773 4756; x_wconf 83' lang='lat' dir='ltr'><strong>apostoli,</strong></span> <span class='ocrx_word' id='word_1_943' title='bbox 3817 4693 3865 4745; x_wconf 89' lang='lat' dir='ltr'><strong>si</strong></span> 
     </span>
    </p>
   </div>
   <div class='ocr_carea' id='block_1_111' title="bbox 2289 4772 3866 4850">
    <p class='ocr_par' dir='ltr' id='par_1_111' title="bbox 2289 4772 3866 4850">
     <span class='ocr_line' id='line_1_112' title="bbox 2289 4772 3866 4850; baseline 0.008 -26"><span class='ocrx_word' id='word_1_944' title='bbox 2289 4780 2341 4824; x_wconf 88' lang='lat' dir='ltr'><strong>et</strong></span> <span class='ocrx_word' id='word_1_945' title='bbox 2372 4772 2481 4838; x_wconf 56' lang='lat' dir='ltr'><strong>ip~e</strong></span> <span class='ocrx_word' id='word_1_946' title='bbox 2524 4773 2765 4839; x_wconf 85' lang='lat' dir='ltr'><strong>precibus</strong></span> <span class='ocrx_word' id='word_1_947' title='bbox 2811 4774 3104 4841; x_wconf 87' lang='lat' dir='ltr'><strong>operatur?</strong></span> <span class='ocrx_word' id='word_1_948' title='bbox 3147 4774 3255 4830; x_wconf 92' lang='lat' dir='ltr'><strong>lmo</strong></span> <span class='ocrx_word' id='word_1_949' title='bbox 3285 4793 3350 4830; x_wconf 91' lang='lat' dir='ltr'><strong>ne</strong></span> <span class='ocrx_word' id='word_1_950' title='bbox 3385 4778 3482 4846; x_wconf 86' lang='lat' dir='ltr'><strong>ipsi</strong></span> <span class='ocrx_word' id='word_1_951' title='bbox 3516 4780 3728 4848; x_wconf 89' lang='lat' dir='ltr'><strong>quidem</strong></span> <span class='ocrx_word' id='word_1_952' title='bbox 3770 4799 3866 4850; x_wconf 87' lang='lat' dir='ltr'><strong>per</strong></span> 
     </span>
    </p>
   </div>
   <div class='ocr_carea' id='block_1_112' title="bbox 2291 4865 3866 4940">
    <p class='ocr_par' dir='ltr' id='par_1_112' title="bbox 2291 4865 3866 4940">
     <span class='ocr_line' id='line_1_113' title="bbox 2291 4865 3866 4940; baseline 0.007 -26"><span class='ocrx_word' id='word_1_953' title='bbox 2291 4877 2472 4929; x_wconf 81' lang='lat' dir='ltr'><strong>preces</strong></span> <span class='ocrx_word' id='word_1_954' title='bbox 2507 4866 2678 4915; x_wconf 80' lang='lat' dir='ltr'><strong>oinnia</strong></span> <span class='ocrx_word' id='word_1_955' title='bbox 2718 4865 3017 4931; x_wconf 72' lang='lat' dir='ltr'><strong>faciebant,</strong></span> <span class='ocrx_word' id='word_1_956' title='bbox 3047 4867 3140 4920; x_wconf 90' lang='lat' dir='ltr'><strong>sed</strong></span> <span class='ocrx_word' id='word_1_957' title='bbox 3171 4883 3312 4936; x_wconf 67' lang='lat' dir='ltr'><strong>saepe</strong></span> <span class='ocrx_word' id='word_1_958' title='bbox 3341 4869 3456 4924; x_wconf 89' lang='lat' dir='ltr'><strong>sine</strong></span> <span class='ocrx_word' id='word_1_959' title='bbox 3485 4871 3734 4940; x_wconf 86' lang='lat' dir='ltr'><strong>precibus</strong></span> <span class='ocrx_word' id='word_1_960' title='bbox 3767 4889 3866 4927; x_wconf 83' lang='lat' dir='ltr'><strong>no-</strong></span> 
     </span>
    </p>
   </div>
   <div class='ocr_carea' id='block_1_113' title="bbox 2290 4951 3863 5028">
    <p class='ocr_par' dir='ltr' id='par_1_113' title="bbox 2290 4951 3863 5028">
     <span class='ocr_line' id='line_1_114' title="bbox 2290 4951 3863 5028; baseline 0.009 -26"><span class='ocrx_word' id='word_1_961' title='bbox 2290 4951 2431 5004; x_wconf 85' lang='lat' dir='ltr'><strong>mine</strong></span> <span class='ocrx_word' id='word_1_962' title='bbox 2515 4967 2589 5003; x_wconf 46' lang='lat' dir='ltr'><strong>isu</strong></span> <span class='ocrx_word' id='word_1_963' title='bbox 2629 4953 2926 5008; x_wconf 87' lang='lat' dir='ltr'><strong>utebantur.</strong></span> <span class='ocrx_word' id='word_1_964' title='bbox 2990 4953 3044 5008; x_wconf 89' lang='lat' dir='ltr'><strong>Si</strong></span> <span class='ocrx_word' id='word_1_965' title='bbox 3093 4971 3218 5009; x_wconf 89' lang='lat' dir='ltr'><strong>vero</strong></span> <span class='ocrx_word' id='word_1_966' title='bbox 3259 4972 3452 5011; x_wconf 90' lang='lat' dir='ltr'><strong>nomen</strong></span> <span class='ocrx_word' id='word_1_967' title='bbox 3495 4958 3610 5028; x_wconf 88' lang='lat' dir='ltr'><strong>ejus</strong></span> <span class='ocrx_word' id='word_1_968' title='bbox 3660 4971 3863 5017; x_wconf 86' lang='lat' dir='ltr'><strong>tantam</strong></span> 
     </span>
    </p>
   </div>
   <div class='ocr_carea' id='block_1_114' title="bbox 2294 5041 3864 5116">
    <p class='ocr_par' dir='ltr' id='par_1_114' title="bbox 2294 5041 3864 5116">
     <span class='ocr_line' id='line_1_115' title="bbox 2294 5041 3864 5116; baseline 0.01 -24"><span class='ocrx_word' id='word_1_969' title='bbox 2294 5041 2537 5095; x_wconf 72' lang='lat' dir='ltr'><strong>virtutem</strong></span> <span class='ocrx_word' id='word_1_970' title='bbox 2565 5043 2763 5107; x_wconf 81' lang='lat' dir='ltr'><strong>habuit,</strong></span> <span class='ocrx_word' id='word_1_971' title='bbox 2794 5046 3057 5113; x_wconf 83' lang='lat' dir='ltr'><strong>quomodo</strong></span> <span class='ocrx_word' id='word_1_972' title='bbox 3084 5047 3196 5115; x_wconf 92' lang='lat' dir='ltr'><strong>ipse</strong></span> <span class='ocrx_word' id='word_1_973' title='bbox 3230 5048 3471 5115; x_wconf 89' lang='lat' dir='ltr'><strong>precibus</strong></span> <span class='ocrx_word' id='word_1_974' title='bbox 3498 5065 3632 5116; x_wconf 91' lang='lat' dir='ltr'><strong>opus</strong></span> <span class='ocrx_word' id='word_1_975' title='bbox 3660 5051 3864 5107; x_wconf 79' lang='lat' dir='ltr'><strong>habue-</strong></span> 
     </span>
    </p>
   </div>
   <div class='ocr_carea' id='block_1_115' title="bbox 2301 5133 3864 5208">
    <p class='ocr_par' dir='ltr' id='par_1_115' title="bbox 2301 5133 3864 5208">
     <span class='ocr_line' id='line_1_116' title="bbox 2301 5133 3864 5208; baseline 0.008 -22"><span class='ocrx_word' id='word_1_976' title='bbox 2301 5135 2369 5186; x_wconf 88' lang='lat' dir='ltr'><strong>rit</strong></span> <span class='ocrx_word' id='word_1_977' title='bbox 2398 5133 2418 5185; x_wconf 91' lang='lat'><strong>?</strong></span> <span class='ocrx_word' id='word_1_978' title='bbox 2445 5134 2494 5187; x_wconf 92' lang='lat' dir='ltr'><strong>Si</strong></span> <span class='ocrx_word' id='word_1_979' title='bbox 2530 5135 2769 5200; x_wconf 67' lang='lat' dir='ltr'><strong>precibus</strong></span> <span class='ocrx_word' id='word_1_980' title='bbox 2797 5136 3045 5205; x_wconf 84' lang='lat' dir='ltr'><strong>eguisset,</strong></span> <span class='ocrx_word' id='word_1_981' title='bbox 3081 5138 3232 5204; x_wconf 65' lang='lat' dir='ltr'><strong>Itane</strong></span> <span class='ocrx_word' id='word_1_982' title='bbox 3255 5153 3445 5191; x_wconf 87' lang='lat' dir='ltr'><strong>nomen</strong></span> <span class='ocrx_word' id='word_1_983' title='bbox 3467 5140 3583 5208; x_wconf 88' lang='lat' dir='ltr'><strong>ejus</strong></span> <span class='ocrx_word' id='word_1_984' title='bbox 3607 5157 3728 5197; x_wconf 77' lang='lat' dir='ltr'><strong>eam</strong></span> <span class='ocrx_word' id='word_1_985' title='bbox 3758 5147 3864 5199; x_wconf 87' lang='lat' dir='ltr'><strong>vim</strong></span> 
     </span>
    </p>
   </div>
   <div class='ocr_carea' id='block_1_116' title="bbox 2293 5225 3865 5302">
    <p class='ocr_par' dir='ltr' id='par_1_116' title="bbox 2293 5225 3865 5302">
     <span class='ocr_line' id='line_1_117' title="bbox 2293 5225 3865 5302; baseline 0.006 -24"><span class='ocrx_word' id='word_1_986' title='bbox 2293 5241 2395 5278; x_wconf 86' lang='lat' dir='ltr'><strong>non</strong></span> <span class='ocrx_word' id='word_1_987' title='bbox 2449 5226 2737 5279; x_wconf 88' lang='lat' dir='ltr'><strong>habuisset.</strong></span> <span class='ocrx_word' id='word_1_988' title='bbox 2772 5225 2903 5279; x_wconf 90' lang='lat' dir='ltr'><strong>Cum</strong></span> <span class='ocrx_word' id='word_1_989' title='bbox 2941 5237 3115 5279; x_wconf 88' lang='lat' dir='ltr'><strong>autem</strong></span> <span class='ocrx_word' id='word_1_990' title='bbox 3150 5226 3416 5281; x_wconf 86' lang='lat' dir='ltr'><strong>hominem</strong></span> <span class='ocrx_word' id='word_1_991' title='bbox 3459 5228 3622 5295; x_wconf 80' lang='lat' dir='ltr'><strong>ierit,</strong></span> <span class='ocrx_word' id='word_1_992' title='bbox 3669 5235 3865 5302; x_wconf 86' lang='lat' dir='ltr'><strong>quibus</strong></span> 
     </span>
    </p>
   </div>
   <div class='ocr_carea' id='block_1_117' title="bbox 2287 5316 3863 5390">
    <p class='ocr_par' dir='ltr' id='par_1_117' title="bbox 2287 5316 3863 5390">
     <span class='ocr_line' id='line_1_118' title="bbox 2287 5316 3863 5390; baseline 0.007 -21"><span class='ocrx_word' id='word_1_993' title='bbox 2287 5327 2367 5370; x_wconf 86' lang='lat' dir='ltr'><strong>est</strong></span> <span class='ocrx_word' id='word_1_994' title='bbox 2410 5316 2649 5384; x_wconf 87' lang='lat' dir='ltr'><strong>precibus</strong></span> <span class='ocrx_word' id='word_1_995' title='bbox 2689 5331 2815 5370; x_wconf 88' lang='lat' dir='ltr'><strong>usus</strong></span> <span class='ocrx_word' id='word_1_996' title='bbox 2847 5318 2868 5370; x_wconf 91' lang='lat'><strong>?</strong></span> <span class='ocrx_word' id='word_1_997' title='bbox 2895 5333 3069 5372; x_wconf 88' lang='lat' dir='ltr'><strong>nonne</strong></span> <span class='ocrx_word' id='word_1_998' title='bbox 3103 5327 3264 5373; x_wconf 88' lang='lat' dir='ltr'><strong>multa</strong></span> <span class='ocrx_word' id='word_1_999' title='bbox 3298 5321 3365 5375; x_wconf 87' lang='lat' dir='ltr'><strong>ibi</strong></span> <span class='ocrx_word' id='word_1_1000' title='bbox 3403 5324 3728 5390; x_wconf 71' lang='lat' dir='ltr'><strong>a&#39;qualitas?</strong></span> <span class='ocrx_word' id='word_1_1001' title='bbox 3761 5327 3863 5380; x_wconf 82' lang='lat' dir='ltr'><strong>Fa-</strong></span> 
     </span>
    </p>
   </div>
   <div class='ocr_carea' id='block_1_118' title="bbox 2296 5407 3864 5478">
    <p class='ocr_par' dir='ltr' id='par_1_118' title="bbox 2296 5407 3864 5478">
     <span class='ocr_line' id='line_1_119' title="bbox 2296 5407 3864 5478; baseline 0.011 -22"><span class='ocrx_word' id='word_1_1002' title='bbox 2296 5409 2501 5470; x_wconf 76' lang='lat' dir='ltr'><strong>ciamus,</strong></span> <span class='ocrx_word' id='word_1_1003' title='bbox 2545 5407 2730 5475; x_wconf 88' lang='lat' dir='ltr'><strong>inquit,</strong></span> <span class='ocrx_word' id='word_1_1004' title='bbox 2779 5409 3027 5460; x_wconf 83' lang='lat' dir='ltr'><strong>hominem</strong></span> <span class='ocrx_word' id='word_1_1005' title='bbox 3058 5408 3076 5476; x_wconf 95' lang='lat'><strong>(</strong></span> <span class='ocrx_word' id='word_1_1006' title='bbox 3103 5407 3228 5464; x_wconf 75' lang='lat' dir='ltr'><strong>Gen.</strong></span> <span class='ocrx_word' id='word_1_1007' title='bbox 3261 5411 3312 5464; x_wconf 81' lang='lat' dir='ltr'><strong>l.</strong></span> <span class='ocrx_word' id='word_1_1008' title='bbox 3341 5410 3465 5478; x_wconf 72' lang='grc'><strong>26).</strong></span> <span class='ocrx_word' id='word_1_1009' title='bbox 3498 5414 3633 5478; x_wconf 82' lang='lat' dir='ltr'><strong>Quid</strong></span> <span class='ocrx_word' id='word_1_1010' title='bbox 3680 5429 3864 5473; x_wconf 85' lang='lat' dir='ltr'><strong>autem</strong></span> 
     </span>
    </p>
   </div>
   <div class='ocr_carea' id='block_1_119' title="bbox 2351 5608 2603 5666">
    <p class='ocr_par' dir='ltr' id='par_1_119' title="bbox 2351 5608 2603 5666">
     <span class='ocr_line' id='line_1_120' title="bbox 2351 5608 2603 5666; baseline -0.012 -11"><span class='ocrx_word' id='word_1_1011' title='bbox 2351 5609 2420 5666; x_wconf 74' lang='grc' dir='ltr'><strong>(τι)</strong></span> <span class='ocrx_word' id='word_1_1012' title='bbox 2443 5608 2603 5654; x_wconf 58' lang='grc' dir='ltr'><strong>υκαι-μί</strong></span> 
     </span>
    </p>
   </div>
   <div class='ocr_carea' id='block_1_120' title="bbox 2292 5604 3866 5715">
    <p class='ocr_par' dir='ltr' id='par_1_120' title="bbox 2292 5604 3866 5715">
     <span class='ocr_line' id='line_1_121' title="bbox 2292 5604 3866 5715; baseline 0.01 -61"><span class='ocrx_word' id='word_1_1013' title='bbox 2292 5670 2302 5714; x_wconf 65' lang='grc' dir='ltr'><strong>Ι</strong></span> <span class='ocrx_word' id='word_1_1014' title='bbox 2351 5608 2603 5715; x_wconf 70' lang='lat' dir='ltr'><strong>(uilitert-t</strong></span> <span class='ocrx_word' id='word_1_1015' title='bbox 2660 5629 2661 5634; x_wconf 54' lang='grc' dir='ltr'><strong>η</strong></span> <span class='ocrx_word' id='word_1_1016' title='bbox 2704 5608 2882 5666; x_wconf 80' lang='lat' dir='ltr'><strong>quidau</strong></span> <span class='ocrx_word' id='word_1_1017' title='bbox 2927 5604 3155 5658; x_wconf 63' lang='lat' dir='ltr'><strong>dicebant</strong></span> <span class='ocrx_word' id='word_1_1018' title='bbox 3199 5611 3435 5661; x_wconf 74' lang='lat' dir='ltr'><strong>Chttstum</strong></span> <span class='ocrx_word' id='word_1_1019' title='bbox 3485 5617 3710 5674; x_wconf 83' lang='lat' dir='ltr'><strong>precibus</strong></span> <span class='ocrx_word' id='word_1_1020' title='bbox 3741 5631 3866 5680; x_wconf 72' lang='lat' dir='ltr'><strong>Opus</strong></span> 
     </span>
     <span class='ocr_line' id='line_1_122' title="bbox 2310 5683 2488 5715; baseline -0.006 -1"><span class='ocrx_word' id='word_1_1021' title='bbox 2310 5684 2346 5714; x_wconf 71' lang='lat' dir='ltr'><strong>tu</strong></span> <span class='ocrx_word' id='word_1_1022' title='bbox 2374 5683 2427 5715; x_wconf 69' lang='grc' dir='ltr'><strong>ιρι</strong></span> <span class='ocrx_word' id='word_1_1023' title='bbox 2445 5683 2488 5712; x_wconf 68' lang='grc' dir='ltr'><strong>ιτ.</strong></span> 
     </span>
    </p>
   </div>
   <div class='ocr_carea' id='block_1_121' title="bbox 2310 5683 2488 5715">
    <p class='ocr_par' dir='ltr' id='par_1_121' title="bbox 2310 5683 2488 5715">
     <span class='ocr_line' id='line_1_123' title="bbox 2310 5683 2488 5715; baseline -0.011 -1"><span class='ocrx_word' id='word_1_1024' title='bbox 2310 5683 2427 5715; x_wconf 63' lang='lat' dir='ltr'><strong>taliet</strong></span> <span class='ocrx_word' id='word_1_1025' title='bbox 2445 5683 2488 5712; x_wconf 69' lang='grc' dir='ltr'><strong>ι’.</strong></span> 
     </span>
    </p>
   </div>
  </div>
