4054 6428
177 372 274 428 557

179 503 459 566 inﬁrmius,
491 503 539 557 si
582 502 658 555 illi
694 499 1015 569 precandum
1043 498 1133 550 fuit
1163 495 1185 549 ?
1215 495 1317 550 Sed
1350 494 1624 545 videamus
1649 505 1768 557 qua:

176 595 241 646 sit
266 593 439 646 oratio
475 610 489 644 :
538 589 723 652 Pater,
771 590 964 660 gratias
1001 603 1096 656 ago
1142 585 1249 648 tibi,
1280 587 1398 653 quia
1440 583 1629 636 audisti
1670 598 1767 633 me.

176 684 300 752 Quis
328 697 588 752 umquam
621 683 690 734 ita
722 689 965 750 precatus
987 678 1112 732 est?
1138 675 1450 744 Priusquam
1478 672 1603 743 quid
1630 671 1770 724 aliud

178 776 439 841 loquatur,
481 773 644 835 dicit,
677 771 880 826 Gratias
922 785 1019 836 ago
1056 770 1165 833 tibi,
1200 766 1486 822 ostendens
1512 780 1570 819 se
1603 765 1773 832 preci-

179 863 271 917 bus
309 878 417 917 non
463 877 659 933 egere.
708 861 820 932 Ego
858 869 1025 914 autem
1055 856 1270 913 sciebam
1312 857 1428 926 quia
1457 872 1652 925 semper
1696 871 1774 906 me

176 953 316 1005 audis
345 957 383 1004 ι.
442 953 562 1007 lloc
591 952 762 1017 dixit,
796 967 900 1004 non
942 953 1083 1020 quod
1129 950 1242 1017 ipse
1287 963 1392 1001 non
1431 955 1646 1015 posset,
1679 945 1770 1024 sed

178 1042 310 1114 quod
361 1060 466 1097 una
510 1053 661 1097 esset
698 1044 960 1096 voluntas.
1004 1039 1110 1095 Cur
1150 1039 1399 1110 precandi
1437 1039 1604 1094 forma
1647 1054 1775 1094 usus

177 1145 254 1190 est
280 1136 303 1191 ?
329 1135 449 1190 Non
482 1151 596 1198 me,
632 1135 724 1189 sed
755 1135 900 1188 illum
931 1134 1194 1187 dicentem
1225 1132 1345 1186 audi
1378 1149 1390 1184 :
1423 1130 1644 1200 Propter
1670 1130 1772 1183 circ

177 1235 502 1279 cumstantem
537 1226 741 1278 turbam
763 1266 778 1289 ,
811 1234 866 1278 ut
892 1233 1191 1293 cognoscant
1231 1223 1348 1290 quia
1385 1231 1436 1275 tu
1465 1238 1544 1274 me
1569 1221 1769 1273 misisti.

178 1315 287 1370 Non
314 1316 476 1379 dixit,
510 1316 585 1371 Ut
621 1325 946 1387 cognoscant
974 1331 1059 1370 me
1093 1315 1353 1369 minorem
1385 1329 1538 1378 esse,
1567 1328 1652 1367 me
1679 1327 1771 1368 su-

178 1424 335 1479 perna
369 1410 547 1480 gratia
591 1426 770 1479 egere,
819 1420 874 1464 et
909 1410 1026 1463 sine
1072 1409 1375 1478 precatione
1416 1408 1630 1476 operari
1667 1423 1770 1460 non

179 1517 329 1568 posse
365 1519 379 1562 ;
413 1503 510 1556 sed
533 1545 546 1564 ,
586 1502 720 1568 Quia
750 1513 804 1554 tu
847 1518 925 1554 me
960 1503 1157 1554 misisti.
1207 1501 1330 1554 Hinc
1367 1501 1560 1570 quippe
1594 1500 1768 1554 omnia

180 1591 412 1658 precatio
460 1591 764 1660 signiﬁcat,
811 1593 854 1646 si
900 1592 1210 1661 simpliciter
1253 1591 1397 1645 illam
1427 1591 1770 1659 accipiamus.

177 1679 286 1734 Non
317 1682 477 1749 dixit,
514 1683 702 1736 Misisti
749 1700 832 1736 me
860 1683 1147 1746 inlirmum,
1175 1682 1445 1735 servitutis
1473 1682 1770 1747 conscium,

178 1771 261 1840 qui
294 1773 428 1826 nihil
464 1791 529 1827 ex
566 1789 653 1827 me
684 1788 897 1842 possmn
936 1790 950 1838 ;
981 1773 1072 1828 sed
1099 1773 1179 1826 his
1207 1774 1384 1827 missis
1413 1774 1680 1839 omnibus,
1708 1789 1774 1828 ne

177 1862 369 1931 aliquid
418 1865 618 1919 horum
672 1867 996 1936 suSpieeris,
1048 1882 1226 1920 veram
1266 1866 1513 1934 precandi
1556 1880 1772 1920 causam

177 1953 351 2021 all’crt,
387 1956 465 2010 Ne
512 1973 604 2011 me
655 1957 761 2011 Deo
803 1957 1163 2010 adversarium
1209 1966 1450 2025 putarent
1485 1974 1499 2022 ;
1531 1972 1597 2011 ne
1626 1957 1773 2011 dice-

179 2057 314 2102 rent.
343 2047 459 2100 Non
487 2059 578 2102 est
617 2064 682 2102 ex
717 2048 865 2112 Deo;
901 2058 955 2100 ut
984 2048 1262 2102 ostendam
1293 2063 1404 2102 rem
1435 2048 1625 2102 factum
1654 2063 1775 2104 esse

179 2138 469 2191 secundum
523 2142 852 2194 voluntatem
899 2150 1082 2205 tuam;
1127 2156 1191 2193 ac
1235 2141 1278 2192 si
1307 2141 1546 2206 diceret,
1576 2142 1630 2196 Si
1666 2141 1777 2196 Deo

180 2233 481 2286 contrarius
510 2247 725 2296 essem,
758 2247 844 2287 res
891 2249 995 2286 non
1043 2234 1407 2302 processisset.
1458 2233 1588 2287 Illud
1625 2249 1772 2301 vero,

181 2319 378 2374 Audisti
427 2338 552 2390 me,
597 2323 758 2376 etiam
791 2323 930 2376 inter
959 2323 1158 2377 amicos
1200 2323 1394 2377 dicitur
1434 2333 1488 2378 et
1516 2325 1770 2394 mquales.

183 2408 289 2482 Ego
319 2421 488 2468 autem
523 2413 740 2467 sciebam
775 2416 892 2484 quia
924 2430 1117 2483 semper
1148 2432 1223 2470 me
1249 2416 1438 2479 audis;
1470 2415 1520 2469 id
1555 2423 1658 2479 est,
1709 2414 1778 2470 Ut

183 2503 426 2560 voluntas
473 2523 595 2561 mea
642 2505 770 2573 ﬁat,
799 2524 903 2562 non
934 2523 1062 2579 egeo
1093 2510 1370 2578 precibus;
1402 2511 1494 2564 sed
1525 2509 1626 2564 hoc
1656 2510 1777 2564 dico

189 2608 242 2651 ut
271 2598 374 2653 illis
404 2599 669 2655 suadeam
710 2601 801 2656 tibi
843 2610 898 2655 et
933 2603 1060 2655 mihi
1092 2619 1248 2655 unam
1277 2617 1397 2657 esse
1423 2603 1772 2659 Voluntatem.

183 2686 286 2742 Cur
330 2705 464 2758 ergo
515 2694 798 2761 precaris?
840 2692 1067 2762 PrOpter
1110 2696 1350 2746 inlirmos
1376 2705 1428 2748 et
1458 2695 1772 2749 crassiores.

186 2779 269 2832 45.
319 2779 384 2832 Et
429 2798 549 2834 cum
595 2783 701 2836 Ita'c
733 2785 956 2844 dixisset,
989 2785 1222 2837 clamavit
1262 2801 1379 2838 rore
1421 2802 1626 2856 magna.
1671 2783 1776 2840 Cur

190 2885 288 2922 non
316 2873 473 2937 dixit,
510 2875 566 2927 In
602 2876 817 2929 nomine
845 2877 1014 2930 Patris
1042 2879 1145 2930 mei
1176 2879 1295 2932 veni
1325 2879 1468 2933 foras
1498 2880 1520 2933 ?
1549 2894 1647 2934 cur
1669 2896 1770 2935 non

191 2961 334 3027 dixit,
367 2964 585 3020 Suscita
620 2966 786 3029 illum,
818 2967 974 3021 Pater
1000 2969 1022 3021 ?
1050 2968 1144 3023 ενα
1176 2969 1257 3024 his
1302 2971 1477 3025 missis
1506 2971 1776 3040 onmibus,

190 3066 575 3128 assumptoque
605 3059 872 3126 pret-antis
897 3058 1099 3126 habitu,
1145 3062 1302 3116 rebus
1327 3062 1454 3131 ipsis
1483 3065 1780 3119 auctorita-

195 3151 294 3196 tem
323 3148 668 3201 demonstrat
692 3147 714 3200 ?
741 3148 868 3215 Quia
900 3148 1000 3203 hoc
1027 3151 1302 3219 Sapientia:
1326 3167 1435 3206 sua:
1465 3162 1566 3218 est,
1600 3154 1778 3210 verbis

195 3232 589 3302 lnm‘iilitatem,
643 3240 890 3306 operibus
940 3244 1226 3308 potentiam
1277 3244 1582 3298 ostendere.
1644 3244 1778 3311 Quia

201 3328 337 3380 enim
361 3329 506 3383 nulla
537 3329 639 3382 alia
670 3330 735 3383 de
766 3345 823 3384 re
855 3340 1098 3400 poterant
1130 3333 1276 3386 illum
1312 3347 1588 3401 accusare,
1618 3350 1777 3404 quam

197 3418 334 3486 quod
365 3436 471 3489 lion
504 3429 649 3474 esset
674 3436 742 3474 ex
775 3421 884 3474 Deo
904 3463 918 3485 ,
943 3431 993 3475 et
1021 3423 1097 3476 sic
1127 3423 1513 3478 multitudinem
1540 3423 1778 3493 decipie-

199 3508 357 3575 bant;
402 3510 524 3565 ideo
556 3525 622 3565 ex
668 3511 956 3565 abundanti
1001 3511 1128 3565 illud
1160 3513 1334 3566 verbis
1375 3514 1486 3568 suis
1515 3514 1777 3580 ostendit,

196 3612 256 3651 eo
293 3615 400 3669 quo
447 3601 728 3656 inﬁrmitas
774 3602 983 3656 illorum
1029 3603 1271 3673 exigebat
1321 3605 1504 3663 modo.
1560 3606 1780 3662 Poterat

197 3689 332 3743 eum
378 3693 487 3746 alio
525 3691 685 3747 modo
712 3693 1052 3747 concordiam
1093 3695 1382 3751 ostendere
1417 3712 1519 3751 una
1548 3713 1669 3752 cum
1697 3698 1780 3753 di-

198 3783 392 3848 gnitate
441 3801 584 3849 sua;
623 3786 714 3852 sed
763 3801 828 3841 eo
880 3787 1031 3841 turba
1085 3790 1365 3855 pervenire
1409 3805 1514 3844 non
1549 3800 1780 3861 poterat.

203 3872 354 3941 Dixit,
389 3879 482 3933 45.
516 3877 728 3944 Lazare,
753 3881 862 3933 veni
902 3885 1057 3951 foras.
1091 3881 1202 3936 lloc
1229 3893 1328 3946 est,
1359 3883 1497 3953 quod
1527 3884 1738 3940 dixerat
1765 3903 1781 3942 :

211 3964 350 4022 l'euit
384 3973 536 4036 liora,
567 3972 768 4041 quando
795 3974 980 4026 mortui
1011 3975 1215 4027 audient
1243 3991 1408 4028 vocem
1438 3974 1563 4030 Filii
1592 3977 1707 4044 Dei,
1740 3988 1785 4032 et

202 4062 282 4128 qui
326 4065 623 4128 audierint,
670 4065 828 4119 vivent
855 4063 1046 4138 (Joan.
1077 4068 1130 4122 5.
1171 4066 1303 4136 28).
1335 4067 1413 4123 Ne
1449 4078 1600 4138 putes
1643 4071 1784 4124 enim

207 4152 348 4208 illum
379 4158 450 4212 ab
476 4158 649 4212 altero
682 4159 927 4212 virtutem
974 4160 1267 4228 accepisso,
1310 4161 1418 4229 jam
1463 4165 1709 4231 superius
1738 4173 1787 4218 te

207 4241 398 4310 docuit,
422 4258 480 4303 et
508 4249 556 4302 id
579 4249 829 4318 operibus
855 4249 1104 4305 ostendit.
1122 4249 1234 4304 Non
1257 4251 1408 4315 dixit,
1432 4251 1601 4322 Surge
1627 4270 1640 4320 ;
1670 4255 1785 4322 scd,

219 4335 337 4392 γειιὶ
375 4341 552 4409 foras,
580 4353 848 4396 mortuum
882 4352 1147 4414 tamquam
1187 4346 1452 4400 viventem
1482 4347 1784 4417 alloquens.

276 4431 328 4486 3.
367 4432 509 4501 Quid
560 4432 683 4489 huic
732 4437 978 4503 potestati
1029 4451 1122 4504 par
1171 4435 1558 4506 fueritiQuod
1589 4439 1631 4492 si
1683 4456 1788 4492 non

214 4526 417 4593 propria
470 4525 666 4580 virtute
715 4525 814 4579 hoc
862 4525 1006 4588 fecit,
1055 4527 1180 4596 quid
1228 4529 1347 4596 plus
1387 4529 1600 4584 habebit
1631 4546 1788 4599 quam

214 4617 452 4682 apostoli,
487 4617 576 4686 qui
618 4617 801 4670 dicunt
835 4635 848 4669 :
885 4618 1017 4682 Quid
1057 4619 1199 4672 nobis
1227 4621 1501 4684 attenditis,
1536 4631 1790 4690 tamquam

216 4709 413 4775 prapria
455 4709 635 4760 virtute
677 4719 763 4760 aut
814 4710 1002 4779 pietate
1044 4711 1310 4777 fecerimus
1355 4711 1486 4764 hunc
1529 4715 1793 4769 ambulare

217 4795 340 4862 (Act.
370 4800 422 4852 ἵ».
454 4796 594 4870 12)?
624 4797 752 4853 Nam
805 4802 846 4853 si
896 4817 998 4852 non
1046 4803 1253 4868 propria
1302 4802 1495 4856 virtute
1544 4803 1788 4870 faciebat,

219 4899 306 4940 cur
333 4904 438 4941 non
470 4889 663 4958 adjecit
695 4891 744 4942 id
778 4889 917 4958 qttod
949 4893 1173 4958 apostoli
1214 4892 1278 4945 de
1305 4907 1362 4946 se
1388 4893 1635 4948 dicebant
1664 4897 1686 4947 ?
1722 4899 1792 4952 lla

219 4987 353 5034 certe
397 4979 471 5034 illi
521 4980 778 5048 majorem
825 4979 1212 5050 philosophiam
1257 4993 1310 5037 et
1340 4987 1584 5039 virtutem
1634 5003 1792 5042 exer-

221 5070 436 5134 cuet'int,
466 5071 554 5140 qui
583 5071 803 5139 gloriam
839 5073 1215 5140 prepnlsariut.
1244 5075 1309 5128 Et
1330 5075 1477 5140 alibi,
1515 5075 1640 5142 Viri,
1673 5081 1795 5145 quid

222 5157 319 5212 lucc
337 5162 504 5231 facitis
525 5161 551 5216 2
573 5160 778 5218 Similes
799 5161 933 5215 vobis
955 5164 1178 5217 homines
1199 5182 1368 5218 sumus
1385 5165 1435 5237 (Ι
1441 5167 1544 5220 bid.
1573 5169 1657 5224 l4.
1683 5171 1792 5237 14).

222 5248 342 5307 Num
374 5239 602 5322 apostoli
647 5255 768 5323 quia
797 5255 929 5309 nihil
961 5269 1052 5324 per
1084 5273 1141 5310 se
1170 5256 1454 5324 iaciebant,
1487 5259 1602 5315 hzec
1642 5263 1794 5316 dixe-

221 5353 366 5410 runt,
400 5354 458 5400 ut
507 5345 607 5399 hoc
644 5347 815 5415 ipsutn
849 5346 1234 5415 persuaderent
1265 5365 1278 5413 ;
1311 5349 1397 5404 ille
1432 5367 1560 5404 vero
1589 5355 1630 5406 si
1662 5353 1797 5408 hanc

280 5544 292 5574 ⁸
325 5551 535 5611 Quatuor
569 5551 674 5597 Mss.
700 5543 886 5597 habent
912 5559 982 5611 :___¢
1006 5552 1325 5611 cumeumque
1349 5546 1476 5596 enim
1501 5549 1602 5597 rolo
1636 5556 1686 5598 tu
1720 5552 1794 5611 fi-

223 5604 284 5672 q’s
300 5603 652 5673 n,inqt_tit_.Qua:
675 5613 810 5673 putat
831 5603 1033 5656 savilius
1054 5603 1296 5673 conjungi
1310 5622 1450 5673 posse
1473 5623 1581 5673 cum
1606 5613 1666 5659 iis
1686 5603 1796 5673 quae

224 5666 266 5712 in
287 5673 424 5739 textu
449 5666 718 5726 habeatur,
740 5669 841 5727 sic,
873 5676 1016 5739 (.Ego
1045 5666 1206 5739 autent
1226 5666 1439 5739 sciebam
1467 5671 1584 5739 quia
1607 5666 1796 5736 semper

223 5737 288 5774 me
309 5726 450 5778 audis
472 5740 485 5774 :
509 5741 819 5792 malarumque
840 5726 975 5792 enim
987 5730 1086 5779 volo
1107 5737 1155 5778 tu
1177 5730 1315 5792 facis.
1336 5747 1359 5776 ν
1388 5726 1606 5783 sed'sin'.‘
1633 5726 1792 5786 Manu-

226 5792 502 5854 suiptorutn
525 5791 811 5843 auctoritate
829 5791 945 5843 nihil
963 5791 1185 5856 jnngere’
1198 5792 1449 5842 audemus.

1214 360 1276 414 IN
1317 353 1627 412 JOANNEM
1668 349 1899 404 llOMIL.
1940 348 2121 403 LXlV.
2156 350 2222 401 al.
2267 347 2444 404 LXlll.
3378 354 3461 409 35.

1880 463 1946 516 de
1975 476 2032 516 se
2074 466 2383 532 opinionem
2417 463 2684 519 habuisset
2709 506 2720 526 ,
2746 480 2924 518 annon
2955 466 3164 521 illorum
3197 471 3457 522 existima

1884 554 2080 608 tionem
2107 556 2414 619 notavisset,
2441 554 2539 608 nisi
2569 570 2660 608 sua
2683 556 2999 610 auctoritate
3021 568 3274 625 aperatus
3297 572 3439 614 επεν-ι
3467 564 3486 613 ‘r

1882 645 2064 713 ecquis
2111 645 2210 697 hoc
2243 645 2493 698 dixerit?
2536 645 2692 714 Atqui
2734 656 2916 700 contra
2962 647 3192 716 loquitur
3234 648 3484 705 Christu~

1880 733 2065 787 dicens
2091 755 2103 790 :
2133 733 2349 804 PrOpter
2368 736 2771 790 circumstante»:
2790 739 2985 791 turbam
3009 739 3137 805 dixi,
3170 753 3222 794 ut
3244 744 3474 797 credant.

1883 823 2063 892 Itaque
2112 825 2156 877 si
2209 826 2600 892 credidissent,
2633 841 2740 881 non
2787 845 2921 898 opus
2970 841 3087 886 erat
3120 837 3386 902 precibus.
3422 838 3475 890 Si

1882 923 2060 966 autem
2096 918 2300 982 precari
2336 916 2609 986 indignum
2644 919 2761 987 ipso
2799 937 2902 974 non
2931 933 3064 982 erat.
3095 938 3192 978 eor
3218 925 3321 980 illis
3351 945 3475 981 cau-

1881 1018 1994 1056 sam
2024 1005 2245 1073 imputet
2270 1006 2293 1058 ?
2318 1024 2414 1061 cur
2441 1025 2547 1062 non
2571 1010 2728 1076 dixit,
2761 1011 2825 1066 Ut
2856 1014 3076 1068 credant
3103 1031 3190 1070 me
3219 1033 3322 1071 non
3355 1036 3475 1076 esse

1884 1094 1976 1148 tibi
2026 1098 2283 1166 aqualem
2316 1097 2339 1150 ?
2368 1101 2650 1168 oportebat
2681 1103 2822 1156 enim
2865 1105 2936 1158 ob
2979 1106 3124 1162 illam
3166 1111 3472 1178 opinionem

1881 1184 1948 1240 ad
1979 1186 2078 1242 hoc
2098 1188 2298 1243 venire.
2325 1189 2430 1245 Sed
2462 1207 2584 1245 cum
2613 1194 2779 1264 legem
2805 1198 3015 1256 solvere
3049 1200 3472 1272 existimabatur,

1882 1277 1988 1330 illis
2033 1278 2161 1331 nihil
2200 1281 2593 1347 prolerentibus
2638 1285 2750 1353 ipse
2794 1287 2992 1342 dictum
3023 1296 3330 1363 expressit:
3362 1296 3476 1352 No-

1883 1367 1967 1419 lite
1989 1377 2167 1436 putare
2200 1371 2318 1440 quia
2347 1376 2458 1425 veni
2485 1375 2674 1428 solvere
2697 1378 2854 1448 legem
2878 1380 3091 1451 (Matth.
3117 1386 3169 1441 5.
3200 1388 3266 1441 l7
3292 1392 3309 1459 )
3341 1408 3353 1454 ;
3389 1393 3474 1447 hic

1882 1473 2010 1513 vero
2035 1460 2337 1529 opinionem
2367 1465 2560 1519 lirmat.
2591 1466 2645 1522 In
2674 1482 2902 1536 summa,
2927 1475 3052 1543 quid
3075 1491 3209 1547 Opus
3227 1491 3340 1536 erat
3366 1486 3472 1538 eir-

1881 1550 2115 1605 cuitioue
2141 1561 2195 1605 et
2219 1555 2624 1622 aenigmatibus?
2652 1559 2795 1615 Satis
2822 1573 2937 1619 erat
2956 1565 3180 1631 dixisse,
3212 1569 3326 1626 Non
3352 1589 3469 1630 sum

1881 1641 2133 1708 arqualis,
2183 1652 2238 1696 et
2280 1660 2392 1698 rem
2445 1647 2675 1704 solvere.
2722 1652 2858 1717 Quid
2905 1672 3031 1726 ergo
3062 1657 3084 1710 ?
3110 1673 3287 1716 annon
3319 1664 3473 1731 dixit,

1885 1731 2126 1802 inquies,
2162 1733 2280 1788 Non
2308 1739 2444 1807 facio
2476 1741 2784 1797 voluntatem
2814 1764 2974 1801 meam
3000 1751 3026 1804 .’
3047 1750 3153 1807 Sed
3187 1755 3313 1810 illud
3344 1760 3468 1812 subi

1883 1822 2112 1878 obscure
2151 1823 2304 1889 dixit,
2336 1837 2389 1881 et
2420 1841 2635 1899 propter
2674 1848 2860 1890 eorum
2904 1839 3343 1912 imbecillitatem,
3382 1867 3474 1905 ea-

1886 1914 2006 1970 dem
2040 1916 2107 1970 de
2133 1932 2318 1986 causa,
2349 1938 2451 1989 qua
2492 1927 2652 1980 etiam
2703 1940 2952 1996 precatus
2985 1945 3085 1989 est.
3132 1938 3265 2006 Quid
3294 1954 3472 2000 autem

1884 2006 1982 2061 sibi
2031 2010 2141 2062 vult
2178 2010 2329 2077 illud,
2364 2014 2616 2077 Quoniam
2660 2022 2852 2076 audisti
2889 2040 2968 2078 me
2995 2028 3023 2081 ?
3050 2011 3163 2084 Hoc
3204 2043 3304 2100 est,
3334 2036 3474 2093 Nihil

1884 2098 2024 2154 inter
2053 2115 2138 2156 me
2168 2112 2220 2156 et
2249 2111 2300 2159 te
2324 2110 2650 2164 contrarium
2691 2123 2792 2166 est.
2824 2098 3298 2182 Quemadmodum
3320 2128 3476 2196 igitur

1884 2188 2037 2258 illud,
2063 2191 2260 2248 Audisti
2284 2212 2380 2264 me,
2408 2214 2512 2253 non
2540 2203 2802 2272 signiﬁcat
2825 2208 2994 2278 ipsum
3024 2229 3128 2266 non
3154 2231 3308 2285 posse
3330 2188 3474 2291 (itam

1883 2284 1930 2339 si
1961 2284 2063 2340 hoc
2087 2298 2249 2354 esset,
2279 2306 2384 2344 non
2417 2293 2723 2361 impotentia
2747 2301 2944 2368 solum,
2973 2305 3066 2359 sed
3091 2284 3474 2379 etiignm'antia

1885 2386 2050 2442 esset,
2081 2379 2342 2447 siquidem
2374 2393 2500 2438 ante
2539 2389 2896 2453 precationem
2941 2398 3256 2455 nesciviSSct
3310 2405 3474 2460 Deum

1883 2479 2224 2524 assensurum
2258 2487 2379 2528 esse
2409 2490 2423 2527 :
2453 2477 2498 2529 si
2529 2494 2654 2534 vero
2685 2480 2982 2553 ignorabat,
3015 2494 3283 2558 quomodo
3309 2497 3471 2563 dixit,

1895 2556 2117 2612 Vadout
2157 2564 2392 2617 suscitem
2434 2570 2601 2623 eum?
2644 2587 2744 2627 nec
2784 2576 2916 2631 dixit
2940 2621 2952 2640 ,
2991 2556 3134 2637 Vade
3166 2599 3477 2653 precaturus

1885 2651 2122 2719 Patrem,
2153 2666 2207 2710 ut
2233 2660 2453 2715 suscitet
2480 2661 2644 2740 eum)
2687 2684 2701 2719 :
2734 2673 3203 2744 quemadmodum,
3237 2682 3474 2753 inquam,

1886 2743 1988 2799 hoc
2029 2759 2133 2801 nou
2171 2748 2585 2821 imbecillitatis,
2617 2758 2711 2813 sed
2743 2766 3046 2821 concordia:
3068 2781 3149 2824 Cal
3226 2743 3380 2829 sic-et
3410 2743 3476 2830 ξιξ

1884 2837 1998 2936 lpd,
2024 2839 2236 2913 Semper
2262 2861 2339 2897 me
2352 2847 2519 2901 audis.
2544 2851 2649 2905 Aut
2676 2854 2775 2909 hoc
2803 2856 3110 2928 dicendum,
3139 2875 3229 2919 aut
3259 2883 3474 2936 respou-

1884 2921 2136 2992 dendum,
2174 2927 2286 2982 hmo
2317 2942 2536 3000 propter
2559 2935 2769 2992 illorum
2801 2921 3108 3009 Opinionem
3129 2951 3266 3005 diea
3294 2921 3475 3010 fuisse.

1887 3016 2040 3082 Quod
2085 3021 2128 3075 si
2161 3037 2261 3077 nec
2303 3025 2602 3113 ignorabat,
2650 3047 2748 3086 nec
2795 3034 3093 3092 imbecillus
3139 3053 3275 3108 erat,
3307 3045 3476 3113 palam

1885 3118 1968 3163 est
1996 3110 2146 3166 illum
2178 3112 2299 3169 ideo
2329 3108 2555 3173 humilia
2583 3121 2743 3176 verba
2781 3124 3056 3194 loquutum
3086 3131 3267 3197 fuisse,
3307 3108 3369 3190 nt
3397 3139 3479 3192 vel

1886 3215 1950 3256 ex
1981 3202 2272 3274 hyperbole
2293 3212 2482 3267 credas
2502 3224 2556 3268 et
2575 3216 2817 3271 conﬁteri
2857 3223 3065 3291 cogaris
3087 3266 3102 3288 ,
3142 3227 3257 3282 haec
3283 3230 3483 3288 dixisse

1889 3291 2036 3346 illum
2068 3310 2170 3350 non
2201 3300 2494 3355 secundum
2524 3303 2836 3372 dignitatem
2865 3325 3036 3381 suam,
3062 3316 3155 3370 sed
3187 3322 3482 3378 secundum

1889 3383 2309 3444 imbecillitatem
2349 3393 2674 3451 auditorum.
2720 3397 2858 3465 Quid
2896 3417 3025 3472 ergo
3061 3407 3211 3462 aiunt
3246 3413 3485 3468 veritatis

1888 3471 2075 3532 hosws
2105 3477 2269 3534 ?Non
2304 3482 2369 3536 ad
2402 3484 2823 3545 imbecillitatem
2857 3471 3159 3551 auditorum
3191 3500 3342 3566 dixit,
3378 3505 3486 3559 Au-

1888 3568 2008 3621 disti
2055 3586 2179 3636 me;
2227 3574 2321 3628 sed
2369 3587 2426 3631 ut
2467 3581 2776 3636 ostenderet
2807 3589 3242 3653 prtecellemiam.
3290 3594 3484 3654 Verum

1891 3658 1993 3715 hoc
2038 3677 2144 3717 non
2188 3676 2305 3719 erat
2346 3671 2761 3737 praecellentiam
2809 3677 3216 3749 demonstrare,
3263 3688 3355 3743 sed
3387 3691 3485 3746 ad-

1891 3752 2109 3807 modum
2148 3755 2417 3814 humiliter
2465 3770 3060 3843 agere,ostendcreque
3107 3793 3166 3832 se
3198 3780 3327 3834 nihil
3372 3784 3490 3852 plus

1891 3857 2050 3910 quam
2095 3844 2366 3904 hominem
2421 3850 2638 3909 habere.
2669 3855 2801 3912 Nam
2846 3867 3050 3929 precari
3099 3885 3202 3923 non
3245 3881 3326 3925 est
3357 3844 3478 3939 liei,

1894 3950 1993 3989 nec
2019 3935 2132 4005 ejus
2158 3940 2248 4008 qui
2278 3940 2328 3995 in
2353 3943 2543 3999 eodem
2563 3947 2710 4002 sedet
2741 3951 2896 4006 solio.
2927 3953 3116 4011 Viden’
3135 3962 3273 4014 nulla
3301 3965 3401 4018 alia
3420 3967 3488 4019 de

1893 4041 2052 4081 causa
2094 4030 2158 4084 ad
2189 4030 2290 4087 hoc
2316 4037 2558 4102 venisse,
2593 4042 2691 4094 nisi
2735 4055 2956 4114 propter
2984 4065 3169 4105 eormn
3199 4053 3474 4112 increduli-

1896 4121 2104 4173 tatem?
2143 4124 2521 4184 Animadverte
2546 4146 2674 4202 ergo
2708 4150 2819 4189 rem
2855 4137 3024 4206 ipsam
3057 4142 3173 4212 ejus
3201 4151 3485 4202 auctorita-

1897 4220 2004 4265 tem
2054 4215 2345 4274 testiﬁcari.
2380 4219 2631 4290 Vocavit,
2665 4236 2718 4279 et
2765 4229 2961 4295 prodiit
2993 4246 3238 4290 mortuus
3275 4237 3486 4307 ligatus.

1897 4300 2032 4358 llinc
2059 4321 2125 4360 ne
2157 4307 2428 4365 videretur
2458 4328 2542 4367 res
2568 4331 2689 4370 esse
2719 4320 3032 4387 phantasma
3079 4326 3096 4394 (
3123 4343 3241 4382 nam
3274 4333 3491 4398 prodite

1897 4391 2116 4462 ligatum
2151 4414 2254 4452 non
2286 4402 2464 4458 minus
2485 4406 2858 4464 admirandum
2889 4391 3187 4482 videbatur,
3215 4391 3372 4490 quam
3403 4440 3490 4477 rr-

1897 4488 2176 4559 surgere),
2205 4491 2371 4547 Iussit
2396 4497 2522 4550 solvi
2552 4499 2718 4566 illum,
2754 4512 2811 4556 ιιι
2847 4513 3125 4574 tangentes
3151 4523 3199 4564 et
3231 4488 3490 4570 acceden-

1901 4587 1980 4632 tes
2003 4580 2242 4637 viderent
2268 4601 2391 4641 vere
2422 4589 2570 4644 illum
2597 4607 2739 4651 esse.
2765 4594 2832 4649 Et
2857 4597 3010 4664 dixit,
3039 4602 3126 4656 Η.
3159 4604 3324 4660 Sinite
3349 4609 3494 4663 illum

1899 4669 2054 4724 abire.
2087 4672 2272 4728 Vidcn‘
2294 4693 2452 4747 quam
2482 4682 2553 4736 sit
2571 4684 2777 4740 ahenus
2796 4702 2824 4740 a
2854 4688 2990 4744 fastu
3019 4692 3042 4744 ?
3069 4693 3184 4749 Non
3211 4696 3494 4756 ducitemn

1901 4777 2106 4827 secum,
2143 4783 2314 4836 neque
2342 4774 2489 4841 sequi
2519 4791 2577 4828 se
2598 4775 2772 4844 jubet,
2803 4795 2870 4834 ne
2897 4782 3140 4840 videatur
3169 4802 3289 4845 sese
3310 4802 3495 4848 osten-

1905 4862 2016 4908 tare
2050 4874 2060 4904 :
2096 4865 2237 4912 tanta
2287 4862 2535 4918 utebatur
2587 4868 2867 4924 modestia.
2910 4873 3129 4944 Signum
3175 4889 3378 4937 tantum
3412 4889 3498 4942 alii

1904 4946 2258 5014 mirabantur,
2287 4953 2375 5004 alii
2406 4954 2690 5011 Pharisa-is
2731 4964 3134 5028 nuntiaverunt.
3168 4970 3305 5038 Quid
3342 4976 3502 5044 igitur

1906 5037 2018 5090 illi?
2039 5039 2170 5093 Cum
2202 5043 2380 5098 mirari
2414 5057 2466 5099 ct
2494 5049 2873 5119 obstupescere
2904 5060 3251 5127 oportuisset,
3276 5037 3498 5119 corisul-

1905 5136 2017 5182 tant
2045 5141 2100 5183 ut
2131 5133 2277 5187 illum
2324 5135 2666 5206 interﬁciant,
2693 5144 2782 5213 qui
2818 5157 3084 5205 mortuum
3116 5154 3411 5210 suscitavit.
3457 5159 3501 5210 Ο

1905 5219 2259 5290 insipientiam
2296 5226 2310 5281 !
2361 5227 2495 5282 Eum
2539 5232 2712 5300 quiin
2760 5235 2880 5291 aliis
2923 5243 3238 5309 corporibus
3270 5256 3496 5302 mortem

1904 5323 2281 5379 superaverat,
2308 5320 2464 5372 morti
2494 5334 2551 5375 se
2579 5322 2866 5380 tradituros
2892 5342 3010 5384 esse
3038 5333 3311 5402 putabant,
3334 5347 3388 5391 et
3418 5338 3495 5393 di-

1903 5412 2066 5466 cunt,
2119 5405 2209 5459 b7.
2247 5406 2386 5472 Quid
2425 5410 2672 5477 facimus,
2714 5417 2833 5484 quia
2865 5418 2946 5471 hic
2976 5420 3128 5476 homo
3158 5425 3315 5479 multa
3353 5427 3497 5498 signa

1905 5493 2026 5562 facit
2053 5495 2078 5548 ?
2109 5493 2390 5552 Hominem
2442 5501 2589 5556 illum
2622 5505 2797 5561 adlmc
2842 5519 3066 5579 vocant,
3099 5515 3190 5585 qui
3240 5493 3497 5573 illius-tli-

1907 5582 2142 5639 \iuitatis
2185 5595 2382 5643 tantam
2423 5605 2747 5662 acceperant
2793 5582 3328 5660 demonstrationem.
3361 5609 3498 5676 Quid

1905 5674 2165 5740 facimus?
2188 5678 2418 5737 Credere
2446 5688 2748 5754 Oportebat,
2774 5692 2945 5760 ipsum
2969 5697 3147 5750 colere
3169 5704 3223 5752 et
3245 5697 3494 5765 adorare,

1906 5785 2078 5837 neque
2127 5774 2354 5841 amplius
2401 5779 2669 5836 hominem
2708 5784 3038 5844 existimare.
3073 5789 3160 5844 48.
3196 5789 3255 5846 Si
3288 5792 3492 5846 dimitti-
