4054 6434
578 339 678 394 359

575 470 684 505 mus
704 467 813 505 eum
838 450 930 514 sic,
955 445 1139 499 venient
1172 441 1405 502 Romani,
1432 447 1476 493 et
1505 437 1676 491 tollent
1701 443 1892 506 gentem
1920 438 2138 485 nostram

580 552 622 595 et
666 539 929 606 ciuitatem.
960 532 1093 600 Quid
1119 536 1286 586 facere
1315 528 1604 584 deliberant
1637 527 1699 580 ίῖ
1729 523 1980 592 Populum
2005 534 2136 574 con-

576 635 741 686 citare
766 630 976 693 volunt,
1007 634 1063 679 ut
1093 623 1505 693 periclitaturnm
1537 619 1605 672 ob
1637 614 1928 687 tyrannidis
1966 610 2137 679 suspi-

576 725 802 777 cionem.
830 718 884 773 Si
923 716 1131 771 discant
1175 713 1394 766 Romani
1428 712 1597 778 ipsum
1636 710 1994 776 circumagere
2025 712 2136 756 tur-

576 815 713 878 bam,
743 825 840 865 nos
864 817 1134 877 suspectos
1162 805 1450 869 habebunt,
1499 814 1550 856 et
1597 801 1807 855 venient
1848 798 2135 864 tollentque

575 916 806 959 nostram
853 901 1136 956 civitatem.
1186 896 1293 951 Cnr
1334 893 1559 964 qumso?
1609 907 1734 946 num
1783 886 2132 944 defectionem

570 994 794 1048 docebat
823 993 844 1044 ?
872 1002 1048 1044 nonne
1069 985 1284 1055 jubebat
1317 984 1565 1036 tributmn
1594 979 1718 1032 dare
1757 975 1951 1030 Caesari
1972 974 1997 1026 Υ
2037 988 2132 1027 an~

575 1101 677 1137 non
701 1097 820 1137 cum
845 1081 986 1132 illum
1011 1090 1189 1146 regem
1212 1073 1382 1128 facere
1400 1069 1676 1133 volebatis,
1698 1064 1937 1136 aufugit?
1956 1079 2130 1118 annon

578 1176 732 1228 vilem
764 1181 816 1226 et
834 1171 945 1224 sine
971 1167 1108 1221 fastu
1140 1165 1299 1219 vitam
1327 1162 1572 1228 ducebat,
1602 1160 1716 1214 sine
1740 1158 1898 1212 domo
1937 1165 1990 1210 et
2015 1155 2130 1208 aliis

574 1262 869 1335 hujusmodi
896 1262 917 1315 ?
945 1261 1068 1315 Haac
1093 1257 1357 1321 dicebant,
1391 1270 1494 1308 non
1528 1259 1842 1312 metuentes,
1865 1248 1954 1302 sed
1988 1247 2129 1300 invi-

570 1358 777 1409 dentes.
825 1352 1014 1407 Verum
1049 1350 1098 1403 id
1143 1349 1395 1415 contigit,
1441 1343 1580 1413 quod
1615 1342 1828 1395 minime
1857 1346 2131 1405 exspecta-

573 1448 726 1505 bant.
756 1456 809 1500 et
840 1455 1045 1511 gentem
1085 1450 1136 1494 et
1173 1439 1353 1493 urbem
1385 1445 1632 1502 ceperunt
1661 1473 1673 1494 ,
1705 1431 1823 1500 quia
1861 1429 2126 1482 Christum

572 1541 668 1606 ipsi
701 1537 1023 1593 occiderant.
1055 1532 1220 1587 Erant
1260 1536 1404 1598 gesta
1455 1525 1596 1580 illius
1645 1521 1821 1592 procul
1853 1519 1993 1574 omni
2041 1533 2127 1571 su-

569 1631 826 1699 spicione.
855 1627 981 1680 Nam
1013 1624 1099 1693 qui
1127 1635 1298 1689 aegros
1326 1616 1542 1673 sanabat
1571 1657 1585 1682 ,
1617 1616 1705 1684 qui
1732 1612 1984 1681 optimum
2009 1610 2127 1663 vitae

569 1723 857 1778 insuitutum
902 1717 1140 1783 docebat,
1177 1721 1230 1769 et
1258 1709 1578 1782 principibus
1603 1720 1786 1776 parere
1807 1703 2050 1772 jubebat,
2084 1701 2129 1755 is

568 1829 669 1868 non
714 1809 1009 1875 allectabat,
1040 1807 1130 1862 sed
1161 1801 1495 1876 propulsabat
1526 1797 1872 1871 tyrannidem.
1918 1797 2018 1858 At,
2050 1794 2127 1846 in-

567 1907 786 1975 quiunt,
819 1904 870 1959 id
909 1918 970 1957 ex
1004 1897 1365 1968 superioribus
1391 1892 1769 1961 conjectamus.
1804 1884 2125 1975 Verumripsi

568 1974 920 2051 defectionem
949 1989 1227 2049 docebant,
1275 2000 1428 2038 secus
1473 1982 1582 2034 ille.
1631 1977 1817 2032 Viden'
1859 1976 1944 2029 illa
1989 1974 2124 2027 dicta

569 2084 954 2140 simulationem
988 2078 1195 2134 fuisse?
1239 2075 1369 2141 Quid
1401 2073 1540 2127 enim
1582 2069 1752 2122 simile
1801 2064 2127 2121 exhibebat?

566 2191 688 2231 num
714 2171 1025 2229 satellitibus
1063 2165 1398 2235 stipabatur?
1445 2177 1566 2215 num
1604 2175 1792 2213 currus
1837 2154 2126 2211 trahebat?

562 2280 736 2321 annon
765 2263 1073 2319 solitudines
1103 2259 1278 2312 obibat
1309 2257 1331 2309 ?
1358 2255 1460 2310 Sed
1496 2269 1561 2308 ne
1591 2253 1894 2305 viderentur
1921 2250 2030 2301 hmc
2059 2264 2120 2302 ex

562 2356 720 2411 animi
763 2355 842 2409 sui
884 2352 1070 2406 morbo
1102 2348 1298 2408 dicere,
1345 2347 1610 2400 civitatem
1643 2351 1801 2395 totam
1839 2339 2117 2409 periclitari

560 2448 757 2511 dicunt,
788 2453 839 2500 et
867 2441 1167 2511 reipublicae
1197 2437 1414 2494 insidias
1445 2435 1638 2504 parari,
1668 2446 1827 2501 seque
1858 2431 1922 2484 de
1947 2439 2123 2485 extre-

561 2539 661 2593 mis
688 2545 941 2591 metuere.
985 2533 1097 2586 Non
1139 2531 1252 2584 hare
1289 2529 1438 2580 vobis
1480 2524 1796 2593 captivitatis
1823 2537 1978 2576 causa
2011 2520 2117 2576 fue-

560 2637 718 2694 runt;
749 2626 844 2683 sed
885 2625 966 2680 his
1007 2621 1288 2682 contraria,
1323 2629 1375 2672 ct
1405 2618 1538 2671 hanc
1567 2626 1617 2670 et
1648 2614 2042 2686 Bahylonicam,
2073 2621 2126 2666 et

557 2721 701 2775 illam
745 2734 861 2788 quae
903 2718 999 2771 sub
1043 2713 1302 2768 Antiocho
1331 2710 1546 2778 contigit
1591 2716 1910 2777 pepererunt
1961 2722 1976 2759 :
2019 2719 2121 2757 non

556 2811 698 2882 quod
727 2809 862 2880 apud
891 2822 984 2862 vos
1017 2805 1106 2860 Dei
1135 2803 1367 2858 cultores
1407 2806 1604 2858 essent,
1638 2796 1728 2851 sed
1756 2795 1894 2864 quod
1943 2792 2120 2861 injusti

557 2915 612 2961 et
642 2905 804 2959 Deum
837 2901 1103 2956 irritantes
1133 2915 1147 2964 ;
1175 2896 1276 2949 hoc
1305 2907 1398 2948 vos
1426 2888 1675 2961 prodidit.
1701 2887 1896 2942 Verum
1929 2885 2119 2954 hujus-

555 2994 694 3049 modi
722 3008 804 3049 res
831 3003 908 3047 est
939 2989 1129 3044 invidia
1162 3005 1178 3042 :
1202 2985 1333 3039 nihil
1357 2984 1606 3038 decorum
1634 2980 1760 3034 sinit
1807 2978 2004 3042 videre,
2026 2993 2120 3031 ex-

557 3093 752 3140 caecata
780 3079 946 3138 semel
989 3079 1184 3133 animo.
1217 3075 1400 3130 Nonne
1431 3075 1585 3126 miles
1621 3085 1736 3125 esse
1766 3069 2007 3123 Christus
2035 3066 2123 3120 do-

556 3176 698 3232 cuit?
722 3189 896 3229 nonne
921 3173 1085 3240 alapis
1108 3183 1278 3225 cmsos
1299 3169 1348 3222 in
1371 3167 1610 3229 dextera,
1632 3163 1850 3217 alteram
1874 3158 2121 3214 vertere?

558 3281 731 3320 nonne
775 3262 965 3332 injuria
992 3260 1212 3316 allectos
1242 3259 1470 3312 tolerare
1499 3255 1520 3309 τ
1566 3269 1740 3308 nonne
1770 3253 2024 3320 majorem
2054 3249 2118 3303 ad

557 3359 691 3411 mala
732 3353 995 3424 patienda,
1027 3366 1186 3422 quam
1228 3349 1313 3403 alii
1346 3350 1409 3402 ad
1441 3348 1580 3401 mala
1612 3345 1847 3400 facienda
1882 3344 2116 3397 animum

556 3448 854 3504 exhibere?
902 3445 1144 3500 Ilznccine
1195 3441 1518 3514 tyrannidem
1550 3434 1896 3494 affectantis?
1943 3449 2118 3489 annon

559 3542 731 3610 potius
753 3534 1110 3606 propulsantis
1140 3533 1164 3586 ?

628 3633 681 3686 4.
723 3629 917 3683 Verum
943 3667 958 3690 ,
991 3634 1047 3679 ut
1071 3624 1215 3688 dixi,
1246 3623 1420 3693 gravis
1448 3629 1531 3676 est
1561 3620 1752 3674 invidia
1775 3659 1788 3682 ,
1817 3626 1872 3673 et
1899 3616 2119 3670 simula-

553 3724 699 3776 tione
725 3719 898 3790 plena.
931 3716 1054 3770 Hzee
1078 3714 1260 3770 orbem
1312 3712 1604 3768 innumeris
1656 3709 1889 3779 implevit
1918 3706 2071 3761 malis
2102 3725 2116 3762 :

557 3813 715 3881 hujus
752 3807 920 3864 morbi
961 3819 1149 3870 causa,
1181 3803 1288 3859 reis
1317 3811 1369 3858 et
1396 3802 1567 3858 noxiis
1592 3799 1871 3855 tribunalia
1903 3797 2117 3868 replen-

556 3913 642 3957 tur
674 3917 690 3957 :
728 3899 854 3954 hinc
886 3898 1056 3952 oritur
1099 3895 1278 3965 gloria:
1308 3903 1363 3949 et
1403 3893 1743 3963 pecuniarum
1785 3905 1956 3955 amor,
2000 3889 2123 3944 hinc

555 4007 706 4048 amor
734 3989 1058 4060 principatus
1078 4028 1093 4053 ,
1128 3987 1248 4041 hinc
1275 3985 1519 4054 superbia
1554 4003 1566 4037 :
1600 3983 1721 4037 hinc
1751 3983 1850 4036 via:
1879 3982 2121 4037 scelestis

555 4079 876 4144 latronibus,
918 4093 1066 4133 mare
1108 4077 1289 4147 piratis
1319 4075 1593 4130 infestatur
1625 4091 1637 4126 :
1671 4074 1795 4128 hinc
1822 4073 1996 4128 caedes
2025 4088 2121 4142 per

554 4172 760 4236 orbem,
803 4169 928 4224 hinc
968 4182 1133 4240 genus
1171 4175 1409 4222 nostrum
1448 4165 1785 4233 discerpitur.
1813 4163 2116 4231 Quodcum-

554 4277 658 4332 que
682 4261 876 4316 malum
907 4259 1085 4325 vides,
1131 4259 1253 4314 inde
1284 4257 1634 4327 proficiscitur
1669 4275 1681 4309 :
1711 4255 1814 4309 hoc
1850 4255 1902 4309 in
1937 4256 2120 4310 Eccle-

557 4354 663 4407 sias
702 4351 915 4420 irrepsit
954 4367 968 4404 :
1005 4349 1107 4404 hoc
1137 4349 1337 4416 jamdiu
1382 4349 1656 4400 innumera
1695 4347 1901 4416 peperit
1933 4346 2070 4399 mala
2103 4363 2116 4398 :

552 4455 789 4496 amorem
817 4439 1054 4508 pecunia:
1079 4437 1272 4507 ubique
1296 4435 1497 4490 induxit
1529 4455 1543 4491 :
1576 4435 1661 4490 hic
1693 4436 1906 4490 morbus
1931 4447 2118 4489 cuncta

553 4530 829 4592 subvertit,
857 4528 1110 4598 justitiam
1142 4527 1376 4596 corrupit
1408 4525 1590 4597 (Dona
1613 4527 1787 4590 enim,
1815 4527 2003 4596 inquit,
2037 4543 2119 4578 sa-

555 4621 795 4692 pientium
832 4620 1001 4674 oculos
1040 4630 1325 4686 excwcant,
1367 4631 1414 4674 et
1467 4629 1718 4688 tamquam
1771 4622 1966 4688 [renum
2005 4621 2114 4686 ori,

553 4720 777 4766 avertunt
805 4711 1139 4779 correptiones
1168 4709 1457 4784 [Eccli.20.
1479 4707 1607 4782 51])
1635 4728 1647 4762 :
1681 4709 1780 4764 hoc
1810 4725 1992 4765 servos
2024 4726 2117 4779 pro

554 4801 734 4857 liberis
769 4799 893 4854 facit
937 4817 949 4852 :
989 4800 1056 4854 de
1095 4799 1196 4855 hoc
1237 4799 1472 4868 quotidie
1520 4799 1850 4863 disserimus,
1897 4812 1948 4853 et
1988 4801 2117 4854 nihil

555 4892 877 4961 prollcimus.
914 4889 1062 4946 Feris
1092 4890 1299 4961 pejores
1329 4889 1604 4950 efficimur.
1637 4890 1952 4958 pupillorum
1981 4891 2116 4945 bona

554 4983 817 5050 rapimus,
867 4979 1054 5034 viduas
1098 4978 1354 5035 nudamus
1377 5021 1390 5042 ,
1421 4992 1684 5049 pauperes
1715 4978 1953 5033 laedimus
1977 5021 1992 5046 ,
2038 4996 2116 5035 va:

616 5112 630 5142 ⁸
658 5109 754 5160 Alli
775 5110 958 5162 habent
981 5124 993 5160 :
1018 5110 1138 5172 Quid
1160 5115 1229 5161 est
1252 5110 1378 5174 quod
1403 5109 1559 5159 volunt
1583 5108 1744 5159 dicere
1767 5107 1790 5160 .9

1307 326 1362 382 S.
1397 323 1666 381 JOANNIS
1693 314 2157 377 CIIBYSOSTOMI
2196 312 2506 370 ARCHIEP.
2551 313 3077 372 CONSTANTINOP.

3719 316 3822 371 δικ.

2245 439 2406 495 super
2431 442 2507 479 vas
2534 427 2832 494 adjicimus.
2874 426 2960 479 γα»
2981 426 3133 493 mihi,
3158 427 3275 497 quia
3297 427 3447 495 periit
3472 427 3582 496 pius
3604 427 3668 479 de
3689 439 3823 480 terra

2245 515 2431 584 (Mica.
2480 517 2530 568 7.
2580 516 2655 582 2).
2701 516 2946 570 Nostrum
2993 517 3101 585 jam
3142 525 3226 571 est
3267 517 3483 585 lugere;
3535 518 3642 571 imo
3694 518 3822 570 illud

2244 607 2477 676 quotidie
2514 607 2819 660 dicendum.
2851 606 2991 660 Nihil
3023 606 3286 674 precando
3319 607 3659 674 proﬁcimus,
3694 609 3821 661 nihil

2241 714 2310 752 ex
2342 700 2577 753 consiliis
2607 710 2658 752 et
2687 699 2899 752 monitis
2932 699 3200 752 lucramur
3227 717 3240 752 :
3278 708 3439 753 restat
3469 709 3526 752 ut
3558 700 3822 770 lacrymas

2240 789 2540 844 fundamus.
2591 791 2717 843 lllntl
2746 799 2799 844 et
2827 775 3068 844 Christus
3101 791 3220 844 fecit
3253 808 3264 842 :
3293 807 3413 845 cum
3453 792 3616 844 multa
3661 791 3819 846 Jero-

2241 880 2460 949 Solymis
2487 882 2681 934 monita
2713 881 2966 941 dedisset,
2997 895 3115 934 cum
3146 879 3192 933 id
3222 880 3321 933 illis
3352 880 3479 933 nihil
3513 882 3817 947 prodesset,

2239 986 2422 1022 eorum
2460 970 2671 1025 deflevit
2708 971 3020 1026 cmeitatem.
3058 971 3168 1024 lloc
3190 979 3241 1023 et
3269 973 3540 1040 propheta:
3568 971 3769 1025 faciunt
3805 988 3817 1020 :

2238 1061 2340 1116 huc
2383 1071 2437 1117 et
2481 1077 2576 1116 nos
2613 1078 2753 1117 nunc
2802 1062 3071 1116 faciamus.
3103 1061 3512 1131 Lacrymarnm,
3558 1056 3778 1115 ﬂetuum
3806 1106 3818 1122 ,

2237 1155 2466 1222 cjnlatus
2506 1169 2643 1209 nunc
2686 1164 2891 1222 tempus
2921 1162 3021 1209 est.
3053 1155 3361 1223 Opportune
3386 1153 3628 1208 dicamus
3659 1172 3671 1206 :
3717 1153 3816 1206 l'o-

2239 1254 2346 1298 cate
2373 1245 2592 1314 lugentes
2621 1244 2882 1308 mulieres,
2924 1255 2966 1296 et
3005 1245 3072 1295 ad
3109 1245 3360 1310 sapientes
3400 1244 3613 1307 mittite,
3655 1252 3702 1295 et
3739 1245 3816 1295 (o-

2236 1343 2452 1401 qnantur
2494 1331 2637 1402 (Jer.
2686 1332 2737 1386 9.
2781 1334 2846 1387 l7
2871 1331 2910 1402 ).
2942 1333 3028 1387 Sic
3061 1334 3194 1388 forte
3225 1335 3514 1402 poterimus
3570 1333 3816 1386 morbum

2236 1425 2447 1492 abigere
2475 1437 2656 1477 eorum
2694 1423 2782 1491 qui
2824 1423 2964 1477 uades
3003 1422 3307 1491 splendidas
3338 1431 3654 1476 construunt
3681 1464 3696 1487 ,
3726 1423 3818 1492 qui

2235 1529 2297 1570 ex
2329 1514 2506 1582 rapina
2531 1527 2686 1583 agros
2713 1515 2810 1567 sibi
2843 1524 3173 1584 comparant.

2308 1607 2523 1672 Quinam
2545 1608 2642 1659 sint
2668 1623 2776 1660 rere
2804 1606 3340 1677 lngendi.—-—Lugendi
3360 1617 3565 1675 tempus
3581 1615 3664 1660 est
3686 1607 3815 1661 :sed

2235 1714 2440 1752 mecum
2485 1713 2577 1751 vos
2618 1699 2790 1766 lugete
2821 1700 2907 1767 qni
2940 1699 3140 1763 nudati,
3171 1700 3258 1768 qui
3289 1685 3553 1753 laesiTxtis
3583 1717 3594 1752 :
3631 1709 3816 1752 vestro

2237 1789 2394 1843 luctui
2427 1789 2686 1860 laerymas
2715 1805 2860 1844 meas
2895 1791 3120 1859 jungite.
3168 1789 3358 1844 Verum
3397 1806 3500 1844 non
3544 1804 3672 1854 nos,
3718 1789 3812 1843 sed

2235 1879 2349 1934 illos
2376 1880 2643 1948 lugeamus
2670 1897 2683 1932 :
2710 1894 2811 1933 nOn
2847 1894 2938 1934 vos
2965 1880 3236 1943 laeserunt,
3265 1879 3359 1935 sed
3390 1881 3485 1933 sibi
3516 1881 3810 1950 perniciem

2234 1969 2538 2022 intulerunt.
2579 1968 2680 2022 Vos
2705 1970 2846 2022 enim
2880 1985 2972 2038 pro
3001 1970 3190 2038 injuria
3223 1970 3361 2023 illata
3396 1985 3616 2038 regnum
3647 1970 3814 2023 etcla-

2234 2073 2346 2109 rum
2390 2057 2622 2116 habetis;
2653 2058 2723 2113 illi
2770 2074 2864 2125 pro
2907 2059 3055 2112 lucro
3095 2060 3408 2128 gehennam.
3458 2059 3580 2114 Ideo
3620 2061 3813 2114 melius

2231 2156 2310 2202 est
2342 2147 2458 2201 lardi
2481 2189 2495 2213 ,
2527 2163 2683 2218 quam
2713 2149 2925 2203 laedere.
2959 2150 3254 2218 Lugeamus
3283 2163 3405 2216 eos,
3441 2166 3543 2202 non
3576 2150 3815 2202 humano

2231 2236 2392 2301 luctu,
2427 2239 2518 2292 sed
2557 2253 2619 2292 ex
2650 2238 2842 2292 divinis
2869 2237 3156 2308 Scripturis
3195 2238 3496 2308 desumpto,
3537 2254 3643 2309 quo
3686 2253 3813 2308 pro-

2231 2331 2400 2399 pheta:
2424 2330 2687 2384 luxerunt.
2720 2331 2924 2384 Accrbe
2950 2344 3068 2383 cum
3093 2331 3220 2384 Isaia
3253 2331 3549 2400 lugeamus,
3581 2341 3634 2385 et
3664 2331 3814 2385 dica-

2231 2435 2348 2474 mus
2393 2437 2407 2470 :
2473 2419 2556 2474 Va:
2598 2420 3009 2490 conjungentibus
3047 2430 3248 2473 domum
3302 2420 3502 2485 domui,
3540 2430 3585 2474 et
3627 2437 3815 2490 agrum

2231 2529 2352 2582 agro
2380 2513 2761 2581 adjicientibus,
2793 2520 2845 2562 ut
2873 2529 2902 2564 a
2941 2512 3098 2564 vicino
3130 2512 3320 2581 aliquid
3357 2515 3588 2580 auferant
3613 2553 3625 2577 ,
3660 2528 3814 2564 num-

2229 2605 2350 2674 quid
2371 2605 2650 2656 habitabilis
2672 2604 2765 2655 soll
2788 2605 2838 2655 in
2862 2611 2993 2656 terra
3010 2604 3035 2656 .7
3061 2602 3250 2656 Domus
3276 2618 3470 2672 magna:
3490 2613 3532 2657 et
3556 2604 3808 2671 pulchra,

2230 2708 2274 2750 et
2303 2714 2400 2748 uon
2428 2706 2568 2749 erunt
2595 2696 2678 2763 qui
2707 2696 2758 2748 in
2791 2697 2860 2749 eis
2889 2695 3108 2748 habitent
3155 2694 3304 2763 (lsai.
3339 2698 3391 2750 5.
3425 2695 3476 2750 8.
3506 2704 3550 2748 et
3580 2697 3655 2758 9).
3700 2696 3813 2749 Lu-

2227 2803 2443 2855 geamus
2467 2803 2584 2841 cum
2615 2786 2885 2852 Naliumo,
2919 2795 2971 2840 et
3013 2803 3131 2840 cum
3165 2787 3252 2839 illo
3293 2787 3530 2840 dit-anius
3552 2829 3565 2852 ,
3607 2787 3695 2841 Va:
3720 2792 3813 2850 qui

2227 2879 2444 2944 wdiﬁcat
2484 2879 2535 2930 in
2576 2877 2735 2930 altum
2779 2878 2984 2930 domum
3027 2894 3170 2930 suam
3212 2877 3343 2945 (Jer.
3395 2877 3483 2930 ‘22.
3521 2879 3606 2948 15)
3643 2895 3655 2930 :
3700 2881 3812 2931 imo

2229 2970 2499 3040 lugeamus
2528 2970 2660 3032 illos,
2689 2979 2744 3022 ut
2775 2978 2898 3025 tunc
2917 2967 3159 3022 Christus
3182 2968 3412 3029 Judaeos,
3443 2979 3495 3023 et
3524 2970 3766 3024 diCamus
3794 2989 3806 3023 :

2237 3064 2323 3118 Vte
2350 3063 2484 3116 vobis
2521 3063 2779 3124 divitibus,
2823 3063 2940 3130 quia
2980 3061 3170 3113 habetis
3200 3063 3469 3113 mercedem
3513 3073 3724 3114 vestram
3764 3074 3810 3114 et

2227 3158 2611 3211 consolationem
2661 3154 2823 3224 (Luc.
2855 3153 2904 3210 6.
2935 3153 3062 3224 24).
3095 3153 3183 3208 Sic
3206 3195 3220 3218 ,
3253 3167 3433 3223 qna‘sn
3456 3196 3468 3216 ,
3502 3168 3599 3207 nos
3627 3153 3812 3224 lugere

2226 3266 2328 3303 non
2371 3249 2685 3303 desistamus
2724 3267 2737 3300 :
2771 3257 2823 3300 et
2854 3247 2950 3299 nisi
2983 3255 3132 3315 turpe
3164 3245 3263 3306 sit.
3300 3245 3608 3315 plangamus
3644 3262 3812 3314 snpcr

2224 3341 2446 3396 fratrum
2481 3340 2774 3409 segnitiem.
2813 3339 2886 3391 Ne
2927 3338 3202 3407 lugeamus
3241 3336 3350 3406 jam
3390 3348 3679 3400 mortuum,
3713 3338 3808 3390 sed

2226 3444 2516 3501 raptorem,
2549 3445 2797 3493 avarum,
2832 3430 3171 3496 pecuniarum
3206 3438 3506 3493 amantem,
3535 3427 3810 3482 insatiabi-

2226 3523 2350 3577 lem.
2379 3520 2484 3575 Cur
2513 3531 2750 3574 mortuos
2779 3521 3033 3588 lugemns,
3071 3518 3216 3572 nullo
3243 3519 3446 3573 fructu?
3476 3519 3579 3573 llos
3621 3520 3810 3588 lugea-

2223 3629 2363 3678 mus,
2409 3613 2496 3682 qni
2540 3613 2727 3665 mutari
2765 3622 3005 3680 possunt.
3033 3609 3224 3664 Verum
3277 3611 3429 3664 nobis
3475 3611 3806 3678 lugentibus,

2225 3705 2321 3772 ipsi
2362 3704 2587 3756 fortasse
2627 3702 2820 3755 rident.
2867 3703 2934 3755 At
2979 3701 3080 3754 hoc
3119 3715 3330 3770 quoque
3373 3701 3514 3755 luctu
3553 3701 3806 3771 dignum,

2224 3796 2344 3864 quia
2369 3795 2542 3848 rident
2567 3795 2634 3847 dc
2661 3793 2852 3861 quibus
2874 3793 3053 3861 lugere
3078 3801 3367 3860 oporteret.
3393 3793 3444 3846 Si
3473 3791 3594 3845 ﬂetu
3624 3802 3811 3846 nostro

2226 3894 2590 3944 moverentur.
2621 3881 2935 3936 cessandum
2977 3897 3003 3932 a
3043 3881 3186 3934 luctu
3229 3891 3406 3943 esset,
3437 3896 3558 3934 cum
3591 3881 3666 3934 illi
3693 3882 3806 3949 jam

2225 3975 2289 4028 ad
2331 3974 2755 4028 emendationem
2798 3979 3079 4040 pergerent
3130 3990 3142 4024 :
3183 3985 3368 4025 verum
3410 3971 3528 4039 quia
3572 3971 3646 4025 illi
3691 3972 3810 4026 sine

2224 4081 2381 4120 sensu
2415 4063 2587 4131 supini
2616 4062 2812 4132 jacent,
2846 4075 2942 4115 nos
2971 4060 3147 4114 ﬂendo
3177 4060 3556 4129 persistamns,
3587 4075 3692 4113 non
3725 4059 3810 4114 di-

2224 4158 2358 4212 vites
2399 4166 2636 4215 tnnmm,
2678 4153 2768 4207 sed
2805 4153 2963 4206 etiam
3005 4152 3242 4219 pecunite
3284 4160 3559 4215 amantes,
3593 4167 3805 4206 avaros.

2224 4249 2338 4303 Non
2389 4247 2542 4299 In:th
2584 4254 2708 4298 sunt
2746 4244 2962 4305 divitias,
2990 4243 3184 4313 quippe
3209 4243 3401 4312 quibus
3428 4251 3484 4294 ut
3507 4257 3601 4311 par
3623 4253 3702 4297 est
3730 4245 3808 4298 uti

2228 4352 2508 4407 possumus
2553 4335 2604 4388 in
2653 4349 2939 4404 egenorum
2984 4347 3172 4396 usum;
3217 4333 3310 4388 sed
3352 4333 3577 4388 avaritia
3609 4336 3806 4389 malum

2224 4438 2341 4491 est,
2394 4441 2513 4494 quae
2560 4434 2756 4478 aiterna
2812 4424 2946 4492 parit
2994 4423 3274 4492 supplicia.
3321 4424 3616 4492 Lugeamus
3651 4440 3801 4494 ergo.

2224 4519 2385 4574 Forte
2409 4519 2649 4587 qntedam
2683 4527 2933 4584 sequetur
2956 4516 3278 4570 emendatio.
3309 4515 3364 4568 Si
3393 4516 3481 4583 qui
3515 4517 3568 4569 in
3600 4518 3700 4570 hoc
3729 4519 3810 4570 in-

2223 4612 2403 4666 cidere
2445 4610 2637 4662 nialum
2673 4622 2777 4661 non
2819 4616 3088 4668 eruantur,
3123 4607 3210 4660 alii
3243 4605 3378 4660 forte
3405 4605 3502 4659 sibi
3533 4610 3810 4660 cavehunt

2226 4720 2292 4758 ne
2323 4703 2373 4756 in
2404 4702 2629 4768 idipsum
2663 4699 2912 4754 incidant.
2949 4699 3099 4752 Faxit
3133 4699 3271 4753 Deus
3299 4710 3352 4752 ut
3379 4710 3431 4752 et
3460 4699 3534 4752 illi
3561 4715 3588 4754 a
3618 4703 3810 4755 morbo

2225 4794 2537 4856 liberentur,
2575 4799 2628 4844 et
2671 4805 2828 4844 nemo
2855 4800 3094 4842 nostrum
3133 4789 3184 4842 in
3228 4789 3371 4842 illum
3409 4787 3627 4856 incidat,
3667 4791 3809 4845 utin

2225 4883 2490 4939 communi
2520 4897 2704 4936 omnes
2733 4883 2990 4951 promissa
3018 4895 3409 4950 consequamur
3438 4881 3598 4945 bona,
3637 4885 3808 4951 gratia

2223 4989 2275 5030 et
2315 4975 2638 5044 benignitate
2666 4973 2872 5028 Domini
2906 4975 3068 5026 nostri
3099 4972 3221 5028 Jesu
3253 4971 3472 5038 Christi,
3524 4975 3607 5027 cui
3639 4976 3808 5045 gloria

2224 5067 2276 5120 in
2309 5066 2502 5121 srecnla
2535 5065 2872 5119 saeculorum.
2902 5065 3093 5117 Amen.

3429 5225 3803 5243 ξ

1875 5288 2216 5351 HOMILIA
2259 5289 2451 5351 LXV.

563 5393 680 5448 CAP.
725 5390 814 5445 11.
841 5404 894 5443 v.
927 5388 1013 5443 49.
1070 5385 1212 5443 Unus
1248 5398 1412 5440 autem
1453 5404 1513 5442 ea:
1553 5387 1656 5442 illis
1701 5387 1956 5458 Caipltas,
2003 5409 2115 5444 cum

622 5491 748 5536 esset
795 5479 1022 5550 pontifex
1065 5479 1186 5532 anni
1235 5477 1392 5540 illius,
1437 5479 1562 5532 dixit
1603 5480 1672 5532 eis
1719 5495 1738 5532 .'
1790 5479 1888 5531 Vos
1923 5481 2116 5535 nescitis

621 5572 929 5640 quidquam,
956 5569 1042 5626 50.
1083 5585 1172 5623 nec
1219 5569 1446 5639 cogitatis
1481 5570 1598 5638 quia
1643 5572 1839 5639 expedit
1883 5572 2034 5636 vobis,
2066 5581 2119 5624 ut

626 5679 755 5715 unus
785 5663 1025 5716 moriatur
1049 5663 1198 5716 homo
1226 5679 1315 5730 pro
1342 5664 1525 5730 papula
1546 5703 1558 5727 ,
1588 5672 1692 5717 etc.

628 5757 678 5816 1.
723 5755 903 5822 Infirm
928 5766 1039 5811 sunt
1064 5766 1229 5826 gentes
1258 5756 1305 5809 in
1334 5757 1527 5810 inten'tu
1549 5800 1562 5826 ,
1595 5774 1738 5827 quem
1767 5761 1986 5828 fecerunt
2020 5774 2035 5810 :
2069 5759 2117 5811 in

2231 5391 2406 5460 laqueo
2432 5393 2555 5455 isto,
2598 5407 2742 5459 quem
2768 5391 3158 5458 absconderant,
3200 5394 3586 5462 comprehensus
3622 5407 3693 5450 est
3727 5416 3816 5466 pes

2222 5502 2392 5538 eorum
2424 5483 2592 5556 (Paul.
2625 5485 2678 5540 9.
2715 5485 2823 5555 16).
2866 5485 2976 5539 Hoc
3018 5484 3216 5538 Judais
3246 5486 3483 5556 contigit.
3519 5487 3620 5556 Ipsi
3657 5505 3809 5541 nani-

2222 5592 2324 5646 que
2362 5576 2641 5640 dicebant,
2671 5574 3022 5631 occidendum
3047 5591 3170 5630 esse
3197 5576 3410 5643 Jesum,
3455 5594 3520 5632 ne
3567 5581 3808 5636 venirent

2223 5667 2468 5727 Romani.
2499 5679 2550 5722 et
2588 5669 2836 5723 tollerent
2876 5657 3111 5737 ipsarum
3160 5677 3371 5738 gentem
3410 5679 3462 5723 et
3509 5671 3804 5726 civitatem.

2225 5761 2506 5828 Postquam
2550 5770 2727 5816 autem
2774 5760 3083 5818 occiderunt
3128 5777 3282 5828 eum,
3325 5760 3440 5817 haec
3467 5752 3607 5831 passi
3635 5774 3807 5821 sunt:
