4054 6434
557 354 656 412 ὅύί

555 466 872 538 φευξόμενοι
910 468 1167 540 ἔπραξαν,
1210 466 1378 519 ταῦτα
1426 463 1610 535 ἐπειδὴ
1644 465 1904 535 ἔπραξαν,
1939 465 1999 517 ού
2038 463 2116 515 δι-

553 547 769 615 έφυγον.
807 550 943 602 Ἀλλ’
964 551 992 602 6
1020 550 1117 618 μὲν
1150 548 1474 617 ἀναιρεθεὶς,
1509 547 1654 599 ἔστιν
1685 551 1740 599 ἐν
1760 548 2032 616 οὐρανοῖς·
2068 545 2115 596 οί

551 629 606 681 δὲ
659 631 954 694 ἀνελόντες,
985 632 1081 701 τὴν
1111 631 1331 697 γέενναν
1383 627 1800 698 κληρονομοῦσν
1836 628 2008 680 καίτοι
2054 626 2112 677 οὐ

551 711 650 762 ταῦ
663 727 720 764 τα
741 711 1057 780 ἐσκέψαντο·
1079 712 1215 765 ἀλλά
1232 712 1284 764 τί
1305 729 1319 777 ;
1353 711 1680 770 Ἐϐούλοντο,
1706 711 1886 779 φησιν,
1911 709 2116 762 ἀνελεῖν

553 793 712 845 αὐτὸν
739 794 846 845 ἀπὸ
870 795 968 863 τῆς
993 795 1205 865 ἡμέρας
1227 794 1456 863 ἐκείνης.
1486 789 1647 845 Εἶπον
1673 793 1802 862 γὰρ,
1824 794 1904 846 ὅτι
1933 792 2119 846 Ἐλεύ-

552 890 761 929 σονται
823 879 877 930 οί
913 877 1191 945 Ῥωμαῖοι,
1224 877 1316 930 καί
1345 875 1599 944 ἀροῦσιν
1632 874 1799 943 ἡμῶν
1833 876 1896 928 τὸ
1923 874 2114 938 ἔθνος.

553 953 656 1022 Εἲς
695 957 762 1010 δέ
795 976 884 1023 τις
915 959 983 1022 ἐξ
1016 959 1212 1013 αὐτῶν
1245 958 1530 1025 Καϊά,ρας,
1565 957 1872 1026 ἀρχιερεὺς
1900 957 1983 1008 ὢν
2013 955 2118 1009 τοῦ

551 1039 829 1093 ἐνιαυτοῦ
875 1040 1127 1102 ἐκείνου,
1157 1036 1344 1102 εἶπεν,
1387 1039 1865 1110 ἀναισχυντότερος
1891 1038 1964 1090 ὢν
2010 1037 2118 1090 τῶν

552 1119 788 1173 λοιπῶν·
828 1121 1024 1189 Ὑμεῖς
1056 1124 1167 1175 οὐκ
1216 1121 1413 1175 οτὸατε
1454 1120 1654 1176 οὐδέν.
1700 1122 1876 1190 ’Δπερ
1923 1121 2117 1172 ἐκεῖνοι

552 1203 914 1272 ἀμφέϐαλλον,
952 1204 1044 1256 καί
1073 1205 1130 1257 ἐν
1159 1203 1306 1268 τάξει
1349 1204 1542 1274 βουλῆς
1574 1203 1947 1274 προετίθεσαν,
1983 1201 2118 1265 (ἕλε-

554 1302 648 1353 γον
689 1285 824 1355 γάρ’
861 1285 920 1339 Τί
955 1286 1305 1355 ποιοῦμενε)
1349 1287 1504 1340 τοῦτο
1553 1279 1704 1348 οὗτος
1751 1282 2118 1354 ἀναισχύντως

557 1368 650 1419 καὶ
672 1369 846 1436 γυμνῇ
869 1369 934 1437 τῇ
958 1368 1187 1438 κεφαλῇ,
1213 1369 1307 1422 καὶ
1336 1368 1472 1440 μετά
1503 1369 1820 1438 ἰταμότητος
1839 1365 2114 1435 ἀνεϐόησε.

556 1447 620 1500 Τί
648 1449 754 1517 γάρ
780 1464 976 1517 φησιν;
1010 1449 1206 1518 Ὑμεῖς
1231 1452 1340 1504 οὐκ
1366 1449 1564 1504 οἴδατε
1595 1449 1795 1512 οὐδὲν,
1824 1447 1963 1503 οὐδὲ
1994 1447 2118 1500 δια-

552 1529 853 1598 λογίζεσθε
889 1531 976 1584 ὅτι
1012 1534 1320 1602 συμφέρει,
1364 1535 1464 1586 ἵνα
1492 1530 1580 1599 είς
1627 1532 1932 1600 ἄνθρωπος
1968 1532 2117 1586 ἁπο-

551 1613 720 1684 θάνῃ,
751 1615 848 1667 καὶ
883 1614 968 1683 μὴ
1002 1614 1149 1668 ὅλον
1179 1617 1243 1668 τὸ
1277 1615 1452 1682 ἔθνος
1478 1615 1798 1683 ἀπόληται.
1846 1614 2021 1668 Τοῦτο
2048 1613 2118 1666 δὲ

549 1697 661 1748 οὐκ
697 1693 866 1749 εἶπεν
905 1696 1002 1765 ἀρ’
1031 1697 1268 1763 ἐαυτοῦ,
1293 1699 1456 1753 ἀλλὰ
1500 1695 1952 1767 προεφήτευσεν
1983 1696 2118 1765 ἁρχ-

549 1778 740 1845 ιερεὺς
769 1778 872 1833 ὧν.

629 1943 787 2013 Ὁρᾷς
821 1943 958 2013 πόση
982 1941 1080 2013 τῆς
1107 1940 1503 2012 ἀρχιερατικῆς
1527 1939 1770 2004 ἐξουσίας
1795 1941 1827 2009 ἠ
1858 1937 2117 2009 δύναμις;

560 2025 776 2095 Ἐπειδὴ
809 2025 916 2095 γὰρ
950 2027 1085 2086 ὅλως
1115 2025 1311 2093 ἠξίωτο
1349 2023 1448 2093 τῆς
1481 2021 1910 2092 ἀρχιερωσύνης,
1941 2021 2118 2074 καίτοι

545 2107 761 2172 ἀνάξιος
786 2107 860 2161 ὢν
887 2109 980 2161 τοῦ
1009 2108 1352 2178 πράγματος,
1388 2108 1810 2177 προεφήτευσεν,
1838 2106 1936 2158 οὐκ
1965 2103 2118 2167 εἰδὼς

548 2185 690 2255 ειπερ
719 2187 898 2255 ἔλεγε·
931 2187 1121 2257 καὶτῷ
1152 2186 1376 2256 στόματι
1414 2185 1573 2254 μόνον
1592 2183 1909 2253 ἐκέχρητοή
1935 2183 2115 2252 χάρις,

547 2271 644 2339 τῆς
673 2270 727 2324 δέ
761 2273 960 2342 μιαρᾶς
999 2269 1224 2339 καρδίας
1254 2270 1352 2339 οὐχ
1395 2267 1586 2338 ἥψατο.
1621 2267 1811 2321 Πολλοί
1855 2265 1986 2334 γοῦν
2021 2265 2117 2318 καὶ

547 2353 694 2407 ἄλλοι
719 2355 786 2406 τὰ
818 2353 1073 2422 μέλλοντα
1101 2348 1273 2415 εἷπον,
1302 2350 1508 2415 ἀνάξιοι
1537 2350 1707 2413 ὄντες,
1733 2349 1761 2402 6
1790 2347 2120 2418 Ναϐουχοδο-

546 2436 724 2506 νόσορ,
765 2438 791 2488 6
827 2433 1044 2505 Φαραὼ,
1091 2436 1120 2487 6
1163 2433 1426 2504 Βαλαάμο
1478 2433 1574 2486 καί
1625 2431 1843 2486 πάντων
1892 2432 1921 2501 ἡ
1969 2430 2119 2483 αἰτία

545 2517 699 2588 δήλη.
731 2520 793 2571 Ὃ
821 2518 876 2570 δὲ
911 2517 1091 2584 λέγει,
1139 2515 1376 2570 τοιοῦτόν
1411 2517 1557 2569 ἐστιν
1578 2531 1592 2544 ·
1637 2514 1823 2583 Ὑμεῖς
1857 2511 2117 2584 κάθησθε,

547 2598 626 2651 ἐτι
663 2599 1015 2668 ὀκνηρότερον
1061 2598 1138 2667 τῷ
1192 2599 1478 2670 πράγματι
1526 2597 1850 2668 προσέχετε,
1893 2595 1986 2649 καί
2021 2595 2120 2648 ούκ

549 2684 661 2735 ίστε
707 2683 822 2745 ἐνὸς
866 2682 1056 2752 ἀνδρὸς
1088 2682 1360 2753 σωτηρίας
1395 2682 1535 2752 ὑπὲρ
1568 2679 1661 2734 τοῦ
1709 2678 1889 2733 κοινοῦ
1942 2696 2115 2733 κατα-

547 2765 826 2834 φρονῆσαι.
877 2765 1017 2834 Ὅρα
1067 2764 1204 2834 πόση
1254 2764 1348 2817 τοῦ
1402 2762 1722 2832 Πνεύματος
1769 2764 1801 2833 ἡ
1849 2761 2113 2831 δύναμιςο

545 2845 652 2900 ἀπὸ
669 2847 900 2910 διανοίας
928 2864 1043 2899 110v:-
1050 2848 1164 2917 ,ρᾶς
1184 2849 1365 2917 ἴσχυσε
1386 2848 1601 2920 ῥήματα
1619 2863 1812 2918 προενε
1824 2848 1968 2914 γκεῖν
1985 2863 2118 2916 προ-

545 2931 772 3000 φητείας
802 2931 1042 3000 γέμοντα
1076 2931 1410 3001 θαυμαστῆς.
1438 2931 1616 2984 Τέκνα
1642 2931 1698 2984 δέ
1727 2929 1860 2983 Θεοῦ
1892 2931 1958 2983 τά
1989 2930 2116 3001 ἔθνη

546 3011 698 3063 καλεῖ
733 3013 760 3065 6
792 3013 1209 3082 εύαγγελιστὴς,
1254 3013 1359 3068 ἀπὸ
1393 3013 1485 3066 τοῦ
1535 3013 1817 3082 μέλλοντος
1862 3012 2114 3065 ἔσεσθαιο

545 3094 732 3165 ὤσπερ
760 3091 849 3147 οὖν
879 3096 972 3147 καί
1003 3096 1158 3157 αὑτός
1184 3113 1341 3166 φησι·
1368 3096 1476 3149 Καὶ
1508 3094 1667 3148 ἄλλα
1697 3096 1958 3162 πρόϐατα
1978 3096 2114 3162 ἔχω,

547 3179 641 3232 καὶ
693 3178 854 3240 αὐτὸς
905 3177 1010 3230 ἀπὸ
1062 3178 1156 3231 τοῦ
1195 3178 1477 3248 μέλλοντος
1526 3179 1665 3231 αύτά
1711 3176 1912 3231 καλῶν,
1960 3177 2024 3228 Τί
2062 3176 2118 3229 δέ

548 3266 714 3337 ἐστιν,
755 3260 1079 3328 Ἀρχιερεὺς
1115 3262 1199 3314 ὢν
1228 3261 1331 3313 τοῦ
1358 3259 1636 3313 ἐνιαυτοῦ
1667 3259 1936 3321 ἐκείνου;
1965 3258 2118 3310 Μετὰ

544 3344 652 3395 τῶν
679 3343 852 3395 ἄλλων
883 3345 976 3396 καὶ
1005 3341 1163 3396 τοῦτο
1187 3340 1496 3412 διέφθαρτο.
1527 3341 1723 3394 Οὐκέτι
1749 3340 1855 3411 γὰρ
1882 3341 1971 3393 τὸν
2000 3340 2121 3409 χρό-

545 3443 633 3478 νον
662 3425 874 3477 ἆπαντα
902 3424 1002 3492 τῆς
1034 3424 1175 3495 ζωῆς
1203 3424 1501 3495 ἰεράτευον,
1529 3423 1643 3476 ἀλλ’
1671 3424 1934 3484 ἐνιαυτὸν,
1972 3424 2031 3487 ἐξ
2057 3416 2117 3476 οὗ

545 3507 827 3574 γεγόνασιν
868 3506 1070 3575 ὠνηταὶ
1105 3507 1160 3558 αἰ
1206 3507 1390 3577 ἀρχαί.
1443 3505 1587 3576 Πλὴν
1638 3505 1772 3558 ἀλλά
1822 3504 1917 3557 καί
1974 3503 2117 3556 οὕτω

546 3593 727 3660 παρῆν
758 3589 836 3642 ἔτι
879 3589 939 3641 τὸ
971 3588 1212 3660 Πνεῦμα.
1253 3591 1471 3660 Ἐπειδὴ
1503 3589 1560 3643 δὲ
1609 3589 1709 3652 τὰς
1753 3591 1940 3659 χεῖρας
1973 3583 2115 3658 ἦραν

549 3674 686 3724 κατὰ
732 3671 824 3724 τοῦ
873 3670 1139 3742 Χριστοῦ,
1194 3671 1254 3724 τὸ
1308 3669 1605 3742 τηνικαῦτα
1669 3671 1862 3733 αὐτοὺς
1922 3672 2116 3737 ἐγκατ-

548 3755 718 3819 έλιπε,
743 3756 835 3808 καί
871 3753 1132 3824 μετῆλθεν
1173 3755 1264 3806 ἐπὶ
1290 3755 1416 3816 τοὺς
1447 3753 1792 3813 ἀποστόλους.
1822 3754 1928 3806 Καὶ
1959 3752 2116 3805 τοῦτο

547 3837 604 3888 τὸ
643 3836 1034 3907 καταπέτασμα
1074 3835 1260 3905 ἐδήλου
1295 3837 1634 3906 σχιζόμενον,
1678 3837 1772 3889 καὶ
1803 3841 1833 3905 ή
1864 3834 1956 3887 τοῦ
1987 3837 2118 3904 Χρι-

548 3919 672 3972 στοῦ
712 3919 861 3990 φωνὴ
890 3921 922 3986 ή
956 3919 1187 3987 λέγουσα
1209 3938 1222 3950 ’
1258 3919 1406 3974 Ἰδοὺ
1433 3921 1665 3989 ἀφίεται
1697 3922 1727 3973 6
1760 3916 1923 3984 οἶκος
1951 3917 2118 3987 ὑμῶν

548 3999 694 4073 [590]
732 4002 968 4070 ἔρημος.
1009 4004 1119 4055 Καὶ
1153 4001 1408 4073 Ἰώσηπος
1429 4003 1484 4055 δὲ
1507 4002 1643 4072 μετά
1665 4001 1868 4072 βραχὺν
1892 4001 2116 4070 γενόμει

545 4101 628 4147 νος
647 4084 856 4154 χρόνον,
873 4084 975 4155 εφη
993 4086 1143 4148 τινας
1162 4085 1422 4153 ἀγγέλους
1439 4087 1562 4149 τοὺς
1580 4085 1658 4138 ἔτι
1679 4085 2112 4156 παραμένοντας,

543 4170 590 4219 εὶ
632 4167 705 4237 μὴ
756 4166 1063 4238 βουληθεῖεν
1116 4170 1313 4221 ἐκεῖνοι
1373 4166 1742 4238 μεταστῆναι,
1794 4167 2115 4221 καταλιπεῖν

544 4247 757 4311 αὐτούς.
787 4249 932 4313 Ἕως
978 4251 1075 4319 μὲν
1107 4250 1214 4320 γάρ
1247 4250 1274 4302 6
1318 4248 1578 4320 ἀμπελὼν
1617 4250 1890 4320 εἱστήκει,
1939 4249 2114 4304 πάντα

543 4331 748 4397 ἐγίνετο
767 4347 779 4359 ’
827 4332 1010 4402 ἐπειδὴ
1039 4331 1094 4384 δέ
1123 4333 1212 4384 τὸν
1257 4332 1591 4402 κληρονόμον
1639 4332 1984 4395 ἀπέκτειναν,
2015 4333 2115 4386 ούκ

542 4414 642 4474 ἔτι,
686 4413 797 4465 ἀλλ’
839 4413 1145 4466 ἀπώλοντο·
1177 4413 1271 4466 καὶ
1306 4412 1555 4482 καθάπερ
1603 4413 1817 4481 ἱμάτιον
1861 4414 2115 4483 λαμπρὸν

543 4495 649 4547 ἀπὸ
677 4495 864 4558 παιδὸς
890 4495 1184 4565 ἀχρήστου,
1226 4494 1334 4547 τῶν
1370 4494 1658 4557 Ἰουδαίων,
1698 4493 1877 4549 λαϐὼν
1903 4496 1930 4547 6
1959 4495 2111 4561 Θεὸς,

541 4580 652 4640 τοῖς
675 4577 978 4646 εὐγνώμοσι
1004 4577 1208 4640 δούλοις
1237 4577 1404 4630 ἔδωκε
1434 4579 1546 4640 τοῖς
1576 4576 1634 4643 ἐξ
1656 4576 1844 4642 ἐθνῶν,
1872 4578 2115 4642 ἐκείνους

543 4661 781 4729 ἐρήμους
810 4660 961 4728 ἀφεὶς
995 4661 1087 4714 καί
1109 4661 1367 4730 γυμνούς.
1388 4661 1462 4715 Ού
1483 4661 1678 4733 μικρὸν
1707 4661 1762 4715 δὲ
1778 4660 1933 4714 τοῦτο
1950 4658 2038 4734 ἦν,
2056 4665 2116 4717 τὸ

544 4744 636 4794 καὶ
665 4742 752 4795 τὸν
787 4742 978 4811 ἐχθρὸν
1008 4743 1381 4814 προφητεῦσαι
1420 4744 1614 4799 ταῦτα.
1646 4744 1817 4797 Τοῦτο
1850 4745 1944 4798 καὶ
1987 4748 2114 4808 τοὺς

541 4827 730 4888 ἄλλους
770 4827 1173 4881 ἐπισπάσασθαι
1213 4827 1461 4895 ἠδύνατο.
1503 4827 1661 4882 Κατὰ
1717 4827 1814 4897 μὲν
1860 4828 1967 4900 γὰρ
2016 4829 2112 4899 τὴν

543 4909 706 4962 αὑτοῦ
758 4909 1097 4979 προαίρεσιν,
1149 4908 1406 4972 ἐναντίως
1452 4909 1633 4981 ἐξέϐη.
1679 4909 1896 4982 Ἐπειδὴ
1951 4910 2111 4981 γάρι

540 4991 798 5055 ἀπέθανε,
829 4991 916 5045 διὰ
951 4990 1108 5045 τοῦτο
1136 4991 1235 5061 τῆς
1274 4991 1570 5062 μελλούσης
1617 4991 1891 5056 κολάσεως
1934 4993 2112 5063 ἀπηλ-

541 5073 782 5144 λάγησαν
811 5075 860 5126 οἰ
901 5075 1099 5127 πιστοί.
1147 5075 1211 5127 Τί
1255 5076 1424 5141 ἐστιν,
1449 5075 1575 5129 Ἵνα
1613 5075 1924 5145 συναγάγῃ
1971 5077 2112 5144 τοὺς

541 5156 739 5225 ἐγγὺς,
768 5157 863 5210 καὶ
890 5157 1030 5224 τοὺς
1052 5156 1325 5226 μακρὰν;
1353 5159 1448 5211 Ἐν
1477 5157 1635 5227 σῶμα
1665 5158 1937 5228 ἐποίησεν.
1972 5159 2029 5212 '0
2055 5161 2113 5213 ἐν

552 5238 740 5308 Ῥώμῃ
765 5239 790 5278 1³
825 5240 1131 5309 καθήμενος
1168 5241 1294 5305 τοὺς
1332 5241 1524 5304 Ἰνδοὺς
1553 5240 1712 5312 μέλος
1734 5236 1874 5296 εἶναι
1905 5243 2113 5311 νομίζει

605 5384 748 5456 lfAlii
770 5386 929 5456 ἐπειδὴ
947 5385 1021 5456 δέ.
1047 5383 1115 5456 ub
1139 5384 1477 5456 N9la_8avilii:
1505 5385 1697 5456 Βοὶείιιε
1739 5400 1803 5456 eg:
1854 5385 2112 5456 Theppfiy-

533 5447 663 5513 tacto
695 5452 749 5513 ,ει
796 5445 1151 5513 Οιιιεειὶοηὶὸιιε.
1176 5445 1228 5495 in
1251 5448 1506 5513 Joqnnem,
1525 5447 1692 5513 quibus
1723 5447 1867 5513 etiam
1891 5445 2113 5513 αάεὶὶρῐι-

542 5511 668 5573 (amr
688 5505 949 5573 iqgerpres.
981 5507 1304 5573 ΙιιιιιοίοινιηιΔ
1334 5506 1398 5558 ita
1425 5505 1597 5573 exple},
1624 5508 1832 5573 _omnino
1857 5505 2033 5573 recte;
2066 5512 2111 5558 τί

542 5571 685 5633 ἐστιν,
707 5568 818 5633 Ἵνα
834 5568 1256 5633 συναγάγῃείςένς
1280 5570 1394 5633 ’Ότι
1415 5568 1521 5626 τοῦς
1541 5570 1672 5631 ἐγγὺς
1693 5573 1772 5633 καὶ
1794 5572 1901 5626 τοὺς
1928 5573 2110 5633 μακρὰν

541 5632 590 5677 ἓν
614 5631 754 5695 σῷμα
775 5629 986 5695 ἐποίησε,
1009 5631 1087 5695 καί
1110 5632 1134 5677 6
1152 5631 1199 5676 ἐν
1229 5629 1416 5695 Ῥώμῃ.
1437 5634 1501 5681 lla
1533 5629 1694 5693 pia'cet
1714 5632 1818 5695 haec
1842 5629 2106 5691 resiiluiio,

543 5697 597 5754 ιιι
631 5690 669 5754 si
714 5690 792 5737 vel
834 5704 959 5754 unus
1001 5691 1155 5738 codex
1178 5752 1189 5754 4
1210 5690 1613 5754 adsti'p'ularetiir,
1636 5707 1744 5742 eam
1771 5694 1984 5741 libenter
2033 5690 2107 5742 in;

539 5751 788 5812 duxissem
838 5752 883 5798 in
927 5755 1126 5799 serium.
1176 5751 1422 5812 lnterpies
1466 5755 1698 5804 Arelinus
1743 5756 1864 5802 hanc
1909 5762 2107 5803 secutus

543 5811 802 5879 lcclioiierp
833 5813 901 5879 si_c
937 5813 1084 5876 venit
1109 5831 1118 5858 :
1143 5812 1238 5860 Sed
1263 5811 1376 5874 quid
1401 5814 1573 5879 signal,
1590 5875 1597 5879 _
1614 5815 1677 5864 Ut
1714 5821 2032 5876 congregaret
2057 5818 2104 5863 in

544 5869 895 5941 “"PT?..Q"°“.
928 5873 1177 5941 (73‘me
1197 5869 1361 5941 trimi.
1399 5869 1737 5941 et'quiionqe,
1762 5869 2104 5938 inimicm-pus

541 5928 771 5989 reddidit,
814 5930 895 5994 qui
940 5928 1220 5994 Ποιιιιείει,
1281 5928 1376 5986 ειέ.

1247 352 1304 406 S.
1345 349 1624 405 JUANNIS
1662 343 2140 402 CIIRYSOSTOMI
2179 343 2496 399 ARCHIEP.
2536 337 3078 398 CONSTANTINOP.

3693 333 3822 388 36?.

2225 463 2437 517 ἐαυτοῦ.
2471 460 2535 515 Τί
2566 461 2767 530 ταύτης
2802 461 2900 528 τῆς
2946 456 3267 524 συναγωγῆς
3308 457 3454 518 ῖσον;
3499 452 3609 508 Καὶ
3661 451 3817 504 παν-

2222 561 2330 595 των
2368 543 2575 613 κεφαλὴ
2618 545 2645 596 6
2685 542 2946 610 Χριστός·
2986 540 3100 591 Ἀπ’
3137 538 3374 602 ἐκείνης
3414 534 3522 613 τῆς
3572 535 3822 602 ἡμέρας

2220 612 2659 674 ἐϐουλεύσαντο
2693 623 2745 671 οὶ
2783 616 3066 678 Ἰουδαῖοι,
3097 616 3196 667 ἵνα
3229 612 3665 667 ἀποκτείνωσιν
3703 613 3823 662 αἰρ-

2216 704 2340 756 τόν.
2384 703 2492 756 Καὶ
2533 702 2638 772 μὴν
2684 700 2948 771 πρότερον
3013 699 3259 767 ἐζήτουν.
3305 696 3466 762 Λέγει.
3516 695 3657 763 γάρ·
3699 693 3821 746 Διά

2215 783 2389 837 τοῦτο
2415 782 2660 850 ἐζήτουν
2684 785 2742 835 οἱ
2768 781 3028 835 Ἰουδαῖοι
3058 779 3244 832 αὑτὸν
3269 777 3618 831 ἀποκτεῖναι
3637 794 3650 807 ο
3683 776 3814 841 καὶ,

2221 866 2283 918 Τί
2306 884 2382 935 με
2410 863 2627 934 ζητεῖτε
2651 863 3035 926 ἁποκτεῖι·αι;
3075 862 3234 914 Ἀλλὰ
3263 861 3382 913 τότε
3414 860 3513 930 μὲν
3544 858 3814 930 ἐζήτουν,

2219 948 2311 1002 νῦν
2341 949 2397 1003 δὲ
2441 950 2534 1002 καί
2567 948 2849 1017 ἐκύρωσαν
2879 946 2976 1017 τὴν
3013 943 3260 1014 γνώμην,
3297 943 3388 996 καί⁸
3429 943 3504 1005 ώς
3531 944 3682 1013 ἔργῳ
3724 942 3818 1010 τῷ

2217 1033 2502 1102 πράγματι
2527 1030 2840 1102 κέχρηνται.
2877 1028 3107 1095 Ἰησοῦς
3147 1026 3215 1079 δὲ
3237 1029 3348 1081 οὐκ
3368 1027 3455 1080 ἐτι
3486 1027 3821 1093 παρρησίᾳ

2215 1114 2549 1181 περιεπάτει
2578 1113 2647 1165 ἐν
2683 1110 2756 1180 τῇ
2792 1111 3059 1178 Ἰουδαίᾳ.
3094 1109 3261 1163 Πάλιν
3291 1107 3648 1179 ἀνθρωπίνως
3679 1109 3816 1160 ἐαυ-

2215 1196 2305 1249 τὸν
2332 1194 2514 1262 σώζει,
2547 1194 2641 1248 καὶ
2674 1193 2910 1264 συνεχῶς
2937 1191 3095 1246 τοῦτο
3122 1202 3144 1231 ο
3181 1193 3343 1245 ποιεῖ.

2288 1348 2352 1416 β’.
2377 1347 2485 1419 Τὴν
2510 1348 2566 1401 δέ
2589 1347 2767 1400 αἰτίαν
2800 1341 2972 1410 εἷπον,
2989 1345 3055 1398 δι’
3081 1345 3147 1414 ἢν
3179 1341 3436 1405 πολλάκις
3469 1338 3681 1410 ἀπῆλθε
3709 1340 3812 1394 καὶ

2217 1431 2547 1503 ἀνεχώρησε.
2581 1431 2691 1484 Καὶ
2718 1430 2811 1484 νῦν
2860 1429 3026 1497 ἐγγὺς
3054 1427 3152 1497 τῆς
3181 1426 3387 1497 ἐρήμου
3430 1422 3704 1494 διατρίϐει
3743 1424 3812 1474 ἐν

2229 1513 2487 1583 Ἐφρατά,
2533 1513 2624 1565 καὶ
2661 1513 2777 1565 ἐκεῖ
2806 1511 2962 1581 ἔμενε
3005 1509 3142 1579 μετά
3172 1507 3281 1560 τῶν
3315 1505 3573 1577 μαθητῶν
3605 1505 3804 1560 αὐτοῦ.

2217 1595 2341 1660 Πῶς
2370 1596 2468 1649 οῖει
2499 1595 2843 1666 θορυϐεῖσθαι
2875 1595 3000 1656 τοὺς
3037 1591 3305 1662 μαθητάς,
3351 1589 3592 1660 ὁρῶντας
3635 1588 3808 1643 αὑτὸν

2215 1678 2566 1749 ἀνθρωπίνως
2610 1678 2945 1748 σωζόμενον;
2978 1676 3163 1739 Οὐδεὶς
3207 1674 3392 1728 λοιπὸν
3435 1672 3802 1742 ἠκολούθησε.

2216 1759 2328 1829 Τῆς
2360 1759 2468 1831 γὰρ
2510 1761 2702 1831 ἑορτῆς
2733 1758 2898 1829 οὔσης
2933 1760 3118 1828 ἐγγὺς,
3169 1756 3370 1819 πάντες
3402 1756 3494 1808 ἐπὶ
3531 1755 3602 1808 τά
3639 1757 3808 1824 Ἱερο-

2218 1842 2422 1911 σόλυμα
2466 1841 2714 1912 ἔτρεχον·
2761 1842 2914 1896 αὑτοί
2951 1841 3029 1906 δὲ,
3061 1841 3149 1894 ὅτε
3200 1839 3397 1902 πάντες
3437 1838 3658 1909 ἔχαιρον
3709 1839 3805 1891 καὶ

2215 1923 2630 1993 ἐπανηγύριζον,
2673 1924 2794 1977 τότε
2844 1923 3208 1995 κρύπτονται,
3254 1921 3374 1974 τότε
3423 1922 3479 1972 ἐν
3533 1920 3806 1983 κινδύνοις

2215 2006 2381 2060 εἰσίν⁸
2420 2007 2534 2059 ἀλλ’
2579 2007 2728 2078 ὅμως
2775 2007 3101 2077 παρέμενον.
3144 2007 3254 2058 Καὶ
3305 2005 3413 2074 γὰρ
3448 2007 3504 2057 ἐν
3537 2007 3604 2073 τῇ
3638 2004 3801 2057 Γαλι-

2213 2086 2358 2159 λαίᾳ,
2390 2087 2483 2141 τοῦ
2517 2090 2706 2159 Πάσχα
2737 2089 2888 2152 ὄντος
2923 2090 3016 2142 καί
3053 2090 3150 2158 τῆς
3181 2087 3594 2158 Σκηνοπηγίας,
3633 2087 3802 2158 ἐκρύ-

2214 2185 2406 2222 πτοντο
2427 2184 2440 2197 °
2473 2172 2566 2224 καὶ
2595 2171 2756 2224 πάλιν
2793 2171 2930 2242 μετὰ
2959 2170 3162 2232 ταῦτα,
3210 2170 3310 2240 τῆς
3354 2169 3547 2239 ἑορτῆς
3591 2167 3766 2238 οὔσης
3785 2209 3799 2231 ,

2211 2252 2289 2322 τῷ
2318 2254 2537 2322 φεύγειν
2565 2255 2657 2308 καὶ
2683 2253 2759 2325 τῷ
2785 2253 3118 2326 κρύπτεσθαι
3146 2253 3294 2323 μόνοι
3321 2252 3429 2305 τῶν
3450 2251 3625 2305 ἀλλων
3659 2253 3803 2319 μετά

2211 2335 2306 2389 τοῦ
2338 2336 2690 2400 Διδασκάλου,
2733 2338 2832 2408 τὴν
2870 2335 3078 2389 εῦνοιαν
3121 2333 3554 2413 ἐπιδεικνύμενοι
3579 2333 3630 2387 ἀ.
3675 2335 3799 2389 Ἐν-

2212 2418 2398 2473 τεῦθέν
2431 2436 2597 2490 φησιν
2624 2422 2652 2472 6
2683 2421 2896 2482 Λουκᾶς
2928 2419 3088 2471 αὑτὸν
3123 2418 3423 2488 εἰρηκέναι,
3466 2417 3607 2487 Ἐγὼ
3646 2432 3801 2486 πσρ-

2213 2501 2415 2571 έμεινα
2441 2503 2582 2573 ὑμῖν
2608 2505 2677 2557 ἐν
2719 2503 2844 2568 τοῖς
2893 2500 3262 2571 πειρασμοῖς.
3297 2500 3481 2555 Ταῦτα
3527 2501 3583 2554 δὲ
3616 2502 3801 2571 ἔλεγε,

2212 2584 2426 2648 δεικνὺς
2467 2586 2546 2638 ὅτι
2582 2587 2730 2658 παρὰ
2773 2587 2871 2654 τῆς
2907 2584 3071 2637 αὐτοῦ
3121 2583 3294 2652 ῥοπῆς
3339 2583 3791 2651 ἐνδυναμοῦνται.

2213 2668 2437 2722 Πολλοὶ
2465 2668 2532 2721 δὲ
2581 2669 2647 2720 ἐκ
2674 2667 2782 2735 τῆς
2820 2666 3013 2736 χώρας
3039 2665 3343 2731 ἀνέϐησαν
3377 2665 3619 2732 ἁγνίσαι
3659 2665 3801 2720 ἐαυ-

2212 2751 2372 2814 τούς.
2413 2751 2522 2803 Καὶ
2565 2750 2794 2804 ἔδωκαν
2829 2750 3233 2818 παραγγελίας
3271 2751 3323 2801 οἱ
3366 2748 3661 2817 ἀρχιερεῖς
3698 2749 3802 2803 καί

2211 2835 2265 2886 οί
2317 2833 2652 2900 Φαρισαῖοι,
2700 2833 2800 2885 ἳνα
2857 2833 3159 2886 πιάσωσιν
3211 2832 3415 2885 αὐτόν.
3469 2831 3804 2902 Θαυμαστὸς

2213 2918 2495 2986 ἀγνισμὸς,
2531 2917 2668 2987 μετά
2701 2917 2984 2985 μιαιφόνου
3017 2916 3407 2987 προαιρέσεως,
3443 2915 3582 2985 μετά
3605 2916 3804 2987 ἀνδρο-

2213 3001 2372 3068 φόνου
2405 3000 2665 3063 διανοίας,
2705 2999 2840 3069 μετά
2885 2999 3220 3069 ῄμαγμένων
3264 2997 3479 3068 χειρῶν.
3513 2999 3621 3052 Καὶ
3664 3001 3804 3055 ἕλε-

2211 3099 2346 3148 τονο
2391 3081 2621 3134 Δοκεῖτε
2666 3080 2857 3135 ὅτιού
2893 3081 2979 3151 μὴ
3022 3082 3168 3149 ἔλθῃ
3206 3080 3274 3133 ἐν
3314 3079 3386 3147 τῇ
3444 3081 3660 3149 ἐορτῇ;
3697 3083 3805 3136 Διά

2210 3163 2304 3216 τοῦ
2350 3164 2540 3234 Πάσχα
2571 3163 2946 3226 ἐπεϐούλευον,
2983 3165 3075 3217 καὶ
3117 3165 3206 3217 τὸν
3246 3165 3437 3234 καιρὸν
3476 3166 3575 3236 τῆς
3601 3168 3802 3239 ἑορτῆς

2212 3249 2488 3301 ἐποιοῦντο
2531 3248 2722 3320 καιρὸν
2763 3249 3006 3319 σφαγῆς⁶
3053 3250 3350 3314 τουτέστιν,
3399 3251 3662 3305 Ἐνταῦθα
3695 3254 3802 3306 αύ-

2214 3330 2303 3382 τὸν
2331 3333 2589 3399 ἐμπεσεῖν
2618 3332 2716 3396 δεῖ,
2744 3332 2835 3384 τοῦ
2868 3332 3059 3401 καιροῦ
3090 3331 3378 3396 καλοῦντος
3399 3334 3580 3388 αὐτόν.
3607 3336 3670 3387 Ὢ
3698 3339 3802 3406 τῆς

2213 3413 2494 3476 ἀσεϐείαςῑ
2527 3415 2614 3467 ὅτε
2655 3414 2898 3477 πλείονος
2923 3415 3029 3467 ἔδει
3058 3416 3158 3485 τῆς
3188 3415 3495 3480 εὐλαϐείας,
3528 3419 3624 3470 καὶ
3669 3419 3803 3482 τοὺς

2213 3493 2361 3566 [39!]
2393 3497 2483 3548 ἐπὶ
2508 3499 2617 3560 τοῖς
2644 3498 2892 3567 ἐσχάτοις
2917 3498 3276 3567 εἰλημμένους
3299 3499 3535 3567 ἀφιέναι,
3559 3499 3680 3553 τότε
3705 3502 3802 3553 τὸν

2210 3577 2361 3630 οὐδὲν
2381 3579 2678 3648 ἠδικηκότα
2700 3579 2960 3650 θηρεῦσαι
2984 3581 3340 3652 ἐπιχειροῦσι.
3359 3583 3550 3636 Καίτοι
3580 3584 3675 3636 καί
3695 3587 3800 3656 ’ήδη

2210 3658 2368 3712 τοῦτο
2400 3662 2743 3730 ποιήσαντες,
2775 3664 2836 3715 οὐ
2877 3663 3036 3732 μόνον
3068 3665 3217 3717 οὐδὲν
3253 3664 3488 3734 ὤνησαν,
3525 3667 3664 3719 ἀλλά
3696 3671 3795 3720 καὶ

2211 3742 2602 3811 καταγέλαστοι
2629 3745 2906 3812 γεγόνασι.
2929 3745 3027 3798 Διὰ
3053 3745 3212 3798 τοῦτο
3240 3745 3475 3817 συνεχῶς
3504 3748 3800 3818 ἐμπίπτων

2209 3825 2508 3894 διαφεύγει,
2533 3826 2626 3880 καί
2653 3826 3073 3898 βουλευομένους
3099 3839 3121 3866 ε
3147 3829 3308 3880 αὐτὸν
3336 3829 3541 3881 ἀνελεῖν
3572 3833 3801 3901 κατέχει

2213 3909 2308 3960 καὶ
2343 3910 2567 3980 ἀπορεῖν
2613 3913 2772 3975 ποιεῖ,
2802 3913 2866 3981 τῇ
2895 3911 2992 3981 τῆς
3021 3912 3300 3981 δυνάμεως
3328 3913 3598 3978 ἀποδείξει
3627 3933 3795 3968 καταο

2211 3992 2366 4058 νύξαι
2401 3992 2746 4063 βουλόμενοςο
2783 3996 2878 4048 καὶ
2909 3995 2995 4048 ἵνα
3036 3995 3163 4047 ὃταν
3194 3995 3433 4049 λάϐωσιν
3461 3998 3645 4061 αὑτὸν,
3688 4002 3797 4070 μά-

2213 4073 2379 4128 θωσιν
2405 4077 2486 4128 ὅτι
2513 4078 2574 4129 ού
2621 4079 2718 4147 τῆς
2746 4077 2952 4141 οἰκείας
2982 4077 3161 4147 ίσχύος
3185 4073 3274 4148 ἦν,
3298 4079 3430 4134 ἀλλὰ
3457 4081 3556 4150 τῆς
3583 4083 3798 4136 ἐκείνου

2213 4161 2610 4228 συγχωρήσεως
2652 4160 2713 4211 τὸ
2743 4161 3044 4230 γινόμενον.
3081 4161 3214 4213 Ούδέ
3247 4161 3353 4231 γὰρ
3389 4162 3512 4215 τότε
3565 4165 3798 4233 ἴσχυσαν

2211 4240 2371 4293 αὐτὸν
2401 4240 2706 4309 συλλαϐεῖν,
2729 4243 2821 4295 καί
2845 4242 3018 4296 ταῦτα
3047 4243 3272 4312 πλησίον
3299 4242 3464 4315 οὔσης
3486 4245 3587 4315 τῆς
3626 4247 3800 4318 Βηθα-

2211 4320 2328 4384 νίας
2347 4340 2358 4351 ·
2389 4324 2483 4375 καὶ
2510 4324 2598 4376 ὅτε
2632 4323 2686 4376 δὲ
2719 4324 3031 4386 συνέλαϐον,
3064 4325 3283 4396 ἔρριψεν
3314 4327 3510 4389 αὐτοὺς
3541 4329 3790 4394 ὑπτίους.

2212 4405 2328 4470 Πρὸ
2354 4403 2422 4469 ἐξ
2443 4404 2512 4458 δὲ
2536 4404 2769 4473 ἡμερῶν
2790 4408 2896 4461 τοῦ
2917 4408 3132 4476 Πάσχα
3159 4409 3344 4476 ἦλθεν
3361 4411 3448 4474 είς
3465 4413 3792 4477 Βηθανίαν,

2211 4484 2362 4540 ὅπου
2391 4484 2469 4556 ἦν
2507 4485 2767 4556 Λάζαρος
2791 4506 2804 4520 ·
2838 4491 2936 4542 καὶ
2954 4491 3212 4545 εἱστιᾶτο
3239 4494 3375 4558 παρ’
3409 4492 3614 4559 αὐτοῖς
3641 4533 3656 4555 ,
3694 4498 3793 4548 καί

2210 4567 2418 4636 Μάρθα
2443 4564 2720 4636 διακονεῖ,
2757 4571 2857 4625 καὶ
2887 4572 3148 4641 Λάζαρος
3169 4575 3376 4628 ἐσθίει.
3420 4574 3590 4630 Τοῦτο
3613 4578 3669 4630 δὲ
3693 4580 3791 4648 τῆς

2211 4651 2531 4723 εἰλικρινοῦς
2561 4654 2906 4717 ἀναστάσεως
2936 4659 3160 4725 σημεῖον
3199 4653 3287 4727 ἦν,
3319 4658 3378 4710 τὸ
3413 4662 3550 4728 μετὰ
3577 4661 3792 4732 ἡμέρας

2210 4734 2408 4798 πολλάς
2439 4737 2532 4787 καί
2562 4733 2658 4805 ζῇν
2692 4739 2784 4789 καὶ
2814 4736 3030 4790 ἐσθίειν.
3071 4737 3088 4775 ΐ
3128 4739 3288 4793 Ὅθεν
3315 4739 3492 4810 δῆλον,
3523 4743 3605 4796 ὅτι
3629 4746 3687 4796 ἐν
3722 4749 3789 4815 τῇ

2210 4817 2356 4887 οἰκίᾳ⁵
2393 4818 2562 4888 αὑτῆς
2588 4819 2647 4871 τὸ
2683 4820 2900 4891 ἄριστον
2921 4816 2989 4891 ἦν
3013 4837 3025 4849 ’
3061 4821 3154 4875 ἆτε
3186 4823 3291 4894 γὰρ
3323 4825 3465 4892 φίλοι
3489 4829 3582 4879 καὶ
3604 4827 3789 4897 φιλού-

2213 4917 2382 4971 μενοι,
2417 4901 2660 4971 δέχονται
2708 4904 2800 4957 τὸν
2869 4904 3095 4976 Ἰησοῦν.
3128 4907 3283 4970 Τινὲς
3323 4908 3378 4960 δέ
3409 4927 3570 4977 φασιν
3615 4912 3696 4964 ὅτι
3730 4914 3788 4964 ἐν

2209 4983 2462 5054 ἀλλοτρία
2491 4983 2634 5055 οἰκίᾳ
2663 4986 2818 5039 τοῦτο
2849 4987 3083 5054 ἐγένετο.
3129 4989 3191 5041 Ἦ
3213 4989 3268 5042 δὲ
3299 4991 3488 5060 Μαρία
3515 4992 3576 5044 ού
3607 4992 3785 5062 διηκό-

2210 5084 2323 5121 νει·
2359 5067 2632 5138 μαθήτρια
2659 5070 2766 5140 γὰρ
2793 5066 2878 5140 ἦν,
2912 5071 3079 5124 Πάλιν
3100 5071 3331 5125 ἐνταῦθα
3361 5072 3499 5144 αὕτη
3537 5093 3786 5146 πνευμασ

2207 5150 2520 5222 τικώτερον.
2552 5153 2626 5205 Ού
2661 5153 2894 5224 διηκόνει
2916 5153 3023 5226 γάρ
3043 5154 3118 5219 ὡς
3159 5155 3492 5228 κεκλημένη,
3532 5159 3653 5212 οὐδὲ
3679 5179 3793 5216 κοι-

2208 5233 2304 5304 νὴν
2348 5237 2581 5287 ποιεῖται
2619 5234 2716 5306 τὴν
2749 5237 3050 5308 ὑπηρεσίαν
3077 5254 3089 5268 ·
3132 5237 3245 5290 ἀλλ’
3286 5241 3367 5302 εἰς
3415 5239 3579 5294 αὐτὸν
3627 5245 3792 5312 μόνον

2208 5317 2517 5389 περιίστησι
2546 5319 2643 5387 τὴν
2676 5319 2842 5387 τιμήν
2866 5336 2879 5349 ·
2911 5320 3004 5372 καὶ
3035 5321 3132 5389 οὐχ
3161 5321 3236 5384 ὡς
3269 5322 3539 5393 ἀνθρώπῳ
3569 5326 3793 5395 πρόσει-

2209 5415 2311 5463 σιν,
2336 5399 2448 5452 άλλ’
2472 5400 2545 5462 ώς
2570 5398 2704 5469 Θεῷ.
2736 5398 2808 5452 Τὸ
2834 5401 2940 5472 γάρ
2970 5401 3139 5472 μύρον
3165 5403 3252 5456 διὰ
3279 5404 3436 5458 τοῦτο
3463 5406 3668 5476 ἐξέχεε,
3698 5413 3793 5463 καὶ

2207 5485 2325 5542 ταῖς
2354 5482 2494 5550 θριξὶ
2527 5483 2621 5552 τῆς
2649 5482 2887 5552 κεφαλῆς
2915 5484 3214 5553 ἀπέμαξεν,
3245 5485 3402 5541 ἅτινα
3431 5489 3527 5541 ούκ
3557 5486 3625 5561 ἦν
3657 5494 3788 5545 ὑπό-

2206 5562 2367 5632 ληψιν
2397 5564 2624 5634 ἐχούσης
2655 5566 2780 5634 περί
2816 5566 2979 5618 αὑτοῦ
3027 5567 3301 5624 τοιαύτην.
3341 5573 3457 5623 οἵαν
3491 5575 3537 5624 οί
3580 5575 3786 5629 πολλοί.

2270 5756 2289 5781 ο
2338 5751 2433 5800 Alii
2477 5751 2640 5799 ταῦτα,
2709 5751 2732 5788 ἀ
2762 5751 2910 5799 εθιίι.
2953 5760 3002 5799 (τι
3050 5750 3234 5799 ἰῖοἰδίιιε
3273 5755 3531 5813 logi-Iulum
3575 5767 3786 5806 ccusenl

2205 5813 2553 5870 ἐπεδείκνυντο,
2595 5820 2646 5860 el
2698 5819 2831 5861 recte
2877 5814 3105 5870 quidem;
3157 5815 3244 5862 sed
3292 5829 3462 5864 omnes
3509 5829 3623 5863 mss.
3682 5820 3786 5864 ἐπι-

2205 5826 2553 5870 επεοεικνυντο,
2595 5826 2646 5860 el
2698 5826 2831 5861 recte
2914 5826 3105 5870 mucm;
3157 5826 3244 5862 seu
3292 5829 3462 5864 omnes
3509 5829 3623 5863 mss.
3682 5826 3780 5864 επι-

2203 5874 2492 5934 ϐεικνύμενοι
2529 5874 2722 5922 hame.
2826 5878 2847 5903 ο
2877 5826 3093 5933 (διιιόίιῐιι
3140 5877 3446 5934 βουλομένους
3557 5877 3573 5913 ί
3634 5879 3780 5927 Addit

2207 5933 2352 5986 Sauli
2407 5937 2481 5983 καὶ
2523 5939 2549 5993 ἡ
2586 5937 2749 5997 Μάρθα
2783 5938 3002 5994 ὃιηκόνῖι..
3035 5933 3146 5997 qum
3179 5933 3352 5987 scmus
3389 5941 3590 5987 l'COUil‘H
3648 5939 3777 5989 Evn.
