4054 6428
264 373 356 428 361

262 495 313 539 et
343 483 484 554 quod
519 490 573 534 ιιι
600 479 897 549 effugerent
929 475 1200 534 fecerant,
1234 471 1334 524 hoc
1358 471 1481 539 quia
1505 469 1676 523 iecere
1696 507 1710 530 ,
1744 481 1849 520 non

259 575 582 642 effugerunt.
608 569 711 624 Sed
743 568 832 638 qni
860 565 1068 620 occisus
1090 563 1208 627 fuit,
1232 571 1314 616 est
1339 561 1390 615 in
1414 559 1595 624 caelis;
1636 556 1724 627 qui
1753 571 1818 609 au
1840 585 1853 592 -

261 678 366 719 tem
409 662 747 726 occiderunt,
790 659 1088 729 gehennam
1128 653 1301 708 sortiti
1331 661 1456 705 sunt
1490 668 1503 704 :
1531 649 1629 704 etsi
1661 647 1713 702 id
1746 661 1850 700 non

259 762 310 810 in
345 765 471 811 voto
497 753 794 815 haberent;
832 749 924 804 sed
955 745 1436 818 quid?Volebant,
1468 743 1639 812 inquit
1662 783 1674 803 ,
1704 755 1733 792 a
1765 739 1850 794 die

260 851 352 903 illo
393 847 642 903 occidere
677 845 870 915 ipsum.
905 841 1160 896 Dicebant
1186 839 1352 902 enim,
1375 835 1582 890 Venient
1611 833 1850 894 Romani,

259 953 306 994 et
331 942 510 995 tollent
541 948 735 1009 gentem
765 946 1007 988 nostram.
1041 931 1184 986 Unus
1206 939 1371 983 autent
1392 943 1454 982 ex
1481 928 1582 980 illis
1605 924 1850 992 Caipltas,

262 1049 379 1084 cum
412 1039 537 1083 esset
566 1029 790 1099 pontifex
814 1025 934 1078 anni
956 1024 1094 1077 illius
1116 1063 1130 1088 ,
1157 1020 1308 1082 dixit,
1339 1018 1548 1073 caneris
1578 1015 1856 1084 impuden-

263 1126 414 1177 tior:
455 1123 555 1176 Vos
597 1120 795 1173 nescitis
834 1118 1125 1187 quidquam.
1171 1114 1245 1168 Illi
1295 1127 1485 1182 nempe
1519 1109 1853 1172 dubitabant,

264 1225 319 1270 et
348 1212 693 1270 deliberando
724 1214 1110 1280 pr0posucrant
1159 1208 1176 1273 (
1203 1204 1451 1258 dicebant
1495 1201 1635 1255 enim
1662 1241 1677 1265 ,
1721 1199 1858 1262 Quid

265 1302 570 1374 facimus?)
609 1302 693 1354 hic
726 1298 1076 1368 impudenter,
1108 1303 1290 1365 aperta
1319 1293 1511 1356 fronte,
1535 1300 1588 1346 et
1617 1289 1858 1357 petulan-

265 1402 348 1448 ter
368 1392 641 1447 clamavit.
672 1389 809 1456 Quid
849 1403 972 1442 vero
1014 1386 1180 1440 dicit?
1216 1383 1312 1438 Vos
1336 1383 1534 1436 nescitis
1559 1380 1854 1450 quidquam,

265 1501 430 1556 neque
474 1484 707 1554 cegitatis
747 1481 864 1550 quia
905 1478 1104 1548 expedit
1154 1477 1310 1539 vobis,
1352 1487 1407 1527 ut
1447 1489 1578 1526 unus
1610 1471 1860 1524 moriatur

268 1577 422 1629 homo
441 1616 454 1636 ,
485 1585 528 1628 et
559 1590 621 1626 ne
649 1582 752 1626 tota
779 1588 898 1642 gens
928 1577 1118 1639 pereat.
1157 1569 1245 1622 5i.
1289 1564 1400 1618 Hoc
1426 1575 1590 1617 autem
1622 1579 1652 1614 α
1677 1570 1860 1615 semet-

266 1651 379 1735 ipso
408 1681 508 1718 non
537 1665 665 1718 dixit
687 1705 700 1728 ,
733 1663 822 1716 sed
851 1676 962 1715 cum
985 1669 1109 1714 esset
1137 1657 1365 1729 pontifex
1393 1656 1515 1709 anni
1545 1655 1706 1719 illius,
1735 1669 1857 1722 pro-

269 1757 515 1825 phetavit.

345 1844 500 1897 Multi
541 1844 736 1913 indigni
777 1846 949 1912 futura
994 1841 1353 1909 prwdixerunt.
1377 1867 1447 1879 ———
1472 1835 1635 1890 Vides
1663 1842 1860 1906 quanta

270 1936 336 1989 sit
372 1937 689 2004 pontiﬁcalis
719 1934 985 2003 potestas?
1022 1932 1154 2000 Quia
1185 1932 1325 1986 enim
1353 1927 1714 1999 pontificatum
1743 1940 1863 1979 sor-

273 2028 400 2080 titus
428 2036 565 2093 erat,
612 2027 740 2080 licet
783 2025 1049 2095 indignus,
1101 2021 1455 2092 prephetavit,
1493 2017 1617 2087 quid
1660 2017 1866 2071 diceret

275 2118 527 2188 ignorans
557 2136 570 2172 :
603 2119 768 2187 gratia
805 2117 922 2184 ejus
959 2124 1159 2168 tantum
1189 2127 1281 2168 ore
1326 2125 1417 2166 usa
1461 2118 1562 2174 est,
1597 2110 1862 2177 impurum

276 2226 405 2264 vero
445 2224 538 2263 cor
577 2225 679 2262 non
725 2207 911 2275 tetigit.
945 2205 1088 2260 Multi
1117 2218 1329 2273 quoque
1353 2201 1440 2255 alii
1475 2201 1644 2254 futura
1670 2198 1864 2269 praedi-

281 2310 498 2365 xerunt,
542 2300 740 2370 indigni
773 2300 912 2364 licet,
941 2296 1453 2352 Nabuchodonosor.
1495 2292 1728 2357 Pharao,
1763 2291 1834 2344 Ba

279 2393 415 2446 laam
442 2433 456 2454 ,
505 2394 849 2459 omniumque
875 2405 1032 2444 causa
1077 2387 1351 2440 manifesta
1390 2393 1492 2440 est.
1547 2383 1659 2438 Hoc
1688 2392 1866 2436 autem

279 2483 388 2536 vult
419 2483 511 2535 ille
541 2481 840 2549 significare
871 2499 882 2533 :
919 2479 1025 2534 Vos
1053 2480 1270 2538 sedetis,
1316 2477 1491 2532 adhuc
1518 2478 1733 2546 segnius
1765 2475 1868 2529 hoc

280 2575 550 2643 negotium
578 2573 872 2636 attenditis,
905 2585 1004 2625 nec
1035 2570 1181 2624 scitis
1213 2569 1369 2623 unius
1393 2566 1623 2622 hominis
1643 2566 1866 2620 salutem

281 2678 376 2732 pro
403 2663 674 2717 communi
723 2661 1166 2716 contemnendam
1212 2675 1354 2714 esse.
1401 2657 1532 2712 Vide
1562 2668 1754 2727 quanta
1803 2658 1871 2710 sit

280 2756 450 2808 virtus
476 2754 703 2822 Spiritus
729 2771 740 2806 :
783 2769 847 2807 ex
878 2753 1115 2819 improba
1149 2759 1325 2805 mente
1354 2750 1610 2804 mirabilis
1637 2748 1870 2818 pmphe-

282 2845 368 2897 ιὶιιτ
399 2846 555 2898 verba
591 2846 761 2914 potuit
791 2845 1005 2899 elicere.
1031 2843 1194 2897 Filios
1225 2850 1401 2895 autem
1434 2841 1523 2896 Dei
1553 2852 1741 2910 gentes
1772 2856 1869 2908 ap-

285 2935 448 3004 pellat
492 2935 841 3002 evangelista,
886 2949 950 2986 ex
982 2948 1046 2986 eo
1084 2932 1224 3001 quod
1276 2931 1509 2985 futurum
1556 2940 1692 2994 erat,
1737 2931 1874 2984 sicut

282 3035 337 3079 et
363 3026 479 3094 ipse
517 3025 612 3089 ait,
645 3023 712 3077 Et
741 3025 869 3078 alias
903 3040 1016 3077 oves
1060 3023 1216 3077 habeo
1245 3021 1422 3091 (Joan.
1449 3021 1536 3076 iO.
1569 3021 1654 3088 i6)
1678 3039 1691 3084 ;
1716 3022 1781 3075 ab
1806 3037 1873 3076 co

283 3118 422 3186 quod
470 3116 702 3169 futurum
743 3125 858 3169 erat
895 3117 970 3168 sic
1017 3130 1230 3169 vocans.
1265 3113 1401 3181 Quid
1431 3113 1529 3166 sibi
1562 3113 1668 3166 vult
1719 3113 1869 3180 illud,

285 3206 410 3260 Cant
451 3217 576 3261 esset
605 3209 834 3276 pontifex
859 3209 981 3260 anni
1017 3207 1201 3260 illius?
1228 3205 1361 3260 Cum
1403 3207 1522 3261 aliis
1551 3205 1636 3260 hic
1665 3219 1874 3274 quoque

286 3314 404 3353 mos
433 3310 717 3366 corruptus
745 3307 878 3352 erat.
908 3297 1021 3352 Non
1049 3298 1190 3353 enim
1220 3297 1354 3349 ultra
1388 3305 1499 3351 toto
1529 3296 1648 3351 vitae
1673 3305 1876 3364 tempo-

287 3407 368 3453 re.
396 3389 491 3444 sed
519 3405 659 3443 anno
682 3404 786 3443 uno
813 3389 1165 3444 sacerdotium
1191 3388 1466 3458 gerebant,
1498 3404 1564 3442 ex
1584 3403 1689 3457 quo
1718 3402 1876 3441 vena—

287 3483 366 3536 les
409 3481 532 3535 facti
582 3490 733 3536 erant
782 3481 1126 3550 principatus.
1168 3482 1417 3534 Attamen
1465 3479 1546 3533 vel
1591 3480 1668 3532 sic
1703 3479 1878 3534 adimc

286 3574 474 3629 aderat
507 3573 756 3643 Spiritus.
788 3573 1074 3644 Postquam
1101 3582 1277 3627 autem
1309 3573 1361 3626 in
1389 3571 1660 3627 Christum
1688 3586 1877 3626 manus

285 3666 638 3729 sustulerunt,
660 3675 782 3720 tunc
803 3666 921 3721 illos
950 3665 1182 3734 reliquit,
1216 3673 1269 3718 et
1297 3663 1362 3717 ad
1389 3663 1659 3733 apostolos
1694 3675 1875 3718 trans-

288 3758 429 3810 latus
482 3765 585 3809 est.
633 3755 698 3809 Et
737 3755 837 3808 hoc
880 3756 1051 3808 velum
1098 3756 1319 3809 ςοῗεςιιιη
1355 3754 1608 3819 ostendit,
1645 3769 1742 3809 nec
1772 3769 1876 3808 non

289 3847 488 3902 Christi
535 3862 634 3900 vox
688 3846 913 3902 dicentis
948 3864 960 3898 :
1012 3845 1141 3898 Ecce
1183 3845 1460 3898 dimittetur
1498 3847 1676 3898 domus
1715 3854 1879 3899 vestra

291 3937 488 3990 deserta
516 3935 729 4001 (Matth.
767 3936 859 3990 25.
885 3936 996 4002 58).
1045 3935 1109 3988 Et
1153 3933 1417 4003 Josepbus
1442 3935 1527 4002 qui
1565 3934 1719 4002 paulo
1761 3944 1879 4002 post

291 4029 408 4091 fttit,
433 4028 564 4081 dixit
589 4027 843 4096 quosdam
867 4028 1104 4096 angelos,
1137 4027 1227 4095 qui
1257 4025 1394 4094 apud
1426 4026 1542 4080 illos
1570 4025 1877 4091 manebant,

292 4135 350 4173 se
401 4119 522 4171 inde
565 4119 882 4188 migraturos
909 4134 1032 4174 esse
1071 4117 1448 4187 significavisse
1479 4114 1576 4190 (a),
1612 4118 1710 4170 nisi
1741 4119 1879 4173 resi-

295 4211 581 4278 piscerent.
611 4210 870 4276 Quamdiu
917 4211 1060 4266 enim
1100 4212 1252 4265 vinea
1301 4209 1549 4276 perstitit,
1596 4224 1691 4278 pro
1732 4224 1880 4263 more

291 4304 469 4356 omnia
510 4303 642 4357 facta
691 4315 840 4368 sunt;
899 4304 985 4357 tibi
1030 4311 1205 4357 autem
1255 4300 1506 4356 heredem
1548 4301 1875 4366 occiderunt,

293 4409 400 4448 non
431 4395 577 4456 item,
618 4395 709 4447 sed
765 4395 1039 4463 perierunt
1071 4412 1084 4447 :
1115 4403 1169 4447 et
1203 4392 1354 4462 quasi
1401 4391 1732 4460 splendidam
1790 4407 1879 4445 ve-

292 4495 431 4540 stem
475 4485 543 4538 ab
586 4485 790 4553 ingrato
840 4484 986 4548 tilio,
1033 4499 1063 4537 a
1114 4482 1304 4538 iudicis
1349 4483 1586 4549 scilicet,
1630 4480 1878 4536 auferens

295 4577 453 4641 Deus,
486 4576 666 4644 probis
695 4576 836 4630 illam
869 4577 1040 4630 servis
1087 4575 1253 4640 dedit,
1305 4590 1368 4628 ex
1417 4573 1706 4645 gentilibus
1743 4589 1872 4627 con-

293 4671 484 4735 versis,
531 4679 586 4723 et
614 4670 856 4724 desertos
900 4669 1020 4723 illos
1053 4668 1330 4738 nudosque
1376 4668 1609 4736 reliquit.
1642 4663 1750 4720 Nec
1781 4681 1867 4735 pa-

294 4777 408 4815 rum
441 4759 535 4813 fuit
585 4760 724 4828 quod
773 4760 1019 4814 inimicus
1056 4760 1169 4814 hinc
1199 4757 1562 4828 prophetaret.
1598 4758 1707 4810 Hoc
1733 4760 1874 4811 enim

293 4851 427 4904 alios
454 4863 666 4918 quoque
693 4849 909 4903 allicere
941 4857 1165 4917 poterat.
1215 4847 1344 4901 Nam
1378 4857 1564 4901 contra
1596 4862 1754 4916 quam
1789 4848 1874 4902 ille

293 4939 508 4995 volebat
537 4940 732 4994 evenit.
765 4939 898 5005 Quia
929 4941 1069 4995 enim
1115 4948 1357 4993 mortuus
1395 4947 1498 4998 est.
1547 4938 1668 4992 ideo
1712 4953 1741 4993 a
1794 4939 1876 4992 fn—

294 5044 414 5086 tnro
457 5032 718 5099 supplicio
747 5031 952 5085 liberati
986 5030 1172 5084 ﬁdeles
1198 5038 1339 5084 sunt.
1365 5028 1501 5097 Quid
1540 5030 1638 5084 sibi
1670 5031 1781 5082 vult
1813 5030 1876 5082 il-

293 5124 399 5185 lud,
431 5123 518 5179 59..
556 5121 623 5177 Ut
651 5131 973 5192 congregaret
1001 5139 1085 5177 eos
1113 5124 1196 5191 qui
1226 5139 1402 5192 prapc,
1443 5131 1487 5174 et
1518 5138 1601 5176 eos
1638 5123 1722 5191 qui
1754 5139 1876 5184 pro—

289 5216 372 5268 cul
398 5214 550 5269 sunt?
575 5213 744 5268 Unum
766 5229 960 5283 corpus
987 5214 1233 5269 reddidit.
1260 5215 1358 5278 Qui
1388 5213 1570 5267 Romae
1593 5223 1692 5278 est,
1723 5212 1879 5268 Indos

293 5314 442 5373 putat
472 5304 768 5358 membrum
795 5319 950 5358 suum
983 5319 1123 5359 esse.
1147 5305 1281 5372 Quid
1316 5304 1437 5358 huic
1475 5307 1875 5374 congregationi

294 5393 797 5464 par?0tnniumque
824 5404 979 5464 caput
995 5408 1074 5450 est
1099 5395 1363 5449 Christus.
1386 5397 1474 5450 55.
1498 5397 1672 5450 Abillo
1696 5397 1777 5450 die
1794 5415 1877 5450 co-

291 5488 575 5556 gitarerunt
593 5484 762 5537 λιιιιωὶ
786 5495 840 5538 ut
857 5485 1188 5547 interﬁcerent
1207 5503 1340 5539 eum.
1362 5488 1526 5538 Antea
1545 5487 1873 5555 qua-rebant;

355 5595 430 5656 (a)
462 5595 700 5657 Iosephus
724 5595 755 5642 l.
794 5597 841 5646 6.
867 5595 945 5644 5i.
975 5596 1038 5643 de
1063 5595 1192 5643 Bello
1213 5597 1405 5645 Judaico
1430 5636 1442 5655 ,
1470 5597 1600 5646 inter
1623 5596 1714 5646 alia
1738 5601 1876 5657 signa

291 5656 438 5705 futuri
463 5656 863 5719 JeroSolymorutn
887 5658 1060 5719 excidii
1082 5658 1170 5719 hoc
1195 5660 1348 5707 ret‘ert
1375 5672 1386 5707 :
1413 5658 1592 5708 Deinde
1616 5673 1776 5709 uocem
1794 5657 1877 5710 ’τρ-

325 5720 536 5783 culinam
558 5717 772 5766 «amitam
794 5718 939 5783 litasse
964 5717 1239 5783 dicentium,
1269 5720 1388 5768 Hinc
1405 5720 1661 5783 migremus
1687 5734 1703 5770 :
1727 5735 1873 5783 quem

310 5791 449 5827 ωιτη
477 5778 552 5826 hic
578 5787 691 5840 puto
712 5778 960 5840 respicere
981 5779 1387 5841 Chrysostomutn.

1318 357 1382 412 1N
1419 354 1735 414 JOANNEM
1779 350 2006 406 ii0.\lll..
2053 347 2214 403 LXV.
2255 347 2323 402 al.
2368 345 2552 400 LXIV.

3449 335 3557 391 ἱ(ῢῖ

1957 463 2086 515 dit-it
2113 462 2279 523 enim,
2309 459 2436 514 Ideo
2461 457 2747 528 quwrebant
2770 471 2881 506 eum
2922 453 3095 505 .Iudcri
3123 452 3404 518 interficere
3429 467 3448 514 ;
3479 465 3553 516 et,

1962 552 2100 615 Quid
2141 567 2218 605 me
2261 550 2486 617 quwritis
2537 549 2822 615 interﬁcere
2860 545 3037 614 (Joan.
3072 544 3125 599 5.
3161 544 3227 599 18
3274 543 3387 596 et'7.
3417 542 3558 611 ‘20)?

1957 644 2060 696 Sed
2094 652 2219 696 tunc
2249 641 2582 711 qmerebant,
2609 653 2749 693 nunc
2774 648 2950 690 autem
2982 636 3029 689 id
3053 642 3375 696 statuerunt,
3402 642 3455 687 ct
3482 634 3557 687 rei

1959 749 2174 787 manum
2202 733 2577 786 admoverunt.
2610 731 2697 785 54.
2742 729 2896 783 Jesus
2926 738 3094 782 autem
3117 729 3230 797 jam
3262 743 3362 779 non
3387 725 3560 795 palam

1957 824 2247 890 ambulabat
2278 823 2329 876 in
2356 822 2561 876 Jttda’a.
2591 821 2797 875 Rursus
2828 819 3060 872 humano
3089 832 3238 872 more
3263 816 3419 872 saluti
3448 828 3561 870 suae

1958 923 2132 979 cavet,
2158 928 2218 966 ac
2249 913 2552 982 frequenter
2580 911 2680 965 hoc
2711 911 2854 964 facit.

2029 1005 2082 1059 2.
2115 1005 2344 1059 Christus
2372 1005 2595 1056 Immone
2622 1019 2759 1056 more
2780 1001 2929 1071 fugit.
2951 1031 3023 1040 —
3042 1000 3158 1056 Jam
3187 1015 3400 1053 causam
3427 1000 3558 1064 dixi,

1960 1113 2055 1150 cur
2088 1095 2396 1163 frequenter
2425 1093 2637 1154 abierit,
2668 1101 2720 1146 et
2751 1092 3053 1146 secesserit.
3089 1091 3239 1145 Nune
3266 1106 3432 1160 [πονε
3463 1092 3562 1145 de-

1962 1199 2163 1241 sertum
2198 1188 2398 1241 habitat
2426 1186 2476 1240 in
2511 1184 2767 1253 Ephrata,
2797 1193 2850 1238 et
2878 1184 2946 1238 ibi
2973 1184 3224 1238 manebat
3253 1199 3376 1239 cum
3404 1183 3563 1238 disci-

1964 1281 2101 1348 polis
2127 1281 2259 1333 suis.
2288 1278 2555 1346 Quantum
2586 1287 2740 1345 putas
2785 1277 3025 1331 turbatos
3065 1277 3229 1330 fuisse
3270 1277 3567 1345 discipulos

1964 1371 2204 1424 videntes
2234 1371 2409 1440 ipsum
2455 1370 2690 1424 humano
2736 1383 2883 1422 more
2910 1369 3066 1421 saluti
3099 1384 3210 1423 sua?
3240 1369 3566 1436 providere?

1965 1459 2134 1514 Nemo
2163 1459 2272 1529 jam
2305 1469 2562 1530 sequutus
2593 1468 2695 1514 est.
2739 1459 2868 1512 Nam
2905 1473 3026 1512 cum
3075 1474 3244 1527 prope
3284 1445 3426 1512 esset
3450 1460 3565 1512 dies

1968 1549 2153 1616 festus,
2183 1565 2372 1604 omnes
2418 1550 2811 1621 Jerosolymam
2853 1550 3239 1615 accurrebant;
3285 1549 3383 1620 ipsi
3413 1565 3562 1615 vero,

1966 1657 2084 1695 cum
2114 1642 2407 1712 gauderent
2453 1657 2643 1696 omnes
2679 1653 2731 1696 et
2761 1643 2953 1697 festum
2995 1650 3236 1720 agerent,
3271 1652 3398 1697 tunc
3435 1644 3566 1697 late-

1968 1731 2111 1794 bant,
2148 1741 2272 1787 tunc
2315 1732 2366 1785 in
2418 1733 2670 1802 periculis
2715 1742 2901 1798 erant;
2949 1741 3182 1787 attamen
3234 1735 3565 1804 perstabant.

1967 1824 2124 1879 Certe
2171 1841 2294 1880 cum
2327 1825 2530 1880 Pascha
2572 1834 2626 1879 et
2669 1825 2998 1894 ScenOpegia
3029 1826 3456 1890 celebrarentur,
3491 1827 3564 1880 illi

1971 1915 2020 1968 in
2047 1914 2263 1971 Galilaea
2295 1917 2548 1970 latebant.
2581 1917 2813 1970 Rursum
2842 1927 3025 1988 postea
3057 1919 3110 1972 in
3134 1918 3221 1973 die
3257 1919 3416 1980 festo,
3437 1918 3565 1972 dum

1968 2007 2066 2060 soli
2095 2022 2215 2062 cum
2242 2006 2497 2078 Magistro
2535 2007 2781 2079 fugerent
2810 2018 2864 2062 et
2895 2010 3143 2075 laterent,
3174 2025 3325 2065 suam
3354 2027 3475 2082 erga
3501 2014 3564 2065 il-

1971 2098 2077 2151 lum
2121 2097 2547 2153 benevolentiam
2593 2100 2970 2155 ostendebant.
3018 2101 3154 2156 Hinc
3198 2101 3370 2157 Lucas
3413 2103 3562 2157 illmn

1970 2189 2171 2242 dixisse
2198 2190 2272 2242 ait
2301 2207 2314 2243 τ
2348 2189 2456 2260 Ego
2495 2191 2804 2258 perseveravi
2832 2192 3084 2245 vobiscum
3113 2193 3166 2246 in
3213 2195 3570 2249 tentationibus

1976 2280 2124 2350 (ch.
2152 2279 2240 2332 22.
2269 2278 2389 2350 28).
2423 2281 2547 2334 Haec
2578 2297 2736 2350 porro
2761 2282 2972 2337 dicebat
2999 2294 3058 2338 ut
3085 2286 3414 2352 ostenderet,
3452 2288 3571 2340 illus

1970 2373 2140 2441 gratia
2168 2388 2262 2427 sua
2291 2374 2555 2428 roborari.
2604 2375 2694 2430 55.
2727 2375 2882 2429 Multi
2908 2378 3041 2431 enim
3069 2377 3132 2430 de
3167 2379 3374 2449 regione
3397 2396 3572 2434 ascen-

1972 2465 2172 2528 derunt,
2201 2473 2254 2518 ut
2283 2466 2659 2532 sanctiﬁcarent
2688 2468 2898 2538 seipsos.
2945 2468 3034 2522 57.
3067 2469 3134 2522 Et
3164 2470 3409 2525 dederant
3448 2489 3572 2540 pon-

1974 2555 2132 2622 ti/ices
2178 2565 2224 2608 et
2271 2554 2528 2610 Pharisan'
2566 2557 2830 2624 mandata,
2877 2567 2931 2611 ut
2957 2559 3392 2628 apprehenderent
3434 2578 3570 2615 eum.

1976 2644 2104 2700 Mira
2142 2645 2493 2701 sanctificatio
2534 2662 2657 2701 cum
2703 2649 3044 2718 sanguinaria
3093 2652 3402 2714 voluntate,
3450 2669 3570 2708 cum

1975 2739 2269 2794 cr"entatis
2315 2739 2583 2794 manibus.
2628 2740 2720 2795 56.
2767 2739 2835 2794 Et
2881 2741 3113 2796 dicebant
3155 2759 3175 2798 :
3212 2743 3411 2797 Putatis
3455 2747 3575 2812 quia

1977 2847 2076 2884 non
2099 2831 2256 2884 veniet
2275 2832 2344 2884 ad
2368 2831 2504 2885 diem
2535 2832 2762 2901 festum?
2792 2833 2848 2886 In
2893 2833 3155 2890 Paschate
3185 2835 3575 2892 insidiabantur

1977 2921 2048 2975 illi
2077 2963 2090 2985 ,
2137 2929 2454 2993 tempusque
2495 2921 2853 2977 solemnitatis
2910 2931 3120 2995 tempus
3170 2925 3333 2981 cmdis
3387 2928 3577 2982 redde-

1979 3011 2135 3076 bant;
2168 3011 2217 3065 id
2246 3021 2331 3066 est
2366 3030 2380 3069 :
2412 3013 2528 3067 Huc
2562 3014 2710 3067 illum
2744 3013 2987 3070 incidere
3017 3027 3249 3086 oportet,
3281 3017 3577 3074 advocanto

1980 3102 2136 3157 festo.
2165 3101 2209 3158 Ο
2250 3103 2578 3173 impietatem
2604 3104 2618 3158 !
2649 3102 2780 3159 Cum
2814 3106 3019 3174 majore
3044 3121 3178 3174 opus
3201 3117 3317 3161 erat
3359 3107 3574 3176 pietate,

1978 3206 2032 3250 et
2059 3212 2179 3250 cum
2209 3195 2464 3250 extremis
2489 3195 2709 3251 obnoxii
2741 3197 3056 3264 sceleribus,
3084 3199 3235 3253 liberi
3261 3201 3581 3255 emitteban-

1981 3298 2086 3359 tur,
2122 3303 2245 3348 tunc
2289 3294 2562 3347 innoxium
2595 3292 3058 3364 comprehendere
3104 3304 3386 3351 conantur.
3421 3298 3580 3368 Atqui

1979 3399 2098 3440 cum
2117 3386 2227 3456 jam
2253 3387 2382 3442 illud
2413 3396 2730 3454 tentassent,
2754 3402 2859 3442 non
2888 3388 3050 3442 modo
3068 3389 3198 3442 nihil
3218 3387 3576 3460 perfecerant,

1981 3476 2073 3530 sed
2105 3479 2262 3532 etiam
2293 3479 2502 3533 ridiculi
2536 3487 2918 3549 apparuerant.
2951 3478 3075 3534 ideo
3105 3481 3419 3551 frequenter
3447 3484 3580 3544 inci—

1981 3566 2059 3621 dit
2084 3577 2137 3622 et
2178 3569 2375 3628 evadit.
2423 3579 2477 3624 et
2515 3572 2794 3640 cupientes
2837 3586 2896 3626 se
2939 3572 3244 3628 interficere
3285 3575 3500 3639 retinet.
3527 3585 3584 3632 et

1981 3656 2172 3712 dubios
2210 3659 2482 3728 relinquit,
2515 3669 2571 3714 ut
2601 3662 2851 3715 virtutem
2888 3677 3037 3716 suam
3067 3662 3490 3720 demonstrando
3517 3666 3583 3722 ii-

1984 3746 2065 3800 los
2091 3748 2154 3800 ad
2186 3752 2654 3819 compnnctionem
2699 3751 2961 3819 deducat;
2989 3763 3043 3808 et
3084 3765 3140 3808 ut
3185 3764 3464 3826 postquam
3495 3773 3584 3812 ca-

1985 3847 2105 3906 ptus
2128 3839 2304 3906 fuerit,
2336 3842 2526 3905 sciant,
2559 3858 2664 3896 non
2693 3844 2740 3896 vi
2774 3859 2891 3910 sua,
2920 3843 3010 3899 sed
3038 3845 3205 3914 ipsius
3234 3848 3585 3906 concessione

1985 3928 2035 3982 id
2067 3930 2347 3985 accidisse.
2382 3931 2566 4002 Neque
2594 3934 2736 3988 enim
2768 3943 2895 3989 tunc
2924 3943 3211 4004 potuerunt
3252 3937 3400 3993 illum
3431 3954 3585 3993 corn-

1986 4021 2342 4089 prehendere,
2394 4026 2492 4078 etsi
2539 4027 2834 4096 propinqua
2876 4026 3130 4083 Bethania
3158 4039 3304 4085 esset
3338 4050 3350 4086 :
3379 4042 3430 4087 et
3459 4047 3582 4088 cum

1983 4112 2536 4180 comprehendissent,
2565 4118 2784 4183 supinos
2807 4119 2925 4172 illos
2958 4121 3262 4188 prostravit.
3311 4124 3460 4192 (Cap.
3497 4126 3582 4194 ιε)

1986 4204 2036 4257 1.
2073 4207 2201 4258 Ante
2228 4222 2316 4258 sea:
2347 4207 2454 4260 dies
2486 4205 2700 4262 Pascha:
2730 4211 2858 4263 venit
2887 4211 3039 4266 Jesus
3065 4213 3118 4266 in
3146 4211 3469 4284 Bel/iunium,
3501 4220 3584 4272 ubi

1984 4297 2150 4364 fuerat
2182 4295 2409 4350 Lazarus
2437 4308 2662 4353 mortuus
2687 4317 2704 4352 .·
2726 4300 2779 4353 2.
2807 4310 2853 4354 et
2877 4303 3218 4358 manducabat
3246 4309 3387 4376 apud
3407 4326 3511 4374 eos;
3534 4322 3582 4364 et

1986 4385 2193 4441 Mart/ta
2214 4391 2553 4456 ministrabat,
2586 4391 2723 4446 Laza
2735 4410 2918 4465 rusque
2943 4396 3302 4453 manducabat.
3349 4400 3458 4455 lioc
3486 4419 3582 4457 ve-

1985 4495 2058 4533 ra:
2088 4483 2500 4538 resurrectionis
2521 4486 2729 4555 signtun
2762 4497 2895 4552 erat,
2930 4489 3070 4558 quod
3100 4501 3219 4560 post
3249 4493 3442 4548 multos
3467 4495 3583 4552 dies

1984 4580 2039 4626 et
2068 4573 2268 4628 viveret
2299 4582 2353 4627 et
2395 4576 2760 4630 manducaret.
2791 4577 2943 4634 Unde
2974 4581 3147 4650 palam
3189 4592 3270 4636 est
3300 4586 3581 4652 prandium

1985 4664 2036 4716 in
2068 4663 2183 4732 ejus
2210 4664 2370 4719 domo
2398 4665 2559 4720 fuisse
2601 4683 2613 4695 '
2647 4683 2768 4722 nam
2797 4679 2854 4722 ut
2891 4671 3045 4725 amici
3079 4679 3133 4726 et
3168 4672 3350 4728 dilecti
3396 4675 3579 4733 Jesutn

1983 4755 2276 4825 excipiunt.
2303 4756 2530 4824 Qttidam
2559 4769 2733 4813 tamen
2764 4762 2948 4815 dicunt
2996 4761 3046 4816 id
3088 4764 3138 4816 in
3181 4767 3281 4820 alia
3304 4767 3464 4822 domo
3491 4787 3585 4840 ge-

1984 4857 2126 4904 stum
2158 4849 2342 4904 fuisse.
2372 4850 2536 4905 Maria
2564 4862 2741 4906 autem
2775 4868 2880 4908 non
2911 4854 3288 4912 ministrabat:
3319 4859 3582 4932 discipula

1984 4941 2125 4995 enim
2157 4953 2287 4994 erat.
2337 4941 2543 4996 Rursus
2571 4943 2661 4998 hic
2706 4945 2877 5013 major
2906 4945 3058 5002 adbst
3097 4948 3173 5002 iiii
3203 4947 3432 5019 Spiritus
3460 4969 3584 5022 gra-

1988 5032 2079 5084 tia.
2120 5032 2233 5086 Non
2287 5035 2627 5088 ministrabat
2666 5035 2810 5089 enim
2860 5046 3127 5107 tamquam
3170 5053 3375 5109 vocata,
3408 5060 3583 5116 neque

1984 5126 2256 5179 communi
2305 5125 2646 5182 incumbebat
2687 5129 3014 5194 ministerio;
3076 5133 3168 5186 sed
3229 5132 3442 5190 Christo
3483 5141 3582 5194 soli

1987 5217 2242 5273 honorem
2265 5218 2439 5273 defert
2466 5238 2478 5272 :
2508 5236 2684 5290 neque
2713 5229 2770 5275 ut
2796 5221 3018 5286 homini,
3056 5223 3147 5278 sed
3173 5233 3232 5279 ut
3260 5226 3366 5282 Deo
3387 5230 3583 5286 adstat.

1986 5310 2325 5380 Unguentum
2352 5313 2496 5367 enim
2531 5312 2652 5367 ideo
2679 5312 2886 5379 eﬂ‘udit,
2921 5325 2973 5368 et
3004 5316 3212 5385 capillis
3251 5320 3439 5388 capitis
3462 5323 3587 5377 abs-

1986 5403 2159 5468 tersit,
2189 5402 2330 5472 quod
2370 5403 2581 5474 signum
2626 5413 2743 5458 erat
2782 5405 2924 5459 illam
2955 5407 3020 5461 de
3050 5407 3266 5464 Christo
3299 5429 3401 5467 non
3432 5430 3548 5468 eam

1983 5493 2103 5546 dem
2157 5508 2314 5562 quam
2366 5494 2456 5549 alii
2505 5494 2813 5564 opinionem
2868 5497 3083 5555 habere.
3136 5500 3241 5557 Sed
3288 5503 3580 5574 increpavit

1983 5584 2148 5639 Judas
2201 5585 2449 5652 pietatem
2498 5587 2778 5642 simulans.
2830 5589 2970 5655 Quid
3009 5607 3138 5660 ergo
3188 5592 3480 5650 Christus?
3527 5600 3569 5651 7.

1984 5678 2180 5732 Bonum
2208 5697 2335 5750 opus
2359 5689 2569 5749 operata
2602 5692 2676 5736 est
2716 5682 2768 5736 in
2798 5683 3110 5753 sepulturam
3139 5702 3323 5739 nteant.
3359 5687 3464 5741 Cur
3491 5691 3576 5743 dio

1985 5773 2246 5841 scipuium
2269 5773 2407 5828 circa
2431 5774 2706 5831 mulierem
2730 5791 2835 5829 non
2861 5775 3221 5846 reprehendit,
3247 5792 3420 5848 neque
3446 5776 3576 5835 dixit
