4054 6438
534 380 635 432 363

539 506 583 549 ut
610 493 946 562 evangelista,
982 492 1148 560 ipsum
1190 490 1310 543 furti
1361 489 1586 542 faciendi
1628 505 1784 543 causa
1818 489 2095 542 mulierem

533 585 873 656 increpasse?
902 584 1151 637 Patientia
1181 597 1272 635 sua
1304 583 1468 633 voluit
1496 598 1612 634 eum
1648 581 1696 634 iu
1735 600 1742 647 j
1768 580 1984 633 udorcm
2015 580 2099 632 de-

529 678 743 731 ducere.
795 675 942 743 Quod
991 684 1165 727 autem
1213 684 1392 728 nosset
1439 674 1582 726 illum
1625 687 1740 725 esse
1773 671 2096 738 proditorem

529 782 689 839 patet,
717 770 856 840 quod
900 768 1007 838 jam
1052 770 1198 823 illum
1229 785 1369 838 satpe
1399 769 1744 837 redarguerit,
1782 777 1837 820 ut
1865 783 1981 820 cum
2015 767 2097 820 di-

529 861 621 922 xit,
646 859 755 912 Non
779 874 965 912 omnes
992 860 1208 912 credunt
1234 858 1405 928 (Joan.
1428 859 1477 910 6.
1498 859 1618 924 65);
1644 856 1868 919 ct,Umts
1887 874 1946 910 ca:
1965 857 2096 909 robis

526 949 753 1003 diabolus
781 960 851 1002 est
875 948 1035 1018 (Ibid.
1056 966 1101 1002 υ.
1124 951 1180 1002 'il
1198 954 1235 1016 ).
1262 950 1508 1001 lndicavit
1533 964 1658 1015 ergo
1683 963 1739 1000 se
1765 963 1920 1002 nosse
1950 948 2094 999 illum

526 1057 645 1096 esse
679 1044 1020 1109 proditorem,
1071 1057 1172 1094 non
1217 1055 1341 1093 vero
1371 1051 1550 1108 aperte
1577 1042 1863 1109 redarguit,
1894 1040 1985 1092 sed
2017 1040 2096 1091 in-

523 1133 704 1190 dulsit.
749 1132 886 1201 quod
932 1131 1086 1185 vellet
1127 1145 1247 1184 eum
1289 1148 1316 1180 a
1361 1131 1629 1198 preposito
1681 1146 1947 1185 revocare.
1988 1129 2096 1182 Cur

524 1240 651 1290 ergo
679 1224 808 1276 alius
849 1223 1002 1288 dixit,
1045 1237 1232 1275 omnes
1267 1221 1552 1288 discipulos
1583 1222 1658 1274 sic
1705 1223 1944 1290 loquutus
1975 1236 2093 1275 esse

525 1314 732 1381 (Matr/1.
765 1313 850 1367 9-6.
886 1313 981 1383 8)?
1024 1312 1087 1366 Et
1129 1326 1337 1375 omnes,
1378 1323 1430 1365 et
1475 1313 1598 1376 ille;
1632 1313 1723 1366 Sed
1767 1313 1954 1381 reliqui
1987 1327 2089 1365 non

522 1406 706 1458 eodem
735 1407 930 1457 animo.

595 1495 693 1549 Cur
721 1495 944 1549 Christus
969 1496 1071 1563 [uri
1092 1496 1281 1549 loculos
1307 1497 1626 1549 commiserit.
1649 1495 1884 1562 —Quod
1908 1495 1948 1547 si
1974 1495 2091 1563 quis

520 1597 742 1656 qurrrat,
789 1603 883 1640 cur
931 1587 1026 1640 furi
1071 1589 1270 1641 loculos
1321 1601 1607 1654 pauperum
1647 1586 1988 1648 commiserit,
2019 1597 2091 1668 ¹μ

519 1694 734 1730 avarum
766 1679 1181 1744 dispensatorem
1227 1677 1440 1739 fecerit,
1484 1676 1941 1743 respondebimus,
1978 1691 2088 1728 rem

519 1785 763 1822 arcanam
797 1784 956 1821 unum
1007 1783 1164 1822 nosse
1211 1767 1402 1829 Deum;
1440 1766 1577 1834 quod
1619 1766 1662 1820 si
1709 1767 1976 1835 quidpiam
2022 1767 2089 1820 sit

518 1848 865 1926 conjbctaudo
903 1855 1185 1913 dicendum
1217 1875 1229 1910 :
1272 1867 1329 1912 ut
1357 1873 1568 1912 onmem
1604 1860 1836 1912 auferret
1865 1874 2088 1912 excusa-

518 1955 674 2005 tionis
702 1967 932 2005 causam.
967 1951 1078 2005 Non
1114 1953 1254 2006 enim
1285 1951 1465 2006 dicere
1507 1958 1714 2018 poterat
1747 1966 1804 2005 se
1833 1968 1893 2004 ex
1925 1967 2087 2018 pecu-

519 2045 719 2097 niarum
753 2059 934 2096 amore
980 2044 1030 2096 id
1081 2043 1288 2106 fecisse,
1327 2059 1444 2095 cum
1477 2053 1655 2110 posset
1683 2042 2089 2110 Cupiditati-Sum

515 2151 577 2188 ex
611 2136 797 2189 loculis
826 2134 997 2188 facere
1028 2135 1172 2197 satis,
1200 2134 1290 2187 sed
1323 2149 1384 2186 ex
1415 2135 1611 2202 ingenti
1647 2135 1898 2202 nequitia,
1929 2150 2084 2201 quarti

517 2227 725 2279 volebat
773 2226 1012 2280 Christus
1059 2224 1309 2278 cohibere
1339 2267 1353 2285 ,
1402 2225 1720 2292 indulgentia
1764 2241 1887 2293 erga
1943 2227 2085 2278 illum

515 2318 676 2369 multa
706 2332 848 2369 usus.
880 2315 1231 2382 Quamobrem
1257 2317 1272 2347 ¹
1302 2317 1444 2368 illum
1487 2315 1744 2368 furantem
1772 2331 1874 2366 non
1905 2331 2089 2382 argue-

518 2409 622 2472 bat,
654 2409 748 2462 etsi
781 2425 880 2459 non
915 2409 1141 2468 ne<cius,
1181 2408 1294 2474 ejus
1327 2409 1515 2460 malam
1558 2407 1840 2462 0bSil‘ll0ilS
1885 2408 2085 2475 Cupidi-

515 2509 692 2558 tatem,
724 2509 774 2551 et
808 2514 1016 2551 omnem
1049 2497 1296 2552 auferens
1345 2501 1761 2552 excusationem.
1816 2500 1978 2550 Sinite
2021 2500 2084 2549 il-

514 2593 632 2650 lam,
663 2590 858 2655 inquit;
888 2591 938 2642 in
977 2591 1104 2641 diem
1134 2588 1406 2656 sepultura:
1445 2605 1566 2640 mea:
1596 2589 1687 2640 hoc
1726 2589 1840 2656 fecit
1887 2589 2086 2642 Rursus

515 2681 835 2749 proditorem
882 2680 1149 2740 admouet,
1199 2695 1315 2732 cum
1366 2679 1653 2746 sepultura!
1687 2679 1943 2731 meminit.
1981 2678 2086 2731 Sed

515 2788 618 2824 non
649 2773 862 2824 incessit
891 2771 1034 2823 illum
1069 2771 1308 2834 monitio,
1341 2785 1509 2838 neque
1542 2770 1881 2823 hocverbum
1916 2771 2080 2823 emol-

515 2862 620 2913 livit
652 2881 662 2914 ;
694 2862 787 2912 etsi
832 2863 1086 2927 potuisset
1133 2861 1275 2912 illum
1319 2861 1369 2912 in
1401 2861 1912 2912 comitiiscrationcm
1962 2860 2082 2924 inji-

513 2970 664 3014 cere;
699 2971 758 3009 ac
787 2956 827 3006 si
862 2955 1061 3008 diceret
1093 2971 1104 3006 :
1136 2952 1384 3006 Molestus
1411 2968 1524 3004 smn
1577 2961 1630 3004 et
1665 2967 1920 3003 onerosus
1947 2967 1958 3009 ;
1992 2953 2082 3004 scd

513 3056 755 3114 exspecta
789 3045 1065 3112 pauliSper,
1118 3054 1168 3099 et
1199 3045 1458 3113 migrabo.
1515 3045 1622 3096 lluc
1667 3044 1806 3095 enim
1853 3044 2084 3110 respexit

513 3151 630 3189 eum
657 3137 854 3189 diceret
880 3155 892 3189 :
924 3135 975 3189 8.
1014 3133 1096 3188 Mc
1132 3148 1297 3187 autem
1333 3152 1430 3187 non
1459 3152 1652 3204 semper
1693 3134 1951 3186 habebitis.
1979 3133 2081 3187 Sed

516 3227 641 3279 nihil
700 3226 884 3278 borum
957 3226 1120 3280 ferum
1168 3235 1216 3279 et
1275 3226 1526 3278 furiosum
1580 3226 1843 3278 hominem
1897 3225 2082 3290 flexit,

515 3321 720 3372 etiamsi
750 3320 910 3372 multa
942 3320 1040 3373 alia
1073 3320 1264 3373 dixerit
1298 3329 1350 3373 et
1381 3319 1582 3384 fecerit,
1616 3320 1772 3386 pedes
1795 3319 1907 3387 ejus
1938 3319 2082 3372 lave-

515 3411 581 3463 rit
608 3411 692 3464 illa
726 3420 897 3475 nocte,
929 3426 986 3464 ac
1016 3425 1211 3464 mensze
1255 3420 1561 3464 consortem
1593 3409 1794 3471 fecerit,
1834 3411 1972 3478 quod
2004 3411 2083 3464 vel

517 3501 773 3554 latronum
822 3502 1025 3554 animos
1072 3501 1305 3554 mulcere
1351 3510 1556 3568 potest;
1590 3511 1642 3554 et
1689 3502 1788 3553 alia
1819 3502 1973 3555 verba
2003 3502 2084 3553 lo-

515 3604 708 3663 quutus
759 3595 854 3659 sit,
906 3609 1021 3662 quae
1079 3601 1294 3661 possent
1339 3593 1496 3645 etiam
1549 3593 1774 3660 lapidem
1823 3594 2081 3648 emollire.

518 3687 582 3741 Et
612 3686 722 3739 lirec
761 3701 862 3738 non
906 3686 1067 3737 multo
1097 3693 1248 3748 ante,
1283 3683 1374 3738 sed
1419 3685 1468 3736 in
1516 3684 1629 3752 ipso
1670 3684 1792 3746 die,
1842 3700 1907 3738 ne
1950 3697 2083 3738 tem-

517 3792 614 3845 pus
646 3777 695 3830 in
744 3775 1059 3830 oblivionem
1112 3776 1404 3835 induceret.
1451 3774 1555 3829 Sed
1604 3775 1859 3830 adversus
1909 3778 2084 3831 omnia

516 3869 760 3938 perstitit.

584 3961 638 4013 3.
676 3959 895 4011 Avaritia
925 3969 1164 4028 quantum
1202 3960 1263 4012 sit
1301 3961 1509 4012 malum.
1541 3960 1696 4012 Amor
1726 3960 1949 4027 pecunia?
1976 3961 2084 4013 dw-

515 4069 657 4105 mone
682 4052 914 4104 deterior.
938 4079 1007 4090 —
1035 4047 1223 4105 Gravis
1246 4065 1471 4119 namque
1507 4060 1588 4104 est
1619 4050 1839 4104 avaritia
1872 4070 1882 4100 :
1912 4050 2085 4119 gnaris

513 4151 676 4206 certe,
711 4157 826 4208 quae
855 4141 1037 4194 oculos
1067 4149 1119 4194 et
1147 4155 1303 4195 aures
1345 4142 1577 4205 obturet,
1611 4151 1664 4195 et
1696 4141 1804 4195 fera
1833 4141 2083 4197 sreviores

513 4235 685 4288 reddit
714 4251 727 4286 :
762 4247 861 4284 non
891 4231 1288 4295 censcientiam,
1319 4246 1421 4285 non
1451 4233 1754 4295 amicitiam,
1786 4248 1890 4286 non
1913 4235 2085 4287 socie-

514 4334 695 4388 tatem,
727 4339 827 4378 non
860 4323 1126 4392 propriam
1169 4323 1392 4376 salutem
1441 4324 1677 4390 cogitare
1705 4323 1862 4386 sinit;
1899 4324 1989 4376 sed
2018 4324 2084 4376 ab

515 4415 758 4468 omnibus
787 4417 938 4468 simul
962 4424 1227 4476 avertens,
1257 4427 1391 4482 quos
1413 4415 1552 4480 capit
1582 4414 1630 4466 in
1658 4413 1966 4466 servitutem
1996 4429 2081 4467 re—

513 4506 661 4575 digit,
708 4512 762 4557 ut
806 4503 1112 4572 gravissima
1155 4503 1387 4556 domina.
1419 4503 1672 4572 Quodque
1718 4504 1768 4556 in
1815 4504 1910 4557 hac
1955 4505 2082 4558 dura

513 4596 768 4649 servitute
813 4593 1044 4648 deterius
1088 4603 1208 4659 est,
1260 4595 1453 4662 gratias
1499 4594 1596 4646 sibi
1648 4594 1914 4649 habendas
1965 4611 2083 4651 esse

515 4689 644 4755 ipsis
672 4685 887 4749 suadet;
911 4694 963 4740 et
987 4696 1184 4753 quanto
1215 4685 1379 4753 magis
1409 4686 1479 4739 illi
1520 4687 1766 4752 servitur,
1799 4697 1942 4741 tanto
1970 4705 2084 4741 ma-

515 4779 595 4846 gis
645 4787 866 4845 augetur
909 4776 1146 4843 Voluptas
1190 4793 1202 4828 :
1249 4776 1474 4844 hincque
1516 4779 1821 4832 iucurahilis
1871 4782 2085 4832 morlms

515 4869 764 4938 gignitur.
812 4866 942 4920 Hinc
986 4873 1174 4920 venatu
1219 4867 1446 4921 difficilis
1498 4869 1612 4924 Iure
1657 4870 1764 4923 fera
1815 4881 1924 4935 est;
1972 4872 2083 4925 haec

517 4959 659 5014 Giesi
691 4974 756 5013 ex
780 4957 1036 5025 discipulo
1079 4965 1134 5011 et
1177 4959 1432 5027 propheta
1473 4959 1739 5030 leprosum
1783 4961 1936 5026 fecit;
1973 4963 2085 5015 lure

521 5051 775 5105 Ananiam
825 5046 1085 5118 perdidit;
1133 5047 1248 5102 haec
1298 5048 1483 5102 ludam
1542 5051 1868 5118 proditorem
1925 5052 2082 5111 fecit;

521 5143 635 5195 lucc
662 5141 924 5210 principes
948 5138 1250 5196 Judtnorum
1278 5143 1532 5209 corrupit,
1565 5143 1651 5211 qui
1695 5144 1830 5196 dona
1860 5146 2086 5210 accipie-

525 5234 649 5286 bant
673 5241 725 5284 et
751 5231 919 5284 furum
947 5232 1076 5285 socii
1107 5231 1507 5298 efficiebantur;
1537 5233 1650 5288 haec
1678 5235 1899 5302 plurima
1931 5235 2087 5288 indu-

524 5325 596 5376 xit
639 5322 794 5380 bella.
826 5322 1078 5390 sanguine
1103 5322 1232 5386 vias,
1267 5322 1515 5377 lamentis
1545 5333 1599 5379 et
1625 5326 1907 5394 gemitibus
1933 5326 2090 5381 urbes

525 5414 783 5482 replevit;
808 5413 920 5466 bzee
955 5427 1134 5470 ccenas
1175 5414 1427 5484 impuras,
1457 5431 1773 5487 mensasque
1811 5432 2090 5473 exsecrano

573 5549 600 5613 '_
615 5545 668 5594 In
694 5543 972 5613 Florilegio,
994 5552 1051 5613 ut
1068 5546 1400 5613 animadvertit
1431 5548 1644 5613 Saviiius,
1667 5552 1745 5601 hic
1767 5551 1902 5605 locus
1923 5555 2096 5611 melius

530 5607 711 5678 habere
734 5606 948 5678 videtur,
967 5606 1051 5678 sed
1071 5620 1137 5678 ea:
1171 5608 1576 5678 hugentinequitia
1590 5647 1606 5670 ,
1629 5606 1775 5678 quam
1798 5615 1842 5665 si
1873 5606 2092 5671 cohibere

529 5666 777 5730 voluisset,
799 5680 892 5716 non
915 5666 1192 5730 tradidisset
1217 5666 1578 5726 benefactorem.
1592 5666 1819 5726 'Chrt'sms
1843 5666 1953 5728 rero
1965 5666 2091 5730 inut:

533 5734 710 5837 ξὲἕὲξα
746 5729 878 5781 illum
916 5727 1210 5794 indulgentia
1249 5732 1490 5796 multaque
1526 5735 1752 5798 patientia
1796 5727 1938 5800 usus,
1958 5727 2092 5808 iii/ifi-

532 5799 666 5840 rebat
675 5834 682 5840 .

1347 374 1401 429 S.
1445 373 1716 428 JOANNIS
1742 373 2210 427 CilRYSUSTUMI
2255 375 2566 430 AllCIllEP.
2611 376 3141 432 (.ONS'I‘.\NTINOP.

3691 387 3800 444 36‘

2211 491 2328 557 das,
2361 494 2505 545 cibos
2547 496 2750 564 iniquos
2782 499 3028 552 reddidit.
3071 501 3271 557 Idcirco
3319 504 3582 561 idolorum
3619 512 3795 567 servi—

2209 591 2371 638 tutem
2403 585 2538 636 illam
2587 589 2792 641 vocavit
2822 589 3015 643 Paulus
3039 591 3251 661 (Co/oss.
3282 595 3331 648 3.
3374 596 3450 663 5).
3483 597 3587 652 Sed
3621 616 3797 670 neque

2208 671 2274 724 ita
2311 675 2587 731 deterruit.
2633 678 2736 731 Cur
2766 691 2940 734 autem
2988 683 3340 739 idololatriam
3376 687 3541 741 dicit?
3587 690 3791 746 Habent

2208 765 2356 817 multi
2386 765 2614 832 divitias,
2648 769 2854 837 illisque
2881 773 2952 822 uti
2984 789 3086 826 non
3120 776 3337 838 audent,
3381 777 3473 832 sed
3507 779 3627 835 illas
3655 797 3790 835 Con-

2205 868 2433 916 secrant.
2479 872 2528 912 et
2569 864 2846 929 nepotibus
2894 866 3114 918 intactas
3158 871 3541 937 transmittunt,
3571 888 3791 928 eorum-

2205 964 2306 1018 que
2340 955 2754 1015 successoribus,
2797 959 2945 1023 quasi
2981 958 3087 1011 Deo
3114 961 3281 1013 dicata
3326 979 3557 1019 munera
3573 967 3788 1020 contin-

2202 1056 2326 1108 gere
2372 1058 2472 1094 non
2516 1046 2728 1098 audent.
2781 1047 2834 1101 Si
2875 1051 3087 1117 quando
3119 1067 3246 1104 vero
3287 1055 3349 1107 iis
3398 1055 3468 1108 uti
3501 1067 3785 1125 cogantur,

2204 1133 2272 1186 ita
2301 1134 2470 1187 affccti
2503 1147 2622 1188 sunt
2651 1153 2710 1190 ac
2741 1139 2782 1190 si
2808 1157 2917 1194 rem
2965 1142 3199 1196 illicitam
3244 1144 3502 1200 facerent.
3537 1148 3786 1218 Alioquin

2201 1234 2377 1277 autem
2407 1241 2466 1279 ac
2491 1229 2532 1280 si
2562 1229 2678 1294 quis
2711 1232 2920 1297 gentilis
2960 1233 3297 1289 simulacrum
3330 1240 3344 1268 ¹
3378 1239 3601 1304 coleret,
3631 1241 3708 1296 sic
3733 1252 3786 1295 tu

2200 1328 2384 1366 aurum
2420 1319 2583 1383 portis
2627 1328 2679 1371 et
2708 1323 2946 1375 vectibus
2987 1329 3180 1388 munis,
3217 1342 3276 1380 ac
3325 1345 3420 1397 pro
3451 1331 3650 1399 templo
3691 1333 3786 1386 tibi

2199 1418 2374 1457 arcam
2404 1407 2609 1472 statuis,
2635 1420 2686 1462 et
2713 1410 2763 1463 in
2786 1416 2961 1466 aureis
2986 1417 3124 1468 vasis
3147 1416 3387 1484 deponis.
3409 1419 3513 1473 Sed
3539 1437 3644 1475 non
3663 1422 3784 1475 ado-

2199 1511 2285 1548 ras
2313 1497 2649 1552 siomlacrum
2677 1512 2730 1554 ut
2764 1502 2894 1556 ille?
2929 1507 2995 1558 At
3027 1521 3236 1561 omnem
3272 1511 3370 1578 ipsi
3398 1512 3601 1568 cultum
3626 1515 3779 1570 exhi—

2201 1587 2313 1640 bes.
2348 1588 2656 1656 llujusmodi
2686 1591 2844 1646 homo
2872 1598 3018 1663 prius
3043 1601 3226 1654 oculos
3253 1611 3304 1653 et
3326 1603 3559 1656 animam
3586 1606 3779 1670 tradat,

2196 1692 2353 1745 quam
2378 1680 2575 1733 idolum
2602 1682 2746 1735 illud.
2771 1684 2880 1737 Hoc
2904 1686 3101 1741 faciunt
3131 1692 3244 1742 auri
3272 1702 3563 1749 amatores.
3596 1697 3663 1749 At
3688 1711 3782 1750 au-

2197 1787 2311 1823 rum
2339 1787 2440 1826 non
2459 1775 2640 1838 adoro,
2670 1776 2895 1844 inquies.
2922 1780 3105 1849 Neque
3129 1783 3214 1837 ille
3238 1784 3777 1855 idolumadorat,-sed

2198 1861 2574 1916 inbabilantem
2599 1866 2916 1921 dmmonem.
2945 1869 3012 1921 Ita
3032 1882 3082 1924 et
3111 1881 3184 1935 ιιι,
3206 1875 3301 1926 etsi
3323 1890 3510 1929 aurum
3537 1894 3642 1930 non
3659 1881 3782 1934 ado-

2196 1967 2303 2015 res,
2327 1955 2418 2007 sed
2446 1956 2590 2008 illum
2619 1957 2808 2012 adores
2833 1961 3129 2015 dmmouem
3153 1967 3238 2032 qui
3267 1981 3332 2019 ex
3367 1968 3481 2021 auri
3506 1969 3698 2024 intuitu
3730 1983 3782 2026 et

2195 2046 2622 2112 concupiscentia
2646 2049 2695 2100 in
2717 2059 2854 2103 tuam
2879 2053 3076 2105 involat
3093 2055 3340 2108 animam.
3363 2057 3780 2115 Dmmonenam—

2194 2150 2296 2204 que
2317 2135 2548 2190 deterior
2569 2148 2649 2190 est
2668 2142 3006 2207 pecuniarum
3023 2145 3302 2212 cupiditas,
3329 2148 3413 2201 cui
3437 2151 3585 2203 multi
3611 2155 3781 2222 magis

2194 2229 2578 2297 obsequuntur,
2615 2248 2769 2299 quam
2818 2234 2972 2288 idolis
3011 2237 3119 2289 alii.
3161 2238 3220 2290 Hi
3255 2256 3480 2310 namque
3510 2244 3562 2296 in
3595 2247 3781 2300 multis

2195 2335 2296 2372 non
2324 2331 2536 2389 parent;
2574 2322 2642 2374 illi
2677 2339 2800 2377 vero
2834 2325 2882 2377 in
2912 2328 3157 2381 omnibus
3187 2329 3402 2393 cedunt,
3443 2343 3494 2383 et
3519 2333 3778 2404 quidquid

2192 2410 2492 2465 faciendum
2513 2423 2776 2482 suggerat,
2801 2417 3184 2485 obsequuntur.
3208 2421 3340 2486 Quid
3370 2423 3496 2475 dicit
3519 2427 3781 2478 avaritia?

2196 2503 2320 2557 Esto
2351 2506 2595 2559 omnibus
2616 2507 2779 2559 hostis
2801 2520 2852 2561 et
2876 2510 3142 2573 inimicus,
3170 2523 3410 2566 naturam
3431 2515 3775 2574 obliviscere.

2197 2593 2358 2647 Deum
2388 2606 2688 2661 contemne,
2720 2599 2953 2652 sacrifica
2984 2603 3113 2655 mihi
3149 2605 3372 2672 teipsum
3396 2622 3406 2656 :
3434 2617 3486 2661 et
3510 2607 3561 2659 in
3597 2610 3772 2662 omni-

2195 2684 2290 2736 bus
2317 2685 2387 2737 illi
2414 2687 2802 2754 obtemperant.
2827 2689 2986 2742 ldolis
3015 2693 3224 2758 quidem
3259 2696 3418 2747 boves
3447 2705 3499 2749 et
3525 2698 3774 2751 ovcsini-

2193 2775 2486 2828 molantor:
2521 2778 2740 2830 avaritia
2766 2789 2938 2832 autem
2968 2781 3113 2840 dicit.
3140 2783 3356 2837 lnimola
3386 2787 3513 2838 mihi
3541 2791 3776 2843 animam

2193 2874 2332 2918 tuam
2359 2884 2370 2918 :
2394 2877 2444 2919 et
2471 2881 2660 2920 avarus
2695 2885 2893 2922 morem
2927 2875 3079 2939 gerit.
3114 2873 3296 2926 \‘idcn‘
3324 2878 3508 2944 quales
3536 2892 3659 2932 aras
3685 2880 3777 2933 lia-

2191 2956 2347 3010 beat?
2377 2959 2549 3026 qualia
2593 2962 2820 3028 excipiat
2862 2964 3157 3017 sacrificia?
3202 2965 3441 3034 Regnum
3495 2969 3587 3022 Dei
3628 2971 3776 3024 avari

2192 3062 2294 3101 non
2327 3049 2674 3117 possidebunt
2706 3053 2778 3118 (Ι.
2813 3051 2930 3106 Cor.
2966 3054 3016 3108 6.
3050 3054 3168 3123 l0):
3200 3071 3261 3109 ac
3290 3057 3415 3110 nihil
3448 3068 3624 3112 tamen
3658 3059 3773 3114 for-

2192 3139 2411 3192 midant.
2437 3141 2591 3210 Atqui
2615 3144 2725 3194 hinc
2743 3141 3001 3211 cupiditas
3024 3147 3260 3199 omnium
3290 3147 3652 3204 infirmissima
3669 3162 3773 3206 est.

2192 3231 2372 3302 Neque
2397 3234 2536 3287 enim
2558 3237 2754 3298 innata,
2781 3251 2953 3307 neque
2973 3240 3223 3294 naturalis
3242 3249 3323 3295 est
3345 3261 3356 3296 :
3375 3242 3610 3313 alioquin
3629 3245 3773 3299 enim

2192 3324 2345 3377 nobis
2374 3339 2402 3376 a
2436 3327 2693 3394 principio
2714 3327 3004 3384 adfuisset:
3037 3343 3088 3382 at
3122 3333 3273 3385 initio
3293 3350 3476 3387 aurum
3504 3351 3608 3388 non
3632 3346 3774 3401 erat,

2192 3430 2289 3469 nec
2321 3432 2504 3469 aurum
2533 3422 2792 3489 quispiam
2816 3423 3043 3476 amabat.
3078 3425 3143 3476 At
3172 3425 3212 3477 si
3237 3426 3416 3491 vultis,
3444 3425 3616 3481 dicam
3633 3428 3778 3481 unde

2193 3508 2385 3562 malum
2412 3509 2704 3577 irrepserit.
2735 3512 2935 3582 Singuli
2966 3529 3058 3567 eos
3087 3516 3172 3582 qui
3204 3528 3777 3584 prtecesserautmmu-

2193 3601 2304 3665 lati,
2337 3603 2578 3656 morbum
2623 3618 2905 3671 auxerunt,
2954 3617 3006 3660 et
3034 3609 3114 3661 vel
3144 3609 3362 3662 invitum
3397 3611 3580 3665 incitat
3613 3612 3656 3666 is
3683 3613 3772 3680 qui

2191 3698 2480 3766 praecessit.
2515 3698 2645 3753 Cum
2673 3700 2850 3754 vident
2886 3704 3025 3756 enim
3061 3704 3366 3773 Splendidas
3411 3707 3574 3774 mdes,
3607 3724 3770 3777 agro-

2190 3805 2306 3843 rum
2335 3793 2562 3860 copiam,
2590 3807 2862 3847 servorum
2885 3809 3091 3864 greges,
3116 3807 3364 3866 argentea
3385 3813 3531 3866 vasa,
3561 3810 3614 3854 et
3637 3802 3778 3854 mul-

2193 3892 2297 3936 tam
2329 3886 2554 3938 vestium
2580 3887 2904 3955 congeriem,
2947 3888 3076 3941 nihil
3108 3904 3212 3942 non
3255 3899 3418 3960 agunt
3444 3901 3499 3943 ut
3528 3891 3650 3947 illos
3679 3907 3773 3946 su-

2191 3986 2415 4045 perent:
2443 3987 2499 4031 ut
2526 3978 2676 4047 primi
2723 3980 2987 4046 secundis,
3022 3981 3075 4034 lii
3118 3984 3461 4052 sequentibus
3487 3998 3644 4038 causa
3675 4000 3775 4039 cu-

2192 4068 2368 4138 piendi
2397 4070 2674 4122 exsistant.
2709 4070 2859 4137 Quod
2889 4073 2929 4124 si
2961 4072 3253 4126 voluissent
3279 4073 3549 4128 moderate
3587 4089 3772 4144 agere,

2191 4179 2293 4215 non
2328 4163 2445 4216 aliis
2486 4162 2732 4218 doctores
2765 4163 3016 4228 fuissent;
3063 4165 3169 4218 imo
3212 4181 3382 4234 neque
3429 4167 3510 4220 bis
3557 4167 3661 4221 ulla
3693 4181 3777 4222 est

2190 4257 2481 4309 excusatio.
2514 4255 2647 4309 Sunt
2676 4258 2819 4309 enim
2857 4256 2941 4309 alii
2973 4259 3058 4325 qui
3093 4260 3344 4325 pecunias
3389 4270 3664 4327 spernant.
3708 4261 3777 4315 Et

2192 4346 2311 4414 quis
2341 4349 2560 4415 spernit,
2596 4347 2835 4416 inquies?
2879 4349 3028 4415 Quod
3061 4351 3201 4403 enim
3245 4351 3458 4420 gravius
3495 4363 3597 4416 est,
3630 4363 3772 4408 tanta

2194 4439 2350 4508 hujus
2383 4441 2490 4493 vitii
2522 4440 2601 4492 vis
2636 4449 2738 4503 est,
2784 4450 2840 4494 ut
2882 4441 3123 4495 videatur
3153 4457 3255 4496 non
3305 4459 3459 4511 posse
3503 4448 3770 4514 superari,

2193 4530 2290 4583 nec
2311 4531 2559 4584 credatur
2579 4532 2875 4601 quempiam
2904 4546 3022 4586 esse
3053 4534 3140 4603 qui
3168 4535 3488 4589 contrariam
3521 4536 3773 4590 virtutem

2192 4631 2444 4676 sectetur.
2480 4623 2671 4677 Multos
2700 4632 2875 4678 tamen
2907 4623 3212 4694 hujusmodi
3245 4642 3525 4681 numerare
3553 4643 3772 4696 possum

2192 4721 2243 4767 et
2272 4714 2321 4766 in
2345 4713 2562 4767 urbibus
2593 4724 2644 4768 et
2670 4715 2720 4768 in
2751 4715 3036 4769 montibus.
3071 4716 3138 4770 Et
3173 4717 3298 4783 quid
3329 4717 3450 4772 inde
3477 4719 3644 4772 lucri?
3675 4735 3773 4773 ne-

2192 4820 2295 4874 que
2324 4805 2463 4858 enim
2498 4806 2620 4859 hinc
2650 4806 2897 4861 meliores
2917 4806 3173 4861 evadetis.
3202 4808 3448 4878 Alioquin
3471 4817 3648 4862 autem
3668 4824 3774 4863 non

2194 4897 2261 4951 de
2291 4897 2373 4951 his
2404 4897 2553 4952 nobis
2585 4913 2762 4952 sermo
2788 4913 2928 4951 nunc
2954 4909 3056 4964 est,
3089 4915 3186 4954 nec
3212 4900 3438 4954 dicimus
3460 4901 3671 4955 divitias
3691 4902 3776 4957 ef-

2197 4990 2339 5043 fundi
2371 4999 2649 5058 oportere:
2697 4989 2888 5044 vellem
2939 4991 3150 5058 utique;
3180 4991 3271 5045 sed
3303 4992 3422 5061 quia
3453 4991 3626 5060 majus
3656 5007 3781 5048 esse

2197 5097 2330 5135 onus
2351 5081 2577 5146 videtur,
2611 5097 2715 5135 non
2746 5096 2952 5151 c0gam,
2977 5081 3068 5136 sed
3101 5081 3282 5136 hortor
3308 5097 3372 5136 ne
3394 5081 3565 5135 aliena
3589 5097 3781 5136 concu.

2198 5173 2432 5242 piscatis,
2466 5183 2624 5243 atque
2655 5188 2718 5226 ex
2750 5173 3086 5227 facultatibus
3118 5173 3434 5241 largiamini.
3467 5173 3658 5227 Multos
3681 5191 3780 5228 au-

2198 5273 2302 5316 tem
2333 5264 2663 5318 inveniemus
2695 5265 2852 5318 rebus
2881 5265 2993 5318 suis
3037 5273 3462 5346 contentos,§ua
3505 5274 3781 5330 curantes.

2197 5367 2251 5410 et
2278 5372 2343 5412 ex
2372 5355 2530 5424 justis
2577 5355 2844 5410 laboribus
2871 5357 3069 5410 victum
3101 5367 3366 5426 parantes.
3407 5357 3515 5412 Cur
3544 5374 3650 5411 non
3684 5357 3786 5411 hos

2200 5448 2468 5502 imitamur
2495 5455 2550 5502 et
2573 5447 2918 5501 :emulamur?
2947 5446 3253 5516 Cogitemus
3291 5463 3385 5502 eos
3412 5449 3499 5518 qui
3528 5458 3652 5503 ante
3684 5465 3787 5501 nos

2199 5541 2456 5595 fuerunt:
2489 5554 2664 5594 annon
2707 5539 2920 5593 illorum
2954 5539 3150 5609 praadia
3179 5549 3339 5606 stant,
3381 5540 3508 5596 dum
3540 5541 3775 5610 ipsorum

2201 5633 2309 5688 sola
2343 5631 2554 5686 nomina
2594 5630 3075 5687 circumferuntur?
3103 5632 3178 5688 En
3223 5632 3378 5703 hujus
3407 5631 3676 5698 balneum,
3712 5630 3774 5685 ξι.

2271 5813 2284 5839 ι
2324 5809 2414 5857 Alii
2435 5809 2640 5870 addunt,
2667 5824 2881 5861 saxeum.
