4054 6434
162 377 264 433 565

1246 375 1316 431 1N
1354 373 1668 432 iOA-NNENI
1717 373 1947 432 IIOMIL.
1989 377 2170 434 LXVI.
2214 382 2285 435 al.
2325 383 2488 444 LXV.

161 492 262 548 lius
293 491 682 549 suburbanum
711 499 765 547 et
793 489 1150 544 diversnrium
1173 507 1186 545 :
1211 504 1390 544 annon
1413 490 1591 543 statim
1622 497 1787 558 atque

3383 399 3493 456 565

1895 501 2026 547 suas
2054 495 2443 564 οοηειιίοἰιηιιε,
2475 514 2654 554 anuan
2681 502 2853 573 magis
2881 503 3158 576 lugemus?
3183 509 3319 567 Vere
3340 512 3494 582 plane

161 587 276 638 tum
308 583 599 651 videmus,
628 581 1052 654 ingemiscinms,
1078 581 1376 650 cogitantes
1406 588 1538 650 quot
1575 579 1788 634 labores
1891 583 2026 637 dixit
2059 586 2355 656 propheta:
2401 588 2758 648 Verumtamen
2789 611 2916 651 vorte
2958 601 3291 658 conturbatur
3331 609 3496 662 cumis

159 677 505 742 sustinuerit,
541 685 678 746 quot
703 685 1008 745 quantaque
1039 673 1308 743 rapuerit?
1338 681 1394 727 et
1413 688 1676 742 nusquam
1697 671 1788 726 ille
1891 674 2042 730 homo
2065 679 2431 748 ait'eus(Psn1.
2457 682 2548 738 38.
2582 684 2696 756 12).
2721 687 3064 746 l’orturbatio
3093 696 3235 750 enim
3267 714 3392 755 vere
3413 712 3499 756 est

158 779 415 838 apparet;
464 771 571 825 sed
601 769 693 824 alii
721 769 838 838 ejus
868 768 1213 824 facultatibus
1241 765 1601 831 delectantur,
1648 781 1784 836 quos

157 855 246 916 ille
274 877 586 932 numquam
616 870 883 932 putasset;
919 870 976 916 et
1006 860 1145 915 forte
1184 860 1346 914 etiam
1397 858 1619 920 inimici,
1652 858 1780 913 dum

155 964 438 1010 extremas
489 955 587 1010 ille
631 955 723 1008 dat
769 968 973 1024 ιιωιωε.
1011 952 1213 1007 Eadem
1245 967 1345 1006 nos
1375 963 1617 1007 manent.
1645 951 1781 1006 Nam

159 1045 272 1100 sine
300 1045 474 1099 dubio
509 1031 1234 1114 morietnnr,‘eumdemque
1262 1044 1424 1098 linem
1469 1044 1780 1098 sortiemur.

157 1135 393 1202 Quanta,
425 1151 642 1205 quaeso,
673 1136 819 1197 odia,
852 1126 1084 1205 quantos
1111 1143 1382 1204 sumptus,
1417 1143 1644 1204 quantas
1673 1133 1781 1189 ini-

160 1230 396 1284 micitias
422 1230 844 1284 sustinuerunt?
874 1229 940 1287 Et
968 1227 1094 1298 quid
1121 1228 1246 1284 inde
1269 1227 1441 1282 lucri?
1469 1225 1780 1282 immortale

157 1319 513 1392 supplicium,
545 1331 602 1374 et
617 1320 924 1377 consolatio
941 1321 1110 1386 nulla,
1136 1319 1541 1374 criminationes
1569 1318 1638 1372 ab
1657 1332 1779 1371 om-

158 1413 315 1474 nibus
347 1429 458 1467 non
495 1414 700 1468 viventi
733 1413 911 1478 modo,
944 1413 1038 1469 sed
1067 1414 1234 1468 etiam
1257 1412 1515 1468 defuncto
1543 1410 1775 1476 oblatas.

155 1505 292 1569 Quid
327 1505 537 1574 porro?
580 1521 706 1561 cum
733 1506 1022 1561 multorum
1055 1506 1323 1576 imagines
1353 1506 1405 1560 iu
1432 1504 1641 1559 aedibus
1673 1518 1776 1573 po-

1893 767 2150 826 harumce
2181 789 2362 828 rerum
2387 789 2516 830 cura
2531 793 2552 842 ,ς
2587 780 2922 848 perturbatio
2949 794 3004 839 et
3030 788 3277 845 anxietas
3301 807 3492 863 super-

1890 858 2016 914 ﬂua.
2044 859 2218 918 Serus
2239 876 2420 922 autem
2455 868 2507 923 in
2538 873 2758 927 azternis
2785 875 2890 929 illis
2921 881 3292 939 mansionibus
3321 896 3376 941 et
3413 899 3497 942 ta-

1891 951 2214 1010 bernaculis.
2250 958 2347 1013 llic
2388 961 2529 1016 alius
2562 963 2844 1035 laboravit,
2885 968 3022 1026 alius
3045 972 3287 1030 laborum
3323 977 3496 1037 fructu

1890 1048 2128 1116 potitur;
2161 1050 2231 1105 ibi
2263 1069 2394 1108 vero
2443 1055 2692 1113 laborum
2722 1075 2945 1117 suorum
2975 1067 3206 1137 quisque
3243 1070 3497 1131 dominus

1887 1139 2011 1205 erit,
2043 1149 2099 1195 et
2120 1143 2474 1216 multiplicem
2489 1149 2721 1219 accipiet
2735 1156 3069 1213 mercedem.
3094 1159 3171 1214 Ad
3202 1161 3344 1217 illam
3366 1181 3497 1235 ago

1887 1235 2288 1314 possessionem
2313 1253 2702 1308 properemus;
2725 1245 2838 1301 illic
2867 1263 3121 1318 paremus
3154 1255 3308 1310 nobis
3325 1258 3493 1322 :cdes,

1887 1333 1945 1377 ut
1964 1326 2304 1395 quiescamus
2323 1332 2374 1385 in
2396 1332 2613 1389 Christo
2637 1335 2768 1393 Iesu
2791 1339 3021 1396 Domino
3036 1354 3252 1414 nostro,
3273 1351 3493 1419 quicum

1884 1415 2031 1470 Patri
2059 1427 2115 1473 et
2135 1419 2357 1491 Spiritui
2391 1435 2581 1482 sancto
2607 1428 2777 1499 gloria
2806 1430 2859 1486 in
2884 1435 3103 1490 szcctda.
3136 1415 3329 1501 Amen.

2804 1549 2813 1585 l

1907 1644 3470 1687 ——____________________

1501 1727 1853 1792 HOMILIA
1897 1725 2119 1790 LXVI.

155 1875 283 1930 Car.
316 1876 409 1931 l2.
459 1893 518 1931 v.
551 1878 607 1933 9.
640 1877 880 1950 Cognovit
927 1894 1048 1949 ergo
1083 1877 1228 1932 turba
1256 1877 1417 1931 multa
1463 1891 1528 1930 ea:
1571 1872 1772 1928 Judaeis

223 1969 346 2040 quia
373 1969 487 2023 illic
520 1981 648 2025 esset
671 1987 691 2025 :
717 1981 762 2026 et
787 1979 1044 2035 venerunt,
1075 1987 1176 2024 non
1213 1978 1423 2040 prapter
1450 1967 1628 2070 Iesum
1649 1975 1769 2069 tau-

225 2071 356 2128 tum,
389 2062 485 2118 sed
512 2072 571 2116 ut
614 2071 661 2115 et
693 2062 952 2117 Lazarum
980 2062 1204 2116 viderent
1227 2102 1242 2127 ,
1269 2076 1418 2132 quem
1439 2062 1700 2114 suscitavit
1741 2072 1774 2109 α

225 2177 467 2230 mortuis.

229 2267 282 2320 1.
325 2266 802 2335 Quemadmodum
851 2266 1051 2324 divitiae
1097 2269 1341 2324 incautos
1383 2266 1611 2337 perdere
1632 2281 1773 2320 con-

159 2367 476 2414 sueverunt.
503 2360 577 2413 ita
608 2369 664 2415 et
685 2361 1058 2432 principatus:
1085 2361 1196 2416 illae
1227 2362 1371 2416 enim
1402 2361 1455 2413 iu
1487 2360 1772 2419 avaritiam

155 2449 456 2515 deducunt,
477 2450 569 2505 hic
593 2454 650 2505 in
677 2454 1058 2523 arrogantiam.
1084 2452 1218 2509 Vide
1240 2469 1371 2524 ergo
1395 2454 1534 2521 apud
1557 2453 1774 2509 Judazos

157 2543 429 2600 subditam
450 2545 673 2616 quidem
694 2547 901 2601 turbam
930 2561 1139 2612 sanam,
1155 2547 1425 2617 principes
1446 2556 1624 2601 autem
1647 2561 1771 2600 cor-

163 2645 366 2706 ruptos.
399 2638 562 2706 Quod
593 2639 737 2693 enim
771 2640 920 2710 plebs
969 2639 1023 2694 in
1066 2639 1217 2694 illum
1261 2638 1550 2703 crederet,
1583 2636 1776 2692 testili-

161 2737 350 2783 cantur
376 2730 581 2799 passim
607 2730 949 2800 evangelista:
975 2747 988 2785 :
1021 2729 1177 2784 Multi
1197 2730 1259 2784 de
1279 2728 1429 2783 turba
1447 2727 1774 2783 crediderunt

163 2816 347 2871 ineunt
378 2817 568 2888 (Joan.
601 2818 656 2875 7.
684 2819 798 2892 3|).
830 2819 905 2874 Ex
926 2819 1257 2890 principibus
1277 2827 1458 2874 autem
1487 2819 1639 2872 multi
1664 2833 1770 2872 non

161 2909 476 2967 credebant.
503 2912 604 2981 Ipsi
618 2928 747 2967 vero
759 2912 964 2977 dicunt,
979 2926 1083 2968 non
1104 2912 1277 2978 turba,
1300 2910 1569 2985 Numquid
1587 2910 1773 2980 aliquis

167 3016 230 3052 ca:
247 3001 566 3070 principibus
592 3003 809 3057 credidit
833 3004 888 3057 in
910 3020 1024 3058 eum
1051 3002 1214 3073 (Ibid.
1238 3004 1297 3061 ⁸1.
1333 3004 1402 3059 48
1423 3005 1483 3074 )?
1504 3003 1612 3061 Sed
1642 3002 1768 3074 quid

166 3089 393 3146 dicunt?
416 3093 595 3147 Turba
615 3094 813 3164 populi.
849 3095 939 3164 qui
965 3111 1069 3148 non
1089 3104 1276 3148 norunt
1299 3092 1482 3158 Deum,
1514 3095 1771 3150 maledicti

167 3191 280 3234 sunt
309 3180 473 3251 (Ibid.
527 3198 573 3235 υ.
617 3182 734 3254 l9).
787 3183 893 3239 Eos
947 3183 1040 3253 qui
1090 3185 1400 3251 credebant,
1455 3185 1772 3241 maledictas

167 3269 451 3339 dicebant;
479 3289 543 3330 se
571 3290 702 3330 vero
728 3275 817 3346 qui
848 3275 1168 3330 occiderunt
1191 3275 1462 3332 Christum
1487 3318 1503 3345 ,
1538 3277 1771 3348 pruden-

169 3368 266 3418 tes.
291 3365 388 3422 ilic
415 3381 634 3437 quoque
664 3369 816 3422 multi
847 3366 939 3438 qui
960 3368 1277 3424 miraculum
1307 3368 1569 3436 viderant,
1589 3369 1762 3425 credi-

169 3453 356 3513 derunt
374 3475 396 3522 ;
423 3459 700 3530 principes
718 3470 921 3526 autem,
938 3475 1048 3517 non
1068 3461 1229 3516 modo
1252 3477 1358 3516 non
1374 3468 1612 3516 contenti
1639 3478 1766 3533 pro-

173 3547 296 3614 priis
320 3553 481 3605 malis
500 3559 674 3614 erant,
692 3550 785 3606 sed
801 3551 968 3606 etiam
992 3551 1250 3607 Lazarum
1274 3553 1577 3610 interficere
1595 3564 1768 3610 tenta-

171 3635 294 3692 haut
310 3640 327 3671 ¹
343 3640 402 3710 (1
408 3640 742 3712 οαη.12.10).
767 3642 919 3710 Esto,
938 3642 1232 3706 Christum,
1251 3645 1339 3714 qui
1358 3646 1638 3701 sabbatum
1661 3647 1769 3701 sob-

175 3727 349 3791 Vebat,
376 3731 468 3801 qui
497 3746 558 3787 se
584 3733 845 3801 aequalem
873 3732 1015 3788 Patri
1037 3733 1290 3801 faciebat,
1323 3747 1544 3805 propter
1569 3736 1768 3792 Roma-

171 3833 267 3873 nos
301 3821 607 3880 interﬁcere
631 3825 921 3894 quzet'atis;
950 3826 1004 3880 in
1038 3824 1243 3880 Lazaro
1267 3826 1392 3897 quid
1425 3828 1644 3882 sceleris
1672 3829 1768 3884 de.

171 3912 547 3980 prehendistis,
574 3924 635 3969 ut
660 3916 906 3986 cogitetis
932 3916 1279 3972 interﬁcere?
1309 3920 1388 3972 An
1441 3919 1763 3975 beneﬁcium

172 4003 408 4074 accipere
439 4007 650 4062 crimini
693 4007 972 4064 dandum?
1003 4010 1190 4065 Viden‘
1219 4013 1622 4082 sanguinarium
1654 4015 1767 4069 illo-

178 4107 289 4149 rum
346 4099 726 4169 prOpositutn?
769 4101 927 4172 Atqui
971 4102 1136 4156 multa
1181 4103 1330 4173 signa
1381 4106 1618 4172 fecerat;
1668 4107 1762 4161 sed

173 4185 367 4242 nullum
427 4205 523 4244 eos
577 4190 649 4245 ita
697 4191 1031 4261 ell’eraverat,
1087 4210 1194 4249 non
1246 4197 1610 4268 paralyticos,
1657 4214 1762 4254 non

174 4289 358 4334 cacus.
385 4281 500 4337 lloc
525 4283 670 4337 enim
713 4293 772 4339 et
801 4293 989 4339 natura
1031 4287 1329 4343 mirabilius
1357 4300 1473 4344 erat
1498 4333 1514 4356 ,
1536 4299 1596 4345 et
1643 4301 1766 4362 post

174 4369 268 4423 alia
299 4375 459 4427 multa
494 4374 726 4440 factum;
756 4390 951 4447 resque
978 4378 1237 4448 stupenda
1267 4388 1388 4435 erat
1411 4382 1594 4438 videre
1611 4399 1762 4438 mor-

178 4468 316 4516 tuttm
338 4465 749 4534 quatridnanum
773 4468 1137 4523 ambulantem
1169 4481 1218 4524 et
1264 4472 1600 4542 loquentem.
1633 4475 1761 4529 Pul-

177 4550 296 4606 chra
314 4569 442 4611 sane
458 4555 580 4611 festi
603 4557 798 4617 ofﬁcia.
818 4560 1054 4614 cmdihns
1073 4561 1441 4619 celebritatem
1468 4568 1694 4622 miscere
1714 4568 1758 4622 ⁸.

180 4639 434 4703 Praeterea
461 4647 571 4703 illic
600 4648 666 4702 de
696 4650 897 4704 violato
927 4651 1150 4706 sabbato
1179 4655 1506 4711 accusabant
1534 4673 1679 4718 eum,
1708 4668 1763 4713 et

181 4734 274 4792 hac
316 4744 524 4798 ratione
566 4744 820 4812 pepulum
871 4744 1213 4801 adducebant
1265 4766 1278 4802 :
1324 4747 1413 4803 hic
1465 4766 1593 4805 vero
1640 4754 1760 4823 quia

183 4829 300 4884 nihil
349 4843 595 4902 poterant
633 4835 878 4890 criminis
932 4837 1151 4903 ochrre,
1203 4850 1393 4894 contra
1445 4843 1760 4899 suscitatum

184 4922 564 4982 machinantur.
593 4925 776 4997 Neque
800 4938 1049 4998 poterant
1080 4929 1167 4985 hie
1189 4930 1372 4986 dicere
1397 4975 1411 4996 ,
1442 4933 1615 5001 ipsum
1643 4950 1764 4992 esse

186 5007 316 5068 Patri
342 5016 752 5084 adversarium;
794 5020 1036 5090 precatio
1078 5021 1223 5076 enim
1275 5022 1567 5079 cohibebat
1613 5026 1755 5081 illos.

239 5151 262 5220 ⁸,
285 5150 400 5224 nec
413 5163 688 5224 sequuntur
708 5157 760 5207 in
781 5154 1053 5224 Florileglo
1074 5173 1088 5208 :
1112 5157 1328 5224 [nierum
1359 5159 1490 5212 enim
1509 5162 1765 5214 amilum

189 5213 812 5295 megaeram
1101 5219 1466 5295 έηιετηςενεηι.
1488 5225 1605 5295 qua
1626 5213 1765 5276 muas

187 5279 511 5390 ἒὲονιενιαεωιι
547 5277 609 5328 ab
629 5279 700 5331 eis
731 5279 1032 5332 desciverant
1068 5288 1115 5333 et
1150 5277 1466 5335 crediderant
1500 5277 1554 5336 in
1575 5293 1760 5338 Jesunt.

256 5348 298 5390 ο.
322 5352 349 5388 e

256 5348 349 5392 (1.8

242 5396 261 5426 ³
290 5397 428 5480 gavit
456 5400 588 5472 hunc
607 5399 1139 5480 locumqmale‘bahere
1154 5405 1424 5480 contendit,
1449 5407 1709 5480 ipsumque
1733 5425 1764 5480 e_

190 5449 433 5543 ﬂorilqgip
443 5463 516 5511 sic
526 5449 796 5543 restitit—ere
802 5449 1049 5543 jubet—{ti

195 5513 316 5591 diem,
328 5513 503 5578 Ιῗδιωη
523 5524 594 5575 ita
614 5513 820 5590 egregie
1016 5513 1763 5586 'iiiile-JéiZEtei'riii'tiwnaisZEi

192 5584 277 5659 aut.
298 5590 443 5642 Quam
467 5584 751 5659 cru-rapiam
760 5584 951 5659 seriem
967 5591 1473 5659 pronuntiats‘avilius
1487 5607 1627 5659 ,_ego
1646 5584 1764 5659 per-

191 5639 382 5708 apicuam
398 5649 596 5698 omnino
613 5639 667 5697 et
684 5646 862 5699 duram
884 5639 1111 5701 arbitror.
1130 5639 1324 5700 Ironice
1336 5639 1765 5708 hicd‘icitd’r—fP'ul-

190 5697 294 5782 fltrq
308 5719 422 5782 sane
438 5711 547 5782 festi
566 5707 740 5774 ofﬁcia,
761 5697 983 5782 cladibus
996 5697 1323 5782 celebritatem
1336 5697 1594 5777 uris-cev};-
1602 5697 1767 5782 a363-

194 5762 314 5834 firtde
335 5762 466 5838 ςιςιτὶε
491 5762 664 5838 61·πὶδὲ
680 5762 980 5838 οτζιιιιὶηιυηῐ.
1007 5762 1297 5838 lilorilegus
1311 5762 1765 5833 *am'éiiiinitid'iie

195 5826 280 5874 tuis
299 5831 492 5885 addidit.
519 5846 628 5892 qua:
649 5834 701 5882 ln
721 5833 1043 5897 Chrysostomi
1068 5826 1447 5889 commentariis
1461 5826 1564 5891 non
1582 5855 1737 5894 erant.

504 5919 766 5982 i’amot.
817 5926 929 5986 ΟΒ.
985 5927 1142 5993 LIX.

1885 1869 2150 1938 Quoniam
2197 1876 2360 1948 igitur
2401 1882 2610 1940 sublata
2645 1895 2768 1942 erat
2801 1889 3018 1947 assidua
3066 1893 3154 1948 illa
3200 1898 3492 1954 accusandi

1883 1967 2129 2034 materia,
2185 1971 2508 2044 signumque
2553 1979 2905 2048 conspicuum
2957 1992 3115 2050 erat,
3173 1985 3242 2042 ad
3283 1986 3496 2045 caedem

1881 2053 2127 2112 feruntur
2152 2077 2166 2115 :
2193 2060 2536 2135 idipsumque
2566 2067 2757 2124 facturi
2785 2083 3086 2146 eranterga
3115 2069 3344 2144 emerim,
3392 2082 3496 2138 nisi

1881 2147 2090 2204 sabbati
2116 2151 2321 2207 crimen
2343 2154 2626 2213 adfuisset.
2655 2161 2909 2233 Alioquin
2950 2165 3198 2236 ignobilis
3228 2169 3321 2225 ille
3349 2183 3492 2236 erat,

1880 2236 2266 2313 eieceruntth
2283 2243 2433 2304 illum
2457 2246 2528 2302 de
2552 2250 2788 2319 templo:
2816 2251 2903 2307 hic
2923 2266 3102 2311 autem
3126 2257 3208 2315 vir
3235 2259 3486 2330 insignis,

1879 2340 1936 2383 ut
1969 2329 2140 2402 liquet
2179 2349 2246 2390 es
2275 2351 2343 2393 eo
2371 2339 2515 2409 quod
2565 2343 2720 2398 multi
2763 2359 2982 2404 sorores
3006 2348 3124 2419 ejus
3153 2329 3491 2408 consolatum

1881 2426 2158 2492 venerint;
2188 2436 2245 2483 et
2285 2431 2614 2491 miraculum
2640 2437 2947 2495 videntibus
2974 2442 3230 2500 omnibus
3279 2444 3489 2502 editum

1880 2511 2075 2583 fuerat,
2126 2523 2289 2589 atque
2335 2525 2606 2592 stupenda
2650 2527 2835 2584 modo.
2893 2529 3019 2588 Ideo
3075 2549 3268 2591 omnes
3315 2538 3489 2594 visunt

1878 2608 2254 2666 accurrebant.
2303 2611 2419 2670 Hoc
2451 2615 2575 2672 illos
2599 2619 2926 2690 mordebat,
2955 2625 3100 2694 quod
3129 2627 3366 2684 instante
3399 2644 3490 2683 so-

1878 2696 2154 2756 lemnitate
2181 2743 2197 2768 ,
2232 2703 2322 2760 illa
2363 2707 2531 2764 missa
2574 2725 2766 2768 omnes
2792 2713 3115 2774 Bethaniam
3146 2718 3487 2783 advolarent.

1878 2788 2032 2843 lllum
2061 2808 2192 2864 ergo
2218 2797 2470 2855 occidere
2497 2801 2668 2857 moliti
2698 2813 2845 2873 sunt,
2874 2817 2929 2863 et
2959 2809 3092 2866 nihil
3122 2812 3328 2869 audere
3376 2814 3479 2869 sibi

1878 2879 2248 2940 videbantur:
2294 2888 2366 2943 ita
2413 2894 2746 2963 sangttiuarii
2777 2909 2954 2954 erant.
3002 2900 3133 2959 Ideo
3177 2904 3261 2960 lex
3306 2905 3377 2962 ab
3398 2905 3488 2962 bis

1877 2973 2057 3028 verbis
2078 2975 2287 3048 incipit,
2319 2979 2445 3036 Non
2471 2986 2893 3060 occides(E£od.
2919 2992 3011 3049 20.
3038 2996 3174 3067 l5);
3205 3006 3261 3052 et
3280 2997 3350 3054 de
3372 2998 3478 3056 hoc

1877 3068 2140 3136 propheta
2161 3082 2398 3139 accusat,
2434 3073 2626 3132 Manus
2651 3095 2828 3136 eorum
2855 3087 3108 3157 sanguine
3133 3089 3300 3157 pictus
3329 3089 3482 3163 (luti.

1877 3160 1930 3214 1.
1955 3161 2066 3230 15).
2086 3161 2372 3229 Quomodo
2388 3183 2650 3241 ergocum
2671 3190 2778 3230 non
2807 3178 2981 3246 palam
3011 3181 3063 3235 in
3083 3181 3268 3237 Judaza
3286 3160 3480 3241 ambu-

1876 3251 2030 3317 laret,
2055 3264 2110 3310 et
2137 3257 2189 3311 in
2219 3255 2492 3315 desertum
2526 3267 2873 3333 secessisset,
2904 3273 3097 3327 iterum
3128 3273 3359 3332 ﬁdenter
3398 3279 3484 3332 in-

1875 3343 2025 3397 trat?
2048 3344 2336 3415 Postquam
2366 3364 2587 3408 secessu
2619 3355 2751 3410 iram
2775 3357 2989 3415 illorum
3012 3361 3298 3422 sedaverat
3321 3409 3338 3434 ,
3362 3367 3478 3437 jam

1873 3435 2087 3504 quietos
2114 3439 2247 3496 adit.
2275 3442 2522 3515 Alioquin
2551 3446 2700 3517 plebs
2729 3452 3041 3520 praecedens
3064 3463 3118 3510 et
3140 3435 3478 3531 subsequens

1873 3539 2087 3597 poterat
2105 3531 2211 3587 illis
2223 3543 2426 3590 metum
2452 3537 2691 3597 incutere
2712 3564 2725 3596 :
2741 3543 2874 3600 nihil
2891 3547 3038 3603 enim
3053 3564 3171 3605 eam
3195 3551 3266 3608 ita
3280 3553 3485 3610 allexe~

1872 3630 1956 3675 rat
1981 3661 1998 3686 ,
2022 3631 2086 3676 ut
2108 3623 2319 3694 signum
2345 3626 2552 3684 Lazari.
2576 3631 2728 3689 Alius
2755 3649 2925 3710 porro
2949 3641 3280 3710 evangelista
3322 3645 3478 3713 dicit,

1874 3711 2178 3770 Straoerunt
2203 3720 2294 3773 sub
2324 3720 2535 3790 pedibus
2562 3726 2674 3796 ejus
2699 3730 2999 3786 uestimenta
3017 3732 3166 3803 (Luc.
3203 3737 3293 3794 19.
3328 3741 3398 3797 56
3420 3743 3437 3810 )

1870 3815 1926 3860 et
1944 3847 1958 3868 ,
2012 3809 2190 3863 Omnis
2231 3812 2410 3868 ciuitas
2436 3829 2690 3871 commota
2717 3830 2792 3880 est
2818 3822 3036 3889 (Matth.
3066 3827 3158 3884 21.
3189 3830 3327 3903 10);
3354 3848 3479 3888 cunt

1874 3904 2024 3951 tanto
2058 3901 2269 3956 scilicet
2324 3903 2534 3962 ltonore
2569 3909 2990 3980 ingrediebatur.
3042 3918 3156 3974 lloc
3187 3901 3349 3991 porro
3396 3925 3481 3980 l‘a-

1867 3989 2050 4044 ciebat
2100 4001 2157 4046 ut
2187 3995 2525 4064 prophetiam
2556 4001 2716 4056 aliam
2760 4005 3048 4075 figuraret,
3079 3989 3237 4067 aliain
3281 4015 3478 4087 imple-

1869 4088 1954 4134 ret
1987 4092 2083 4136 :et
2123 4083 2264 4138 idem
2309 4083 2409 4141 fuit
2451 4089 2677 4146 alterius
2701 4095 3049 4168 principium,
3077 4102 3302 4161 alterius
3332 4083 3476 4166 linis.

1870 4173 2001 4229 Nam
2031 4176 2181 4241 illud,
2206 4176 2409 4234 Ltetare
2434 4183 2556 4252 quia
2598 4184 2712 4240 Rea:
2739 4197 2858 4244 tuus
2894 4193 3030 4247 venit
3054 4196 3144 4249 tibi
3182 4211 3478 4257 mansuetus

1871 4265 2057 4334 (Ibid.
2122 4285 2170 4323 υ.
2216 4269 2336 4341 5),
2392 4275 2746 4344 prophetiam
2799 4280 2988 4352 implet
3032 4301 3046 4336 :
3092 4289 3234 4356 quod
3293 4303 3474 4347 autem

1870 4359 2023 4412 asino
2049 4360 2320 4429 insideat,
2353 4381 2466 4420 rem
2499 4367 2734 4425 futuram
2782 4375 3180 4444 prmsignilicat,
3221 4381 3344 4450 quia
3375 4385 3480 4436 im-

1868 4452 2129 4507 mundum
2177 4457 2460 4524 gentilium
2493 4475 2664 4531 genus
2710 4465 2988 4522 subditum
3028 4467 3311 4529 habiturus
3337 4484 3475 4532 erat.

1870 4542 2154 4609 Quomodo
2179 4559 2358 4604 autem
2404 4551 2492 4606 alii
2521 4552 2709 4609 dicunt
2739 4556 2911 4624 ipsum
2940 4559 3234 4631 discipulos
3261 4566 3474 4623 misisse

1869 4641 1925 4685 et
1952 4633 2173 4703 dixisse,
2205 4639 2398 4694 Solvite
2422 4645 2621 4698 asinam
2644 4657 2692 4700 et
2722 4649 2923 4718 pullum
2957 4652 2976 4720 (
3002 4651 3171 4708 Marc.
3207 4656 3295 4710 11.
3329 4658 3399 4714 12
3419 4661 3477 4732 );

1869 4725 1959 4783 hic
1996 4744 2128 4784 vero
2159 4731 2291 4786 nihil
2332 4733 2508 4790 simile
2535 4737 2705 4805 dicit,
2739 4739 2834 4796 sed
2861 4741 3088 4800 invento
3129 4750 3299 4805 asello
3327 4755 3472 4808 inse-

1869 4817 2052 4874 disse?
2077 4819 2378 4893 Utrumque
2426 4826 2623 4884 factum
2669 4847 2791 4888 esse
2832 4835 3092 4896 credibile
3119 4851 3225 4908 est.
3255 4853 3310 4899 et
3358 4858 3483 4917 post

1869 4912 2099 4968 solutam
2127 4917 2356 4985 asinam,
2375 4921 2701 4980 ducentiluts
2727 4928 3031 5001 discipulis,
3057 4936 3281 4995 invento
3308 4912 3478 4999 asello

1869 5003 2144 5062 Christum
2179 5010 2465 5069 insedisse.
2496 5015 2700 5073 Bamos
2744 5031 2926 5078 autem
2971 5029 3270 5095 palmarum
3303 5016 3355 5089 et
3379 5037 3484 5092 oli-

1873 5111 2057 5152 varum
2089 5114 2453 5172 acceperunt,
2486 5117 2539 5162 et
2566 5111 2884 5169 vestimenta
2928 5127 3268 5192 straverunt,
3295 5138 3482 5184 osten-

1870 5189 2061 5247 dentes
2088 5210 2148 5249 se
2177 5196 2533 5265 majorem-de
2559 5203 2651 5288 illo
2675 5247 2690 5268 ,
2728 5222 2890 5275 quam
2918 5211 2988 5267 de
3016 5189 3303 5285 prOpheta,
3355 5223 3478 5294 opi-

1873 5284 2088 5341 nionem
2135 5288 2373 5357 habere;
2401 5303 2454 5349 et
2482 5279 2733 5355 dicebant
2772 5320 2786 5357 :
2824 5305 2912 5360 15.
2939 5279 3230 5375 Ilo—sanna,
3265 5279 3474 5374 benedi-

1870 5388 1980 5432 ctus
2018 5381 2103 5450 qui
2131 5385 2266 5437 venit
2304 5385 2361 5439 in
2389 5390 2596 5445 nomine
2635 5391 2864 5450 Domini.
2907 5397 3068 5459 Vides
3101 5403 3204 5460 hoc
3244 5410 3480 5466 maxime

1875 5471 2000 5525 illos
2021 5473 2209 5530 dolore
2236 5477 2483 5536 t-bruisse
2510 5523 2524 5542 ,
2556 5485 2700 5554 quod
2728 5501 2935 5544 omnes
2961 5507 3280 5562 persuasum
3309 5498 3477 5556 babe-

1872 5572 1992 5615 rent
2039 5564 2212 5632 lpsum
2266 5584 2372 5647 non
2428 5587 2551 5627 esse
2604 5574 2715 5631 Deo
2769 5578 3181 5640 adversarium?
3241 5588 3312 5643 Et
3367 5590 3470 5646 hoc

1871 5659 2105 5711 maxime
2137 5662 2392 5729 pepulom
2420 5665 2724 5735 scindebat,
2758 5674 2901 5740 quod
2929 5690 2988 5732 se
3021 5677 3225 5736 diceret
3253 5696 3284 5735 a
3311 5683 3472 5740 Patre

1873 5749 2078 5805 venire.
2106 5751 2246 5819 Quid
2274 5756 2374 5810 sibi
2407 5758 2523 5813 vult
2550 5760 2677 5819 illud
2702 5805 2716 5828 ,
2751 5765 2834 5819 15.
2870 5766 3072 5824 lactare
3097 5773 3332 5840 multum,
3364 5777 3474 5844 [illa

1873 5841 2042 5897 Sion?
2065 5845 2197 5915 Quia
2229 5864 2420 5907 omnes
2448 5853 2686 5922 ipsorum
2719 5876 2874 5929 rcges
2903 5875 2956 5917 ut
2987 5866 3273 5931 plurimum
3308 5873 3470 5945 iuiqm

3033 5967 3110 6022 :43
