4054 6434
579 392 682 447 56?

580 511 732 557 erant
761 511 809 556 et
838 499 1038 569 cupidi,
1069 498 1314 567 ipsosque
1336 494 1576 550 hostibus
1607 493 1904 556 tradebant,
1935 489 2143 561 plebem

581 591 958 648 subvertebant
998 597 1049 644 et
1079 587 1320 641 hostibus
1365 585 1606 640 subditos
1646 583 1934 639 reddebant
1966 600 1979 635 :
2009 579 2149 636 Con-

581 681 706 747 tide,
735 679 921 748 inquit,
947 678 1030 731 hic
1053 691 1152 730 non
1180 674 1294 729 talis
1317 684 1420 739 est,
1449 673 1541 728 sed
1571 680 1874 727 mansuetus
1901 679 1951 725 et
1975 670 2144 732 mitis;

578 772 716 842 quod
758 788 821 825 cx
853 770 999 823 asina
1026 768 1345 823 ostenditur.
1393 765 1575 834 Neque
1623 766 1761 816 enim
1791 762 2024 816 exercitu
2055 760 2149 813 sti-

577 874 730 930 patus
765 862 1035 930 ingressus
1061 870 1142 914 est
1167 899 1181 918 .
1211 857 1305 911 sed
1334 872 1453 911 cum
1481 855 1626 907 asina
1658 862 1881 906 tantum.
1917 852 2001 905 16.
2035 849 2146 903 Hoc

575 964 742 1006 autem
771 952 1074 1016 nesciebant,
1105 949 1288 1017 inquit,
1319 945 1556 1016 discipuli
1585 944 1713 1014 ejus,
1745 941 1880 1013 quod
1909 942 2148 1009 scriptum

579 1045 640 1098 ite
662 1043 752 1097 illa
781 1053 927 1099 esset.
962 1039 1146 1096 Viden‘
1177 1040 1295 1093 illos
1323 1038 1547 1107 plurima
1576 1037 1868 1106 ignorasse.
1889 1033 2148 1103 quia-ipse

576 1135 811 1188 nondum
857 1136 935 1187 eis
975 1131 1344 1187 revelaverat?
1390 1129 1521 1183 Nam
1569 1143 1690 1181 cum
1735 1127 1908 1190 dixit,
1955 1123 2150 1179 Solvite

581 1226 822 1296 templum
849 1226 942 1277 hoc
966 1265 983 1292 ,
1011 1233 1057 1277 et
1085 1224 1138 1275 in
1168 1221 1324 1275 tribus
1358 1220 1531 1274 diebus
1559 1216 1784 1272 excitabo
1813 1217 1943 1270 illud
1967 1214 2142 1286 (Joan.

581 1319 634 1372 2.
672 1315 772 1385 19)
810 1334 823 1370 :
857 1329 1030 1384 neque
1074 1324 1197 1367 tunc
1242 1312 1617 1366 intellexerunt
1645 1307 1888 1377 discipuli
1916 1306 2050 1376 ejus.
2083 1305 2148 1358 Et

575 1410 712 1463 alius
739 1405 1060 1477 evangelista
1084 1401 1272 1472 (Marc.
1293 1403 1344 1459 9.
1370 1401 1424 1474 9)
1443 1402 1594 1468 dicit,
1623 1399 1990 1456 absconditum
2019 1396 2148 1451 fuis-

578 1515 638 1555 se
690 1513 989 1554 scrmonem
1019 1496 1086 1551 ab
1128 1498 1226 1562 eis,
1256 1508 1354 1548 nec
1379 1495 1596 1548 scivisse
1630 1498 2050 1546 resurrecturum
2080 1488 2145 1540 il-

576 1593 684 1645 lum
726 1605 843 1645 esse
869 1605 897 1643 a
924 1589 1169 1643 mortuis.
1199 1587 1302 1643 Sed
1335 1589 1438 1642 hoc
1474 1587 1597 1656 jure
1643 1583 2010 1639 abscomlitum
2041 1580 2147 1634 illis

576 1692 711 1738 erat.
727 1683 1058 1752 Quapropter
1081 1680 1214 1733 alius
1228 1679 1548 1748 evangelista
1568 1675 1776 1746 (Matth.
1806 1675 1890 1729 17.
1909 1672 1999 1741 2?.)
2023 1688 2143 1725 nar-

577 1785 656 1828 rat
702 1774 845 1842 ipsos
877 1772 1078 1841 singula
1123 1770 1398 1824 audientes
1422 1768 1656 1823 doluisse
1683 1778 1734 1822 et
1771 1776 1990 1820 maestos
2019 1762 2148 1817 fuis-

576 1880 656 1920 se.
701 1864 757 1918 ld
797 1875 970 1918 autem
1011 1862 1349 1932 contingebat
1380 1859 1521 1930 quod
1553 1859 1994 1914 resurrectionem
2041 1870 2146 1909 non

575 1966 812 2012 nossent.
844 1955 912 2010 Et
946 1955 1066 2025 jure
1093 1954 1146 2008 id
1188 1953 1550 2009 occultabatur
1597 1951 1745 2021 ipsis,
1777 1949 1897 2018 quia
1939 1947 2145 2002 illorum

574 2059 786 2116 captum
817 2046 1102 2116 superabat
1137 2062 1149 2096 :
1177 2045 1341 2099 asina:
1384 2057 1510 2099 vero
1538 2041 1754 2095 historia
1782 2055 1878 2093 cur
1923 2038 2025 2092 illis
2059 2051 2151 2092 oc-

575 2141 716 2195 culta
745 2140 880 2194 fuit?
904 2139 1037 2206 Quia
1066 2139 1178 2192 lucc
1205 2151 1416 2206 quoque
1437 2151 1522 2189 res
1552 2147 1737 2201 magna
1758 2140 1894 2186 erat.

643 2231 696 2286 2.
722 2230 857 2286 Vide
877 2240 1052 2286 autem
1075 2228 1414 2298 evangelista:
1439 2223 1849 2293 phi1050phiam,
1879 2218 2147 2290 quomodo

576 2339 681 2379 non
708 2323 986 2379 erubescat
997 2321 1270 2392 pristinam
1287 2320 1494 2374 illorum
1516 2313 1862 2387 ignorantiam
1884 2312 2143 2383 profiteri.

575 2416 724 2483 Quod
754 2415 1003 2485 scriptum
1031 2421 1173 2469 esset
1192 2412 1428 2466 sciebant
1449 2426 1462 2473 ;
1484 2407 1624 2479 quod
1651 2423 1778 2463 vero
1803 2406 1871 2461 de
1899 2406 1988 2459 illo
2015 2405 2149 2459 scri-

573 2517 719 2575 ptum
746 2516 904 2571 esset,
936 2503 984 2559 id
1007 2503 1334 2575 ignorabant.
1355 2501 1483 2556 Nam
1506 2509 1650 2562 certe
1667 2499 1771 2554 hoc
1794 2499 1899 2552 illis
1927 2496 2117 2552 olfendi
2135 2524 2149 2535 -

574 2598 694 2652 culo
722 2596 950 2651 futurum
982 2604 1116 2662 erat,
1135 2595 1177 2648 si
1202 2609 1294 2648 rex
1320 2608 1440 2647 cum
1468 2600 1628 2656 esset,
1650 2592 1763 2645 haec
1791 2598 1935 2644 esset
1962 2603 2147 2658 passu-

576 2704 690 2752 rus,
716 2698 872 2757 atque
903 2689 969 2740 ita
995 2686 1295 2740 tradendus.
1324 2685 1568 2754 Alioquin
1598 2692 1774 2736 autem
1808 2695 1910 2735 non
1945 2690 2050 2733 tam
2075 2679 2148 2732 fa-

575 2778 680 2832 cile
705 2778 842 2846 quod
867 2791 1082 2846 regnum
1113 2776 1238 2829 illud
1252 2783 1403 2829 esset
1430 2773 1829 2828 intellexissent.
1863 2772 1992 2825 Nam
2015 2772 2148 2824 alius

576 2868 893 2938 evangelista
916 2869 1060 2931 dicit,
1083 2867 1151 2922 de
1175 2866 1328 2936 hujus
1359 2865 1537 2919 mttndi
1565 2880 1726 2934 regno
1754 2864 1856 2917 dici
1879 2864 2146 2932 potavisse

578 2963 597 3030 (
632 2959 766 3013 Ibid.
790 2959 878 3014 20.
900 2958 1016 3028 9.5).
1048 2959 1134 3012 17.
1186 2955 1569 3025 Testiﬁcabatur
1609 2964 1777 3008 autent
1806 2953 1952 3007 turba
1971 2993 1985 3016 ,
2011 2954 2146 3021 quod

574 3049 826 3105 Lazarum
854 3051 1216 3104 resuscitasset.
1251 3048 1365 3102 Non
1408 3048 1550 3102 enim
1596 3056 1674 3100 tot
1701 3058 1919 3116 repente
1963 3047 2145 3099 mutati

577 3143 820 3204 fuissent,
855 3141 1041 3209 inquit,
1076 3140 1175 3192 nisi
1205 3139 1356 3208 signo
1381 3137 1754 3195 credidissent,
1789 3135 1874 3190 19.
1902 3134 2150 3188 I’ltariuei

577 3244 743 3287 autem
772 3232 1004 3286 dixerunt
1030 3232 1152 3296 illis,
1189 3229 1377 3284 Videtis
1404 3231 1521 3300 quia
1547 3229 1674 3283 nihil
1699 3229 1939 3300 pro/Scitis
1959 3229 1984 3280 ?
2025 3227 2152 3280 Ecce

577 3327 796 3379 mundus
816 3337 949 3379 totus
971 3337 1082 3395 post
1105 3325 1245 3378 illum
1268 3325 1390 3378 abit.
1427 3325 1534 3377 lloc
1554 3324 1750 3378 dictum
1784 3322 1913 3375 mihi
1943 3321 2150 3375 videtur

577 3419 644 3471 ab
676 3418 738 3472 iis
761 3418 848 3486 qui
874 3432 1017 3471 sana:
1047 3416 1241 3470 mentis
1264 3424 1434 3479 erant,
1465 3429 1561 3469 nec
1580 3415 1842 3468 audebant
1872 3413 2043 3481 palam
2067 3414 2148 3466 lo-

577 3509 700 3578 qui;
731 3518 785 3562 et
813 3523 876 3562 ex
904 3516 1099 3562 eventu
1148 3505 1489 3560 confutabant
1519 3504 1658 3568 illos,
1716 3513 1773 3558 ut
1809 3503 1897 3573 qui
1946 3503 2148 3557 inutilia

579 3608 863 3653 tentarent.
895 3597 1143 3652 Mundam
1193 3608 1368 3651 autem
1400 3596 1483 3651 hic
1518 3595 1721 3649 turbam
1749 3603 1959 3650 vocant.
2001 3593 2150 3649 Solet

578 3691 723 3742 enim
744 3688 1012 3757 Scriptura
1045 3688 1296 3742 mundum
1327 3687 1506 3741 dicere
1536 3697 1590 3740 et
1633 3696 1904 3741 creaturas
1931 3728 1944 3749 ,
1975 3694 2031 3740 et
2056 3701 2150 3741 cos

579 3781 668 3849 qni
701 3783 752 3834 in
782 3781 1016 3847 nequitia
1045 3781 1262 3834 vivunt:
1297 3777 1420 3832 illud
1473 3778 1682 3846 quidem
1729 3793 1848 3832 cum
1881 3779 1971 3837 ait,
2005 3777 2148 3844 Eﬂ'e-

579 3888 691 3924 rens
718 3870 988 3924 secundum
1008 3855 1529 3923 numeruntmundam
1556 3885 1700 3921 suum
1727 3868 1876 3938 (Isai.
1903 3867 1990 3923 40.
2014 3868 2107 3938 26)
2132 3887 2145 3922 :

579 3960 680 4013 hoc
704 3975 830 4014 vero
855 3975 973 4014 cum
1009 3959 1158 4024 dicit,
1189 3959 1411 4011 Mundus
1453 3975 1537 4012 vos
1587 3975 1686 4011 non
1724 3960 1852 4021 odit,
1881 3975 1958 4012 me
1983 3969 2150 4012 autem

578 4054 681 4105 odit
712 4052 887 4124 (Joan.
920 4053 972 4105 7.
997 4052 1072 4123 7).
1104 4051 1226 4105 llwc
1256 4059 1498 4104 accurate
1518 4050 1656 4104 scire
1684 4065 1778 4118 par
1797 4059 1897 4114 est,
1922 4065 1989 4103 ne
2017 4065 2149 4120 pne-

580 4159 661 4200 ter
705 4148 976 4200 nominum
1022 4144 1456 4215 signiﬁcationem
1502 4141 1732 4196 haeretici
1789 4156 1972 4196 ansam
2019 4143 2150 4196 arri-

580 4240 744 4307 piant.
772 4236 859 4292 20.
886 4235 1046 4289 Erant
1073 4245 1238 4287 autent
1277 4234 1478 4302 quidam
1527 4234 1753 4303 gentiles,
1787 4235 1870 4304 qui
1913 4234 2150 4288 ascende-

579 4342 692 4384 rant
719 4333 932 4384 adorare
956 4332 1005 4382 in
1035 4328 1365 4383 solemnitate.
1413 4325 1545 4379 Cum
1590 4328 1697 4395 jam
1726 4342 1890 4395 prope
1926 4335 2069 4381 esset
2093 4335 2151 4379 ut

583 4424 833 4495 proselyti
866 4423 1070 4485 tierent,
1107 4427 1363 4474 venerant
1386 4417 1452 4471 ad
1475 4418 1887 4480 solemnitatem,
1928 4427 1983 4472 et
2014 4416 2148 4470 fama

581 4515 830 4570 commoti
879 4513 1057 4566 dicunt
1089 4530 1100 4563 :
1130 4511 1220 4565 21.
1266 4509 1510 4563 Volumus
1535 4507 1710 4561 Jesum
1736 4509 1918 4562 videre.
1953 4508 2151 4576 Philip-

581 4622 680 4678 pus
706 4616 877 4659 autem
908 4604 1171 4658 Andream
1203 4604 1333 4670 adit,
1367 4610 1548 4671 utpote
1569 4601 1656 4671 qui
1685 4602 1854 4671 ipsum
1884 4600 2151 4669 prtccede-

582 4706 686 4761 ret,
715 4707 766 4749 et
795 4711 906 4749 rem
932 4697 978 4750 ei
1002 4697 1372 4750 communicat.
1409 4695 1602 4748 Verum
1632 4709 1738 4748 non
1763 4694 1878 4748 sine
1904 4693 2150 4747 cautione

585 4803 682 4842 nec
706 4788 874 4853 palam
892 4787 949 4838 id
978 4785 1104 4839 facit
1132 4803 1144 4839 ε
1176 4786 1414 4840 audierat
1455 4787 1620 4850 enim,
1653 4784 1718 4838 In
1753 4788 1883 4838 viam
1921 4786 2149 4855 gentium

588 4893 646 4928 ne
676 4876 896 4928 abieritis
926 4875 944 4943 (
977 4874 1162 4927 Matth.
1193 4875 1278 4931 10.
1313 4876 1345 4929 5
1372 4873 1412 4945 ).
1445 4874 1569 4928 Ideo
1597 4891 1707 4929 rem
1739 4890 1859 4929 cum
1890 4875 2151 4944 discipulo

584 4967 1022 5020 communicatam
1067 4967 1315 5036 Magistro
1342 4966 1501 5020 refert
1532 4980 1545 5020 :
1574 4967 1732 5020 ambo
1771 4969 1910 5022 enim
1961 4966 2011 5020 id
2063 4981 2150 5020 re-

585 5060 818 5111 tulerunt
843 5059 913 5111 el.
970 5058 1059 5111 ille
1090 5074 1214 5111 vero
1258 5059 1380 5127 quid
1415 5058 1582 5112 dicit?
1626 5060 1716 5113 25.
1756 5058 1898 5113 Venit
1943 5061 2069 5112 liora
2098 5070 2151 5111 ut

584 5150 888 5215 clari/iretur
916 5147 1078 5202 Filius
1125 5151 1357 5203 hominis.
1390 5149 1481 5204 24.
1515 5148 1632 5203 Nisi
1675 5168 1886 5220 granum
1917 5153 2153 5222 frumenti

584 5239 770 5291 rudens
792 5241 844 5291 in
872 5250 1053 5292 terram
1091 5252 1346 5293 mortuum
1369 5241 1547 5309 fuerit,
1575 5242 1742 5310 ipsum
1768 5243 1931 5294 solum
1964 5253 2148 5294 manet.

585 5331 721 5396 Quid
753 5331 1009 5399 significat
1053 5332 1215 5396 illud,
1259 5331 1401 5386 Venit
1447 5333 1613 5386 liora?
1656 5332 1897 5397 Dixerat,
1929 5330 1996 5385 In
2025 5334 2152 5386 viam

585 5423 804 5492 gentium
834 5437 894 5473 ne
914 5421 1151 5484 abieritis,
1180 5437 1387 5476 omnem
1417 5422 1614 5477 Judgeis
1645 5423 2002 5491 praescindens
2032 5439 2150 5491 per-

586 5512 799 5565 vicacia:
820 5526 1038 5576 ansam;
1067 5512 1184 5565 illos
1209 5511 1463 5566 cohibuit.
1496 5513 1627 5567 Cum
1657 5521 1832 5566 autem
1865 5514 1937 5566 illi
1961 5513 2153 5569 inuno-

589 5596 748 5670 rigcri
793 5613 1089 5667 manerent,
1143 5603 1370 5673 gentiles
1410 5616 1584 5659 autem
1629 5604 1884 5660 accedere
1937 5606 2151 5669 vellent,

588 5694 820 5764 Tempus
846 5694 1079 5758 demum,
1108 5697 1292 5765 inquit.
1316 5707 1399 5750 cst
1427 5697 1490 5750 ad
1517 5698 1812 5766 passionem
1848 5699 2154 5763 accedendi,

591 5798 710 5839 cum
755 5788 925 5840 omnia
976 5788 1184 5856 impleta
1227 5789 1346 5840 sint.
1389 5787 1517 5844 Nam
1559 5790 1601 5844 si
1627 5791 2025 5861 contumacibus
2058 5792 2157 5844 illis

1338 385 1392 439 S.
1424 380 1698 438 JOANNIS
1735 375 2206 436 CllRYSOSTOMI
2250 375 2565 432 ARClllEP.
2604 374 3136 432 CONSTANTINOP.

3725 369 3841 426 363

2255 505 2466 560 semper
2495 490 2850 555 lmereremus,
2883 488 3107 558 illosque
3140 485 3396 543 accedere
3436 487 3678 544 volentes
3723 504 3830 545 non

2252 582 2672 648 admitteremus,
2697 582 2968 650 indignum
2991 581 3090 636 hoc
3114 591 3257 635 esset
3280 580 3606 649 providentia
3629 591 3833 636 nostra.

2252 673 2384 739 Quia
2429 675 2585 744 igitur
2619 673 2912 742 discipulos
2959 686 3084 728 suos
3124 681 3244 741 post
3285 687 3495 728 crucem
3540 673 3606 726 ad
3649 682 3836 742 gentes

2255 767 2512 820 missurus
2551 773 2708 830 erat,
2737 779 2856 818 cum
2896 764 3040 817 videt
3079 762 3199 816 illas
3233 762 3343 832 jam
3374 762 3630 817 accedere
3657 800 3674 826 ,
3719 761 3832 820 ait.

2252 854 2488 924 Tempus
2515 865 2598 911 est
2638 865 2695 909 ut
2735 855 2802 909 ad
2831 869 3044 908 erucem
3075 854 3304 907 veniam.
3352 852 3468 907 Non
3514 863 3672 908 antea
3712 853 3838 907 sivit

2252 949 2541 1012 accedere,
2577 958 2634 1002 ut
2658 948 2708 1002 id
2739 957 2880 1002 esset
2908 947 2959 1000 in
2991 948 3348 1001 testimonium
3378 947 3500 1002 illis.
3532 949 3836 1018 Antequam

2253 1040 2394 1094 enim
2422 1040 2566 1094 illum
2596 1040 2937 1109 repellerent,
2964 1049 3242 1108 antequam
3266 1038 3318 1092 in
3345 1054 3560 1094 crucem
3591 1049 3837 1109 agerent,

2254 1145 2358 1184 non
2389 1130 2555 1193 dixit,
2585 1129 2776 1184 Euntes
2795 1131 2965 1182 docete
2992 1145 3164 1183 omnes
3187 1139 3393 1200 gentes;
3416 1131 3510 1186 sed
3533 1172 3549 1195 ,
3595 1130 3661 1184 In
3706 1133 3841 1185 siam

2251 1223 2474 1293 gentium
2515 1238 2578 1274 ne
2605 1220 2826 1276 abieritis
2846 1220 3054 1274 (Matth.
3075 1220 3166 1276 28.
3191 1220 3275 1276 i9.
3297 1233 3344 1274 et
3370 1223 3452 1275 10.
3475 1223 3556 1293 5);
3587 1230 3642 1276 et
3665 1263 3681 1286 ,
3719 1221 3840 1276 Non

2253 1315 2435 1368 missus
2460 1330 2572 1366 sum
2601 1314 2697 1366 nisi
2724 1313 2791 1366 ad
2821 1329 2934 1366 oves
2973 1329 3087 1382 qua:
3127 1315 3385 1382 perierunt
3425 1315 3604 1368 damus
3630 1314 3804 1372 Israel
3820 1328 3841 1376 ;

2253 1414 2308 1459 et
2329 1446 2343 1467 ,
2375 1403 2494 1457 Non
2521 1414 2592 1458 est
2629 1406 2810 1458 bonum
2843 1406 3016 1472 accipe
3033 1422 3084 1458 re
3107 1421 3288 1474 panem
3325 1406 3543 1470 ﬁliorum
3568 1447 3582 1470 ,
3624 1417 3674 1458 et
3717 1406 3844 1459 dare

2251 1495 2458 1548 canibus
2480 1494 2650 1566 (Ibid.
2684 1497 2770 1549 15.
2802 1493 2890 1550 21.
2918 1495 2988 1550 26
3012 1497 3052 1565 ).
3082 1496 3215 1551 Cum
3237 1505 3412 1551 autem
3435 1498 3559 1552 odio
3581 1497 3843 1552 haberent

2253 1600 2396 1650 eum,
2424 1593 2478 1639 et
2507 1586 2577 1638 ita
2606 1585 2727 1639 odio
2754 1585 3031 1650 baberent,
3058 1595 3114 1640 ut
3134 1587 3461 1651 occiderent,
3494 1586 3832 1657 superﬂuum

2206 1692 2209 1693 ν
2251 1687 2365 1728 crat
2411 1677 2734 1744 persistere,
2782 1677 3139 1731 renitentibus
3183 1677 3304 1730 illis.
3352 1677 3481 1731 Nam
3522 1687 3844 1732 recusarunt

2253 1765 2399 1818 illum
2455 1766 2731 1832 dicentes,
2783 1766 2900 1821 Non
2941 1768 3180 1823 habemus
3222 1785 3389 1839 regem
3442 1769 3538 1823 nisi
3586 1769 3842 1824 Casarem

2255 1855 2432 1924 (Joan.
2460 1856 2546 1912 19.
2580 1857 2705 1928 15).
2751 1857 2902 1914 Tunc
2925 1859 3139 1913 demum
3171 1859 3288 1913 illos
3315 1859 3549 1921 dimisit,
3581 1861 3706 1930 quia
3740 1861 3841 1929 ipsi

2254 1949 2457 2018 priores
2484 1950 2811 2006 dimiserant.
2845 1951 2967 2006 ideo
2995 1951 3151 2016 dicit,
3199 1951 3402 2016 Quoties
3447 1953 3584 2006 volui
3613 1969 3832 2021 congre—

2254 2056 2376 2109 gare
2399 2041 2533 2108 ﬁlios
2561 2055 2752 2096 vestros
2776 2083 2790 2108 ,
2820 2052 2867 2094 et
2891 2043 3124 2097 noluistis
3149 2043 3168 2113 (
3194 2042 3381 2096 Matth.
3409 2044 3500 2097 25.
3526 2044 3592 2098 57
3611 2041 3675 2114 )‘l
3706 2044 3844 2112 Quid

2253 2131 2352 2185 sibi
2381 2133 2508 2197 vult,
2543 2131 2769 2186 Granum
2797 2135 3058 2204 frumenti,
3087 2135 3186 2188 nisi
3211 2136 3394 2188 cadens
3417 2135 3466 2188 in
3493 2146 3683 2188 terram
3707 2153 3850 2190 utor-

2254 2231 2391 2274 tuum
2423 2223 2614 2291 fuerit?
2643 2223 2718 2279 De
2739 2239 2898 2278 cruce
2929 2225 3179 2292 loquitur.
3205 2225 3283 2280 Ne
3307 2227 3447 2280 enim
3475 2227 3843 2289 turbarentur,

2259 2313 2554 2382 cogitantes
2583 2325 2706 2368 tunc
2733 2315 2880 2368 illunt
2905 2318 3136 2370 occisum
3164 2315 3354 2382 fuisse,
3384 2333 3502 2371 cum
3533 2331 3724 2387 gentes
3750 2336 3845 2373 ac-

2255 2416 2564 2472 cesserunt,
2597 2407 2764 2461 dicit:
2795 2409 2905 2462 Hoc
2931 2409 3077 2476 ipsos
3117 2411 3346 2463 maxime
3375 2410 3438 2464 ad
3477 2411 3845 2466 accedendum

2255 2498 2492 2564 inducit,
2528 2495 2628 2551 hoc
2667 2498 3099 2567 praedicationem
3150 2517 3320 2554 meam
3369 2503 3600 2571 augebit.
3640 2503 3846 2558 Deinde

2255 2591 2374 2658 quia
2404 2589 2736 2644 sermtmibus
2763 2606 2864 2643 ιιοιι
2897 2592 2966 2644 ita
3009 2592 3381 2660 persuadebat,
3411 2607 3438 2645 a
3468 2608 3650 2647 rerum
3674 2611 3844 2666 espe-

2256 2685 2446 2737 rientia
2479 2684 2621 2753 ipsos
2651 2685 2813 2738 allicit
2841 2685 3024 2739 dicens
3059 2703 3071 2738 :
3107 2686 3159 2739 In
3194 2685 3459 2741 frumento
3490 2687 3594 2743 hoc
3621 2689 3842 2754 accidit,

2257 2783 2313 2827 ut
2344 2784 2581 2827 mortuus
2603 2776 2853 2844 majorem
2893 2776 3118 2830 fructum
3153 2777 3358 2831 afferat.
3387 2777 3441 2832 Si
3469 2778 3572 2833 hoc
3591 2778 3647 2833 in
3674 2783 3840 2834 semi-

2255 2864 2429 2930 nibus,
2461 2867 2626 2919 multo
2659 2868 2825 2936 magis
2850 2867 2901 2920 in
2930 2882 3036 2920 me.
3071 2866 3261 2922 Verum
3291 2868 3534 2938 discipuli
3566 2869 3708 2925 dicta
3735 2887 3846 2926 non

2255 2958 2648 3013 intellexerunt.
2680 2960 2853 3027 Quare
2883 2959 3190 3030 frequenter
3238 2960 3340 3017 hoc
3383 2963 3576 3033 repetit
3604 2979 3843 3036 evange-

2254 3049 2372 3102 lista
2394 3091 2408 3109 ,
2442 3058 2500 3103 ιιι
2519 3063 2731 3105 excuset
2759 3067 2853 3106 eos
2874 3053 3012 3121 quod
3037 3063 3219 3122 postea
3241 3053 3490 3124 fugerint.
3533 3056 3845 3114 Istiusmodi

2256 3154 2558 3194 sermonem
2586 3142 2654 3194 de
2698 3144 3091 3198 resurrectione
3119 3143 3397 3214 disputans
3437 3146 3636 3202 Paulus
3667 3149 3847 3203 attulit

2260 3231 2342 3301 (1.
2372 3231 2487 3284 Cor.
2521 3231 2606 3286 15.
2638 3232 2725 3286 36.
2752 3232 2923 3304 sqq.

2329 3325 2380 3378 5.
2411 3324 2576 3391 Quam
2604 3340 2732 3394 ergo
2758 3327 3152 3382 excusationem
3180 3328 3452 3385 habebunt
3481 3331 3515 3384 ii
3542 3333 3632 3401 qui
3663 3347 3847 3388 resur-

2258 3415 2546 3470 rectionem
2577 3432 2681 3470 non
2711 3417 2953 3484 credunt,
2982 3434 3102 3472 cum
3133 3420 3275 3474 illam
3305 3421 3355 3475 in
3384 3421 3679 3478 seminibus
3710 3442 3848 3495 quo-

2259 3505 2385 3559 tidie
2416 3507 2761 3575 contemplari
2791 3510 3056 3577 possimus
3076 3550 3088 3569 .
3121 3510 3170 3563 in
3203 3511 3394 3578 plantis
3419 3527 3632 3582 quoque
3652 3553 3667 3577 ,
3703 3527 3757 3568 et
3790 3517 3846 3568 in

2255 3597 2594 3664 generatione
2640 3596 2864 3649 nostra?
2913 3597 3090 3652 Primo
3139 3600 3282 3654 enim
3331 3604 3601 3672 corrumpi
3653 3620 3845 3660 semen

2255 3698 2499 3758 Oportet,
2531 3700 2584 3743 et
2627 3689 2749 3742 inde
2792 3689 2902 3742 fieri
2933 3692 3350 3758 generationem.
3379 3691 3682 3748 Universim
3712 3712 3847 3750 vero

2255 3795 2374 3834 cum
2419 3781 2555 3834 Deus
2588 3780 2784 3847 aliquid
2831 3780 2986 3844 facit,
3022 3781 3179 3834 nullis
3221 3797 3355 3851 opus
3397 3790 3477 3837 est
3519 3785 3845 3844 ratiociniis.

2255 3870 2533 3937 Quomodo
2567 3869 2709 3923 enim
2750 3885 2845 3922 nos
2891 3886 2955 3923 ex
3003 3885 3105 3923 non
3143 3872 3470 3926 exstantibus
3514 3872 3682 3927 fecit?
3717 3875 3850 3930 liae

2256 3963 2572 4018 Christianis
2598 3961 2717 4015 dico
2740 4004 2753 4024 ,
2787 3963 2876 4031 qui
2919 3977 2978 4016 se
3015 3963 3197 4017 dicunt
3240 3963 3526 4034 Scripturis
3564 3967 3793 4022 credere
3831 3989 3843 4022 :

2257 4056 2446 4111 addam
2493 4055 2631 4108 aliud
2671 4071 2733 4109 ex
2784 4055 3027 4109 humanis
3071 4057 3381 4110 ratiociniis.
3417 4056 3492 4112 Ex
3532 4058 3849 4115 hominibus

2256 4150 2343 4203 alii
2377 4149 2599 4219 improbi
2621 4190 2636 4211 ,
2669 4149 2759 4202 alii
2805 4150 2950 4216 probi
2997 4159 3121 4202 sunt
3151 4165 3163 4200 :
3193 4165 3258 4202 ex
3304 4149 3558 4217 improbis
3597 4152 3748 4206 multi
3783 4171 3848 4208 re

2257 4255 2507 4310 prospera
2552 4240 2617 4294 ad
2664 4249 2956 4293 extremam
3001 4250 3329 4294 senectutem
3371 4239 3740 4304 devenerunt;
3773 4262 3846 4300 ex

2260 4332 2438 4399 probis
2462 4346 2615 4385 secus
2643 4346 2730 4384 res
2756 4332 2934 4383 cessit.
2960 4330 3307 4398 Quandonam
3333 4347 3460 4402 ergo
3490 4344 3544 4388 et
3571 4351 3676 4404 quo
3703 4345 3848 4392 tem-

2258 4436 2386 4491 pore
2429 4422 2616 4491 singuli
2661 4438 2756 4490 pro
2797 4423 2985 4475 merito
3014 4423 3312 4492 accipient?
3340 4422 3479 4478 Sane
3501 4466 3516 4490 ,
3550 4426 3800 4496 inquittnt

2259 4514 2350 4568 sed
2383 4529 2663 4581 corporum
2697 4513 3016 4568 resurrectio
3045 4528 3149 4567 non
3176 4524 3277 4568 est.
3305 4513 3423 4569 Non
3451 4515 3674 4572 audiunt
3705 4520 3840 4574 Pau-

2261 4605 2367 4659 lum
2400 4606 2684 4671 dicentem,
2721 4605 2926 4675 Oportet
2960 4605 3282 4674 corruptibile
3310 4605 3403 4660 Itoc
3431 4609 3639 4662 induere
3666 4611 3847 4664 incor-

2257 4703 2538 4772 ruptionem
2566 4701 2640 4769 (1.
2672 4699 2787 4755 Cor.
2820 4701 2906 4754 15.
2940 4697 3070 4770 53)?
3095 4698 3212 4753 Non
3240 4699 3307 4754 de
3333 4701 3506 4756 anima
3537 4706 3668 4772 (ιιοιι
3695 4706 3845 4760 enim

2259 4797 2431 4848 anima
2458 4792 2834 4864 corrumpitur)
2863 4812 2876 4847 :
2905 4802 2958 4847 et
2983 4794 3303 4847 resurrectio
3327 4795 3523 4848 dicitur
3546 4797 3614 4849 de
3640 4796 3730 4849 illo
3751 4801 3849 4867 qui

2260 4888 2450 4942 cecidit
2480 4905 2492 4941 :
2520 4886 2712 4941 cecidit
2738 4899 2864 4938 vero
2890 4899 3102 4954 corpus.
3133 4883 3242 4938 Cur
3268 4896 3445 4939 autem
3478 4902 3583 4940 non
3613 4888 3692 4941 vis
3724 4905 3851 4944 e354:

2259 4979 2496 5047 corporis
2519 4978 2959 5032 resurrectionem
2980 4976 3052 5047 (a)
3073 4977 3094 5030 't
3113 4991 3291 5030 annon
3312 4977 3577 5045 possibilis
3601 4979 3708 5033 Deo
3731 4982 3856 5035 est?

2261 5071 2364 5125 Sed
2394 5070 2495 5124 hoc
2540 5084 2736 5139 negare
2773 5080 3026 5124 extremae
3069 5069 3386 5137 insipientia:
3425 5079 3587 5124 esset.
3628 5073 3698 5124 At
3741 5089 3850 5126 non

2260 5162 2451 5216 decet?
2475 5160 2582 5215 Cur
2611 5176 2715 5214 non
2747 5160 2898 5215 decet
2925 5161 3026 5214 hoc
3054 5161 3419 5229 corruptibile,
3449 5162 3588 5230 quod
3615 5171 3669 5215 et
3699 5161 3856 5215 Ialm.

2261 5268 2373 5306 rem
2396 5262 2450 5306 et
2475 5264 2701 5306 mortem
2723 5267 2828 5306 una
2851 5252 3031 5317 subiit,
3055 5267 3284 5306 coronas
3303 5253 3462 5305 etiam
3491 5253 3852 5321 participare?

2261 5343 2391 5397 Nam
2423 5345 2466 5397 si
2498 5360 2602 5398 ιιοιι
2631 5345 2883 5407 deceret,
2915 5360 3017 5396 non
3050 5359 3076 5395 a
3112 5342 3372 5411 principio
3399 5339 3598 5396 factum
3626 5343 3850 5407 fuisset,

2263 5453 2433 5506 neque
2460 5436 2699 5491 Christus
2727 5452 2939 5490 carnem
2967 5436 3299 5505 sumpsisset.
3319 5434 3469 5499 Quod
3499 5444 3677 5490 autem
3703 5452 3851 5489 sunt-

2267 5529 2448 5596 pscrit,
2482 5529 2730 5599 illamque
2757 5528 3171 5592 rcsuscitaverit,
3199 5527 3322 5580 andi
3349 5526 3476 5596 quid
3499 5528 3642 5582 dicat
3668 5545 3678 5578 :
3707 5527 3853 5596 Infcr

2265 5621 2446 5692 digitos
2475 5631 2601 5686 tuos,
2634 5632 2679 5674 et
2705 5621 2814 5674 vide
2837 5620 2955 5687 quia
2981 5619 3184 5689 spiritus
3214 5633 3326 5672 ossa
3353 5628 3400 5672 et
3427 5634 3605 5672 nervos
3635 5636 3734 5671 non
3764 5621 3852 5672 Ita-

2330 5738 2400 5794 (τι)
2426 5735 2654 5784 Ιίωτθιίυἰ
2697 5741 2836 5784 erant
2880 5734 2963 5794 qui
3011 5733 3233 5781 dicerent
3258 5744 3457 5783 carnem
3500 5744 3596 5780 non
3631 5743 3851 5782 resurre-

2269 5805 2452 5846 Cllil‘aill
2480 5809 2607 5845 esse.
