4054 6430
154 378 278 433 ἶῧῖ

164 496 360 567 θηταέ
377 491 584 555 αὐτοῦ,
618 492 709 546 ὅτι
732 485 811 560 ἥν
833 489 924 543 ἐπ’
946 485 1106 551 αὐτῷ
1132 485 1558 555 γεγραμμένον.
1600 482 1763 567 Ὁρᾷς

166 564 256 633 ετὶ
294 580 369 631 τὰ
407 576 629 629 πλείονα
657 574 907 644 ἠγνόουν,
943 569 1130 639 ἐπειδὴ
1159 568 1322 631 αὐτὸς
1354 568 1455 620 οὐκ
1481 564 1763 620 ἀπεκάλυ-

169 679 313 716 π-τεν
340 661 553 725 αὐτοῖς
585 658 696 711 Kal
727 657 835 726 γὰρ
862 656 948 708 ὅτε
980 649 1160 706 εἶπεν·
1204 652 1445 705 Λύσατε
1477 650 1586 702 τὸν
1610 647 1763 702 ναόν

166 742 419 805 τοῦτον,
450 742 548 796 καὶ
575 742 648 795 ἐν
680 739 875 808 τρισὶν
900 735 1149 805 ἡμέραις
1179 732 1363 802 ἐγερῶ
1402 731 1612 794 αὐτόν,
1642 729 1765 782 οὐδὲ

165 830 296 883 τότε
335 828 533 899 ᾔδεσαν
554 840 577 867 ι
598 827 648 880 οί
679 822 933 896 μαθηταί.
964 822 1073 874 Kal
1105 819 1263 882 ἀλλος
1290 817 1348 871 δὲ
1375 813 1767 899 εὐαγγελιστὴς

165 897 460 981 λέγειξῦτι
498 906 566 981 ἦν
610 905 991 980 κεκρυμμένος
1023 904 1052 957 6
1090 902 1249 969 λόγος
1293 899 1388 953 ἀπ’
1438 897 1640 961 αὐτῶν,
1673 899 1768 981 καὶ

164 996 274 1049 οὐκ
303 993 508 1064 ⁴ᾔδεσαν
544 993 626 1045 ὅτι
650 992 731 1044 δεῖ
758 988 922 1042 αὐτὸν
956 986 1258 1055 ἀναστῆναι
1298 984 1363 1036 ἐκ
1391 981 1502 1035 τῶν
1530 980 1766 1051 νεκρῶν.

179 1076 355 1129 Ἀλλά
404 1074 565 1127 τοῦτο
599 1073 699 1143 μὲν
733 1072 957 1135 εἰκότως
998 1068 1324 1140 ἐκρύπτετο.
1362 1066 1454 1120 Διδ
1484 1064 1581 1118 καὶ
1607 1064 1770 1126 ἀλλος

164 1161 330 1229 λέγει
359 1156 769 1228 εύαγγελιστὴς,
799 1157 883 1209 ὃτι
914 1153 1038 1208 καθ’
1080 1153 1314 1206 ἕκαστον
1347 1148 1638 1212 ἀκούοντες
1670 1147 1767 1217 ηλ.

167 1263 330 1313 γουν,
363 1244 459 1298 καὶ
489 1239 631 1313 ἦσαν
660 1242 719 1293 ἐν
768 1238 1076 1315 κατηφείᾳῇ
1126 1234 1290 1289 τοῦτο
1321 1234 1400 1297 δέ,
1452 1234 1517 1286 ἐκ
1554 1231 1656 1315 τοῦ
1677 1230 1765 1315 μὴ

166 1312 374 1380 ειδέναι
406 1325 497 1378 τὸν
517 1312 655 1394 περὶ
682 1325 781 1393 τῆς
808 1312 1157 1379 ἀναστάσεως
1186 1317 1367 1385 λόγον.
1416 1314 1577 1368 Ἀλλά
1610 1312 1768 1366 τοῦτο

172 1410 278 1479 μὲν
312 1408 543 1468 εἰκότως
577 1405 902 1476 ἐκρύπτετο,
939 1404 1035 1457 ἀτε
1070 1398 1259 1470 μεῖζον
1292 1399 1327 1471 ἢ
1364 1397 1485 1452 κατ’
1528 1395 1761 1459 αὐτούς’

168 1493 235 1545 τὸ
265 1493 453 1563 μέντοι
489 1490 589 1558 τῆς
633 1489 757 1541 ϐνου
804 1485 947 1540 διατί
997 1485 1182 1547 αὐτοῖς
1227 1482 1328 1535 οὐκ
1366 1479 1759 1549 ἀπεκαλύφθης

170 1576 301 1627 Ὅτι
337 1575 433 1627 καὶ
464 1571 623 1626 τοῦτο
653 1570 797 1641 μέγα
827 1564 918 1639 ἦν.

246 1755 466 1825 β’.’⁸ορα
486 1752 542 1806 δὲ
568 1749 886 1820 φιλοσοφίαν
905 1744 1314 1816 εὐαγγελιστοῦ,
1338 1744 1455 1808 πῶς
1484 1744 1585 1797 οὐκ
1604 1745 1765 1799 ἐπαιο

171 1842 437 1912 σχύνεται
456 1837 556 1907 τὴν
580 1834 849 1904 προτέραν
871 1831 1049 1886 αὐτῶν
1067 1831 1289 1898 ἄγνοιαν
1314 1828 1688 1899 ἐκπομπεύειν
1712 1828 1759 1883 ι’.

170 1911 303 1978 Ὅτι
338 1922 438 1993 μὲν
471 1916 565 1973 οὖν
589 1918 920 1990 γέγραπται,
941 1916 1138 1986 ᾔδεσαν
1159 1932 1171 1945 ·
1201 1915 1283 1968 ὅτι
1310 1913 1366 1967 δὲ
1394 1913 1481 1967 ἐπ’
1505 1911 1653 1983 αύτῷ
1675 1912 1768 1981 γέ-

177 2022 446 2081 γραπται,
486 2004 584 2057 οὐκ
604 2003 821 2073 ᾔδεσαν.
878 2000 988 2055 Kal
1016 1998 1123 2069 γάρ
1145 1997 1211 2051 ἀν
1234 1996 1625 2081 νέσκανδάλισεν
1669 1997 1766 2081 αύτ-

168 2080 324 2152 τοῦς,
356 2088 413 2141 εί
435 2103 498 2154 γε
533 2083 783 2156 βασιλεὺς
803 2082 879 2136 ὢν
908 2082 1134 2136 τοιαῦτα
1176 2080 1362 2152 μέλλοι
1395 2081 1646 2150 πάσχειν,
1670 2080 1766 2133 καὶ

169 2171 348 2233 οῦτως
378 2167 701 2222 ἐκδίδοσθαι.
729 2166 840 2220 Kal
867 2164 1043 2228 ἄλλως
1063 2164 1141 2228 δὲ,
1166 2163 1268 2218 οὐκ
1298 2161 1364 2217 ἂν
1401 2162 1603 2224 εὐθέως
1626 2161 1765 2233 ἐχώ-

175 2268 352 2322 ρησαν
386 2250 484 2320 τὴν
519 2249 721 2319 γνῶσιν
749 2251 848 2316 τῆς
882 2246 1181 2317 βασιλείας,
1212 2248 1278 2316 ἥν
1304 2246 1475 2313 ἔλεγε.
1520 2245 1630 2298 Kal
1654 2244 1764 2316 γὰρ

171 2334 335 2398 ἄλλος
364 2332 756 2402 εὐαγγελιστής
773 2348 959 2401 φησιν,
986 2332 1066 2384 ὅτι
1084 2331 1214 2400 περὶ
1244 2329 1517 2401 βασιλείας
1545 2329 1764 2382 ἐδόκουν

169 2416 382 2485 ταύτης
406 2414 678 2483 λέγεσθαι.
709 2412 1057 2483 Ἐμαρτύρει
1085 2412 1153 2466 δὲ
1190 2416 1224 2467 ό
1275 2413 1481 2482 ὄχλος,
1528 2410 1617 2465 ὅτι
1660 2412 1764 2466 ἀν-

169 2499 405 2566 έστησε
432 2498 541 2551 τὸν
564 2494 850 2564 Λάζαρον.
878 2496 953 2548 Οὐ
978 2496 1088 2567 γάρ
1107 2494 1174 2549 ἀν
1206 2495 1452 2549 τοσοῦτοι
1478 2494 1765 2564 μετέθεντο

171 2582 458 2651 ἐξαίφνης,
483 2579 672 2649 φησὶν,
705 2580 754 2632 εί
782 2578 855 2649 μὴ
889 2578 1215 2632 ἐπίστευσαν
1238 2577 1316 2648 τῷ
1349 2577 1580 2649 σημείῳ.
1605 2580 1669 2631 Ol
1696 2578 1765 2631 δὲ

172 2666 489 2734 Φαρισαῖοι
521 2662 697 2719 εἶπον
730 2662 879 2732 πρρς
904 2662 1160 2728 αὐτούς’
1193 2661 1490 2729 Θεωρεῖτε,
1522 2661 1613 2715 ὅτι
1651 2663 1763 2716 οὐκ

169 2751 458 2821 ὠφελεῖτε
484 2748 665 2803 οὐδέν
676 2764 695 2813 ;
729 2747 841 2801 Ἴδε
870 2750 902 2802 ό
944 2747 1172 2815 κόσμος
1216 2746 1409 2800 όπίσω
1441 2745 1627 2799 αὑτοῦ
1652 2748 1764 2800 ὐπ-

171 2835 324 2903 ἁγει.
355 2836 511 2886 Δοκεῖ
536 2832 593 2886 δέ
636 2848 725 2902 μοι
754 2829 912 2884 τοῦτο
941 2826 1081 2882 εἶναι
1112 2828 1222 2882 τῶν
1258 2827 1612 2896 ὑγιαινόντων
1641 2831 1761 2897 μέν,

170 2918 235 2970 οὒ
256 2915 578 2987 τολμώντων
596 2915 653 2967 δὲ
675 2911 1178 2983 παρρησιάσασθαι,
1212 2906 1331 2963 εἶτα
1349 2910 1456 2963 ἀπὸ
1477 2911 1574 2980 τῆς
1599 2910 1765 2963 ἐκϐά-

175 3017 315 3062 σεως
340 2998 678 3067 κατεχόντων
714 2996 911 3058 αὐτοὺς
943 2995 1019 3056 ὡς
1048 2994 1287 3065 ἀνήνυτα
1326 2994 1759 3063 ἐπιχειροῦντας.

174 3084 397 3153 Κόσμον
426 3082 483 3135 δὲ
521 3078 754 3135 ἐνταῦθα
785 3078 949 3132 πάλιν
980 3077 1070 3129 τὸν
1103 3077 1259 3147 ὄχλον
1293 3076 1475 3145 φασίν.
1509 3073 1630 3129 Οἷδε
1654 3076 1763 3150 γάρ

173 3170 208 3238 ἡ
235 3166 429 3238 Γραφὴ
464 3165 667 3234 κόσμον
699 3162 793 3216 καὶ
834 3163 932 3232 τὴν
984 3161 1161 3214 κτίσιν
1193 3159 1394 3227 λέγειν,
1428 3160 1522 3213 καὶ
1549 3161 1676 3223 τοὺς
1706 3163 1764 3213 ὲν

173 3249 410 3319 πονηρίᾳ
451 3242 675 3309 ζῶντας.
726 3246 835 3297 Καὶ
876 3245 937 3297 τὸ
978 3244 1076 3314 μέν
1110 3259 1297 3313 φησιν,
1330 3243 1459 3295 ὅταν
1502 3242 1657 3314 λέγῃ,
1700 3243 1762 3296 '0

170 3331 443 3401 ἐκφέρων
470 3329 621 3384 κατὰ
652 3328 902 3398 ἀριθμὸν
924 3327 1033 3381 τὸν
1067 3326 1301 3395 κόσμον
1323 3326 1510 3380 αὑτοῦ
1532 3341 1545 3353 ·
1576 3327 1637 3378 τὸ
1682 3326 1760 3390 δὲ,

170 3418 300 3471 ὅταν
328 3415 484 3485 λέγῃ,
522 3414 584 3466 '0
610 3414 834 3482 κόσμος
867 3408 1022 3481 ὑμᾶς
1048 3411 1119 3463 σὺ
1138 3408 1325 3477 μισεῖ,
1350 3408 1457 3478 ἐμὲ
1485 3408 1555 3462 δὲ
1578 3410 1760 3479 μισεῖ.

172 3499 287 3553 Kal
316 3497 421 3568 χρὴ
453 3496 627 3551 ταῦτα
670 3493 913 3567 ἀκριϐῶς
948 3492 1173 3554 εἰδέναι,
1221 3492 1309 3545 ἵνα
1355 3492 1430 3561 μὴ
1485 3491 1637 3561 παρά
1663 3492 1764 3559 τὴν

174 3581 450 3651 σημασίαν
478 3578 588 3632 τῶν
625 3577 904 3645 ὀνομάτων
933 3576 1104 3646 λαϐὴν
1155 3576 1487 3645 παρέχωμεν
1524 3577 1635 3637 τοῖς
1678 3577 1762 3627 αἱ·

174 3666 427 3735 ρετικοῖς.
467 3659 661 3717 Ἦσαν
701 3660 769 3715 δέ
797 3676 957 3725 τινες
999 3658 1119 3711 τῶν
1165 3657 1473 3723 Ἑλλήνων
1504 3656 1763 3710 ἀναϐάν-

172 3764 269 3811 τες
308 3743 739 3815 προσκυνῆσαι
776 3745 865 3808 είς
909 3742 1026 3810 τὴν
1069 3740 1306 3809 ἑορτήν.
1368 3740 1566 3807 Ἐγγύς
1609 3738 1762 3801 ὄντες

172 3829 358 3883 λοιπὸν
390 3829 485 3883 τοῦ
518 3829 849 3901 προσήλυτοι
882 3826 1146 3895 γίνεσθαι,
1181 3820 1321 3894 ἦσαν
1351 3834 1373 3861 ο
1407 3825 1484 3885 είς
1515 3823 1614 3893 τὴν
1640 3824 1761 3892 ἐορ-

169 3914 291 3985 τήν.
323 3914 435 3982 Τῆς
474 3914 665 3983 φήμης
692 3907 783 3964 οῦν
814 3910 1174 3981 διαδοθείσης,
1201 3907 1454 3975 λέγουσι’
1495 3907 1761 3975 Θέλομεν

171 3997 277 4048 τὸν
324 3994 570 4064 Ἰησοῦν
613 3994 779 4048 ἰδεῖν.
825 3994 882 4046 Ὀ
928 3993 985 4046 δέ
1022 3993 1287 4053 Φίλιππος
1329 3994 1650 4060 παραχωρεῖ
1682 3988 1760 4058 τῷ

186 4079 426 4149 Ἀνδρέα,
461 4078 557 4131 ἆτε
596 4079 701 4149 πρὸ
738 4077 904 4132 αὑτοῦ
936 4077 1068 4142 ὄντι,
1117 4075 1213 4128 καὶ
1254 4074 1315 4127 τὸ
1344 4075 1577 4145 πρᾶγμα
1613 4072 1761 4143 αύτῷ

173 4164 465 4217 κοινοῦται.
519 4163 658 4215 Ἀλλ’
690 4164 809 4216 οὐδὲ
844 4157 995 4225 οὗτος
1033 4160 1219 4221 ἁπλῶς
1252 4158 1533 4212 αύθεντεῖ⁹
1558 4159 1761 4227 ἤκουσε

173 4246 296 4316 γὰρ,
341 4247 424 4298 ὅτι
457 4248 562 4310 Εἰς
589 4245 735 4300 ὁδὸν
759 4245 951 4301 ἐθνῶν
976 4244 1061 4313 μὴ
1111 4244 1430 4309 ἀπέλθητε.
1476 4240 1574 4294 Διά
1604 4242 1762 4295 τοῦτο

175 4328 312 4399 μετὰ
328 4328 421 4382 τοῦ
459 4328 704 4399 μαθητοῦ
732 4330 1155 4398 κοινωσάμενος,
1186 4325 1266 4395 τῷ
1292 4325 1601 4394 διδασκάλῳ
1631 4327 1762 4378 ἀνα-

173 4411 351 4482 φέρει·
390 4412 691 4482 ἀμφότεροι
722 4411 832 4482 γὰρ
879 4407 1033 4463 εἷπον
1074 4408 1244 4478 αύτῷ.
1293 4408 1351 4462 Ὀ
1382 4409 1439 4461 δὲ
1472 4408 1524 4461 τί
1558 4425 1759 4479 φησιν;

171 4488 398 4549 Ἦλθεν
413 4497 452 4562 ἡ
478 4494 618 4562 ὥρα,
635 4496 735 4547 ἵνα
764 4492 1037 4561 δοξασθῇ
1061 4497 1093 4547 ό
1130 4492 1262 4557 Υἱὸς
1286 4492 1393 4546 τοῦ
1420 4492 1755 4559 ἀνθρώπου.

186 4580 322 4634 Ἐὰν
346 4579 435 4648 μὴ
468 4585 502 4635 ό
527 4583 747 4644 κόκκος
779 4580 885 4634 τοῦ
926 4586 1100 4633 σίτου
1131 4578 1339 4632 πεσὼν
1367 4580 1451 4643 εἰς
1486 4578 1601 4645 τὴν
1643 4577 1762 4645 γῆν

172 4663 467 4731 ἀποθάνῃ,
509 4664 695 4729 αὐτὸς
719 4664 905 4733 μόνος
936 4662 1125 4733 μένει.
1157 4662 1222 4715 Τί
1256 4663 1425 4723 ἐστιν,
1464 4656 1691 4715 Ἦλθεν
1722 4662 1758 4729 ἡ

172 4745 289 4813 ὥρα
308 4763 328 4810 ;
351 4749 595 4815 Ἔλεγεν,
619 4749 721 4812 Είς
752 4747 897 4802 όόὸν
918 4747 1110 4801 ἐθνῶν
1132 4745 1218 4816 μὴ
1239 4747 1561 4811 ἀπέλθητε,
1578 4748 1759 4799 πᾶσαν

175 4828 610 4903 [59ηέγκόπτων
631 4829 1023 4899 ἀγνωμοσύνης
1044 4830 1315 4901 πρόφασιν
1334 4828 1444 4882 ἀπὸ
1467 4828 1755 4891 Ἰουδαίων,

172 4916 266 4971 καὶ
294 4916 545 4982 κατεῖχεν
575 4912 791 4975 αὐτούς.
832 4914 985 4966 Ἐπεὶ
1013 4908 1104 4965 οὖν
1138 4913 1402 4981 ἐπέμενον
1431 4905 1577 4964 οῦτοι
1599 4912 1758 4964 ἀπει-

174 5001 411 5061 θοῦντες,
436 4999 633 5051 ἐκεῖνοι
658 4996 715 5049 δὲ
734 4996 1015 5051 ἐϐούλοντο
1039 4996 1380 5067 προσελθεῖν,
1413 4995 1620 5066 Kazpbg
1653 4996 1761 5049 λοι-
1804 5038 1809 5043 .

174 5084 293 5147 πον,
315 5083 502 5153 φησὶν,
532 5082 625 5134 ἐπὶ
648 5081 709 5133 τὸ
733 5079 903 5143 πάθος
932 5080 1128 5141 ἐλθεῖν,
1151 5081 1368 5133 πάντων
1392 5079 1571 5147 πεπλη
1582 5080 1760 5149 ρωμέ-

173 5184 296 5220 νων.
353 5168 412 5220 El
446 5166 556 5237 γὰρ
609 5163 894 5235 μέλλοιμεν
938 5163 1150 5227 τούτοις
1190 5164 1289 5232 μὲν
1336 5163 1430 5215 καὶ
1470 5162 1759 5215 ἀπειθοῦσι

174 5248 576 5322 προσεδρεύειν,
605 5248 845 5310 ἐκείνους
869 5247 925 5299 δὲ
961 5247 1054 5299 καὶ
1085 5245 1439 5315 βουλομένους
1472 5244 1546 5315 μὴ
1586 5262 1757 5316 προσ-

177 5335 367 5392 ίεσθαι.
416 5334 610 5399 ἀνάξια
648 5334 747 5402 τῆς
786 5332 1062 5402 ἡμετέρας
1108 5330 1262 5383 ἐσται
1306 5329 1476 5383 ταῦτα
1524 5330 1760 5401 κηδεμο-

174 5420 307 5483 νίας.
342 5418 498 5472 Ὲπεὶ
522 5414 616 5472 οῦν
640 5417 865 5489 ἔμελλεν
893 5417 1125 5486 ἀφήσειν
1147 5415 1273 5477 τοῦς
1302 5413 1550 5483 μαθητάς
1570 5416 1664 5468 ἐπὶ
1691 5416 1759 5468 τά

174 5502 298 5573 ἔθνη
350 5502 535 5555 λοιπὸν
570 5501 705 5554 ίέναι
739 5500 878 5569 μετά
906 5502 997 5552 τὸν
1043 5497 1297 5568 σταυρὸν,
1331 5499 1433 5569 ὁρᾷ
1473 5498 1531 5551 δέ
1561 5499 1757 5561 αὐτοὺς

176 5586 587 5659 προπηδῶντας,
619 5586 785 5656 φησί·
817 5584 1021 5654 Καιρὸς
1054 5583 1146 5635 ἐπὶ
1178 5582 1268 5636 τὸν
1297 5583 1529 5653 σταυρὸν
1559 5583 1753 5637 ἐλθεῖν.

173 5669 248 5725 Οὐ
281 5670 545 5741 πρότερον
572 5670 683 5739 γὰρ
707 5670 905 5730 αὐτοὺς
934 5669 1136 5729 εἴασεν,
1170 5667 1257 5719 ἴνα
1344 5667 1422 5729 είς
1457 5667 1759 5737 μαρτύριον

172 5753 372 5815 αὐτοῖς.
402 5751 546 5815 Ἕως
568 5751 676 5817 γάρ
697 5750 785 5805 διὰ
812 5751 920 5804 τῶν
953 5751 1129 5821 ἔργων
1159 5750 1319 5804 αὑτὸν
1346 5748 1753 5819 διεκρούσαντο,

233 5944 257 5974 ⁸
300 5942 398 5992 Αιὶἰ
445 5941 557 5991 οὐδὲ
602 5941 748 6004 ,τοῦτο
796 5943 989 6001 ᾐδεσαν.
1057 5942 1084 5981 ιν
1123 5943 1355 5991 Nonnulli
1414 5943 1745 6004 ὶκπομπεύων.

174 6011 197 6038 ε
238 6004 562 6068 8ονὶ1.ᾔεσαν
601 6003 868 6065 legendum
902 6006 1171 6067 supicalur,
1218 6011 1376 6054 recte.

1175 370 1240 425 ιχ
1276 367 1596 425 ιοΑδΝειι
1636 365 1869 423 1101111..
1913 363 2098 443 1.xy1.
2135 366 2205 421 al.
2237 364 2397 421 LXV.

3354 359 3458 416 568

1870 477 1977 544 ιως
2011 478 2173 533 αὑτὸν
2202 477 2579 550 ἐσταύρωσαν,
2619 475 2721 530 οὒκ
2741 471 2885 537 εἷπε,
2933 472 3466 543 Πορευθέντες-μη-

1870 563 2203 629 θητεύσατε
2233 562 2434 615 πάντα
2466 559 2539 613 τὰ
2570 560 2720 629 ἔθνη
2741 600 2756 625 ,
2790 556 2929 619 ἀλλ’,
2957 557 3061 622 Εἰς
3095 555 3241 611 όδόν
3272 556 3468 611 ἐθνῶν
3512 610 3513 613 η

1866 642 1955 713 μὴ
1982 642 2283 712 ἀπέλθητε
2305 659 2320 674 ·
2355 645 2472 708 καὶ,
2514 644 2637 697 Οὐκ
2665 638 3044 706 ἀπεστάλην,
3075 640 3128 693 εὶ
3150 638 3239 708 μὴ
3272 641 3362 706 εις
3394 641 3469 695 τὰ

1870 728 2136 796 πρόϐατα
2166 728 2240 782 τὰ
2268 726 2629 782 ἀπολωλότα
2658 724 2833 779 οἴκου
2873 720 3122 791 Ἰσραήλ
3140 738 3154 753 ο
3193 722 3307 786 καὶ,
3342 724 3466 776 Οὐκ

1868 808 2002 864 ἐστι
2055 810 2249 864 καλὸν
2290 811 2503 864 λαϐεῖν
2547 807 2656 863 τὸν
2696 807 2884 875 ἄρτον
2929 803 3049 858 τῶν
3078 804 3326 868 τέκνων,
3363 806 3465 858 καὶ

1868 891 2080 947 δοῦναι
2110 893 2233 960 τοῖς
2262 893 2595 959 κυναρίοις.
2638 890 2859 963 Ἐπειδὴ
2888 889 2948 943 δέ
2983 888 3256 961 ἐμίσησαν
3277 888 3463 951 αὐτὸν,

1869 976 1965 1029 καὶ
1988 975 2162 1039 οὕτως
2205 977 2476 1047 ἐμίσησαν
2520 975 2598 1041 ὡς
2640 975 2874 1038 ἀνελεῖν,
2905 973 3165 1045 περιττὸν
3194 968 3263 1045 ἦν
3294 989 3467 1045 προσ-

1869 1056 2111 1130 εδρεύειν
2159 1058 2599 1130 διακρουομένων
2628 1057 2873 1112 ἐκείνων.
2919 1058 3029 1110 Kal
3061 1056 3173 1126 γάρ
3210 1057 3457 1129 παρῃτη-

1871 1158 2034 1195 σαντο
2080 1143 2242 1196 αὐτὸν
2289 1143 2577 1225 λέγοντεςθ
2638 1142 2761 1195 οὐκ
2813 1140 3037 1211 ἔχομεν
3068 1139 3359 1207 βασιλέα,
3411 1141 3465 1195 εί

1861 1228 1951 1297 μὴ
1988 1230 2277 1298 Καίσαρα.
2314 1230 2450 1283 Τότε
2476 1228 2541 1301 δὴ
2568 1227 2756 1283 λοιπὸν
2782 1229 2983 1293 αὐτοὺς
3010 1228 3248 1300 ἀφῆκεν,
3272 1229 3463 1301 ἐπειδὴ

1868 1313 2023 1366 αὐτοὶ
2059 1314 2297 1385 ἀφῆκαν.
2330 1313 2429 1367 Διά
2472 1312 2633 1366 τοῦτο
2658 1311 2807 1381 λέγει
2827 1329 2841 1342 ο
2889 1312 3157 1380 Ποσάκις
3188 1312 3467 1381 ἠθέλησα

1867 1396 2339 1467 ἐπισυναγαγεῖν
2385 1396 2460 1451 τὰ
2495 1395 2679 1451 τέκνα
2721 1396 2908 1466 ὑμῶν.
2956 1396 3055 1451 καί
3088 1398 3202 1451 οὐκ
3239 1396 3459 1464 ἠθελιὶ-

1866 1487 2055 1541 σατεί
2108 1487 2174 1540 Τί
2220 1488 2400 1543 ἐστιν·
2450 1477 2513 1541 ’ὁ
2564 1488 2786 1552 κόκκος
2832 1486 2942 1542 τοῦ
2990 1486 3189 1549 σίτου,
3232 1486 3343 1540 ἐὰν
3376 1490 3465 1555 μὴ

1868 1569 2077 1624 πεσὼν
2125 1569 2433 1638 ἀποθάνω
2484 1570 2621 1641 Περὶ
2671 1569 2767 1623 τοῦ
2826 1569 3065 1642 σταυροῦ
3118 1571 3288 1639 λέγει.
3346 1572 3465 1623 ἰνα

1867 1653 1978 1723 γὰρ
2007 1652 2082 1723 μὴ
2106 1653 2447 1726 θορυϐῶνται
2482 1653 2789 1718 ἐννοοῦντες
2814 1654 2918 1715 ὅτι,
2948 1654 3037 1708 ὅτε
3077 1654 3183 1708 καὶ·
3205 1652 3466 1719 Έλληνες

1869 1737 2197 1809 προσῆλθον,
2228 1737 2353 1791 τότε
2386 1736 2651 1809 ἀνῃρέθη,
2680 1736 2853 1805 λέγει*
2884 1737 3026 1790 Λύτδ
3057 1736 3156 1807 μὲν
3180 1732 3274 1790 οῦν
3306 1736 3467 1791 τοῦτο

1870 1819 2111 1890 μάλιστα
2157 1820 2360 1883 αὐτοὺς
2396 1822 2540 1873 ποιεῖ
2584 1819 2935 1890 προσελθεῖν.
2992 1821 3086 1873 καὶ
3122 1820 3352 1891 αὐξήσει
3404 1819 3467 1872 τὸ

1868 1903 1937 1972 κή
1949 1919 2136 1974 ρυγμα
2167 1903 2229 1956 τὸ
2251 1904 2403 1974 ἐμόν.
2436 1899 2591 1964 Εἶτα,
2614 1903 2803 1975 ἐπειδὴ
2837 1903 2946 1957 ἀπὸ
2970 1902 3143 1967 λόγων
3173 1903 3273 1972 οὐχ
3293 1902 3465 1963 οὕτως

1866 1985 2104 2044 ἔπειθεν.
2135 1985 2245 2039 ἀπὸ
2276 1986 2374 2057 τῆς
2399 1986 2510 2040 τῶν
2549 1988 2892 2058 πραγμάτων
2934 1986 3133 2057 πείρας
3162 1986 3294 2041 αὐτὸ
3328 1986 3466 2058 μεθ-

1865 2068 2041 2123 οδεύει
2085 2069 2263 2139 λέγων
2285 2086 2300 2102 ⁶
2361 2071 2515 2124 Ἐπεὶ
2547 2072 2643 2125 καὶ
2674 2073 2733 2124 ἐν
2762 2070 2841 2141 τῷ
2867 2071 3001 2140 σίτῳ
3029 2070 3191 2125 τοῦτο
3217 2071 3460 2139 γίνεται·

1870 2152 2069 2224 μᾶλλον
2112 2152 2267 2225 φέρει
2307 2153 2540 2224 καρπὸν,
2572 2154 2703 2207 ὅταν
2748 2154 3019 2227 ἀποθάνῃ.
3074 2155 3140 2207 Εἰ
3172 2154 3231 2207 δὲ
3260 2155 3321 2208 ἐν
3350 2156 3467 2217 τοῖς

1867 2237 2147 2308 σπέρμασι
2178 2236 2361 2303 τοῦτο,
2411 2237 2591 2308 πολλῷ
2625 2237 2827 2309 μᾶλλον
2876 2240 2934 2291 ἐν
2979 2238 3125 2308 ἐμοί.
3177 2239 3318 2292 Ἀλλ’
3361 2240 3464 2293 οὐκ

1863 2319 2065 2390 ᾔδεσαν
2097 2321 2148 2373 οί
2185 2319 2429 2391 μαθηταὶ
2475 2321 2545 2375 τὰ
2592 2320 2884 2391 λεγόμενα.
2919 2321 3012 2373 Διὸ
3043 2320 3285 2393 συνεχῶς
3329 2322 3464 2375 αὐτὸ

1864 2402 2079 2473 τίθησιν
2131 2405 2161 2458 6
2212 2404 2630 2476 εὐαγγελιστὴς,
2683 2404 3122 2476 ἀπολογούμενος
3173 2406 3315 2475 ὑπὲρ
3364 2407 3463 2477 τῆς

1869 2487 2011 2556 μετά
2039 2486 2213 2541 ταῦτα
2242 2488 2441 2559 φυγῆς.
2469 2488 2672 2543 Τοῦτον
2698 2490 2793 2543 καὶ
2820 2489 2947 2561 περὶ
2981 2492 3080 2561 τῆς
3110 2489 3463 2552 ἀναστάσεως

1864 2568 2246 2638 διαλεγόμενος
2273 2574 2303 2625 6
2328 2571 2543 2635 Παῦλος
2568 2573 2660 2625 τὸν
2687 2572 2846 2641 λόγον
2879 2572 3122 2643 ἐκίνησε.

1936 2659 2005 2721 γ’.
2045 2654 2211 2708 Ποίαν
2249 2651 2343 2709 οῦν
2394 2656 2606 2723 ἕξουσιν
2645 2656 2942 2726 ἀπολογίαν
2980 2660 3030 2710 οί
3060 2660 3129 2728 τῇ
3167 2658 3465 2712 ἀναστάσει

1864 2736 2294 2803 διαπιστοῦντες,
2322 2741 2379 2793 ἐν
2405 2743 2517 2805 τοῖς
2542 2745 2824 2813 σπέρμασι
2854 2741 2948 2795 τοῦ
2974 2742 3303 2813 πράγματος
3342 2742 3462 2796 καθ’

1865 2822 2104 2893 ἑκάστην
2135 2823 2517 2893 μελετωμένου
2540 2824 2641 2895 τὴν
2664 2825 2903 2895 ἡμέραν,
2933 2826 3028 2878 καὶ
3048 2827 3106 2877 ἐν
3135 2828 3342 2895 φυτοῖς,
3369 2828 3465 2879 καὶ

1866 2905 1959 2956 ἐπὶ
1991 2905 2090 2975 τῆς
2134 2905 2404 2972 γενέσεως
2433 2906 2535 2976 τῆς
2580 2908 2892 2977 ήμετέρας;
2931 2907 3204 2980 Πρότερον
3235 2908 3346 2980 γὰρ
3383 2908 3468 2962 δεῖ

1867 2989 2140 3062 φθαρῆναι
2197 2991 2259 3044 τὸ
2309 2993 2550 3063 σπέρμα,
2587 2994 2682 3046 καὶ
2732 2993 2856 3063 τότε
2911 2992 3169 3061 γενέσθαι
3224 2993 3461 3062 γένεσιν.

1868 3054 2047 3137 ’Ὄλως
2088 3073 2147 3127 δὲ
2176 3075 2307 3127 ὅταν
2356 3076 2386 3127 6
2419 3054 2569 3138 ’Θεός
2604 3091 2656 3129 τι
2702 3054 2853 3146 ποῖῇ,
2896 3054 3175 3146 λογισμῶν
3215 3054 3317 3137 οὐκ
3349 3077 3465 3129 ἐστι

1866 3157 2043 3227 χρεία.
2082 3156 2206 3221 Πῶς
2239 3157 2349 3227 γάρ
2379 3156 2439 3222 ἐξ
2470 3158 2572 3211 οὐκ
2605 3158 2775 3212 ὄντων
2800 3160 2951 3230 ἡμᾶς
2983 3158 3241 3229 ἐποίησες
3281 3158 3468 3213 Ταῦτα

1867 3242 2005 3310 πρὸς
2035 3242 2077 3294 Χ
2086 3242 2400 3310 ριστιανοὺς
2421 3241 2586 3309 λέγω,
2606 3243 2733 3305 τοὺς
2754 3241 3014 3311 λέγοντας
3034 3242 3317 3297 πείθεσθαι
3334 3244 3467 3316 Γρα-

1866 3328 2010 3393 φαῖς.
2056 3324 2201 3393 Ἐγὼ
2222 3324 2279 3379 δὲ
2306 3327 2401 3379 καὶ
2424 3326 2613 3395 ἕτερον
2647 3325 2758 3396 ἐρῶ
2792 3326 2902 3380 ἀπὸ
2930 3326 3210 3398 λογισμῶν
3243 3327 3457 3400 ἀνθρω-

1864 3409 2056 3462 πίνων.
2111 3408 2234 3461 Τῶν
2286 3408 2592 3479 ἀνθρώπων
2638 3410 2688 3463 οί
2722 3409 2821 3479 μὲν
2853 3410 2911 3462 ἐν
2944 3409 3115 3481 κακίᾳ
3159 3410 3465 3479 διάγουσιν,

1864 3494 1914 3547 οί
1963 3493 2020 3546 δὲ
2051 3495 2109 3547 ἐν
2152 3494 2343 3564 ἀρετῇ.
2393 3493 2555 3547 Ἀλλὰ
2602 3494 2713 3547 τῶν
2753 3494 2813 3548 ἐν
2863 3496 3032 3565 κακίᾳ
3078 3494 3468 3566 διατριϐόντων

1866 3576 2052 3630 πολλοὶ
2098 3579 2179 3639 εἰς
2212 3576 2438 3645 ἔσχατον
2469 3578 2649 3653 γῆρας
2686 3573 2851 3647 ἦλθον
2902 3578 3302 3643 εύπαθοῦντες’
3354 3580 3466 3634 τῶν

1863 3659 1920 3712 δὲ
1961 3661 2020 3714 ἐν
2057 3660 2250 3730 ἀρετῇ,
2281 3662 2350 3712 τὰ
2392 3660 2611 3713 ἐναντία
2641 3660 3059 3729 ὑπομείναντες.
3100 3661 3237 3715 Πότε
3270 3658 3365 3716 οῦν
3396 3664 3468 3718 τά

1865 3744 1987 3797 κατ’
2030 3744 2192 3807 ἀξίαν
2248 3743 2589 3813 ἀπολήψεται
2631 3744 2900 3809 ἐκαστοςς
2954 3748 3012 3799 ἐν
3062 3745 3203 3815 ποίῳ
3250 3747 3465 3818 καιρῷ;

1865 3828 1994 3886 Nal.
2048 3828 2246 3897 φησίν
2301 3828 2438 3880 ἀλλὰ
2484 3827 2756 3899 σωμάτων
2799 3831 2901 3883 ούκ
2947 3828 3095 3881 ἐστιν
3142 3829 3462 3895 ἀνάστασις.

1865 3911 1980 3963 Οὐκ
2009 3910 2269 3964 ἀκούουσι
2299 3910 2392 3963 τοῦ
2422 3909 2635 3964 Παύλου
2667 3911 2947 3978 λέγοντος·
2979 3912 3082 3965 Δεῖ
3110 3913 3173 3966 τὸ
3200 3916 3466 3982 φθαρτὸν

1868 3995 2044 4048 τοῦτο
2107 3993 2485 4048 ἐνδύσασθαι
2534 3994 2917 4071 ἀφθαρσίαν;
2973 3996 3048 4048 Οὐ
3105 3997 3234 4066 περὶ
3283 3997 3463 4068 ψυχῆς

1865 4077 2009 4143 (οὐδὲ
2043 4075 2154 4147 γάρ
2185 4077 2468 4145 φθείρεται
2512 4078 2545 4145 ἡ
2587 4077 2792 4148 ψυχή)·
2830 4079 2925 4131 καὶ
2967 4078 3265 4143 ἀνάστασις
3307 4078 3461 4153 [398]

1862 4161 1919 4213 δέ
1942 4159 2037 4212 τοῦ
2074 4160 2427 4221 πεπτωκότος
2456 4159 2676 4228 λέγεται
2695 4177 2709 4191 ’
2740 4160 2904 4214 ἔπεσε
2922 4162 2979 4215 δὲ
3004 4163 3068 4216 τὸ
3099 4164 3281 4234 σῶμα.
3308 4165 3462 4217 Διατί

1863 4244 1920 4297 δὲ
1946 4246 2007 4297 ού
2040 4244 2218 4314 βούλει
2240 4243 2537 4297 ἀνάστασιν
2568 4240 2707 4298 εἶναι
2731 4244 3269 4316 σῶματος;Πότερον
3297 4248 3357 4301 ού
3378 4248 3463 4301 δυο

1863 4328 2021 4382 νατον
2039 4327 2119 4396 τῷ
2138 4326 2287 4396 Θεῷ;
2322 4326 2482 4380 Ἀλλά
2503 4328 2663 4382 τοῦτο
2684 4329 2783 4399 μὲν
2804 4330 3042 4399 ἐσχάτης
3059 4331 3243 4395 ἀνοίας
3260 4332 3456 4401 λέγειν.

1878 4412 2017 4464 Ἀλλ’
2031 4411 2091 4465 οὐ
2110 4414 2311 4480 πρέπει
2334 4429 2347 4474 ;
2370 4411 2523 4464 Διατί
2539 4413 2600 4464 οὐ
2623 4413 2828 4482 πρέπει
2846 4414 2908 4466 τὸ
2926 4413 3166 4483 φθαρτὸν
3185 4416 3280 4469 καὶ
3298 4417 3460 4471 πόνου

1864 4499 1957 4547 καὶ
1986 4493 2220 4547 θανάτου
2255 4494 2615 4563 κοινωνῆσαν,
2641 4497 2969 4565 κοινωνῆσαι
3000 4497 3097 4549 καὶ
3119 4497 3229 4550 τῶν
3253 4501 3459 4568 στεφά-

1863 4594 2004 4641 νων;
2052 4578 2115 4631 Εἰ
2160 4580 2269 4645 γὰρ
2304 4579 2379 4645 μὴ
2410 4576 2669 4648 ἔπρεπεν,
2699 4578 2808 4631 οὐδ’
2845 4579 2912 4632 ἂν
2950 4579 3104 4651 παρὰ
3139 4579 3239 4650 τὴν
3286 4583 3463 4653 ἀρχὴν

1862 4660 2099 4727 ἐγένετο,
2136 4662 2238 4713 οῦκ
2288 4661 2354 4712 ἀν
2386 4660 2567 4731 σάρκα
2602 4662 2767 4725 αὐτὸς
2811 4662 3091 4717 ἀνέλαϐεν.
3126 4664 3249 4717 Ὅτι
3280 4665 3464 4723 δὲκαὶ

1862 4743 2114 4805 ἀνέλαϐε,
2171 4743 2266 4795 καὶ
2314 4743 2486 4813 αὐτὴν
2534 4745 2856 4816 ἀνέστησεν,
2910 4748 3145 4801 ἄκουσον
3191 4748 3244 4800 τί
3292 4766 3461 4816 9:130:-

1863 4827 2023 4880 Βάλε
2057 4826 2200 4893 τοὺς
2234 4826 2598 4894 δακτύλους,
2633 4830 2733 4883 καί
2772 4829 2884 4894 ίὸε,
2919 4831 3009 4884 ὅτι
3045 4832 3285 4900 πνεῦμα
3310 4830 3466 4887 ὀστᾶ.

1864 4912 1962 4965 καί
1984 4912 2169 4979 ref-pa
2190 4914 2302 4965 οὐκ
2324 4911 2470 4979 ἔχει.
2499 4913 2653 4966 Διατί
2674 4914 2731 4967 δέ
2749 4915 2841 4968 τὸν
2866 4916 3120 4986 Λάζαρον
3138 4918 3461 4989 ἀνέστησεν,

1863 4998 1910 5047 εί
1943 4994 2152 5064 βέλτιον
2182 4991 2251 5064 ἦν
2276 4996 2447 5065 χωρὶς
2477 4994 2729 5067 σώματος
2763 4998 3065 5069 ἀναστῆναι
3090 5017 3103 5064 ς
3129 5000 3182 5051 τί
3211 5004 3271 5054 ἐν
3310 5001 3464 5067 τάξει

1866 5078 2096 5147 σημείου
2118 5078 2213 5132 καὶ
2242 5079 2564 5148 εὐεργεσίας
2593 5080 2728 5133 αὐτὸ
2759 5078 2931 5145 ποιεῐ;
2972 5082 3025 5135 τί
3052 5083 3108 5136 δὲ
3133 5084 3269 5147 ὅλως
3290 5085 3465 5138 ἔδωκε

1861 5162 2099 5231 τροφάς;
2138 5160 2221 5231 Μὴ
2267 5162 2447 5214 τοίνυν
2493 5164 2777 5217 ἀπατάτθε
2818 5167 2971 5236 παρά
3004 5168 3116 5221 τῶν
3144 5170 3459 5239 αίρετικῶν,

1862 5244 2157 5311 ἀγαπητοί.
2198 5245 2309 5297 Καὶ
2337 5244 2447 5315 γὰρ
2480 5247 2776 5312 ἀνάστασίς
2810 5251 2948 5317 ἐστι,
2977 5254 3070 5305 καὶ
3111 5253 3292 5322 κρίσις
3319 5255 3455 5309 ἐστί.

1863 5329 1906 5380 Τ
1910 5327 2052 5381 αῦτα
2079 5328 2137 5381 δὲ
2165 5329 2500 5400 ἀναιροῦσιν,
2535 5332 2651 5385 ὅσοι
2677 5332 2754 5403 μὴ
2786 5332 3071 5401 βούλονται
3102 5338 3458 5408 δοῦναιλόγον

1862 5410 1970 5463 τῶν
2009 5411 2438 5481 πεπραγμένων.
2478 5414 2588 5467 Kal
2623 5414 2733 5487 γάρ
2770 5416 2854 5469 δεῖ
2883 5417 2982 5489 τὴν
3015 5421 3316 5476 ἀνάστασιν
3348 5440 3459 5476 τοι·

1861 5493 2033 5563 αύτην
2059 5490 2219 5557 εἶναι,
2245 5494 2332 5550 οἵα
2357 5495 2581 5562 γέγονεν
2604 5499 2636 5567 ή
2666 5498 2759 5551 τοῦ
2783 5500 3044 5572 Χριστοῦ.
3073 5505 3322 5576 Ἀπαρχὴ
3348 5505 3459 5575 γὰρ

1862 5580 2090 5641 ἐκεῖνος,
2123 5577 2219 5630 καὶ
2249 5579 2593 5649 πρωτότοκος
2614 5582 2724 5635 ἀπὸ
2752 5584 2861 5637 τῶν
2887 5588 3119 5658 νεκρῶν.
3158 5590 3219 5642 El
3246 5590 3305 5641 δὲ
3327 5590 3457 5645 ἀνά-

1863 5677 2054 5724 στασις
2083 5661 2243 5714 τοῦτό
2284 5664 2422 5724 ἐστι,
2464 5664 2644 5734 ψυχῆς
2680 5667 2982 5739 καθαρμὸς,
3036 5672 3133 5725 καὶ
3170 5673 3459 5743 ἁμαρτιῶν

1860 5744 2172 5830 ἀπαλλαγὴ,
2220 5748 2249 5799 6
2283 5746 2341 5799 δὲ
2388 5747 2623 5817 Χριστὸς
2660 5750 2758 5819 οὐχ
2796 5752 3035 5823 ἥμαρτε.
3076 5754 3192 5818 πῶς
3219 5757 3455 5830 ἀνέστη;

1861 5827 1979 5891 πῶς
2006 5830 2167 5899 ἡμεῖς
2190 5830 2288 5900 τῆς
2318 5833 2564 5901 κατάρας
2590 5831 3153 5908 ἀπηλλάγημεν,εί’γε
3182 5841 3275 5893 καὶ
3293 5827 3455 5906 αὐτός

1859 5913 2109 5986 ἦμαρτε;
2139 5916 2257 5978 πῶς
2299 5915 2355 5968 δὲ
2391 5916 2567 5984 λέγει·
2598 5919 2877 5987 Ἔρχεται
2906 5919 2939 5975 ό
2976 5922 3177 5991 ἅρχων
3217 5923 3324 5978 τοῦ
3354 5928 3453 5980 κό-

1860 6014 2021 6069 σμου
2056 6002 2292 6058 τούτου.
2330 6002 2427 6056 καί
2455 6003 2525 6057 ἐν
2554 6002 2685 6073 ἐμοὶ
2714 6008 2825 6061 οὐκ
2855 6006 2981 6077 ἔχει
3021 6008 3236 6077 οὺδέν;
3266 6011 3452 6066 Ταῦτα
