4054 6434
181 368 290 425 3:39

177 485 261 537 δτι
287 481 473 556 (Joan.
499 483 592 542 ΞΟ.
622 483 740 556 27).
767 484 876 539 Cur
899 482 1160 538 Lazarum
1191 481 1488 549 suscitavit,
1517 486 1563 539 si
1592 485 1786 540 melius

176 584 299 630 erat
324 573 446 629 sine
471 589 701 644 corpore
732 590 1012 645 resurgere
1030 575 1056 627 ?
1080 591 1177 629 cur
1203 575 1342 630 inter
1364 576 1512 645 signa
1539 583 1594 630 et
1618 574 1788 630 bene-

178 668 308 722 ﬁcia
341 669 444 724 hoc
473 669 692 739 posuit?
726 685 824 725 cur
849 670 1000 725 cibos
1024 669 1294 738 prmbuit?
1322 669 1400 725 Ne
1424 670 1621 740 itaque,
1646 669 1783 725 dile-

172 760 283 827 cti,
317 761 388 815 ab
413 761 681 817 haereticis
707 761 1066 831 dwipiamini.
1093 761 1160 816 Et
1188 760 1535 828 resurrectio,
1563 770 1618 816 et
1640 760 1783 831 judio

172 854 325 906 cimn
355 865 460 908 est.
498 854 623 909 llaec
647 863 824 909 autem
854 852 922 908 de
952 852 1130 909 medio
1163 852 1353 907 tollunt
1383 862 1644 924 quotquot
1682 869 1784 908 no-

176 942 299 997 lunt
327 959 555 1013 operum
581 959 799 998 suorum
830 945 1089 999 rationem
1119 943 1367 1000 reddere.
1396 944 1621 1013 Oportet
1639 944 1782 999 enim

176 1034 640 1089 resurrectionem
690 1034 846 1089 talem
897 1050 1057 1101 esse,
1102 1038 1273 1106 qualis
1319 1036 1419 1092 fuit
1465 1038 1785 1093 resurrectio

175 1125 405 1180 Christi.
435 1126 694 1182 Primitias
722 1127 862 1182 enim
895 1125 993 1181 ille
1011 1138 1113 1192 est,
1143 1139 1200 1184 et
1225 1129 1611 1200 primogenitu‘s
1641 1145 1786 1184 mor-

176 1224 421 1270 tuorum.
454 1217 610 1284 Quod
646 1217 692 1272 si
733 1220 1053 1273 resurrectio
1093 1227 1176 1274 est
1193 1221 1396 1307 έιιιίπιω
1427 1220 1696 1289 purgatio,
1730 1229 1785 1275 et

178 1310 432 1364 liberatio
459 1326 488 1362 a
521 1311 791 1379 peccatis;
820 1309 1065 1365 Christus
1093 1327 1220 1366 vero
1248 1330 1353 1367 non
1385 1314 1625 1382 peccavit
1650 1331 1661 1364 :
1687 1329 1784 1368 cur

175 1401 529 1456 resurrexit?
555 1402 825 1471 quomodo
853 1416 951 1456 nos
977 1418 1006 1455 a
1041 1403 1416 1458 maledictione
1451 1404 1658 1459 liberati
1689 1419 1784 1459 su-

175 1508 322 1555 mus,
356 1493 400 1546 si
433 1494 548 1562 ipse
575 1494 853 1562 peccavit?
880 1495 1151 1563 quomodo
1179 1495 1330 1562 dicit,
1370 1493 1513 1550 Venit
1551 1497 1785 1569 princeps

177 1583 342 1655 hujus
374 1585 574 1649 mundi,
605 1595 654 1638 et
679 1585 734 1638 in
762 1601 843 1639 me
866 1603 967 1640 non
994 1587 1140 1641 habet
1173 1587 1450 1658 quidquam
1477 1587 1660 1660 (Joan.
1692 1590 1781 1645 14.

176 1672 316 1742 30)?
337 1672 475 1727 Nam
505 1673 610 1729 hoc
635 1673 1131 1743 impeccabilitatem
1161 1676 1280 1746 ejus
1307 1677 1589 1748 significat.
1622 1679 1786 1748 Igitur

177 1765 484 1820 secundum
521 1765 662 1833 illos,
690 1775 784 1822 aut
823 1784 928 1823 non
966 1771 1222 1835 surrexit,
1253 1772 1334 1825 vel
1368 1780 1427 1825 ut
1457 1781 1780 1842 resurgeret,

175 1865 308 1910 ante
355 1859 808 1913 resurrectionem
851 1860 1109 1928 peccavit.
1141 1858 1246 1916 Sed
1288 1871 1341 1917 et
1373 1865 1697 1928 resurrexit,
1729 1875 1784 1919 et

177 1955 464 2015 peccatum
510 1963 617 2004 non
661 1949 803 2006 fecit.
847 1951 987 2022 Ergo
1020 1953 1350 2022 resurrexit;
1379 1965 1432 2011 et
1472 1957 1588 2012 haec
1618 1973 1780 2025 prava

177 2037 431 2092 doctrina
470 2039 604 2094 nihil
639 2040 784 2096 aliud
817 2053 901 2098 est
939 2059 1100 2113 quam
1147 2045 1319 2100 inanis
1356 2047 1539 2117 gloriae
1583 2051 1780 2118 proles.

180 2127 340 2184 Hunc
366 2143 497 2200 ergo
525 2130 772 2186 morbum
801 2131 1084 2204 fugiamus.
1107 2136 1241 2192 Nam
1265 2135 1608 2208 Corrumpunt
1627 2143 1784 2196 bonos

178 2232 346 2275 mores
371 2221 626 2292 colloquia
651 2241 806 2293 praua
833 2226 908 2295 (ί.
941 2224 1061 2282 Cor.
1093 2227 1180 2284 15.
1212 2228 1323 2298 35).
1355 2230 1470 2286 Non
1511 2242 1635 2287 sunt
1666 2231 1783 2288 haec

177 2310 552 2380 apostolorum
577 2312 846 2384 dogmata.
875 2315 1110 2373 Marcion
1142 2328 1198 2374 et
1224 2320 1536 2378 Valentinus
1564 2325 1679 2380 lucc
1705 2326 1784 2379 in-

181 2412 475 2459 novarunt.
506 2404 798 2477 Fugiamus
826 2424 990 2480 ergo,
1019 2409 1224 2468 dilecti.
1253 2412 1396 2470 Nihil
1427 2417 1647 2486 prodest
1676 2419 1782 2474 vita

179 2493 348 2559 bona,
373 2510 496 2551 cum
520 2511 679 2567 prava
703 2498 946 2556 doctrina
970 2520 984 2556 :
1010 2513 1069 2558 ut
1094 2503 1327 2560 vicissim
1355 2507 1486 2564 nihil
1515 2523 1644 2564 sana
1669 2509 1771 2565 do-

179 2586 356 2640 ctrina
373 2627 388 2650 ,
417 2602 539 2642 cum
566 2591 674 2644 vita
700 2605 972 2664 corrupta.
1004 2594 1128 2651 Haec
1152 2599 1384 2668 gentiles
1408 2611 1732 2672 pepererunt
1764 2621 1778 2658 :

183 2675 304 2734 hac
329 2679 406 2735 illi
431 2691 697 2736 auxerunt
721 2683 790 2738 ab
812 2687 1049 2742 externis
1075 2699 1294 2758 accepta
1331 2689 1667 2762 philosophis
1687 2735 1700 2760 ,
1729 2703 1784 2750 et

186 2773 472 2828 materiam
501 2789 604 2828 non
632 2776 826 2832 factam
853 2787 909 2833 et
942 2780 1108 2836 multa
1139 2781 1511 2851 hujuscemodi
1538 2796 1781 2840 statuen-

185 2871 291 2920 tes.
318 2862 389 2919 Ut
404 2879 534 2936 ergo
555 2865 806 2922 dixerunt
826 2885 932 2923 non
954 2885 1076 2927 esse
1095 2883 1395 2930 creatorem
1418 2876 1535 2932 sine
1561 2876 1784 2934 materia

186 2969 297 3010 non
323 2955 459 3011 facta
487 2976 500 3011 :
525 2959 602 3014 sic
623 2968 682 3016 et
704 2965 1153 3021 resurrectionem
1180 2977 1461 3037 negarunt.
1493 2969 1692 3026 Verum
1715 2987 1784 3027 ne

187 3044 254 3099 iis
282 3047 621 3104 attendamus
646 3090 662 3114 ,
696 3066 817 3107 cum
849 3054 1164 3111 immensam
1196 3058 1288 3115 Dei
1330 3069 1647 3130 potestatem
1680 3078 1782 3119 no-

186 3149 405 3192 scamus
431 3154 445 3193 :
474 3154 543 3195 ne
568 3143 931 3200 attendamus.
962 3146 1129 3203 Vobis
1170 3148 1283 3206 haec
1310 3150 1455 3208 dico.
1500 3153 1607 3210 Nos
1637 3158 1782 3212 enim

187 3229 448 3287 adversus
472 3233 594 3288 illos
619 3251 854 3306 pugnare
881 3255 985 3294 non
1010 3243 1398 3300 recusabimus.
1430 3247 1535 3302 Sed
1563 3249 1784 3306 inermis

187 3331 244 3376 et
285 3323 488 3388 nudus,
519 3326 619 3380 etsi
659 3328 710 3382 in
747 3329 1069 3388 infirmiores
1105 3334 1385 3402 inciderit,
1419 3338 1544 3394 licet
1572 3341 1781 3408 fortior,

188 3412 347 3468 facile
369 3417 628 3486 capietur.
657 3417 788 3473 Nam
818 3421 863 3474 si
889 3421 1180 3492 Scripturis
1204 3427 1577 3498 attenderetis,
1604 3439 1659 3487 et
1688 3446 1784 3489 vos

187 3505 427 3575 quotidie
452 3508 517 3563 ad
547 3524 776 3580 pugnam
797 3516 1149 3583 appararetis,
1181 3533 1286 3574 non
1312 3531 1503 3576 auctor
1525 3523 1677 3580 vobis
1699 3539 1785 3581 es-

190 3611 308 3654 sem
337 3609 395 3653 ut
423 3615 652 3672 pugnam
680 3605 938 3662 adversus
974 3608 1094 3664 illos
1133 3612 1373 3668 vitaretis
1396 3654 1412 3680 ,
1442 3615 1538 3671 sed
1566 3633 1780 3674 manum

189 3704 476 3748 conserere
495 3694 775 3751 suaderem
798 3716 809 3750 :
831 3714 953 3753 nam
981 3699 1133 3756 fortis
1154 3711 1237 3758 est
1255 3706 1470 3760 veritas.
1493 3707 1628 3774 Quia
1655 3725 1784 3767 vero

187 3781 480 3854 Scripturis
504 3787 580 3840 uti
610 3789 844 3852 nescitis,
871 3807 1216 3862 congressum
1248 3797 1431 3860 timeo.
1457 3815 1525 3855 ne
1549 3801 1784 3860 inermes

187 3886 288 3926 vos
316 3873 389 3928 illi
421 3885 781 3943 prosternant.
807 3881 947 3936 Nihil
977 3883 1143 3951 enim,
1172 3887 1304 3943 nihil
1332 3889 1516 3962 utique
1541 3893 1784 3951 imbecil-

191 3960 292 4016 lius
318 3963 383 4018 iis
410 3966 502 4035 qui
531 3965 761 4035 Spiritus
787 3972 984 4028 auxilio
1005 3987 1129 4029 sunt
1157 3977 1419 4036 destituti.

262 4052 696 4128 Philosophorum
722 4056 904 4120 mores.
925 4096 996 4108 --
1015 4067 1168 4136 Quod
1193 4071 1238 4125 si
1267 4074 1535 4132 exteriore
1562 4089 1779 4136 utantur
1840 4095 1842 4098 '

1194 367 1256 425 lN
1295 369 1611 427 JOANNEM
1655 370 1882 427 ll0.\lll..
1925 365 2134 428 wa.
2174 374 2244 428 al.
2288 359 2469 440 LXVI.
3375 385 3485 446 37o

1891 485 2185 552 sapientia,
2233 489 2532 559 mirandum
2577 507 2683 545 non
2726 501 2842 557 cst,
2873 493 2967 547 sed
3001 496 3176 564 potius
3205 497 3483 556 ridendum

1890 576 2030 644 qnud
2070 576 2247 632 stultis
2289 589 2507 634 utantur
2550 579 2880 638 doctoribus.
2917 584 3103 656 Neque
3138 591 3283 644 enim
3311 590 3396 646 vel
3421 592 3488 648 de

1891 669 2025 738 Deo,
2061 673 2146 728 vel
2177 655 2246 728 de
2274 684 2518 729 creatura
2548 675 2673 746 quid
2704 691 2893 732 sanum
2924 678 3000 734 illi
3029 678 3272 736 invenire
3297 695 3489 755 potue-

1891 773 2053 827 runt;
2094 764 2187 821 sed
2217 779 2281 821 ea
2309 781 2429 836 quae
2456 766 2597 832 apud
2629 782 2726 822 nos
2758 767 2916 824 vidua
2948 770 3128 835 novit,
3160 771 3492 845 Pythagoras

1890 867 2112 924 prorsus
2153 853 2434 924 ignoravit.
2465 855 2572 913 Sed
2611 857 2793 913 dicunt
2821 860 3055 936 animam
3087 861 3371 930 fruticem,
3407 867 3491 935 pi-

1889 957 2037 999 scem
2058 985 2075 1010 ,
2104 959 2291 999 canem
2336 946 2472 1001 lieri.
2515 947 2678 1003 liisne
2696 989 2713 1014 ,
2745 945 2959 1019 quazso,
2989 953 3273 1008 attendas?
3301 965 3357 1010 et
3385 972 3488 1026 qua

1890 1034 2137 1089 ratione?
2163 1034 2339 1105 Magni
2378 1046 2502 1091 sunt
2540 1038 2614 1092 illi
2650 1040 2701 1093 in
2743 1041 2862 1095 vico
2882 1081 2897 1105 ,
2926 1043 3205 1098 cincinnos
3237 1044 3490 1114 pulchros

1890 1124 2067 1189 alunt,
2111 1126 2284 1193 palliis
2328 1127 2620 1182 induuntur
2655 1146 2670 1180 :
2712 1128 2971 1187 hactenus
3012 1133 3262 1205 pertingit
3300 1151 3492 1191 eorum

1891 1213 2245 1284 philosophia.
2271 1214 2325 1271 Si
2357 1219 2497 1272 intus
2518 1219 2796 1289 respicias,
2823 1222 2980 1290 cinis,
3013 1225 3205 1291 pulvis,
3241 1225 3373 1280 nihil
3404 1242 3492 1280 sa-

1888 1319 2016 1359 num
2045 1313 2147 1371 est,
2176 1307 2270 1361 sed
2298 1305 2603 1376 Sepulcrum
2629 1321 2807 1382 patens
2830 1323 2903 1368 est
2923 1325 3097 1384 guttur
3119 1334 3291 1371 eorum
3313 1316 3489 1387 (Paul.

1889 1393 1940 1450 5.
1977 1396 2104 1463 ll);
2134 1399 2312 1470 omnia
2353 1399 2690 1456 immunditie
2715 1411 2771 1457 et
2795 1405 2944 1459 sanie
2974 1407 3130 1475 plena
3156 1449 3169 1469 .
3206 1417 3261 1463 ct
3299 1425 3487 1464 eorum

1889 1486 2136 1555 dogmata
2181 1491 2458 1546 vermibus
2511 1504 2738 1549 scatent.
2793 1496 3003 1556 Primus
3043 1516 3230 1556 eorum
3289 1518 3484 1572 aquam

1889 1577 2028 1632 dixit
2068 1595 2189 1634 esse
2238 1579 2433 1648 deum;
2465 1583 2555 1654 qui
2600 1600 2858 1655 sequutus
2900 1598 3020 1657 est,
3064 1591 3277 1662 ignem;
3310 1595 3485 1658 alius,

1887 1683 2067 1725 aerem
2102 1671 2218 1743 (a);
2257 1684 2306 1729 et
2337 1688 2526 1731 omnes
2553 1677 2620 1732 ad
2649 1694 2872 1748 corpora
2903 1682 3062 1737 delati
3085 1695 3230 1742 sunt.
3266 1687 3446 1743 Hosne
3469 1729 3485 1754 ,

1887 1775 2070 1830 qua-so
2092 1804 2108 1828 ,
2138 1763 2382 1829 mireris,
2413 1769 2503 1837 qui
2537 1784 2606 1823 ne
2646 1771 2944 1842 incorporei
2974 1777 3189 1845 quidem
3224 1778 3314 1835 Dei
3341 1781 3486 1835 noti-

1890 1852 2015 1904 tiam
2044 1854 2309 1924 attigere?
2338 1856 2490 1924 Quod
2522 1859 2566 1913 si
2597 1871 2780 1929 postea
2806 1864 2932 1934 quid
2964 1878 3249 1934 noverunt,
3284 1869 3335 1925 id
3363 1886 3491 1928 eve-

1888 1943 1969 1997 nit
1993 1953 2274 2025 postquam
2301 1946 2354 2000 in
2380 1946 2613 2019 tEgypto
2637 1966 2758 2006 cum
2792 1955 2992 2010 nostris
3015 1958 3309 2029 colloquuti
3339 1970 3485 2016 sunt.

1886 2032 1994 2089 Sed
2029 2049 2099 2090 ne
2134 2021 2496 2093 vosvnimium
2545 2044 2918 2110 perturbemus
2941 2087 2956 2112 ,
2989 2046 3078 2104 hic
3109 2021 3295 2106 orandi
3325 2053 3488 2109 tinem

1888 2123 2166 2180 faciamus.
2195 2127 2252 2183 Si
2280 2128 2423 2183 enim
2454 2130 2666 2188 illorum
2694 2134 2994 2192 doctrinam
3026 2155 3327 2212 proponere
3356 2144 3490 2200 inei-

1889 2207 2118 2284 piamus,
2145 2218 2274 2288 quid
2298 2218 2367 2276 de
2396 2220 2528 2288 Deo,
2555 2224 2681 2294 quid
2707 2225 2776 2281 de
2798 2207 3041 2296 materia,
3064 2207 3192 2302 quid
3217 2233 3286 2289 de
3310 2236 3487 2290 anima

1888 2317 1942 2361 et
1979 2307 2050 2364 de
2088 2324 2318 2381 corpore
2340 2311 2608 2384 dixerint,
2650 2333 2875 2390 magnus
2901 2334 3263 2394 consequetur
3297 2327 3440 2384 risus
3472 2349 3487 2385 :

1888 2414 2064 2469 neque
2101 2412 2284 2458 nostra
2328 2405 2562 2475 egebant
2603 2408 3005 2480 confutatione;
3045 2415 3148 2487 ipsi
3186 2417 3329 2473 enim
3367 2433 3490 2477 sese

1888 2499 2077 2547 mutuo
2104 2493 2439 2554 confodiunt.
2465 2498 2566 2565 Qui
2598 2511 2783 2557 contra
2816 2519 2916 2559 nos
2943 2505 3011 2561 de
3040 2511 3260 2565 materia
3290 2510 3486 2567 librum

1890 2583 2107 2650 scripsit
2166 2585 2240 2658 (ὁ)
2257 2627 2274 2654 ,
2301 2588 2537 2658 seipsum
2564 2592 2823 2650 confodit.
2864 2595 3044 2665 Quare
3072 2615 3141 2656 ne
3165 2615 3263 2655 vos
3291 2600 3489 2658 frustra

1887 2670 2254 2743 detineamus,
2302 2693 2402 2734 nec
2444 2693 2756 2739 sermonum
2801 2685 3168 2757 labyrinthum
3212 2700 3486 2760 texamus,

1888 2759 1974 2818 his
2013 2765 2218 2830 missis,
2265 2765 2369 2824 hoc
2408 2769 2652 2828 dicemus
2691 2791 2704 2828 :
2745 2775 3049 2834 divinarum
3089 2779 3487 2852 Scripturarum

1888 2851 2108 2909 lectioni
2139 2857 2546 2927 attendendum,
2578 2879 2754 2934 neque
2789 2867 2967 2923 verbis
2996 2851 3313 2928 certandum
3341 2889 3485 2942 esse,

1888 2946 2037 3002 nullo
2065 2947 2259 3006 fructu.
2289 2952 2442 3018 Quod
2472 2954 2638 3011 etiam
2671 2957 2871 3015 Paulus
2912 2960 3252 3018 Timotheum
3293 2966 3486 3033 docet,

1888 3044 1990 3097 etsi
2021 3045 2182 3100 multa
2209 3045 2526 3102 instructum
2553 3050 2815 3118 sapientia
2838 3094 2853 3120 ,
2881 3063 2937 3109 et
2959 3055 3235 3125 signorum
3262 3060 3487 3128 gratiam

1890 3133 2177 3190 habentem
2209 3135 2284 3208 (2.
2320 3137 2452 3193 Tim.
2483 3139 2539 3194 2.
2571 3141 2682 3212 η).
2711 3141 2816 3214 ipsi
2844 3159 2974 3215 ergo
3014 3147 3451 3217 obtemperemus
3470 3190 3487 3216 ,

1888 3223 2222 3296 abjectisque
2270 3229 2461 3296 nugis,
2507 3231 2760 3299 operibus
2803 3250 3022 3291 manum
3063 3237 3446 3296 admoveamus
3471 3282 3486 3304 ,

1889 3314 2112 3369 fratrum
2137 3318 2308 3372 amori
2334 3316 2476 3384 dico,
2502 3319 2869 3391 bOSpitalitati,
2895 3337 2950 3381 et
2975 3343 3222 3398 magnam
3255 3330 3490 3388 eleemo-

1889 3422 2038 3479 syna:
2065 3409 2326 3466 rationem
2355 3412 2648 3471 habeamus
2672 3433 2688 3482 ;
2718 3428 2776 3471 ut
2804 3422 3065 3489 promissa
3093 3438 3492 3496 consequamur

1890 3497 2030 3556 bona
2051 3541 2066 3567 ,
2093 3502 2262 3572 gratia
2292 3511 2348 3558 et
2382 3503 2711 3576 benignitate
2739 3509 2950 3567 Domini
2981 3515 3148 3569 nostri
3176 3514 3304 3572 Jesu
3331 3516 3484 3574 Cbri-

1888 3591 1981 3660 sti,
2010 3595 2095 3649 cui
2120 3594 2288 3666 gloria
2316 3596 2368 3651 in
2399 3599 2594 3653 saecula
2621 3602 2960 3658 saeculorum.
2991 3606 3189 3664 Amen.

1953 3725 2542 3808 i?2_’“§‘§“_‘{’:_‘_'_”§![i.9
2564 3735 2861 3808 Ρπεὲηεὲιίςη
2882 3738 2940 3786 ad
2965 3737 3181 3808 Cm.
3205 3742 3349 3808 paulo
3381 3758 3491 3808 ροδι

1889 3786 2597 3869 εείιέιιηιέξιξεςςξιξιιρίξξρξμω
2619 3786 3491 3869 panemscandamus:

1887 3861 1998 3897 rum
2035 3854 2333 3930 sengeutiam
2374 3851 3084 3930 loquimr3'aitquig-Thaletem
3108 3851 3490 3930 dséeié'ilfuiin

1890 3921 2005 3980 esse
2026 3912 2432 3993 omuiumlrerum
2447 3912 2768 3993 principium,
2785 3920 3086 3993 Heraclitum
3110 3912 3489 3993 Stet—spodiiqu

1888 3971 2472 4044 ἱείξῗΨζᾹΡθίίΨθηθωί
2483 3971 2718 4044 μίιθεξῖμω
2732 3971 2766 4039 ί
2779 3971 3090 4044 εει-θώξῖίᾷ

1938 4030 2026 4108 ,(0)
2053 4034 2370 4108 Philosophus
2389 4040 2586 4102 quidam
2609 4030 2794 4094 librum
2801 4030 2807 4031 ί
2822 4030 2896 4097 de
2903 4030 3133 4102 Baliaris
3152 4057 3322 4104 contra
3346 4052 3488 4107 Chri.

1889 4099 2071 4145 stianos
2092 4099 2306 4160 saipslt.
2348 4139 2358 4147 .

1493 4301 1844 4367 HOMILIA
1885 4307 2141 4372 LXVII.

193 4421 320 4477 Car.
353 4422 440 4477 l2.
464 4440 516 4479 ν.
545 4425 638 4481 25.
668 4427 770 4496 Qui
803 4441 940 4486 autat
963 4435 1187 4490 animam
1212 4454 1357 4493 suam
1376 4481 1390 4505 ,
1423 4441 1596 4511 perdet
1631 4461 1780 4507 eam:

264 4521 313 4566 et
349 4513 436 4582 qui
473 4515 580 4569 odit
616 4520 839 4573 animant
875 4537 1025 4577 suam
1061 4525 1115 4580 in
1151 4527 1246 4582 hoc
1278 4532 1504 4595 mundo,
1535 4535 1590 4589 in
1627 4538 1781 4591 vitam

262 4615 500 4662 retentam
519 4611 746 4666 custodit
771 4629 902 4669 eam.
928 4615 1020 4673 26.
1045 4617 1108 4674 Si
1130 4625 1242 4691 quis
1261 4623 1386 4678 mihi
1408 4627 1680 4696 ministrat,
1701 4647 1783 4687 me

263 4708 518 4766 sequatur.

264 4787 316 4842 1.
344 4786 581 4879 Ρνωεεῃε
603 4797 706 4848 vita
726 4811 826 4850 non
852 4798 1015 4855 dulcis
1034 4803 1248 4872 videtur,
1273 4808 1373 4862 nisi
1395 4809 1460 4863 de
1483 4811 1656 4879 futura
1681 4832 1782 4870 non

196 4877 543 4946 cogitantibus.
575 4883 841 4950 Quomodo
877 4891 966 4959 qui
1003 4903 1138 4947 amat
1168 4898 1391 4952 animum
1421 4877 1568 4956 suam
1604 4907 1782 4972 perdat

195 4982 323 5020 eam.
353 4997 426 5009 —
454 4970 632 5027 Dulcis
660 4987 744 5030 est
772 4992 1009 5046 praesens
1035 4985 1138 5038 vita
1159 5027 1174 5051 ,
1203 4995 1258 5042 et
1287 4991 1468 5045 multa:
1500 4970 1654 5062 plena
1684 5011 1776 5051 vo-

195 5056 445 5128 luptatis;
469 5078 653 5118 verum
679 5083 787 5123 non
810 5073 1077 5138 omnibus,
1103 5077 1196 5132 sed
1224 5079 1288 5133 iis
1313 5083 1403 5150 qui
1428 5056 1524 5152 ipsi
1550 5080 1773 5142 haerent.

194 5145 248 5202 Si
286 5150 404 5218 quis
442 5167 570 5208 vero
596 5157 784 5212 caelum
826 5162 1111 5231 respiciat,
1145 5177 1198 5221 et
1227 5145 1364 5224 bona
1399 5145 1469 5225 ibi
1502 5176 1734 5243 reposita
1757 5219 1772 5244 ,

196 5238 298 5292 cito
319 5239 461 5295 illam
481 5241 757 5313 despiciet,
781 5258 835 5304 et
859 5265 956 5319 pro
977 5254 1145 5310 nihilo
1166 5256 1400 5316 habebit.
1427 5238 1642 5320 Nam-et
1661 5238 1780 5322 cor;

197 5343 380 5397 porum
412 5332 784 5404 pulchritudo,
816 5339 986 5397 donec
1023 5345 1123 5398 alia
1158 5349 1454 5415 speciosior
1482 5366 1773 5424 appareat,

197 5419 247 5473 in
280 5419 629 5481 admiratione
677 5428 903 5488 habetur
931 5453 947 5490 :
977 5450 1097 5491 cum
1139 5455 1267 5494 vero
1304 5440 1590 5500 formosius
1619 5449 1777 5516 quid-

197 5511 332 5580 piam
373 5519 728 5587 conspicitur,
770 5525 997 5591 primum
1039 5533 1419 5590 contemnitur.
1461 5535 1518 5591 Si
1553 5511 1778 5595 velimus

197 5619 320 5675 ergo
347 5605 490 5662 illam
521 5611 710 5667 intueri
738 5615 1204 5686 pulchritudinem,
1229 5633 1283 5678 et
1310 5627 1460 5696 regni
1490 5627 1631 5683 illius
1656 5645 1778 5700 spe.

195 5697 326 5752 ciem
346 5738 363 5764 ,
391 5700 497 5754 cito
531 5709 817 5773 praesentia
844 5710 1054 5765 vincula
1083 5712 1458 5771 dissolvemus.
1493 5697 1773 5776 Vinculum

188 5789 332 5844 .cuim
361 5797 445 5846 est
470 5805 646 5848 rerum
678 5800 1019 5866 pnescntium
1051 5816 1219 5859 amor.
1249 5805 1316 5860 Et
1343 5805 1444 5863 hoc
1475 5809 1629 5866 nobis
1655 5825 1774 5867 sua-

1887 4448 2024 4506 dens
2061 4452 2305 4514 Christus
2326 4498 2344 4526 ,
2385 4460 2509 4516 audi
2554 4463 2680 4534 quid
2724 4466 2869 4523 dicat
2898 4486 2914 4526 :
2949 4471 3051 4539 Qui
3084 4485 3225 4531 amat
3260 4479 3485 4536 animum

1887 4556 2065 4607 suam,
2107 4545 2283 4611 perdet
2321 4564 2474 4616 eam;
2508 4562 2559 4606 et
2597 4558 2686 4624 qui
2725 4559 2834 4614 odit
2869 4563 3094 4618 animam
3125 4583 3273 4623 suam
3308 4570 3362 4624 in
3392 4573 3489 4627 hoc

1887 4633 2099 4699 mundo,
2123 4636 2178 4690 iu
2206 4639 2357 4693 vitam
2373 4651 2614 4699 cateruam
2634 4651 2878 4705 custodiet
2896 4669 3027 4709 eam.
3054 4655 3157 4724 Qui
3182 4660 3308 4716 mihi
3333 4665 3460 4718 mini

1885 4732 2014 4776 strat
2034 4765 2048 4787 ,
2081 4742 2161 4779 me
2197 4740 2437 4800 sequatur
2464 4747 2484 4788 :
2509 4743 2558 4788 et
2591 4735 2678 4790 ubi
2705 4753 2796 4810 ego
2837 4758 2950 4797 sum
2971 4785 2988 4811 ,
3024 4747 3132 4801 illic
3169 4759 3219 4805 et
3258 4753 3462 4809 miniata

1888 4829 2028 4869 meus
2051 4818 2164 4871 erit.
2196 4817 2326 4876 Hmc
2361 4825 2629 4895 amigmati
2668 4830 2860 4887 similia
2892 4835 3165 4904 videntur,
3201 4858 3376 4915 neque
3404 4855 3486 4899 ta-

1887 4918 2008 4959 men
2052 4917 2211 4975 sunt,
2241 4911 2333 4965 sed
2371 4915 2553 4969 multa
2592 4918 2750 4987 plena
2787 4924 3085 4992 sapientia.
3119 4928 3188 4984 Et
3213 4911 3488 5001 quomodo

1891 4993 1989 5061 Qui
2009 5010 2147 5052 amat
2172 5002 2396 5057 animam
2417 5022 2582 5072 suam,
2610 5011 2784 5079 perde't
2803 5032 2912 5068 eam
2928 5018 2955 5072 2
2979 5018 3078 5086 Qui
3103 4993 3349 5080 absurdis
3369 5029 3486 5098 ejus

1885 5089 2335 5156 concupiscentiis
2360 5095 2714 5169 obtemperat,
2744 5106 2832 5173 qui
2867 5107 2985 5175 plus
3013 5125 3172 5180 quam
3204 5130 3303 5184 par
3325 5089 3415 5174 esi
3434 5121 3482 5175 ei

1885 5175 2143 5249 indulget.
2189 5181 2312 5239 ldeo
2351 5186 2607 5246 admonet
2643 5194 2938 5264 quispiam,
2974 5175 3101 5256 Noli
3139 5175 3401 5263 ambulare
3429 5211 3476 5262 ir

1883 5269 2246 5337 cupiditatibus
2269 5277 2457 5333 animo:
2480 5289 2582 5334 tute
2609 5282 2629 5352 (
2643 5282 2801 5340 Eccli.
2834 5287 2920 5344 l8.
2957 5289 3090 5363 30).
3121 5293 3210 5351 Sic
3240 5299 3382 5352 enim
3414 5301 3480 5354 il-

1884 5358 1988 5413 lam
2014 5363 2208 5430 perdes
2233 5365 2388 5436 (nam
2419 5385 2448 5424 a
2476 5372 2559 5454 via
2586 5374 2652 5428 ad
2687 5376 2934 5435 virtutem
2961 5358 3155 5454 agente
3180 5388 3433 5460 abducit)
3464 5410 3477 5445 :

1885 5459 1942 5503 ut
1966 5462 2182 5519 contra,
2211 5456 2313 5522 Qui
2339 5459 2443 5512 odit
2481 5448 2591 5516 eum
2629 5465 2684 5519 in
2718 5466 2814 5522 ltoc
2847 5448 3037 5526 mundo
3055 5517 3070 5539 ,
3099 5478 3312 5532 servabit
3341 5448 3474 5535 eam.

1881 5541 2018 5640 Quid
2042 5555 2146 5640 est,
2173 5547 2275 5614 Qui
2297 5552 2402 5640 odit
2430 5569 2540 5606 eam
2557 5555 2584 5608 .’
2605 5555 2704 5624 Qui
2736 5559 2811 5615 illi
2839 5565 3136 5631 perniciosa
3161 5569 3367 5640 jubenti
3391 5589 3478 5630 re-

1881 5631 2042 5686 sistit.
2072 5634 2256 5707 Neque
2282 5639 2414 5695 dixit
2433 5683 2446 5704 ,
2476 5643 2576 5711 Qui
2609 5662 2716 5703 non
2745 5652 2916 5708 credit
2943 5656 2991 5710 ei
3017 5674 3031 5720 ;
3075 5631 3207 5726 sed,
3240 5659 3340 5727 Qui
3369 5665 3478 5720 odit

1881 5742 2010 5779 eam.
2041 5727 2503 5795 Quemadmodum
2533 5739 2678 5796 enim
2708 5743 2924 5802 odiosos
2960 5764 3060 5806 nec
3087 5753 3273 5810 audire
3301 5755 3474 5813 liben-

1883 5825 1996 5884 ter,
2030 5833 2128 5874 nec
2167 5821 2350 5880 videre
2392 5826 2600 5897 placide
2644 5847 2930 5902 possumus
2959 5857 2974 5895 :
3000 5842 3080 5898 sic
3108 5855 3161 5901 et
3200 5845 3472 5914 animam,
