4054 6476
605 389 701 447 371

601 522 722 561 eum
744 502 1007 560 contraria
1033 502 1123 557 Dei
1147 500 1399 556 voluntati
1419 498 1656 569 praecipit
1671 497 2015 553 vehementer
2032 508 2177 547 aver-

599 596 704 650 sari
736 601 963 662 oportet.
989 591 1121 659 Quia
1146 591 1285 645 enim
1306 590 1414 659 jam
1440 589 1509 644 de
1548 600 1720 643 morte
1755 588 2066 655 loquutnrus
2094 591 2175 637 cst

599 683 731 748 illis,
758 683 825 737 de
854 692 1027 737 morte
1054 681 1255 735 scilicet
1284 695 1399 742 sua,
1421 678 1779 748 prmvidetque
1812 675 1928 729 illos
1956 675 2007 727 in
2038 687 2171 727 mte-

595 775 791 829 stitiam
813 772 1129 842 delapsuros
1152 787 1293 836 esse,
1319 786 1430 825 rem
1452 768 1742 824 sublimiori
1767 767 1924 820 modo
1949 773 2167 819 tractat:

594 864 729 932 Quid
755 865 896 929 dico,
926 865 969 917 si
998 871 1222 919 mortem
1249 878 1421 917 meam
1447 876 1554 914 non
1584 860 1790 913 fortiter
1817 857 2035 913 feratis?
2058 855 2167 910 Nisi

594 970 689 1010 vos
734 956 835 1026 ipsi
882 955 1217 1019 moriatnini,
1252 954 1381 1007 nihil
1424 951 1577 1007 vobis
1618 951 1745 1004 lucri
1789 949 2069 1017 supererit.
2103 947 2169 1000 Et

595 1044 715 1101 title
739 1046 1005 1116 quomodo
1032 1045 1453 1099 consolationem
1478 1042 1711 1097 sermoni
1740 1041 2012 1095 admiscet.
2042 1038 2168 1091 Val-

590 1136 660 1191 de
683 1135 872 1190 durum
899 1144 953 1188 ct
982 1134 1263 1189 molestum
1291 1142 1406 1188 erat
1433 1132 1637 1195 audire,
1679 1131 1944 1184 hominem
1974 1127 2165 1182 animat

590 1241 701 1281 sua:
728 1226 1147 1282 amantissimum
1179 1225 1314 1279 mori
1345 1236 1613 1292 Oportcre.
1646 1222 1849 1291 Ecquid
1875 1229 2047 1274 vetera
2079 1235 2166 1273 re-

587 1334 835 1374 censeam
854 1361 870 1385 ,
900 1318 1113 1389 quando
1144 1332 1285 1371 nunc
1311 1316 1470 1371 etiam
1498 1316 1691 1379 multos
1719 1314 2047 1368 inveniemus
2071 1311 2162 1380 qui

589 1412 814 1467 libenter
841 1412 1018 1465 omnia
1048 1410 1297 1474 tolerent,
1325 1419 1381 1462 ut
1412 1409 1509 1462 hac
1534 1408 1637 1460 vita
1668 1406 1924 1469 fruantur,
1954 1403 2162 1458 etiamsi

587 1505 755 1559 futura
799 1502 1053 1559 credant?
1104 1503 1194 1571 qui
1234 1517 1358 1556 cum
1395 1500 1575 1554 vident
1620 1498 1874 1561 a-dificia,
1914 1494 2157 1565 opificia,

588 1583 886 1661 machinas,
917 1595 1267 1665 lacrymantes
1296 1593 1417 1645 talia
1458 1591 1641 1643 dicunt
1671 1608 1683 1642 :
1712 1590 1915 1653 Quanta
1951 1587 2158 1662 machi-

587 1700 743 1743 natur
770 1688 953 1753 homo,
975 1696 1026 1742 et
1046 1687 1216 1756 pulvis
1237 1683 1495 1738 efficitur?
1520 1681 1591 1735 lla
1619 1696 1804 1749 magna
1832 1690 1913 1734 est
1938 1680 2158 1748 hujusce

586 1778 707 1832 vita:
726 1778 1171 1846 concupiscentia.
1200 1776 1321 1829 Haec
1342 1774 1516 1843 itaque
1537 1773 1744 1828 vincula
1771 1772 1981 1826 solvens
2000 1771 2157 1825 Chri-

581 1882 695 1926 stus
716 1872 791 1925 ait
817 1888 831 1924 :
863 1870 963 1935 Qui
995 1870 1101 1924 odit
1137 1869 1357 1922 animant
1382 1884 1523 1921 suam
1551 1866 1602 1919 in
1631 1866 1725 1918 hoc
1755 1864 1962 1924 mundo.
1995 1864 2049 1916 in
2076 1863 2154 1916 tti-

581 1974 685 2015 tam
710 1971 950 2016 (sternam
977 1961 1218 2015 custodiet
1255 1975 1385 2012 eam.
1413 1955 1563 2025 Quod
1602 1965 1778 2009 autem
1810 1964 1863 2009 ut
1889 1953 2008 2008 illos
2035 1969 2153 2007 mo-

582 2062 767 2119 neret,
795 2062 849 2107 et
877 2060 1073 2105 metum
1109 2065 1293 2105 eorum
1331 2050 1596 2113 solveret,
1626 2046 1739 2100 luec
1769 2046 1998 2109 dixerit,
2029 2044 2154 2099 andi

580 2162 645 2201 ex
674 2145 1017 2215 sequentibus
1042 2160 1057 2198 :
1087 2142 1177 2197 26.
1208 2142 1308 2209 Qui
1335 2141 1458 2193 milii
1487 2139 1751 2203 ministrat,
1779 2154 1858 2190 me
1881 2147 2152 2206 sequatur;

576 2237 644 2292 de
669 2245 841 2292 morte
879 2237 1096 2305 loquens
1117 2274 1130 2297 ,
1162 2243 1219 2288 et
1248 2241 1306 2286 ut
1330 2246 1427 2302 per
1463 2245 1624 2299 opera
1653 2232 1827 2298 ipsum
1860 2235 2151 2298 sequantur

575 2328 811 2398 exigens.
842 2327 1079 2381 Minister
1103 2325 1246 2381 enim
1271 2339 1395 2379 eum
1432 2324 1515 2378 cui
1560 2322 1823 2375 ministrat
1851 2320 2000 2389 sequi
2027 2334 2145 2371 om-

575 2418 704 2472 nino
730 2417 907 2472 debet.
941 2416 1005 2471 Et
1033 2415 1309 2470 considera
1339 2411 1675 2483 quandonam
1714 2411 1827 2469 haec
1855 2410 2099 2478 loquatur
2130 2425 2144 2461 :

574 2525 680 2564 non
724 2523 846 2564 cum
889 2506 1357 2577 persequutionem
1401 2504 1759 2573 patiebantur,
1801 2500 1895 2555 sed
1934 2515 2052 2554 cum
2093 2500 2145 2553 in

575 2600 765 2655 tiducia
793 2599 1091 2669 degebant,
1120 2607 1173 2652 et
1202 2597 1257 2651 in
1294 2605 1406 2650 tuto
1431 2609 1549 2650 esse
1584 2594 1879 2663 putabant,
1908 2606 1937 2645 a
1966 2591 2147 2646 multis

571 2692 816 2746 honorati
844 2701 896 2745 et
920 2689 1076 2752 culti;
1105 2703 1228 2742 eum
1257 2701 1373 2743 sese
1397 2687 1605 2754 erigere
1646 2694 1889 2752 poterant
1915 2691 1967 2736 et
1990 2682 2143 2736 audi-

571 2799 631 2839 re
660 2801 673 2837 :
706 2783 769 2837 Et
798 2782 942 2836 tollat
969 2797 1165 2835 crucem
1194 2796 1359 2845 suam,
1381 2788 1427 2832 et
1450 2786 1685 2847 sequatur
1707 2792 1787 2829 nte
1813 2774 2021 2844 (Matth.
2054 2774 2141 2831 16.

565 2874 659 2946 24)
684 2892 697 2927 :
728 2874 777 2927 id
804 2884 910 2937 cst,
935 2872 1155 2926 Paratus
1176 2885 1389 2939 semper
1409 2877 1526 2923 esto
1544 2869 1609 2922 ad
1635 2866 1888 2935 pericula,
1911 2864 1976 2918 ad
2002 2878 2145 2918 mor-

567 2976 703 3030 tem,
732 2966 797 3018 ad
833 2963 1164 3033 migrandum
1195 2976 1257 3016 ex
1288 2965 1387 3015 hac
1421 2962 1548 3014 vita.
1588 2959 1790 3013 Deinde
1814 2972 1934 3011 eum
1963 2954 2141 3023 gravia

564 3066 618 3110 et
644 3056 867 3111 molesta
899 3054 1141 3117 dixisset,
1172 3052 1447 3121 pratmium
1473 3049 1638 3106 addit.
1668 3049 1950 3117 Quodnam
1981 3045 2142 3100 illud?

563 3147 715 3212 Quod
762 3146 931 3215 ipsum
978 3152 1253 3213 sequatur,
1284 3140 1425 3211 quod
1464 3141 1531 3194 sit
1566 3153 1672 3192 una
1703 3153 1883 3193 secum
1914 3154 1929 3194 :
1958 3145 2141 3191 osten-

561 3239 695 3292 dens
735 3237 845 3291 fore
883 3244 940 3289 ιιι
977 3234 1298 3290 resurrectio
1327 3241 1551 3285 mortem
1578 3238 1852 3299 sequatur.
1882 3228 2011 3282 Nam
2044 3226 2142 3282 Ubi

561 3343 672 3380 sunt
697 3342 786 3396 ego
805 3367 821 3391 ,
851 3326 1050 3393 inquit,
1076 3323 1183 3377 illic
1209 3332 1257 3377 et
1285 3321 1511 3375 minister
1538 3337 1695 3373 meus.
1722 3319 1819 3375 Ubi
1862 3328 1943 3373 est
1980 3318 2137 3372 Chri-

561 3419 714 3473 stus?
740 3418 795 3473 lu
821 3418 987 3472 eatlis.
1018 3416 1165 3487 Ergo
1182 3415 1339 3470 etiam
1372 3422 1497 3468 ante
1534 3412 1976 3475 resurrectionem
2013 3411 2140 3465 illuc

561 3518 617 3563 et
633 3510 811 3562 anima
827 3518 881 3563 et
906 3518 1082 3562 mente
1107 3504 1507 3560 transferamnr.
1530 3503 1590 3558 Si
1608 3505 1717 3573 quis
1738 3504 1862 3555 milii
1884 3503 2139 3556 ministra-

560 3601 722 3663 verit,
758 3598 931 3669 diliget
972 3614 1089 3652 eum
1133 3595 1309 3653 Pater.
1335 3594 1444 3651 Cur
1478 3610 1585 3648 non
1620 3594 1781 3658 dixit,
1823 3593 1976 3662 Ego?
2004 3592 2136 3659 Quia

560 3688 794 3744 nondmn
824 3699 1238 3744 eonsentaneam
1268 3687 1335 3742 de
1374 3688 1488 3756 ipso
1514 3686 1817 3755 opinionem
1846 3686 2133 3750 habebant,

558 3780 652 3835 sed
695 3779 950 3850 majorem
994 3780 1062 3834 tle
1104 3780 1280 3853 Patre.
1312 3778 1410 3845 Qui
1440 3779 1580 3831 enim
1620 3778 1852 3832 nondum
1896 3778 2138 3833 sciebant

558 3871 730 3941 ipsum
763 3885 883 3926 esse
910 3878 1355 3933 resurrecturum,
1387 3869 1658 3939 quomodo
1682 3884 1925 3939 magnam
1952 3869 2017 3923 de
2042 3869 2136 3923 illo

555 3965 859 4033 opinionem
901 3962 1305 4031 concepissent?
1341 3960 1694 4029 Quamobrem
1733 3959 1854 4014 filiis
1893 3958 2135 4014 Zehedaai

556 4056 631 4109 ait
655 4071 667 4106 :
696 4053 821 4107 Non
837 4062 909 4107 est
932 4068 1093 4105 meum
1114 4052 1263 4115 dare,
1290 4051 1378 4104 sed
1403 4051 1578 4120 quibus
1606 4060 1839 4119 paratum
1863 4059 1935 4103 est
1963 4066 1994 4103 a
2020 4049 2133 4104 Pa-

556 4158 632 4200 tre
654 4161 764 4198 meo
790 4144 980 4217 (Marc.
1008 4143 1093 4198 10.
1119 4141 1231 4215 40).
1255 4144 1411 4211 Atqui
1442 4143 1553 4212 ipse
1579 4152 1657 4197 est
1682 4143 1769 4211 qui
1792 4142 2012 4211 judicat.
2037 4132 2134 4198 llic

554 4254 683 4292 vero
709 4252 772 4291 se
795 4238 1081 4306 genuinum
1113 4235 1305 4290 Filium
1330 4234 1592 4289 declarat.
1629 4234 1749 4287 Illos
1782 4236 1924 4289 enim
1956 4244 2013 4289 ut
2037 4250 2131 4303 ge-

554 4328 701 4381 nuini
727 4336 785 4382 et
808 4326 918 4381 veri
947 4326 1061 4379 Filii
1091 4325 1361 4378 ministros
1389 4324 1637 4391 excipiet.
1664 4323 1754 4376 27.
1786 4322 1938 4375 Nune
1964 4324 2135 4376 anima

554 4436 665 4473 mea
695 4418 893 4471 turbata
922 4425 1014 4471 est.
1044 4414 1110 4469 Et
1141 4416 1260 4485 quid
1283 4416 1487 4468 dicam?
1518 4413 1687 4478 Pater,
1714 4412 1939 4481 salvi/ica
1968 4431 2044 4467 me
2073 4429 2135 4468 ea:

554 4516 648 4563 hac
674 4510 817 4562 liora.
848 4507 1005 4578 Atqui
1037 4508 1150 4560 haec
1178 4522 1281 4559 nou
1320 4514 1443 4558 sunt
1476 4516 1701 4559 mortem
1728 4504 1875 4558 adire
1900 4504 2129 4558 suaden-

553 4603 639 4663 tis,
669 4600 779 4655 imo
804 4599 1063 4654 hortantis
1088 4597 1287 4667 utique.
1320 4596 1395 4651 Ne
1430 4596 1673 4650 dicerent
1697 4596 1837 4649 enim
1864 4610 2005 4655 eum,
2034 4592 2132 4648 hu-

554 4692 726 4744 manis
751 4698 1020 4744 carentem
1052 4688 1349 4751 doloribus,
1384 4687 1535 4740 facile
1573 4683 1641 4740 de
1682 4694 1855 4739 morte
1893 4684 2127 4753 philoso-

555 4782 706 4851 phari
724 4823 737 4845 ,
770 4789 823 4836 et
850 4780 966 4834 sine
992 4794 1088 4833 suo
1118 4778 1357 4847 periculo
1382 4793 1479 4832 nos
1508 4776 1707 4831 hortari
1733 4792 1747 4841 ;
1779 4776 2013 4831 ostendit
2037 4790 2127 4841 se,

552 4877 676 4932 licet
702 4891 820 4930 eam
852 4872 1192 4937 formidaret,
1222 4873 1387 4941 ipsam
1417 4879 1602 4939 utpote
1629 4870 1811 4924 utilem
1843 4883 1947 4922 non
1974 4883 2129 4921 recu-

550 4984 689 5023 sare.
740 4967 864 5021 llaec
914 4981 1074 5037 porro
1121 4965 1187 5017 ad
1235 4972 1557 5031 assumptam
1600 4977 1851 5024 carnem.
1904 4976 2010 5015 non
2062 4959 2126 5014 ad

551 5062 879 5115 divinitatem
920 5058 1208 5129 pertinent.
1256 5055 1458 5109 Idcirco
1484 5054 1557 5107 ait
1584 5072 1595 5106 :
1627 5052 1781 5107 Nunc
1819 5052 1989 5105 anima
2018 5068 2128 5103 mea

552 5153 749 5206 turbata
778 5162 849 5206 est
871 5168 889 5204 :
912 5150 1035 5218 (ιιίδὶ
1061 5150 1201 5204 enim
1235 5149 1334 5201 hoc
1358 5154 1533 5208 esset,
1562 5160 1665 5213 qua
1692 5146 1831 5199 serie
1859 5145 1973 5197 haec
1998 5158 2127 5197 eon-

551 5245 697 5313 sequi
730 5254 967 5312 possent,
995 5241 1171 5303 Pater,
1191 5239 1415 5307 salsi/ica
1441 5254 1518 5291 me
1538 5252 1601 5290 ex
1629 5236 1723 5289 hac
1749 5236 1870 5288 liora
1892 5235 1939 5303 2)
1967 5244 2021 5289 et
2055 5234 2125 5288 ita

551 5336 889 5404 perturbatus
919 5340 1002 5386 est
1029 5340 1083 5385 ut
1112 5329 1321 5385 liberari
1354 5342 1415 5383 se
1454 5326 1781 5398 postularet,
1814 5327 1859 5380 si
1894 5324 2129 5396 effugere

587 5435 748 5481 ossct.

587 5446 748 5481 (ιδδυι.

553 5446 584 5495 Ρ
618 5517 671 5569 2.
704 5516 827 5571 [hec
871 5515 1115 5569 humanae
1156 5521 1355 5566 naturae
1400 5512 1679 5565 infirmitas
1722 5517 1822 5565 est.
1855 5506 1959 5563 Sed
1999 5508 2118 5578 quid

552 5606 719 5660 dicam
752 5622 858 5660 non
888 5605 1056 5659 habeo
1077 5644 1091 5667 ,
1123 5618 1244 5657 cum
1284 5614 1508 5656 mortem
1538 5604 1813 5671 deprecer.
1847 5600 2125 5670 Propterea

553 5697 658 5748 rati
680 5698 732 5749 in
753 5698 927 5750 harant
955 5696 1082 5748 hanc
1106 5709 1202 5749 :ae
1227 5694 1270 5749 si
1299 5694 1499 5748 diceret
1524 5710 1537 5745 :
1572 5693 1789 5747 Etiamsi
1829 5694 2124 5759 turbetnur,

553 5798 605 5840 et
629 5797 1051 5853 conStcruemnr,
1082 5796 1305 5842 mortem
1338 5800 1402 5839 ne
1432 5783 1707 5855 fugiamus.
1735 5782 1867 5837 Nam
1895 5784 1961 5838 ita
1996 5799 2118 5853 per-

1237 388 1292 443 S.
1333 376 1611 443 JOANNIS
1647 379 2122 440 CllRYSOSTO)"
2163 378 2478 436 ARCIlIEP.
2522 382 3053 444 CONSTANTINOP.

3765 392 3871 454 813

2287 493 2527 548 turbatus
2553 510 2670 566 ego,
2702 512 2808 551 non
2837 498 3139 568 fugiendum
3166 499 3287 554 dico
3318 515 3333 554 :
3363 500 3641 559 ferendum
3666 505 3870 578 quippe

2283 581 2412 636 illud
2452 593 2534 638 est
2561 585 2701 653 quod
2732 587 2944 642 accidit.
2986 588 3102 642 Non
3133 588 3289 653 dico,
3326 590 3514 647 Libera
3543 609 3632 650 me
3664 611 3733 650 ex
3767 596 3870 652 hac

2280 671 2406 726 hora
2435 689 2449 737 ;
2478 674 2568 727 sed
2594 714 2609 739 ,
2636 675 2725 730 28.
2762 676 2934 743 Pater,
2967 679 3194 749 clari/ica
3233 697 3412 736 nomen
3449 693 3607 737 tuum.
3643 686 3866 742 Etiamsi

2278 764 2605 828 perturbatio
2646 766 2712 820 ad
2745 766 2861 822 haec
2903 769 3126 825 dieenda
3171 773 3496 842 compellat,
3531 777 3865 831 contrarium

2276 852 2430 917 dico,
2461 854 2697 923 Clariﬁca
2734 874 2912 912 nomen
2943 869 3083 914 tuum
3095 880 3115 925 ;
3147 862 3197 915 id
3228 874 3343 931 est,
3378 863 3493 918 Duc
3523 865 3574 919 in
3596 882 3817 924 crucem
3849 887 3862 922 :

2273 944 2413 1012 quod
2453 944 2738 1000 humanum
2778 948 3025 1004 affectum
3068 952 3300 1019 indicat,
3335 965 3690 1025 naturamque
3727 960 3863 1014 muti

2273 1033 2559 1099 uolentem,
2574 1037 2667 1091 sed
2688 1039 2845 1093 vitam
2870 1056 3084 1096 servare
3099 1046 3420 1111 cupientem;
3444 1050 3791 1117 ostenditque
3808 1068 3867 1105 se

2272 1140 2381 1179 non
2393 1136 2539 1181 extra
2563 1130 2823 1184 humanos
2834 1131 3051 1187 allectus
3068 1148 3206 1189 esse.
3222 1134 3369 1189 Sicut
3384 1137 3525 1191 enim
3544 1153 3720 1208 neque
3734 1156 3861 1195 estt-

2271 1215 2377 1270 rire
2399 1232 2570 1285 neque
2587 1218 2826 1275 dormire
2850 1222 3060 1276 crimini
3086 1224 3263 1288 datur,
3293 1229 3371 1281 sic
3410 1244 3585 1297 neque
3624 1246 3863 1299 pnesen-

2271 1314 2375 1360 tem
2402 1309 2560 1362 vitam
2587 1321 2793 1381 Optare.
2816 1313 3057 1369 Christus
3086 1330 3211 1369 vero
3234 1332 3430 1386 corpus
3459 1320 3643 1374 habuit
3676 1340 3703 1372 a
3737 1338 3863 1391 pce-

2267 1398 2400 1452 catis
2447 1398 2707 1465 Iiberutn,
2765 1418 2871 1457 non
2910 1420 2939 1458 a
2992 1407 3324 1461 naturalibus
3383 1412 3796 1466 necessitatibus
3843 1430 3856 1467 :

2265 1490 2493 1560 alioquin
2530 1508 2721 1563 corpus
2762 1511 2867 1549 non
2901 1496 3106 1553 fuisset.
3143 1499 3237 1552 llis
3271 1502 3429 1554 etiam
3463 1502 3604 1555 aliud
3648 1504 3857 1560 docuit.

2264 1581 2538 1649 Quodnam
2572 1585 2736 1639 illud?
2760 1586 2828 1641 Ut
2871 1589 2914 1641 si
2958 1604 3205 1658 umquam
3240 1590 3289 1644 in
3320 1594 3571 1647 mwstitia
3614 1605 3668 1648 et
3709 1605 3859 1650 metu

2262 1678 2450 1741 simus,
2487 1693 2553 1731 ne
2581 1678 2699 1732 ideo
2724 1696 2750 1732 a
2785 1684 3057 1749 proposito
3079 1684 3395 1738 resiliamus.
3430 1685 3601 1749 Pater,
3622 1688 3856 1755 clari/ica

2261 1780 2439 1818 nomen
2466 1776 2627 1821 tuum.
2650 1768 2891 1825 Ostendit
2919 1788 2976 1825 se
3007 1787 3101 1841 pro
3126 1774 3347 1830 veritate
3375 1777 3529 1841 mori,
3563 1792 3676 1830 rem
3706 1778 3853 1832 illam

2257 1855 2480 1924 gloriam
2516 1859 2605 1913 Dei
2628 1876 2845 1915 vocans.
2880 1863 2940 1915 Et
2971 1865 3072 1917 hoc
3092 1873 3211 1933 post
3233 1880 3445 1920 crucem
3470 1868 3714 1936 contigit.
3748 1869 3852 1922 Fu-

2261 1957 2434 2002 turum
2456 1960 2572 2004 erat
2599 1959 2658 2006 ut
2680 1954 2827 2009 orbis
2855 1965 3257 2011 converteretur
3275 2000 3291 2024 ,
3314 1973 3376 2012 ac
3400 1974 3594 2013 nomen
3628 1960 3722 2014 Dei
3753 1975 3851 2015 Cn-

2255 2051 2558 2107 gnnsceret,
2590 2042 2794 2113 ipsique
2817 2047 3065 2110 serviret;
3093 2062 3197 2102 non
3230 2048 3402 2102 Patris
3430 2065 3624 2118 nempe
3648 2067 3851 2107 nomen

2255 2128 2550 2197 dumtaxat,
2581 2133 2673 2187 sed
2706 2136 2863 2188 etiam
2894 2136 3011 2190 Filii
3040 2154 3052 2188 :
3083 2147 3314 2192 attamen
3342 2140 3467 2193 illud
3501 2151 3664 2196 tacet.
3701 2141 3852 2195 Venit

2254 2236 2491 2290 στρατω
2518 2222 2581 2276 de
2605 2226 2745 2280 cclis
2773 2242 2792 2280 :
2818 2225 2885 2281 Et
2910 2228 3187 2297 clariﬁcavi
3204 2270 3221 2295 ,
3251 2241 3297 2284 et
3323 2222 3503 2283 iterum
3528 2234 3849 2299 ctariﬁcabo.

2256 2309 2353 2365 Ubi
2392 2312 2742 2369 clarificavit?
2771 2316 2824 2371 In
2859 2320 3297 2385 praecedentibus.
3328 2320 3395 2375 Et
3422 2324 3613 2377 iterum
3645 2325 3850 2379 clarifi-

2250 2401 2384 2456 cabo
2406 2414 2526 2472 post
2541 2420 2775 2463 crucem.
2794 2410 2931 2476 Quid
2958 2426 3086 2480 ergo
3111 2410 3396 2467 Christus?
3446 2415 3535 2469 50.
3561 2414 3686 2469 Non
3727 2434 3849 2485 pro-

2252 2503 2362 2560 pter
2401 2511 2480 2549 nte
2506 2512 2603 2551 nos:
2628 2498 2735 2551 haec
2778 2504 2915 2570 facta
2942 2511 3037 2565 est,
3067 2505 3157 2556 sed
3184 2515 3391 2573 prapter
3407 2522 3511 2559 nos.
3554 2506 3633 2560 Illi
3662 2518 3848 2563 autem

2253 2585 2541 2641 tonitruum
2572 2604 2691 2644 esse
2717 2599 2969 2660 putarunt
2990 2633 3004 2657 ,
3036 2594 3122 2647 vel
3151 2595 3396 2663 angelum
3428 2596 3525 2663 ipsi
3558 2598 3849 2667 loquutum

2251 2674 2431 2732 fuisse.
2482 2678 2548 2732 Et
2587 2680 2726 2735 unde
2770 2682 2870 2737 hoc
2901 2685 3185 2751 putarunt?
3225 2701 3400 2741 annon
3428 2689 3569 2743 clara
3607 2701 3664 2743 et
3711 2667 3846 2745 con-

2248 2766 2426 2833 spicua
2456 2782 2557 2820 vox
2591 2767 2723 2822 fuit?
2756 2770 2951 2825 Verum
2979 2774 3086 2827 cito
3112 2774 3343 2829 avolavit
3378 2776 3445 2830 ab
3480 2778 3584 2833 illis
3606 2822 3625 2846 ,
3656 2790 3847 2849 utpote

2247 2858 2614 2925 crassioribus,
2634 2862 2955 2927 carnalibus,
2986 2866 3262 2935 segnibus.
3285 2868 3384 2921 Alii
3409 2884 3598 2923 sonum
3630 2880 3845 2927 tantum

2247 2949 2612 3015 retinuerunt,
2641 2952 2730 3005 alii
2756 2955 3089 3009 articulatam
3120 2956 3285 3013 fuisse
3326 2974 3507 3013 vocem
3540 2976 3840 3027 noverant;

2246 3040 2370 3109 quid
2397 3056 2522 3095 vero
2549 3043 2889 3112 significaret,
2920 3063 3023 3102 non
3055 3048 3201 3103 item.
3231 3051 3366 3116 Quid
3394 3068 3524 3121 ergo
3550 3054 3848 3110 Christus?

2247 3128 2368 3185 Non
2395 3144 2601 3200 prapter
2629 3152 2708 3188 me
2724 3135 2830 3189 ltwc
2848 3154 2944 3190 voa:
2967 3140 3117 3203 venit,
3136 3140 3227 3193 sed
3245 3152 3450 3211 propter
3469 3158 3574 3196 nos.
3602 3144 3715 3198 Cur
3738 3146 3843 3201 hoc

2244 3224 2413 3278 dixit?
2433 3226 2512 3279 Ad
2538 3226 2662 3280 illud
2686 3229 2979 3297 respiciens
3003 3230 3142 3298 quod
3166 3246 3379 3301 semper.
3393 3233 3667 3302 dicebant,
3689 3237 3842 3289 illum

2244 3330 2306 3369 ex
2354 3317 2463 3372 Deo
2492 3334 2596 3372 non
2624 3334 2765 3373 esse.
2804 3321 2901 3387 Qui
2930 3322 3072 3376 enim
3101 3337 3130 3376 a
3160 3323 3271 3379 Deo
3293 3326 3649 3392 elarificatur,
3697 3345 3841 3399 quo-

2242 3408 2399 3463 modo
2430 3426 2532 3464 non
2561 3422 2644 3466 est
2680 3428 2745 3467 ex
2791 3413 2899 3467 Deo
2928 3456 2943 3477 ,
2971 3414 3121 3483 cujus
3153 3431 3348 3471 nomen
3395 3429 3612 3488 propter
3660 3399 3840 3489 ipsum

2241 3499 2584 3555 elarifleatur?
2606 3501 2728 3557 Ideo
2750 3518 2847 3558 vox
2866 3504 3036 3558 delata
3064 3516 3166 3559 est.
3184 3506 3472 3575 Pr0pterea
3498 3509 3672 3579 inquit
3697 3513 3839 3581 ipse,

2243 3590 2362 3645 Non
2393 3605 2597 3663 prapter
2618 3612 2697 3648 me
2716 3597 2823 3648 luet:
2844 3612 2941 3650 eoa:
2958 3597 3107 3661 venit,
3134 3599 3223 3652 sed
3243 3610 3449 3668 prapter
3470 3616 3555 3656 nos
3581 3617 3601 3654 :
3633 3601 3749 3655 Non
3782 3615 3841 3657 ιιι

2240 3684 2435 3753 aliquid
2461 3700 2490 3738 a
2520 3700 2603 3739 me
2626 3686 2926 3756 ignoratum
2952 3688 3020 3742 ab
3051 3689 3136 3742 illa
3167 3691 3377 3745 audiam
3422 3691 3645 3764 (omnia
3687 3696 3838 3751 enim

2240 3792 2357 3844 qu:e
2388 3777 2557 3831 Patris
2581 3788 2705 3833 sunt
2730 3781 2851 3833 novi
2875 3779 2894 3852 )
2916 3822 2931 3846 ,
2974 3780 3069 3835 sed
3114 3793 3332 3851 propter
3358 3799 3474 3837 vos.
3509 3786 3643 3851 Quia
3682 3788 3833 3841 enim

2241 3868 2491 3923 dicebant
2518 3872 2761 3940 angelum
2789 3873 3061 3941 loquutum
3086 3874 3161 3929 illi
3193 3890 3335 3941 esse,
3362 3877 3446 3930 vel
3475 3875 3673 3932 factum
3705 3894 3833 3934 esse

2241 3959 2529 4025 tonitruum
2556 4002 2570 4027 ,
2599 3970 2653 4015 et
2682 3978 2784 4015 non
2816 3962 3166 4018 advertebant
3194 4005 3209 4028 ,
3247 3966 3416 4033 inquit
3440 4007 3455 4028 ,
3488 3981 3707 4038 propter
3736 3986 3839 4024 vos

2240 4049 2466 4105 delatam
2502 4066 2621 4106 esse
2651 4067 2833 4106 vocem
2859 4094 2875 4119 ,
2904 4064 2961 4107 ut
2989 4054 3114 4109 hinc
3140 4056 3541 4110 concitaremini
3564 4058 3629 4110 ad
3658 4058 3833 4111 inter-

2237 4144 2530 4212 rogandum
2576 4145 2701 4214 quid
2745 4144 2943 4200 dictum
2992 4147 3312 4202 fuisset.'llli
3344 4163 3472 4201 vero
3502 4148 3791 4217 stupefacti
3817 4191 3834 4213 ,

2242 4248 2414 4302 neque
2440 4234 2516 4287 sic
2553 4234 2947 4304 interrogarunt
2968 4277 2983 4299 ,
3015 4251 3135 4289 cum
3163 4237 3411 4292 audirent
3439 4236 3491 4291 id
3518 4236 3583 4290 ad
3620 4253 3679 4293 se
3707 4254 3838 4308 pcr-

2240 4325 2430 4379 tinere.’
2460 4322 2724 4379 Nescienti
2773 4328 2914 4379 enim
2958 4328 3111 4394 cuius
3148 4329 3319 4397 gratia
3368 4328 3675 4394 diceretur,
3707 4330 3835 4396 jure

2237 4430 2344 4469 non
2372 4415 2594 4484 insignis
2618 4432 2719 4469 vox
2748 4417 3024 4472 videbatur
3043 4433 3185 4473 esse.
3219 4418 3439 4488 Propter
3459 4436 3546 4473 vos
3572 4437 3669 4475 vos
3683 4422 3836 4475 deta-

2237 4518 2289 4559 ta
2310 4517 2401 4561 est.
2423 4506 2608 4563 Viden‘
2632 4509 2900 4578 quomodo
2916 4525 3005 4565 res
3032 4510 3259 4565 humiles
3274 4527 3458 4566 eorum
3477 4514 3647 4582 gratia
3673 4516 3833 4582 ﬁant,

2236 4617 2343 4655 non
2373 4602 2525 4671 quasi
2556 4599 2720 4655 Filius
2744 4604 2942 4657 auxilio
2974 4603 3151 4673 egeat?
3172 4605 3259 4659 5|.
3295 4604 3448 4659 Nunc
3468 4607 3724 4675 judicium
3756 4622 3834 4664 est

2235 4692 2433 4757 mundi,
2457 4708 2590 4745 nunc
2621 4694 2852 4762 princeps
2879 4694 3031 4763 hujus
3060 4695 3235 4748 mundi
3264 4696 3402 4766 infra
3428 4698 3676 4767 ejiciatur.
3714 4700 3835 4756 Hoc

2235 4783 2502 4850 quomodo
2531 4792 2741 4850 aptatur
2762 4784 2859 4849 illi,
2890 4784 3201 4853 Clariﬁcani,
3234 4796 3280 4839 et
3309 4788 3643 4854 clariﬁcabo?
3670 4789 3833 4857 Opti-

2236 4888 2321 4925 me
2347 4883 2400 4925 et
2432 4872 2717 4927 admodum
2745 4886 3129 4933 consentanee.
3161 4878 3293 4944 Quia
3324 4880 3467 4932 enim
3499 4879 3670 4943 dixit,
3708 4878 3837 4933 Cla-

2234 4964 2464 5031 riﬁcubo,
2486 4965 2700 5018 modum
2721 4966 2907 5035 gloriae
2928 4968 3181 5021 ostendit.
3203 4968 3333 5035 Quis
3353 4970 3439 5024 ille
3456 4970 3682 5024 modus?
3709 4972 3830 5035 Ille.

2237 5054 2424 5123 inquit,
2458 5054 2708 5123 Ejicietur
2735 5058 2897 5127 infra.
2925 5058 3060 5124 Quid
3088 5060 3190 5114 Silii
3216 5060 3329 5114 vult
3362 5060 3488 5115 illud
3518 5081 3531 5115 :
3560 5060 3835 5117 Iudicium

2235 5154 2306 5197 est
2328 5144 2501 5197 mundi
2525 5146 2676 5216 hujus
2694 5147 2719 5199 1’
2742 5150 2815 5200 Ae
2840 5149 2882 5201 si
2906 5148 3127 5213 diceret,
3157 5149 3423 5205 Judicium
3456 5152 3558 5205 erit
3584 5162 3639 5205 et
3670 5154 3829 5207 ultio.

2233 5236 2541 5302 Quomodo?
2572 5235 2779 5292 Occidit
2806 5240 3032 5306 primum
3064 5241 3331 5296 hominem
3358 5284 3375 5308 ,
3402 5258 3559 5312 quem
3602 5255 3835 5313 peccato

2232 5328 2517 5380 obnoxium
2568 5328 2770 5383 invenit
2802 5329 2940 5397 (Per
2980 5343 3237 5399 peccatum
3276 5335 3407 5386 enim
3443 5350 3577 5389 mors
3621 5338 3833 5390 intravit

2231 5416 2407 5487 litem.
2442 5420 2493 5472 5.
2528 5417 2639 5491 l21)
2672 5436 2683 5470 :
2715 5420 2765 5472 in
2796 5437 2880 5474 me
2900 5421 2999 5475 hoc
3024 5438 3129 5475 non
3162 5424 3382 5478 invenit.
3409 5425 3517 5479 Cur
3537 5442 3664 5496 ergo
3691 5428 3832 5482 insi-

2230 5508 2331 5572 liit,
2364 5518 2416 5563 et
2444 5510 2599 5563 morti
2626 5512 2881 5565 tradidit?
2908 5528 3003 5566 cur
3035 5514 3085 5566 in
3114 5514 3264 5568 inda:
3290 5516 3522 5569 animam
3553 5518 3832 5587 ingressus

2231 5610 2335 5665 est,
2362 5609 2419 5654 ut
2446 5617 2530 5655 me
2561 5602 2867 5658 occideret?
2896 5604 2971 5658 Ne
3000 5604 3129 5658 mihi
3156 5606 3295 5660 enim
3333 5607 3443 5677 jam
3472 5607 3675 5664 dixeris
3700 5650 3717 5676 ,
3752 5611 3828 5665 ita

2231 5694 2395 5748 Deum
2428 5695 2823 5764 dispensavisse
2857 5716 2868 5749 :
2900 5697 3001 5753 hoc
3029 5700 3170 5753 enim
3203 5716 3307 5755 non
3344 5702 3545 5759 diaboli
3573 5713 3655 5759 est
3681 5747 3695 5770 ,
3728 5707 3827 5762 sed

2236 5788 2395 5855 ipsius
2426 5787 2718 5857 sapientiae.
2750 5788 3066 5857 Exploretur
3096 5790 3304 5847 interim
3332 5810 3483 5850 mens
3512 5797 3731 5866 maligni
3763 5798 3827 5852 il-
