4054 6430
195 349 289 407 3τί

193 479 323 516 nor
347 456 613 530 φυλάξει
660 454 874 525 αὐτήν.
916 456 1036 506 ’Ότι
1085 451 1193 523 γὰρ
1229 451 1459 513 ἐκείνοις
1504 446 1787 520 παραινῶν

194 528 364 612 ἔλεγε,
399 543 494 595 καὶ
529 542 622 594 τὸν
651 540 815 608 φόϐον
852 537 1033 590 αὐτῶν
1071 534 1380 598 ῦπεκλύων,
1411 532 1647 586 ἄκουσον
1678 528 1788 582 τῶν

193 624 319 694 ἑξῆς
339 641 352 656 ·
395 623 461 678 '0
491 623 625 692 ἐμοὶ
660 619 975 681 διακονῶν,
1019 618 1150 682 ἐμοὶ
1179 616 1583 672 ἀκολουθείτω
1608 629 1621 642 ·
1657 612 1790 683 περὶ

192 709 283 762 τοῦ
311 709 551 762 θανάτου
586 706 782 775 λέγων,
829 704 922 757 καὶ
953 703 1052 774 τὴν
1086 701 1174 755 διὰ
1213 701 1323 755 τῶν
1361 699 1538 771 έργων
1574 694 1796 751 ἀκολού-

196 791 349 861 θησιν
382 791 658 844 ἀπαιτῶν.
692 790 782 841 Δεῖ
805 787 915 858 γὰρ
954 787 1174 848 πάντως
1220 785 1312 838 τὸν
1342 782 1694 836 διακονοῦντα
1717 779 1798 849 τῷ

193 874 602 943 διακονουμένη)
629 870 877 925 ἔπεσθαι.
907 870 1016 922 Καὶ
1045 870 1238 922 σκόπει
1258 867 1390 920 πότε
1419 867 1601 928 αὐτοῖς
1626 862 1798 916 ταῦτα

196 957 543 1024 διαλέγεται·
573 957 672 1025 οὐχ
704 956 791 1006 ὅτε
823 951 1108 1006 ἐδιώκοντο
1130 992 1145 1014 ,
1186 950 1302 1004 ἀλλ’
1330 951 1418 1004 ὅτε
1457 947 1794 1020 ἐθάρρησαν,

196 1041 284 1094 ὅτε
314 1040 583 1109 ἐνόμισαν
611 1041 670 1091 ἐν
699 1035 970 1105 ἀσφαλείᾳ
1000 1030 1160 1093 εῖναι.
1197 1034 1287 1088 διά
1324 1033 1422 1102 τὴν
1441 1031 1551 1086 τῶν
1586 1028 1798 1084 πολλῶν

198 1121 359 1193 τιμὴν
388 1122 488 1175 καὶ
524 1119 829 1193 θεραπείαν
849 1135 862 1149 ·
890 1118 980 1171 ὅτε
1009 1118 1105 1170 καὶ
1144 1117 1495 1186 διαναστῆναι
1538 1113 1800 1184 ἠδύναντο

199 1204 290 1258 καὶ
328 1203 570 1257 ἀκοῦσαι
595 1220 608 1234 ο
641 1201 752 1258 Καὶ
797 1201 993 1270 ἀράτω
1030 1200 1138 1256 τὸν
1172 1198 1442 1268 σταυρὸν
1482 1196 1672 1252 αὐτοῦ
1699 1194 1800 1250 καὶ

199 1288 606 1342 ἀκολουθείτω
642 1303 777 1356 μοι·
814 1285 1096 1339 τουτέστιν
1118 1326 1133 1348 ,
1175 1283 1288 1336 Ἀεὶ
1312 1280 1800 1352 παρατεταγμένος

199 1371 309 1436 ἐσο,
341 1373 534 1442 φησιν,
574 1370 709 1441 πρὸς
732 1369 1031 1434 κινδύνους,
1061 1367 1198 1438 πρὸς
1226 1367 1475 1429 θάνατον,
1501 1364 1636 1434 πρὸς
1665 1365 1801 1416 ἀπο-

200 1455 400 1527 δημίαν
435 1455 538 1527 τὴν
569 1454 840 1508 ἐντεῦθεν.
892 1448 1026 1506 Εἶτα
1061 1450 1248 1521 ἐπειδὴ
1268 1449 1338 1504 τὰ
1380 1447 1615 1519 φορτικά
1653 1442 1796 1508 εἶπε,

202 1542 294 1592 καί⁵
315 1539 376 1591 τὸ
424 1538 664 1592 ἐπαθλον
695 1537 899 1606 τίθησι.
930 1535 1086 1587 Ποῖον
1131 1533 1188 1586 δέ
1226 1531 1384 1585 τοῦτο
1416 1527 1518 1602 ἦν;
1549 1530 1622 1583 Τὸ
1650 1529 1799 1600 αὑτῷ

202 1620 538 1681 ἀκολουθεῖν.
568 1620 664 1674 καὶ
692 1616 829 1672 εῖναι
864 1617 992 1672 ἔνθα
1023 1617 1140 1670 ἐστι
1159 1633 1173 1646 ·
1207 1616 1424 1678 δεικνὺς
1455 1616 1536 1668 ὅτι
1563 1615 1798 1668 ἀνάστα-

206 1721 286 1768 σις
322 1704 414 1759 τὸν
442 1704 680 1758 θάνατον
708 1701 1029 1767 διαδέξεται.
1063 1700 1250 1752 Ὅπου
1277 1697 1386 1770 γάρ
1421 1701 1538 1767 ειμι
1556 1737 1570 1758 .
1607 1697 1795 1768 φησὶν,

202 1787 334 1856 ἐγὼ,
360 1787 491 1843 ἐκεῖ
527 1787 627 1841 καί
652 1790 684 1840 ό
706 1784 990 1850 διάκονος
1014 1786 1047 1837 ό
1066 1783 1228 1850 ἐμός.
1249 1781 1361 1835 Ποῦ
1390 1782 1447 1836 δὲ
1472 1784 1500 1834 6
1525 1781 1794 1852 Χριστόςς

217 1871 303 1924 Ἐν
329 1871 607 1940 οὐρανοῖς.
648 1869 758 1921 Καὶ
799 1867 906 1937 πρὸ
947 1869 1046 1935 τῆς
1081 1864 1428 1927 ἀναστάσεως
1458 1863 1638 1915 τοίνυν
1681 1863 1798 1916 ἐκεῖ

207 1953 568 2023 μεταστῶμεν
594 1955 660 2022 τῇ
690 1950 834 2021 ψυχῇ
865 1947 1058 2017 καὶτῷ
1088 1946 1184 2016 νῷ.
1229 1946 1365 1999 Ἐάν
1392 1963 1483 2012 τις
1510 1945 1640 2015 ἐμοὶ
1668 1945 1797 1999 δια-

210 2036 381 2105 κονῇ,
413 2035 723 2105 ἀγαπήσει
757 2033 946 2086 αὐτὸν
980 2033 1012 2084 ό
1039 2029 1262 2098 Πατήρ.
1292 2029 1445 2082 Διατί
1471 2030 1573 2082 οὑκ
1603 2023 1757 2081 εἶπεν
1785 2067 1800 2091 ,

219 2119 388 2188 Ἐγώς
435 2118 662 2188 Ἐπειδὴ
692 2117 905 2170 οὐδέπω
930 2115 1030 2186 τὴν
1060 2117 1446 2185 προσήκουσαν
1473 2114 1601 2186 περὶ
1633 2110 1799 2166 αὑτοῦ

205 2207 357 2273 δόξαν
387 2202 539 2277 εἶχον
558 2247 572 2268 .
599 2205 734 2258 ἀλλὰ
773 2203 996 2275 μείζονα
1020 2205 1149 2271 περὶ
1181 2200 1276 2256 τοῦ
1311 2203 1547 2274 Πατρός.
1599 2204 1661 2256 Oi
1691 2201 1802 2271 7&9

211 2290 342 2361 μηδὲ
360 2291 445 2343 ὅτι
475 2288 778 2358 ἀναστῆναι
805 2286 968 2340 αὑτὸν
995 2287 1162 2357 ἐχρῆν
1195 2284 1417 2349 ειδότες,
1448 2285 1564 2348 πῶς
1591 2284 1803 2356 μεγάλα

209 2378 335 2445 περὶ
381 2375 554 2431 αὐτοῦ
582 2373 996 2444 ἐφαντάσθησαν
1035 2372 1150 2445 [ἀν]
1171 2386 1230 2438 εις
1271 2373 1362 2426 Διὸ
1398 2373 1495 2426 κα)⁸
1525 2374 1638 2434 τοῖς
1669 2373 1802 2435 υἱοῖς

211 2459 500 2514 Ζεϐεδαίου
531 2459 696 2528 φησίν
715 2474 729 2489 ·
761 2460 883 2512 Οὐκ
911 2457 1086 2512 ἔστιν
1105 2457 1253 2527 ἐμὸν
1282 2456 1514 2520 δοῦναι,
1549 2456 1686 2510 ἀλλ’
1713 2450 1802 2522 οῙς

210 2543 567 2611 ἡτοίμασται
590 2543 748 2609 παρὰ
777 2541 882 2595 τοῦ
921 2543 1154 2609 Πατρός
1176 2559 1317 2610 μου·
1345 2542 1522 2594 καίτοι
1551 2557 1614 2608 γε
1639 2540 1803 2604 αὑτός

212 2628 356 2679 ἐστιν
385 2627 415 2679 6
443 2627 669 2696 κρίνων.
715 2625 980 2678 Ἐνταῦθα
1004 2625 1059 2677 δὲ
1087 2625 1180 2676 καὶ
1200 2624 1260 2676 τὸ
1287 2625 1508 2693 γνήσιον
1534 2625 1804 2694 παρίστη-

214 2725 314 2762 σιν.
352 2709 443 2772 ὀς
462 2709 577 2778 7&9
603 2708 829 2778 γνησίου
869 2707 1056 2769 παιδὸς
1085 2706 1392 2770 διακόνους,
1425 2704 1596 2768 οὕτως
1633 2707 1661 2757 ό
1687 2706 1802 2759 Πα-

212 2793 312 2863 τηρ
343 2793 692 2858 ἀποδέξεται.
734 2792 860 2845 Νῦν
891 2793 930 2857 ἡ
955 2790 1126 2859 ψυχή
1153 2808 1272 2859 μου
1301 2789 1670 2857 τετάρακται.
1690 2791 1802 2843 Καὶ

215 2878 271 2928 τι
309 2877 493 2938 almo;
530 2873 741 2942 Πάτερ.
771 2873 982 2927 σιίσόν
1009 2890 1086 2941 με
1117 2874 1186 2926 ἐκ
1227 2871 1338 2939 τῆς
1378 2873 1533 2940 ὠρας
1558 2872 1798 2940 ταύτης.

216 2958 322 3010 Καὶ
357 2959 468 3028 μὴν
491 2955 653 3010 τοῦτο
674 2957 773 3008 οὐκ
801 2956 880 3008 Eu
903 2957 929 2995 δ
963 2955 1407 3026 προτρεπομένου
1453 2956 1546 3008 ἐπ)⁵
1583 2955 1675 3009 τὸν
1709 2954 1805 3007 θά-

215 3058 368 3094 νατον
402 3041 599 3094 ἐλθεῖν.
637 3039 887 3092 Μάλιστα
925 3039 1022 3109 μὲν
1052 3035 1144 3091 οῦν
1184 3038 1649 3109 προτρεπομένου.
1685 3039 1803 3091 ’Ὶνα

217 3126 323 3193 γὰρ
353 3125 428 3196 μὴ
459 3124 715 3192 λέγωσιν,
747 3123 828 3175 ὅτι
863 3123 1035 3182 Αὐτὸς
1065 3121 1170 3186 ἔξω
1194 3121 1302 3174 τῶν
1336 3119 1543 3173 ὠδίνων
1581 3120 1657 3173 ῶν
1694 3120 1803 3176 τῶν

216 3209 572 3280 ἀνθρωπίνων
593 3246 608 3269 ,
648 3205 886 3268 εὐκόλως
916 3206 1045 3274 7:591
1087 3204 1318 3257 θανάτου
1354 3203 1672 3270 φιλοσοφεῖ,
1709 3205 1804 3259 καὶ

218 3294 347 3362 ἡμῖν
374 3289 434 3356 ἐξ
461 3289 745 3344 ἀκινδύνου
765 3290 1041 3362 παραινεῖ,
1070 3287 1342 3339 δείκνυσιν
1365 3287 1446 3338 ὅτι
1470 3285 1647 3339 καίτοι
1663 3288 1804 3356 ἀγω-

217 3357 341 3430 νιῶν
371 3375 569 3436 αὑτὸν,
603 3375 753 3444 ὅμως
799 3371 886 3423 διὰ
915 3370 975 3423 τὸ
1020 3357 1293 3441 ᾑρήσιμον
1323 3370 1385 3422 οὐ
1431 3373 1801 3440 παραιτεῖται.

218 3459 395 3514 Ταῦτα
427 3459 486 3511 δὲ
513 3457 614 3527 τῆς
643 3454 950 3522 οἰκονομίας
982 3454 1150 3516 ἐστὶν,
1174 3453 1236 3504 οὐ
1265 3451 1367 3522 τῆς
1401 3452 1675 3524 θεότητος.
1702 3455 1802 3506 Διά

217 3541 370 3594 τοῦτό
395 3557 531 3611 φησι
553 3556 568 3570 ·
602 3538 730 3592 Νῦν
751 3537 790 3602 ἢ
828 3533 997 3603 ψυχή
1021 3552 1141 3602 μου
1173 3533 1542 3603 τετάρακται·
1571 3537 1715 3606 (ἐπεὶ
1753 3538 1801 3590 εί

223 3625 293 3695 μὴ
319 3624 479 3677 τοῦτό
507 3625 644 3684 ἐστι,
681 3622 838 3674 ποίαν
865 3617 1186 3671 ἀκολουθίαν
1216 3617 1330 3686 ἔχει
1357 3617 1418 3670 τὸ
1450 3617 1639 3688 λεχθὲν
1662 3659 1676 3684 ,
1709 3622 1804 3673 καὶ

218 3708 276 3760 τὸ
299 3710 474 3760 εἰπεῖν
490 3724 504 3738 ο
532 3705 745 3772 Πάτερ,
770 3701 978 3756 σῶσόν
996 3717 1072 3767 με
1101 3700 1171 3753 ἐκ
1200 3697 1311 3768 τῆς
1331 3699 1486 3769 ὧρας
1516 3704 1736 3771 ταύτης
1760 3705 1802 3772 ;)

219 3792 311 3844 καὶ
338 3790 484 3844 οῦτω
524 3789 883 3858 τετάρακται,
915 3784 990 3846 ὡς
1021 3785 1114 3836 καὶ
1158 3783 1481 3856 ἀπαλλαγὴν
1515 3783 1719 3856 ζητεῖν,
1753 3786 1809 3839 εῖ

221 3892 281 3942 γε
306 3875 431 3944 ἐνῆν
463 3874 764 3940 διαφυγεῖν.

290 3957 352 4026 β’.
369 3955 556 4009 Ταῦτα
580 3957 677 4024 τῆς
703 3952 1049 4023 ἀνθρωπίνης
1079 3950 1293 4020 φύσεως
1321 3951 1390 4005 τά
1426 3951 1800 4023 ἀσθενήματα.

232 4039 366 4092 Ἀλλ’
403 4040 506 4092 οὐκ
547 4036 656 4106 ἔχω
685 4036 735 4089 τί
765 4037 922 4099 είπω,
956 4036 1153 4104 φησὶν,
1183 4033 1505 4106 ἀπαλλαγὴν
1546 4035 1805 4106 αἰτούμε-

223 4141 326 4186 νος.
354 4124 456 4178 Διά
481 4122 593 4191 γὰρ
621 4121 796 4175 τοῦτο
843 4116 1034 4188 ἦλθον
1078 4121 1166 4184 εις
1209 4118 1326 4186 τὴν
1356 4119 1516 4187 ὥραν
1540 4119 1765 4187 ταύτην
1784 4135 1799 4151 ·

222 4206 417 4260 ὡσανεὶ
461 4205 614 4276 ἔλεγε
635 4220 648 4233 ·
680 4202 798 4256 Κᾶν
830 4200 1211 4274 θορυϐώμεθα,
1247 4201 1352 4254 κᾶν
1377 4201 1798 4273 ταραττώμεθα,

226 4289 299 4360 μὴ
325 4289 614 4357 φεύγωμεν
639 4285 867 4339 θάνατον
892 4301 904 4315 ·
927 4283 1050 4337 ἐπεὶ
1079 4283 1236 4352 κάγὼ
1258 4283 1352 4336 νῦν
1378 4285 1803 4355 ταραττόμενος,

222 4373 280 4424 οὐ
308 4373 448 4442 λέγω
495 4369 635 4423 ὥστε
667 4370 890 4437 φυγεῖν·
923 4367 1003 4419 δεῖ
1044 4366 1154 4438 γὰρ
1184 4367 1371 4437 φέρειν
1410 4367 1470 4420 τὸ
1503 4369 1676 4422 ἐπιόν.
1727 4369 1801 4421 Οὐ

223 4453 376 4520 λέγω,
423 4450 754 4514 Ἀπάλλαξόν
786 4467 854 4520 με
879 4449 944 4502 ἐκ
973 4449 1069 4518 τῆς
1097 4448 1248 4520 ῶρας
1287 4451 1524 4520 ταύτης·
1553 4451 1690 4506 ἀλλά
1718 4453 1800 4517 τίς

223 4539 430 4608 Πάτερ,
453 4537 724 4602 δόξασόν
744 4553 861 4589 σου
887 4535 955 4587 τὸ
981 4534 1188 4604 ὄνομα.
1219 4535 1413 4588 Καίτοι
1437 4536 1536 4606 τῆς
1553 4537 1804 4608 ταραχῆς

225 4622 372 4678 τοῦτο
397 4621 812 4691 ἀναγκαζούσης
837 4619 1038 4686 λέγειν,
1066 4619 1128 4672 τὸ
1161 4618 1402 4672 ἐναντίον
1430 4620 1595 4688 λέγω,
1627 4621 1806 4685 Δόξα-

226 4708 335 4761 σόν
362 4725 480 4761 σου
505 4707 570 4758 τὸ
621 4705 808 4773 ὄνομα
831 4719 845 4732 ·
882 4703 1177 4766 τουτέστιν,
1219 4704 1428 4772 Ἀγαγε
1478 4703 1665 4759 λοιπὸν
1709 4707 1804 4760 ἐπὶ

223 4787 307 4840 τὸν
360 4788 620 4859 σταυρόν·
666 4786 695 4839 ὃ
729 4786 864 4839 πολὺ
893 4785 954 4838 τὸ
1003 4783 1346 4856 ἀνθρώπινον
1397 4786 1800 4855 ἐπιδείκνυται,

226 4876 313 4927 καὶ
339 4877 436 4946 τὴν
463 4872 612 4946 μοε]
639 4872 801 4942 φύσιν
833 4873 906 4941 μὴ
946 4871 1276 4942 βουλομένην
1310 4872 1604 4928 ἀποθανεῖν
1623 4915 1638 4939 ,
1664 4876 1803 4931 ἀλλά

225 4957 316 5026 τῆς
343 4956 622 5027 παρούσης
651 4955 1020 5024 ἀντεχομένην
1064 4953 1209 5024 ζωῆς
1232 4970 1246 4983 ·
1295 4954 1532 5020 δεικνὺς,
1571 4957 1654 5013 ὅτι
1703 4959 1803 5013 οὐκ

229 5039 324 5104 ἔξω
343 5041 462 5094 τῶν
512 5040 868 5110 ἀνθρωπίνων
926 5038 1114 5091 παθῶν
1167 5035 1256 5109 ἦν.
1315 5041 1526 5110 Ὥσπερ
1576 5043 1685 5114 γὰρ
1743 5044 1804 5097 τὸ

228 5127 408 5196 πεινῆν
441 5124 541 5176 οὐκ
563 5123 836 5193 ἔγκλημα,
872 5121 993 5174 οὐδὲ
1020 5121 1082 5174 τὸ
1129 5121 1440 5176 καθεύδειν·
1474 5123 1647 5189 οὕτως
1679 5126 1802 5180 οὐδὲ

229 5206 283 5258 τὸ
306 5210 400 5278 τῆς
423 5206 704 5278 παρούσης
731 5207 876 5275 ζωῆς
903 5205 1168 5274 ἐφίεσθαι.
1215 5205 1272 5258 Ὀ
1293 5207 1349 5258 δὲ
1379 5207 1610 5278 Χριστὸς
1642 5210 1804 5279 σῶμα

231 5291 460 5362 καθαρὸν
514 5291 928 5360 ἁμαρτημάτων
977 5284 1142 5358 εἶχεν,
1169 5291 1289 5358 οὐχὶ
1323 5291 1570 5358 φυσικῶν
1619 5293 1806 5362 ἀναγ-

231 5373 332 5424 κῶν
375 5372 822 5442 ἀπ-ηλλαγμένον·
864 5371 987 5424 ἐπεὶ
1020 5371 1126 5424 οὐδ’
1156 5372 1222 5424 ἂν
1257 5373 1415 5443 σῶμα
1450 5370 1537 5445 ἦν.
1593 5377 1694 5428 Διά
1738 5376 1803 5447 δὴ

231 5457 422 5509 τούτων
461 5455 557 5509 καὶ
612 5456 798 5526 ἕτερόν
849 5473 902 5508 τι
948 5455 1255 5510 ἐπαίδευσε.
1313 5458 1473 5510 Ποῖον
1507 5458 1571 5526 δὴ
1607 5459 1801 5524 τοῦτο;

234 5535 361 5601 Ἵνα,
416 5538 469 5590 εἴ
517 5555 647 5591 ποτε
698 5540 756 5590 ἐν
812 5537 984 5605 ἀγῶνι
1018 5539 1426 5608 κατασταίημεν
1470 5542 1564 5593 καὶ
1608 5541 1804 5613 δειλίᾳ,

236 5620 358 5688 μηδὲ
429 5618 603 5680 οὕτως
670 5620 1116 5691 άποπηδήσωμεν
1204 5621 1313 5676 τῶν
1399 5625 1799 5696 προκειμένων.

236 5703 441 5772 Πάτερ,
515 5703 784 5768 δόξασόν
861 5719 978 5756 σου
1054 5703 1123 5758 τὸ
1201 5704 1408 5774 ὄνομα.
1483 5709 1804 5776 Δείκνυσιν,

291 5930 313 5958 ⁸
337 5929 432 5980 Alii
458 5929 779 5991 ἐτανταζοντο.
851 5928 876 5966 δ
901 5929 1046 5977 Saxll.
1091 5928 1176 5976 οὐκ
1205 5930 1323 5982 ἔστι,
1372 5929 1540 5982 Morel.
1569 5934 1654 5982 οὐκ
1677 5936 1760 5984 ἔτι.

1221 338 1286 394 ΙΝ
1323 337 1643 395 ,ΙΟΑΚΝΕΜ
1679 332 1912 390 υυιιιι..
1956 336 2160 389 LXVII.
2204 339 2274 393 al”.
2305 336 2488 393 LXVI.

3385 327 3492 384 372

1897 448 1980 500 ὅτι
2048 449 2189 520 ὑπὲρ
2264 449 2524 520 ἀληθείας
2591 443 2960 515 ἀποθνήσκει.
3041 440 3202 508 δόξαν
3265 439 3346 503 εἰς
3397 440 3492 494 τὸν

1896 531 2029 586 Θεὸν
2067 533 2128 586 τὸ
2169 533 2406 604 πρᾶγμα
2454 529 2659 585 καλῶν.
2699 529 2811 581 Καὶ
2860 524 3021 578 τοῦτο
3069 522 3354 579 συνέϐαινε
3394 539 3492 592 με·

1895 615 1964 668 τὰ
1994 615 2086 669 τὸν
2116 617 2371 686 σταυρόν.
2406 614 2675 685 ’Ἐμελλεν
2699 608 3056 681 ἐπιστρέφειν
3099 609 3134 678 ὴ
3169 606 3490 677 οἰκουμένη,

1896 699 1991 753 καὶ
2019 699 2310 769 γνωρίζειν
2332 698 2393 752 τὸ
2424 700 2596 767 ὄνομα
2619 695 2714 749 τοῦ
2751 692 2889 747 Θεοῦ
2915 692 3010 745 καὶ
3037 689 3366 763 θεραπεύειν
3393 691 3494 742 αῦ-

1892 783 1984 835 τόν
2005 799 2018 811 ·
2053 783 2232 837 καίτοι
2260 783 2322 837 οὐ
2349 782 2408 836 τδ
2441 781 2536 836 τοῦ
2569 779 2784 850 Πατρδς
2815 776 2996 847 μόνον,
3026 774 3164 827 ἀλλὰ
3189 772 3284 826 καὶ
3311 773 3375 826 τὸ
3398 773 3493 827 τοῦ

1899 864 2032 920 Υίοῦ
2054 882 2067 896 ·
2099 866 2232 924 ἀλλ’,
2250 867 2402 936 ὅμως
2435 863 2597 918 τοῦτο
2640 863 2789 932 σιγᾷ.
2818 855 3043 914 Ἦλθεν
3068 853 3184 912 οὖν
3213 856 3384 926 φωνὴ
3422 859 3492 910 ἐκ

1895 949 2015 1004 τῶν
2050 949 2328 1017 οὐρανῶν
2348 965 2365 980 ·
2396 949 2507 1004 Καὶ
2548 946 2838 1010 ἐδόξασα,
2869 943 2969 996 καὶ
2998 941 3188 996 πάλιν
3219 940 3488 1005 δοξάσω.

1895 1033 2006 1089 Ποῦ
2035 1033 2321 1100 ἐδόξασενς
2360 1033 2448 1086 Ἐν
2483 1034 2599 1095 τοῖς
2629 1029 2741 1100 πρὸ
2772 1028 2980 1081 τούτων
3017 1025 3350 1096 γενομένοις.
3383 1025 3496 1078 Καὶ

1896 1118 2061 1172 πάλιν
2090 1116 2300 1182 δοξάσω
2336 1116 2476 1187 μιτά
2506 1115 2600 1169 τὸν
2632 1113 2890 1182 σταυρόν.
2937 1111 3002 1164 Τί
3037 1107 3131 1163 οὖν
3161 1113 3189 1163 ό
3221 1109 3492 1179 Χριστός;

1902 1205 1986 1256 Οὐ
2025 1202 2102 1255 δι’
2137 1201 2243 1270 ἐμὲ
2270 1202 2309 1268 ἡ
2339 1200 2510 1269 φωνὴ
2532 1199 2686 1267 αὕτη
2714 1198 2985 1268 γέγονεν,
3016 1195 3180 1250 ἀλλὰ
3208 1196 3284 1247 δι’
3312 1192 3492 1262 ὑμᾶς.

1910 1286 2139 1339 Ἐκεῖνοι
2167 1285 2224 1338 δὲ
2265 1285 2496 1356 βροντὴν
2522 1283 2788 1354 ἐνόμισαν
2815 1276 2978 1342 εἶναι,
3013 1280 3046 1348 ἢ
3073 1278 3308 1347 ἄγγελον
3342 1277 3496 1348 αὐτῷ

1896 1368 2273 1439 λελαληκέναι.
2301 1367 2412 1422 Καὶ
2436 1367 2600 1420 πόθεν
2625 1365 2786 1419 τοῦτο
2815 1365 3110 1434 ἐνὸμισαν;
3139 1363 3215 1434 μὴ
3243 1363 3352 1433 γὰρ
3373 1363 3496 1433 οὐχ).

1895 1451 2068 1523 τρανὴ
2091 1453 2188 1506 καὶ⁵
2219 1450 2458 1520 εὔσημος
2488 1445 2556 1522 ῆν
2588 1452 2620 1520 ὴ
2659 1449 2850 1521 φωνή;
2887 1447 3047 1501 Ἀλλὰ
3072 1447 3283 1516 ταχέως
3314 1446 3497 1499 αὐτῶν

1896 1535 2154 1604 ἀπέπτη,
2209 1535 2306 1588 an
2348 1533 2672 1606 παχυτέρων
2711 1531 2884 1586 ὄντων
2931 1530 3024 1584 καὶ
3072 1530 3352 1600 σαρκικῶν
3400 1531 3496 1583 καὶ

1899 1617 2183 1690 ῥᾳθύμων.
2239 1617 2348 1670 Καὶ
2374 1619 2423 1668 οἱ
2452 1617 2550 1687 μέν
2581 1617 2674 1670 τὸν
2702 1612 2835 1686 ἦχον
2882 1617 3133 1684 κατεῖχον
3155 1631 3168 1645 ·
3202 1615 3253 1666 οί
3286 1613 3374 1673 δὲ,
3410 1614 3497 1666 ὅτι

1903 1701 2002 1772 μὲν
2028 1700 2292 1774 ἔναρθρος
2320 1696 2388 1771 ἦν
2419 1701 2452 1769 ἠ
2481 1699 2635 1769 φωνὴ
2654 1739 2667 1761 ,
2698 1699 2926 1770 ᾔδεσαν·
2975 1697 3027 1751 τί
3071 1698 3128 1750 δὲ
3170 1699 3494 1773 ἐσήμαινεν,

1898 1785 2000 1838 οὐκ
2033 1783 2134 1836 ῑτι.
2169 1784 2234 1837 Τί
2262 1779 2355 1836 οὖν
2389 1786 2418 1837 6
2448 1783 2720 1855 Χριστός;
2753 1785 2834 1836 Οὐ
2857 1782 2932 1835 δι’
2951 1783 3058 1851 ἐμὲ
3087 1784 3124 1850 ἡ
3146 1781 3317 1850 φωνὴ
3342 1782 3495 1849 αὕτη

1898 1869 2168 1939 γέγονεν,
2208 1869 2369 1922 ἀλλὰ
2409 1867 2485 1922 δι’
2516 1865 2691 1936 ὑμᾶς.
2717 1867 2817 1920 Διὰ
2844 1867 2898 1920 τί
2938 1865 3100 1919 τοῦτο
3133 1861 3322 1931 εἷπεν;
3352 1867 3497 1937 Πρὸς

1899 1953 2078 2006 ἐκεῖνο
2111 1954 2504 2022 ἐνιστάμενοςο
2539 1953 2568 2004 ὃ
2598 1951 2785 2020 ἔλεγον
2834 1952 2922 2004 ἀεὶ
2948 1990 2962 2013 ,
2997 1951 3079 2004 ὅτι
3110 1952 3211 2004 οὑκ
3240 1951 3387 2004 ἔστιν
3431 1953 3498 2005 ἐκ

1898 2036 1992 2089 τοῦ
2040 2035 2199 2089 Θεοῦ.
2239 2036 2299 2088 '0
2330 2035 2442 2108 7&9
2487 2035 2593 2090 ὑπὸ
2637 2035 2730 2088 τοῦ
2769 2035 2906 2087 Θεοῦ
2937 2033 3322 2105 δοξαζόμενος,
3378 2034 3496 2098 πῶς

1898 2121 1999 2191 οὐκ
2027 2119 2176 2172 ἐστιν
2206 2121 2271 2172 ἐκ
2305 2118 2397 2172 τοῦ
2428 2119 2589 2182 Θεοῦ,
2637 2111 2697 2172 οὗ
2727 2118 2787 2172 τὸ
2830 2118 3002 2188 ὄνομα
3051 2119 3121 2171 δι’
3149 2119 3313 2173 αὑτὸν
3340 2118 3497 2181 δοξάκ

1899 2201 2085 2268 (erat;
2133 2203 2232 2255 Διά
2263 2202 2371 2273 γάρ
2399 2203 2559 2256 τοῦτο
2597 2205 2692 2255 καὶ
2731 2205 2764 2274 ή
2815 2204 2967 2273 φωνὴ
3016 2201 3244 2274 ἠνέχθη.
3274 2204 3365 2256 Διὸ
3397 2204 3493 2256 καὶ

1899 2286 2060 2349 αὑτός
2102 2303 2288 2356 φησιν,
2327 2289 2411 2340 Οὐ
2443 2285 2520 2338 δι’
2566 2284 2673 2354 ἐμὲ
2716 2287 2754 2353 ἡ
2799 2285 2970 2356 φωνὴ
3022 2287 3176 2354 αὕτη
3218 2288 3489 2356 γέγονεν,

1899 2369 2060 2424 ἀλλὰ
2099 2371 2174 2422 δι’
2208 2367 2366 2438 ὑμᾶς
2391 2389 2403 2400 ·
2444 2370 2542 2439 οὐχ
2574 2369 2660 2422 ῐνα
2692 2369 2804 2438 ἐγὼ
2841 2370 3002 2440 μάθω
3026 2387 3079 2423 τι
3114 2371 3324 2439 ἀγνοῶν
3362 2371 3494 2442 παρ’

1900 2453 2070 2521 αὐτῆς
2121 2453 2342 2523 (πάντα
2377 2451 2488 2524 7&9
2532 2447 2651 2505 οἴδα
2683 2454 2752 2506 τὰ
2789 2451 2886 2505 τοῦ
2921 2453 3136 2525 Πατρδς
3162 2459 3179 2520 )
3204 2493 3218 2517 ,
3248 2453 3386 2507 ἀλλά
3427 2454 3496 2506 δι’

1901 2539 2067 2608 ὑμᾶς.
2124 2537 2343 2609 Ἐπειδὴ
2396 2536 2506 2609 7&9
2555 2536 2778 2605 ἔλεγον,
2822 2537 2905 2590 δτι
2948 2537 3183 2607 ἄγγελος
3229 2538 3497 2607 ἐλάλησεν

1901 2621 2069 2692 αὐτῷ,
2104 2622 2138 2692 ἢ
2177 2619 2377 2693 βροντὴ
2424 2621 2642 2690 γέγονε,
2698 2622 2794 2674 καὶ
2837 2623 2898 2674 οὐ
2945 2625 3258 2693 προσεῖχον.
3293 2625 3492 2692 φησὶν,

1899 2708 1983 2759 ὅτι
2005 2707 2084 2758 Δι’
2102 2706 2249 2775 ὑμᾶς
2273 2706 2513 2773 ἐγένετο,
2543 2706 2630 2759 ἴνα
2651 2704 2754 2758 κᾶν
2780 2704 2953 2763 οὕτως
2976 2707 3246 2778 ἐνάγησθε
3280 2707 3416 2779 πρὸς
3435 2709 3498 2761 τὸ

1901 2789 2175 2861 ἐρωτῆσαι
2198 2790 2250 2843 τί
2275 2790 2337 2843 τὸ
2369 2789 2579 2860 λεχθέν.
2610 2792 2673 2842 Οί
2708 2789 2764 2842 δὲ
2795 2791 3144 2861 ἐπτοημένοι,
3172 2793 3294 2845 οὐδὲ
3323 2791 3496 2856 οὕτως

1901 2874 2186 2935 ἐπύθοντο,
2231 2873 2565 2936 ἀκούσαντες
2604 2874 2685 2926 ὃτι
2715 2874 2899 2936 αὐτοῖς
2930 2876 3125 2943 ἀνήκει
3151 2875 3211 2928 τὸ
3238 2877 3494 2946 πρᾶγμα.

1901 2959 1992 3028 Τῷ
2011 2957 2122 3028 γάρ
2143 2956 2246 3010 οὒκ
2272 2957 2434 3011 είδότι
2457 2957 2593 3028 πρὸς
2617 2957 2644 3009 ὅ
2669 2957 2908 3025 ἐλέγετο,
2936 2958 3165 3020 εἰκότως
3193 2959 3294 3011 οὐκ
3322 2958 3499 3012 ἐδόκει

1910 3040 2145 3110 έῠσημος
2177 3036 2316 3092 εἶναι
2347 3041 2380 3110 ὴ
2425 3041 2602 3109 φωνή.
2638 3040 2716 3092 Δι’
2749 3034 2905 3108 ὑμᾶς
2937 3041 2977 3106 ἡ
3011 3039 3183 3110 φωνὴ
3223 3041 3494 3111 γέγονεν.

1921 3124 2080 3194 Ὀρᾷς
2114 3123 2198 3176 ὅτι
2227 3121 2298 3174 τὰ
2321 3121 2554 3175 ταπεινά
2586 3123 2654 3174 δι’
2685 3123 2882 3186 αὐτοὺς
2915 3124 3148 3191 γίνεται,
3181 3125 3280 3194 οὐχ
3301 3123 3377 3187 ὡς
3401 3124 3496 3177 τοῦ

1910 3205 2034 3260 ὶίοῦ
2088 3204 2345 3275 δεομένου
2409 3205 2699 3276 βοηθείαςς
2743 3207 2877 3260 Νῦν
2934 3208 3138 3274 κρίσις
3192 3207 3328 3261 ἐστὶ
3385 3209 3497 3263 τοῦ

1902 3293 2138 3360 κόσμου
2192 3290 2430 3344 τούτου.
2484 3289 2621 3341 Νῦν
2663 3289 2730 3341 δὲ
2789 3293 2822 3343 ό
2863 3289 3066 3359 ἅρχων
3107 3291 3214 3346 τοῦ
3264 3293 3500 3360 κόσμου

1901 3377 2120 3428 τούτου
2152 3373 2311 3428 κάτω
2339 3374 2744 3442 βληθήσεται.
2782 3371 2954 3428 Τοῦτο
2984 3375 3146 3428 ποίαν
3171 3375 3499 3429 ἀκολουθίαν

1902 3462 2016 3532 ἔχει
2044 3460 2179 3531 πρὸς
2219 3459 2302 3523 τὸ,
2341 3459 2655 3525 Ἐδόξασα,
2705 3459 2804 3512 καὶ
2846 3458 3126 3524 δοξάσω;
3160 3460 3372 3531 Πολλὴν
3405 3464 3502 3515 καὶ

1903 3544 2113 3616 σφόδρα
2158 3542 2507 3616 συνᾴδουσαν.
2572 3540 2790 3612 Ἐπειδὴ
2832 3541 2940 3611 γὰρ
2988 3538 3150 3608 εἷπε,
3209 3543 3498 3608 Δοξάσω,

1902 3628 2142 3681 δείκνυσι
2179 3630 2274 3680 καὶ
2307 3626 2398 3679 τὸν
2426 3625 2629 3695 τρόπον
2667 3625 2768 3695 τῆς
2807 3625 2986 3697 δόξης.
3016 3627 3112 3690 Τίς
3147 3626 3204 3679 δὲ
3232 3629 3260 3680 6
3298 3627 3500 3698 τρόπος

1903 3711 2091 3775 ἐστίν;
2129 3710 2370 3773 Ἐκεῖνος
2393 3707 2774 3776 Βληθήσεται
2803 3708 2984 3773 κάτω,
3014 3710 3169 3778 φησί.
3197 3710 3263 3762 Τί
3284 3710 3340 3764 δέ
3359 3713 3498 3776 ἐστι,

1901 3794 2116 3862 Κρίσις
2161 3793 2292 3846 ἐστὶ
2339 3791 2446 3846 τοῦ
2492 3793 2728 3861 κόσμου
2766 3793 2984 3846 τούτου
3007 3810 3028 3858 ;
3060 3793 3278 3847 Ὠσανεὶ
3313 3794 3496 3863 ἔλεγε,

1903 3877 2268 3946 Δικαστήριον
2298 3874 2450 3928 ἐσται
2487 3875 2582 3927 καὶ
2612 3873 2913 3946 ἐκδίκησις.
2947 3875 3072 3939 Πῶς
3101 3877 3196 3930 καὶ
3233 3879 3341 3931 τίνι
3373 3879 3500 3949 196—

1906 3980 1991 4030 πψ
2014 3979 2027 4024 ;
2056 3958 2260 4013 Ἀνεῖλε
2283 3959 2375 4012 τὸν
2399 3957 2615 4029 πρῶτον
2642 3957 2954 4028 ἄνθρωπον,
2984 3959 3287 4012 ὑπεύθυνον
3318 3960 3500 4014 λαϐὼν

1906 4047 1969 4114 τῇ
2006 4042 2251 4114 ἁμαρτία
2311 4041 2453 4109 (Διά
2499 4041 2610 4112 γὰρ
2645 4040 2756 4110 τῆς
2803 4042 3092 4110 ἁμαρτίας
3133 4042 3422 4110 εἰσῆλθεν
3466 4049 3500 4098 ό

1904 4127 2194 4194 θάνατος)
2216 4143 2228 4154 ·
2261 4126 2318 4178 ἐν
2351 4126 2372 4176 ἐ
2383 4125 2474 4194 μοὶ
2502 4125 2661 4177 τοίτο
2689 4126 2787 4195 οὐχ
2829 4120 2977 4196 εὗρε.
3007 4123 3165 4190 Τίνος
3197 4123 3289 4178 οὖν
3311 4127 3500 4180 ἕνεκεν

1903 4209 2226 4278 ἐνεπήδησε,
2262 4207 2356 4261 καὶ
2396 4207 2612 4277 θανάτῳ
2642 4208 2964 4278 παρέδωκες
3012 4208 3158 4270 τίνος
3202 4209 3387 4263 ἐνεκεν
3417 4211 3499 4271 εἰς

1903 4291 2002 4359 τὴν
2041 4287 2213 4341 ’ἰούδα
2243 4286 2422 4358 ψυχὴν
2467 4287 2724 4341 ἐνέϐαλεν
2758 4287 2900 4340 ὥστε
2942 4304 3010 4358 με
3042 4288 3291 4354 ἀνελεῖν;
3343 4288 3496 4363 [405]

1904 4371 1997 4440 Μὴ
2024 4369 2134 4439 γάρ
2171 4385 2261 4439 μοι
2291 4371 2452 4438 ιῐπῃς
2477 4367 2591 4428 νῦν.
2629 4369 2710 4421 ὅτι
2736 4369 2765 4421 6
2795 4367 2927 4432 Θεὸς
2953 4368 3276 4440 ᾠκονόμησε
3296 4387 3311 4400 ο
3338 4368 3500 4424 τοῦτο

1903 4454 2016 4523 γὰρ
2047 4452 2108 4504 οὑ
2141 4450 2239 4504 τοῦ
2273 4451 2547 4517 διαϐόλου,
2592 4450 2729 4504 ἀλλά
2757 4451 2854 4520 τῆς
2884 4450 3050 4504 αὑτοῦ
3091 4453 3285 4522 σοφίας
3306 4470 3320 4485 ο
3360 4454 3500 4516 τέως

1904 4535 2118 4588 ἐκείνου
2155 4536 2188 4604 ἡ
2231 4533 2427 4605 γνώμη
2459 4533 2802 4600 ἐξεταζέσθω
2829 4535 2924 4587 τοῦ
2949 4534 3222 4606 Πονηροῦ.
3253 4535 3378 4600 Πῶς
3403 4533 3500 4590 οὖν

1905 4619 2154 4689 κρίνεται
2178 4619 2217 4671 ὀρ
2234 4618 2437 4688 κόσμος
2470 4619 2527 4670 ἐν
2552 4617 2707 4688 ἐμοίς
2750 4617 2967 4671 Ὠσανεὶ
2988 4617 3340 4692 δικαστηρίου
3361 4619 3499 4673 καθ-

1903 4703 2199 4772 εζομένου,
2244 4701 2568 4772 λεχθήσεται
2614 4702 2752 4772 πρὸς
2794 4703 2996 4769 αὑτὸν,
3039 4704 3257 4768 Ἔστω,
3289 4707 3501 4770 πάντας

1903 4787 2134 4850 ἀνεῖλες,
2180 4785 2269 4838 διὰ
2300 4785 2358 4838 τὸ
2387 4784 2713 4855 ἁμαρτίαςά
2765 4787 3104 4852 ὑπευθύνους
3147 4790 3359 4859 εὑρεῖν·
3407 4791 3499 4843 τὸν

1903 4870 2140 4941 Χριστὸν
2157 4869 2298 4924 διατί
2324 4871 2572 4936 ἀνεῖλεςς
2605 4870 2706 4923 οὐκ
2735 4869 2958 4943 εὔδηλον
2983 4873 3065 4926 ὅτι
3095 4874 3297 4938 ἀδίκως
3319 4892 3332 4940 ;
3358 4877 3501 4929 Οὐκ-

1903 4955 1998 5009 οῦν
2029 4955 2099 5009 δι⁹
2132 4954 2300 5009 αὑτοῦ
2330 4954 2754 5027 ἐκδικηθήσεται
2784 4959 2812 5010 6
2838 4957 3043 5027 κόσμος
3087 4959 3254 5023 ἅπας.
3288 4961 3407 5013 Ἰνα
3440 4961 3499 5014 δὲ

1905 5043 1998 5095 καὶ
2059 5039 2395 5111 σαφέστερον
2447 5035 2512 5113 ᾖ,
2567 5043 2660 5094 καὶ
2712 5043 2806 5095 ἐπὶ⁵
2863 5043 3310 5114 παραδείγματος
3366 5047 3507 5100 αὐτὸ.

1911 5126 2122 5194 ποιήσω
2151 5124 2409 5196 φανερόν·
2435 5125 2620 5178 Ἔστω
2646 5142 2728 5189 τις
2758 5126 2931 5197 βίαιος
2958 5127 3222 5197 τύραννος
3243 5170 3258 5192 ,
3291 5131 3505 5195 πάντας

1903 5208 2033 5270 τοὺς
2063 5207 2438 5277 ἐμπίπτοντας
2470 5209 2687 5279 μυρίοις
2716 5210 3060 5280 περιϐάλλων
3088 5216 3300 5275 κακοῖς.
3331 5209 3501 5276 Οὗτος

1904 5292 2002 5343 ἐάν
2035 5288 2330 5360 συμϐαλὼν
2364 5289 2595 5360 βασιλεῖ,
2634 5291 2668 5362 ἢ
2697 5291 2797 5362 υίῷ
2823 5293 3110 5362 βασιλέως,
3145 5296 3312 5372 ἀνέλῃ
3337 5297 3500 5350 αὑτὸν

1904 5374 2175 5436 ἀδίκως,ὁ
2206 5374 2418 5427 ἐκείνου
2447 5375 2680 5438 θάνατος
2707 5377 2804 5428 καὶ
2833 5377 2960 5440 τοὺς
2991 5377 3188 5443 ἄλλους
3210 5381 3500 5449 ἐκδικῆσαι

1906 5459 2221 5530 δυνήσεται.
2261 5458 2446 5513 Ἔστω
2493 5477 2575 5522 τις
2617 5461 2904 5529 ὀφειλέτας
2950 5465 3221 5530 ἀπαιτῶν,
3267 5467 3361 5520 καὶ
3407 5485 3501 5521 τυ-

1909 5541 2112 5608 πτέτω,
2143 5543 2235 5594 καὶ
2271 5544 2352 5606 είς
2383 5541 2762 5615 δεσμωτήριον
2788 5545 3130 5615 ἐμϐαλλέτω·
3162 5545 3281 5601 εἷτα
3313 5551 3377 5602 ἐκ
3400 5553 3500 5622 τῆς

1907 5626 2080 5696 αὐτῆς
2116 5627 2377 5688 ἀπονοίας
2404 5629 2500 5680 καὶ
2532 5627 2624 5682 τὸν
2651 5629 2805 5682 οὐδὲν
2832 5629 3116 5698 ὀφείλοντα
3144 5631 3249 5684 ὑπὸ
3270 5632 3371 5704 τὴν
3402 5634 3501 5686 αὑ-

1907 5711 2006 5781 τὴν
2041 5709 2267 5780 εἱρκτὴν
2315 5711 2518 5779 ἀγέτω.
2565 5705 2735 5777 Οὗτος
2785 5715 2878 5767 καὶ
2904 5708 2978 5768 ὧν
3023 5717 3103 5779 εἰς
3140 5717 3268 5780 τοὺς
3306 5716 3501 5781 ἄλλους

1973 5875 1994 5902 ε
2049 5873 2145 5944 Alii
2196 5874 2348 5946 έκεῖνο
2390 5876 2659 5946 ἱστάμενος.
2725 5875 2752 5916 ιι
2783 5878 3184 5946 Pulal__Savilius
3228 5881 3496 5946 legendum

1907 5936 2178 5997 ἁμαρτίαις.
2206 5936 2384 5999 licctc,
2418 5939 2515 5987 sed
2541 5942 2810 5992 reclamant
2849 5941 3068 5994 codices.
3281 5936 3295 5968 ²
