4054 6426
181 348 280 403 575
1149 345 1212 400 IN
1250 341 1565 403 JOANNEM
1603 344 1834 428 IIOMID.
1865 345 2094 403 LXVIII.
2129 349 2198 402 al.
2233 343 2442 402 LXVII.

179 476 298 530 lius.
338 471 633 539 Quomodo
659 483 789 538 ergo
813 460 1043 520 mundus
1081 461 1136 518 in
1168 476 1255 515 me
1279 458 1582 529 judicatur?
1610 457 1774 524 Quasi

175 566 469 626 constituto
494 562 706 632 judicio
724 602 741 626 ,
771 558 976 614 dicetur
1004 554 1079 610 illi
1112 572 1126 608 :
1155 553 1317 618 Esto,
1345 565 1533 606 omnes
1559 549 1774 603 occide.

175 664 280 728 ris,
308 659 408 716 sed
444 659 576 726 quia
619 663 838 724 peccato
876 647 1138 704 obnoxios
1173 644 1456 713 reperisti:
1500 640 1772 696 Christum

173 770 300 811 vero
324 769 424 810 cur
448 749 739 808 occidisti?
764 759 941 800 nonne
962 741 1116 810 plane
1143 738 1360 807 injuste?
1385 735 1486 790 Per
1502 732 1776 796 Christum

173 863 300 921 ergo
327 855 479 902 totus
500 841 738 898 mundus
764 833 1140 892 vindicabitur.
1171 827 1324 896 Quod
1353 836 1409 880 ut
1431 825 1627 880 clarius
1653 837 1775 878 eva-

175 913 265 994 (ιπὶ
281 969 298 1003 ,
325 933 590 1006 exemplo
625 941 762 985 utar.
787 925 868 983 Sit
894 924 1160 978 violentus
1186 928 1446 991 tyrannus
1471 913 1736 981 qutispiam
1755 948 1770 976 ,

173 1031 259 1099 qui
286 1001 352 1083 in
382 1001 589 1082 manus
614 1037 738 1077 snas
775 1017 1070 1073 incidentes
1104 1024 1295 1066 omnes
1332 1003 1629 1062 innumeris
1653 1001 1776 1056 afli-

173 1095 276 1177 ciat
303 1118 490 1175 malis.
525 1116 628 1170 Hic
653 1113 696 1168 si
736 1125 856 1165 cum
886 1121 1012 1176 rege
1045 1103 1133 1157 vel
1162 1117 1284 1156 cum
1315 1098 1427 1152 lilio
1469 1095 1608 1164 regis
1643 1109 1771 1147 con.

173 1225 389 1284 gressus
408 1251 424 1274 ,
458 1206 680 1263 occidat
705 1203 852 1257 illum
885 1199 1078 1267 injuste
1098 1231 1113 1262 ,
1140 1194 1257 1263 ejus
1279 1205 1425 1246 mors
1453 1189 1613 1245 etiam
1644 1185 1777 1238 alios

175 1278 361 1359 ulcisci
403 1298 634 1371 poterit.
679 1292 763 1350 Sit
790 1290 983 1360 aliquis
1015 1288 1105 1357 qui
1134 1300 1164 1338 a
1189 1280 1520 1338 debitoribus
1562 1278 1773 1346 exigat,

174 1370 460 1456 verberet,
493 1392 552 1444 in
579 1398 852 1443 carcerem
875 1380 1156 1448 conjiciat;
1181 1374 1375 1429 deinde
1413 1370 1600 1425 eadem
1620 1381 1774 1421 arro-

173 1488 348 1559 gantia
380 1483 520 1539 nihil
552 1481 838 1537 debentem
879 1472 1099 1544 perinde
1128 1480 1303 1539 cogat.
1336 1465 1533 1520 Eorum
1575 1477 1693 1532 quae
1723 1460 1774 1514 in

175 1558 306 1634 alios
331 1576 614 1646 commisit
639 1583 762 1627 tunc
789 1580 977 1639 poenas
1001 1564 1151 1619 dabit
1181 1582 1197 1617 :
1229 1560 1320 1616 ille
1342 1572 1572 1628 namque
1602 1558 1775 1626 ipsum

174 1675 406 1731 occidet.

245 1769 302 1825 δ.
331 1765 424 1821 Sic
455 1771 516 1818 et
559 1761 613 1816 in
664 1758 800 1813 Filio
842 1754 1040 1810 factum
1082 1758 1186 1806 est.
1235 1747 1432 1803 Eorum
1481 1742 1623 1799 enim
1659 1756 1777 1811 qua:

175 1866 360 1912 contra
389 1869 491 1909 vos
519 1851 708 1907 fecerit
735 1846 1000 1910 diabolus,
1029 1857 1125 1912 per
1169 1855 1233 1896 ea
1263 1853 1383 1908 qua:
1410 1845 1597 1892 contra
1625 1832 1776 1888 Chri-

176 1959 316 2002 stum
343 1960 516 2001 ausus
555 1942 676 2004 fuit,
706 1939 852 1994 dabit
879 1951 1085 2006 prunas.
1116 1930 1267 1998 Quod
1295 1939 1475 1984 autem
1505 1926 1558 1979 id
1588 1925 1776 1978 subin-

176 2038 402 2100 dicetur,
436 2033 567 2088 audi
597 2049 611 2085 :
644 2029 798 2084 Nunc
824 2028 1055 2097 princeps
1077 2023 1231 2092 hujus
1256 2018 1433 2092 mundi
1451 2017 1678 2087 ejicietur
1697 2017 1780 2068 in-

178 2127 278 2197 fra,
311 2143 410 2199 per
431 2134 665 2182 mortem
693 2136 888 2176 meam.
919 2117 1009 2174 32.
1039 2114 1106 2170 Et
1126 2130 1218 2185 ego
1244 2112 1289 2167 si
1316 2112 1568 2168 exaltatus
1592 2112 1738 2180 [uero
1759 2149 1775 2175 ,

178 2236 349 2275 attines
379 2217 590 2272 traham
632 2214 701 2268 ad
738 2213 1015 2281 meipsum;
1044 2210 1145 2262 hoc
1171 2213 1290 2272 est,
1329 2204 1489 2257 etiam
1527 2199 1776 2272 gentiles.

181 2313 245 2368 Et
263 2327 332 2366 ne
352 2311 479 2380 quis
503 2308 730 2368 diceret,
747 2294 1028 2370 Quomodo
1047 2296 1294 2368 ejicietur
1319 2294 1476 2357 infra,
1491 2293 1538 2346 si
1565 2300 1616 2347 te
1636 2291 1780 2345 vice.

181 2402 285 2458 rit?
323 2400 444 2456 Non
475 2398 698 2460 vincet,
726 2391 916 2463 inquit.
957 2385 1238 2454 Quomodo
1274 2382 1417 2440 enim
1454 2382 1633 2436 vincet
1656 2395 1777 2434 eum

180 2495 269 2564 qui
298 2492 438 2547 alios
469 2488 635 2545 trahit
654 2489 681 2541 γ
706 2486 814 2540 Nec
840 2483 1075 2553 loquitur
1107 2479 1177 2534 de
1222 2474 1651 2538 resurrectione;
1683 2471 1775 2527 sed

183 2584 326 2655 quod
367 2579 767 2637 resurrectione
807 2575 979 2643 majus
1006 2580 1118 2637 est,
1148 2569 1335 2624 Omnes
1360 2566 1560 2620 traham
1582 2564 1650 2622 ad
1677 2579 1779 2618 me-

182 2676 368 2746 ipsum.
383 2672 522 2728 Nam
538 2672 582 2727 si
598 2669 842 2735 dixisset,
859 2666 1175 2733 Resurgam,
1189 2661 1424 2715 nondum
1448 2659 1620 2730 palam
1637 2666 1780 2713 esset

185 2765 329 2836 Ipsos
371 2779 499 2820 esse
542 2760 842 2838 credituros
872 2773 886 2809 :
919 2771 1040 2811 cum
1082 2763 1268 2808 autem
1308 2751 1474 2817 dicit,
1505 2748 1739 2805 Credent
1762 2788 1777 2812 ,

186 2867 473 2927 utrumque
497 2854 757 2916 declarat,
781 2859 836 2905 et
861 2855 1290 2904 resurrecturum
1309 2859 1368 2898 se
1393 2843 1692 2898 conﬁrmat.
1721 2839 1778 2894 Si

186 2947 326 3002 enim
356 2954 606 3001 mortuus
631 2942 936 3004 mansisset,
963 2947 1017 2993 et
1049 2936 1210 2990 homo
1237 2949 1402 3005 purus
1428 2942 1592 2998 esset,
1622 2945 1782 2986 nemo

188 3037 527 3094 credidisset.
556 3032 745 3088 Omnes
768 3030 969 3084 trahant
992 3028 1062 3081 ad
1077 3027 1345 3094 meipsum.
1371 3024 1479 3079 Cur
1503 3037 1630 3092 ergo
1655 3021 1783 3076 dicit

190 3128 400 3183 Patrem
434 3121 692 3180 trahere?
720 3121 851 3187 Quia
884 3119 1127 3174 trahente
1150 3116 1304 3181 Filio,
1339 3116 1500 3170 trahit
1528 3124 1582 3168 et
1604 3114 1780 3167 Pater.

192 3221 419 3275 'l'raham
441 3259 458 3284 ,
483 3215 696 3286 inquit,
729 3221 912 3283 utpote
935 3226 965 3265 a
998 3222 1224 3282 tyranno
1250 3207 1497 3263 detentus
1515 3247 1532 3272 ,
1559 3205 1646 3276 qui
1677 3220 1784 3258 nun

191 3313 396 3383 possint
422 3325 521 3380 per
544 3323 604 3363 se
623 3307 899 3370 accedere,
922 3312 976 3358 et
990 3302 1105 3372 ejus
1115 3300 1423 3355 obsistentis
1443 3314 1629 3354 manus
1648 3297 1785 3353 effu-

3372 347 3478 402 δτι

1877 461 2170 533 gere.Alibi
2182 469 2360 516 autem
2384 460 2510 514 illud
2525 460 2765 529 rapinam
2783 453 3132 514 vocat.Nemo
3147 469 3308 530 potest
3317 463 3482 530 spolia

1881 555 2027 616 fortis
2047 570 2245 622 rapere,
2271 552 2371 606 nisi
2390 552 2533 620 prius
2559 554 2741 620 fortem
2781 549 2988 620 alliget,
3016 558 3059 603 et
3086 559 3206 603 tunc
3232 566 3354 604 casa
3373 552 3483 618 eius

1879 647 2048 716 rapiat
2075 645 2287 717 (Matth.
2323 643 2410 698 η.
2443 641 2555 716 ‘29).
2593 643 2686 698 His
2708 645 2825 707 ejus
2855 642 3162 696 violentiam
3196 641 3480 713 signiticet.

1879 737 2030 806 Quod
2068 752 2196 806 ergo
2241 736 2347 790 illic
2383 735 2662 804 rapinam,
2693 732 2780 787 hic
2824 732 3144 786 traetionem
3173 733 3480 801 appellavit.

1881 829 2009 884 Hice
2033 843 2155 884 cum
2184 828 2448 891 sciamus,
2490 824 2819 888 excitemur,
2865 822 3231 894 glorificemus
3278 823 3481 886 Deum,

1883 938 1988 975 non
2022 936 2116 988 per
2141 920 2299 975 fidem
2329 928 2558 980 tantum,
2585 916 2678 972 sed
2703 917 2864 970 etiam
2896 930 2991 984 per
3020 915 3216 979 vitam;
3245 915 3481 984 alioquin

1883 1031 1989 1069 non
2019 1015 2187 1084 gloria
2213 1054 2228 1076 .
2261 1012 2355 1068 sed
2395 1010 2724 1078 blasphemia
2766 1010 2817 1063 in
2863 1007 3028 1062 Deum
3059 1019 3224 1062 esset.
3255 1006 3372 1062 Non
3413 1008 3482 1061 ita

1881 1105 2284 1173 blaSphematur
2309 1104 2449 1157 Deus
2477 1102 2544 1155 ab
2573 1099 2907 1156 exsecraudo
2935 1100 3148 1166 gentili,
3185 1107 3240 1151 ut
3270 1114 3298 1152 a
3329 1097 3484 1152 Chri-

1881 1200 2060 1253 stiano
2085 1207 2358 1265 corrupto.
2391 1194 2595 1249 Idcirco
2617 1194 2818 1258 omnia,
2842 1192 3089 1256 obsecro,
3116 1190 3396 1257 faciamus,
3430 1200 3486 1244 ut

1883 1290 2025 1344 Deus
2069 1290 2236 1358 gloria
2279 1287 2567 1341 afﬁciatur.
2598 1284 2732 1340 Nam
2764 1283 2857 1348 ait,
2905 1281 2996 1338 Va:
3034 1298 3192 1338 servo
3236 1283 3352 1348 illi,
3386 1297 3485 1350 per

1880 1398 2040 1452 quem
2076 1397 2272 1436 nomen
2323 1380 2414 1433 Dei
2455 1377 2856 1447 blasphematur
2889 1376 2908 1447 (
2921 1375 3137 1446 quando
3174 1385 3352 1429 autem
3389 1374 3482 1429 Vae

1881 1474 2100 1540 dicitur,
2125 1474 2299 1526 omnis
2329 1471 2597 1526 cruciatus
2618 1469 2862 1538 sequitur
2887 1479 3048 1537 atque
3078 1465 3422 1538 supplicium)
3459 1483 3472 1520 :

1881 1567 2069 1631 beatus
2096 1576 2274 1620 autem
2295 1564 2384 1618 ille
2413 1571 2517 1624 est,
2555 1576 2648 1629 per
2673 1575 2836 1630 quem
2865 1575 3061 1613 nomen
3106 1559 3225 1626 ejus
3253 1557 3486 1610 honora-

1884 1668 1989 1712 tur.
2018 1655 2096 1711 Ne
2118 1656 2296 1726 itaque
2316 1655 2482 1708 simus
2503 1650 2653 1722 quasi
2676 1651 2728 1705 in
2752 1649 3009 1713 tenebris,
3035 1649 3127 1702 sed
3154 1647 3332 1702 omnia
3363 1663 3484 1717 pec-

1881 1759 1998 1805 cata
2024 1748 2286 1817 fugiamus
2310 1787 2326 1812 ,
2359 1746 2589 1800 maxime
2615 1751 2792 1797 autem
2826 1741 2912 1794 illa
2954 1755 3074 1810 qua:
3121 1741 3172 1793 in
3214 1739 3482 1808 publicam

1884 1839 2173 1910 perniciem
2227 1843 2542 1892 transeunt:
2574 1834 2626 1888 in
2670 1833 2754 1886 his
2801 1830 2944 1885 enim
2996 1831 3293 1900 praesertim
3341 1829 3484 1885 Dens

1886 1930 2306 2000 blasphematur.
2340 1927 2510 1995 Quam
2541 1925 2684 1980 enim
2712 1923 2923 1978 veniam
2978 1937 3405 1991 consequemur,
3437 1923 3481 1975 si

1882 2026 2002 2079 aliis
2022 2025 2153 2078 dare
2176 2021 2334 2091 jussi,
2364 2020 2540 2074 aliena
2565 2015 2879 2087 rapiamus?
2908 2032 3029 2082 quin
3057 2014 3211 2069 nobis
3237 2013 3340 2067 crit
3360 2028 3486 2084 spes

1884 2115 2072 2170 salutis
2099 2114 2122 2168 ‘t
2147 2112 2204 2170 Si
2229 2113 2558 2168 esurientem
2585 2124 2692 2162 non
2721 2107 2856 2174 alas,
2881 2107 3142 2176 punieris;
3164 2106 3209 2159 si
3240 2104 3482 2160 indutum

1885 2223 2050 2263 exuas
2074 2247 2091 2274 ,
2137 2219 2298 2276 quam
2329 2201 2678 2273 consequeris
2717 2198 2969 2255 veniam?
3012 2198 3137 2253 ch
3180 2197 3488 2267 frequenter

1884 2302 2063 2356 dicere
2085 2313 2190 2352 non
2215 2295 2566 2353 cessabimus.
2599 2293 2763 2348 Forte
2789 2292 2880 2363 qui
2913 2289 3072 2345 hodie
3099 2306 3207 2345 non
3236 2290 3482 2355 audiunt,

1884 2408 2004 2447 cras
2051 2389 2316 2445 audient:
2370 2387 2458 2456 qui
2511 2400 2631 2447 cras
2682 2399 2788 2438 non
2842 2382 3123 2439 attentlent
3154 2423 3170 2448 ,
3230 2380 3487 2451 postridie

1884 2484 2125 2540 audient.
2176 2480 2329 2548 Quod
2356 2479 2403 2533 si
2432 2479 2524 2549 qui
2579 2473 2906 2546 immorigeri
2952 2474 3102 2540 sint,
3146 2487 3243 2527 nos
3292 2474 3482 2528 saltem

1888 2575 2090 2632 innoxii
2111 2573 2370 2644 judicium
2394 2585 2498 2624 non
2521 2566 2842 2626 subibimus.
2881 2565 2970 2635 qui
2988 2581 3108 2635 quae
3124 2573 3305 2619 nostra
3334 2573 3490 2618 erant

1887 2667 2306 2739 impleverimus.
2325 2662 2540 2723 Utinam
2569 2675 2667 2715 nec
2694 2675 2791 2715 nos
2815 2659 2883 2714 de
2898 2657 3055 2713 dictis
3084 2657 3486 2722 erubescamus,

1887 2778 1988 2818 nee
2031 2774 2128 2815 vos
2171 2759 2378 2829 pudore
2423 2752 2729 2809 aﬂiciamini
2753 2790 2770 2815 ,
2801 2750 2896 2806 sed
2927 2764 3117 2805 omnes
3141 2765 3262 2804 cum
3297 2749 3487 2803 fiducia

1888 2865 2034 2910 stare
2060 2852 2325 2923 possimus
2351 2857 2477 2902 ante
2506 2843 2738 2899 tribunal
2768 2843 2989 2908 Christi,
3023 2852 3082 2897 ut
3104 2851 3158 2898 et
3183 2857 3282 2896 nos
3312 2841 3486 2910 possi-

1889 2963 2010 3005 mus
2062 2948 2115 3004 in
2160 2945 2323 3001 vubis‘
2360 2939 2600 3013 gloriari,
2633 2938 2808 3008 deque
2831 2933 2986 2990 malis
3025 2933 3224 2989 nostris
3252 2932 3506 3003 aliquant

1889 3040 2312 3095 consolationem
2333 3023 2600 3108 accipere;
2616 3040 2848 3089 vestram
2871 3041 3064 3096 nempe
3095 3024 3486 3095 probationem,

1891 3133 1945 3188 in
1984 3130 2198 3187 Christo
2212 3130 2346 3190 Iesu
2367 3128 2594 3183 Domino
2623 3133 2830 3189 nostro,
2860 3119 3075 3188 quicum
3098 3117 3239 3170 Patri
3261 3115 3430 3186 gloria
3465 3154 3483 3180 ,

1891 3223 2156 3290 simulque
2183 3220 2402 3290 Spiritui
2427 3227 2614 3272 sancto
2643 3216 2696 3269 in
2726 3209 2945 3268 sarcula.
2976 3211 3170 3264 Amen.

233 3432 3450 3475 _______________________________—_———————

1488 3534 1839 3597 HOMILIA
1879 3531 2161 3596 LXVIII.

196 3683 318 3738 Cn.
352 3682 442 3738 η.
474 3697 529 3735 v.
565 3681 656 3736 54.
695 3677 974 3750 Respondit
1000 3679 1044 3732 ei
1065 3676 1211 3730 turba
1233 3692 1253 3730 :
1280 3674 1394 3730 Nos
1417 3676 1702 3731 audivimus
1728 3691 1792 3730 ex

265 3774 388 3846 lege.
414 3773 550 3841 quod
575 3757 803 3827 Christus
830 3779 996 3824 manet
1019 3769 1074 3822 in
1091 3777 1330 3822 cternunt
1350 3783 1370 3821 :
1391 3777 1439 3820 et
1464 3767 1718 3836 quomodo
1739 3775 1793 3821 tu

264 3869 414 3934 dicis,
448 3866 658 3934 Oportet
682 3865 894 3918 exaltari
920 3861 1115 3918 Filium
1143 3861 1360 3917 hominis
1379 3861 1405 3915 .’
1436 3860 1561 3927 Quis
1585 3869 1656 3916 est
1700 3861 1794 3915 iste

268 3957 438 4012 Filius
466 3956 724 4010 hominis?

268 4051 322 4106 I.
363 4049 510 4105 Mors
555 4045 745 4104 Christi
793 4063 893 4102 non
941 4045 1104 4119 obfuit
1147 4046 1417 4117 quominus
1471 4045 1792 4100 maneret"in

203 4153 462 4195 (ternum.
489 4171 562 4182 —-
583 4140 748 4194 Error
772 4139 1105 4208 depreheusu
1137 4138 1306 4193 facilis
1332 4147 1388 4192 et
1413 4137 1656 4192 infirmus
1684 4145 1788 4205 est,

203 4233 407 4286 etiamsi
430 4231 674 4287 exterius
695 4231 840 4284 mille
860 4231 1178 4300 depingatur
1200 4229 1488 4285 coloribus.
1515 4229 1584 4284 Et
1606 4245 1793 4299 quem-

205 4321 484 4377 admodum
512 4322 548 4375 ii
573 4363 586 4385 ,
617 4320 706 4391 qui
750 4322 917 4374 ruina:
949 4322 1217 4389 proximos
1248 4322 1478 4390 parietes
1504 4321 1751 4376 oblinunt
1773 4363 1790 4388 ,

206 4426 304 4468 non
341 4414 464 4468 illos
493 4421 670 4466 tamen
703 4413 863 4467 illitos
907 4412 1122 4466 firmant
1153 4429 1167 4466 :
1198 4414 1277 4466 sic
1304 4411 1394 4482 qui
1423 4413 1791 4478 mentiuntur,

208 4501 358 4558 facile
387 4501 774 4556 confutantur:
820 4500 872 4555 id
921 4501 1060 4571 quod
1108 4500 1195 4556 hic
1241 4502 1380 4570 passi
1432 4510 1558 4556 sunt
1594 4500 1788 4556 Judaei.

207 4590 332 4646 Nam
380 4593 599 4647 Christo
627 4594 755 4660 ipsis
794 4591 1039 4657 dicente,
1081 4593 1208 4647 Cum
1251 4589 1501 4648 exaltatus
1547 4597 1730 4664 fuero,
1761 4609 1794 4646 a

207 4691 334 4737 terra
362 4700 536 4738 omnes
577 4683 776 4736 trahant
802 4684 870 4737 ad
909 4685 1186 4755 meipsum;
1229 4684 1340 4739 Nos
1373 4686 1677 4748 audivimus,
1707 4686 1791 4740 itt-

208 4779 424 4845 quiunt,
453 4793 486 4830 a
513 4776 620 4847 lege
642 4818 658 4842 ,
685 4777 805 4848 quia
836 4776 1066 4832 Christus
1090 4787 1253 4830 manet
1274 4778 1329 4831 in
1353 4788 1621 4832 (sternunt.
1654 4777 1794 4843 Quo—

213 4869 356 4926 ntodo
383 4877 438 4922 tu
462 4869 587 4921 dicis
607 4909 624 4933 ,
657 4866 867 4938 Oportet
899 4869 1116 4922 exaltari
1159 4867 1357 4923 Filium
1387 4869 1644 4923 hominis?
1667 4869 1794 4937 Quis

211 4968 278 5010 est
305 4959 399 5012 iste
429 4955 602 5012 Filius
630 4959 849 5012 hontinis
873 4958 898 5011 Ρ
944 4957 1152 5013 Norant
1181 4959 1339 5027 igitur
1370 4959 1642 5014 Christum
1673 4975 1792 5016 esse

215 5044 607 5113 immortalem,
648 5061 701 5102 et
739 5050 902 5102 vitam
951 5048 1148 5104 habere
1193 5050 1308 5104 sine
1355 5052 1603 5106 termino.
1653 5051 1795 5122 Ergo

214 5138 332 5205 quid
375 5139 582 5193 diceret
611 5139 997 5210 intelligebant.
1030 5140 1244 5196 Etenim
1276 5142 1328 5196 in
1354 5141 1646 5210 Scripturis
1676 5158 1797 5212 pas-

216 5230 310 5281 sint
333 5237 388 5283 et
431 5230 610 5298 passio
650 5239 704 5285 et
754 5231 1081 5286 resurrectio
1127 5243 1434 5288 occurrunt.
1467 5233 1598 5286 Nam
1633 5231 1796 5287 Isaias

219 5313 328 5372 hcc
351 5317 508 5372 simul
536 5321 722 5386 ponit:
750 5318 1030 5384 Tamquam
1057 5321 1162 5374 ovis
1191 5321 1258 5374 ad
1285 5323 1586 5376 occisionem
1614 5324 1796 5376 ductus

218 5418 283 5458 est
308 5406 464 5475 (1εαί.
489 5409 582 5463 53.
614 5410 670 5475 7)
693 5451 706 5472 .
735 5422 788 5463 et
814 5427 932 5476 qua!
962 5421 1258 5481 sequuntur
1287 5415 1484 5467 omnia.
1519 5412 1587 5467 Et
1632 5414 1797 5468 David

221 5496 266 5549 in
297 5499 534 5553 secundo
566 5499 796 5564 Psalmo,
824 5510 878 5554 ει
903 5500 1029 5557 alibi
1053 5516 1197 5570 smpe
1225 5502 1342 5557 lucc
1368 5503 1528 5558 ambo
1555 5505 1794 5572 copulat.

223 5584 518 5642 Patriareha
541 5604 752 5660 quoque
772 5607 892 5645 cum
916 5591 1067 5651 dicit.
1091 5591 1335 5646 Decidens
1355 5594 1589 5646 dormivit
1615 5605 1671 5647 ut
1692 5595 1794 5660 leo,

221 5677 556 5747 addiditque,
591 5678 656 5732 Et
698 5690 754 5734 ut
794 5679 993 5734 :atulus
1035 5682 1214 5750 leonis,
1245 5685 1358 5753 quis
1396 5683 1656 5737 suscitabit
1684 5701 1798 5738 eum

223 5762 368 5832 (lien.
407 5768 495 5824 49.
528 5768 618 5840 0)?
645 5765 908 5842 simulque
938 5772 1240 5843 passionem
1266 5782 1319 5829 ct
1353 5777 1795 5831 resurrectionem

1886 3674 2171 3746 signiﬁcat.
2203 3673 2402 3728 Verum
2433 3671 2487 3726 hi
2515 3676 2795 3741 sperantes
2841 3683 2903 3723 se
2932 3666 3007 3721 illi
3040 3664 3316 3721 silentium
3365 3663 3470 3717 im-

1899 3768 2171 3838 posituros
2199 3780 2263 3821 ac
2309 3765 2778 3820 demonstraturos
2829 3759 3004 3830 ipsum
3054 3773 3160 3812 non
3191 3770 3312 3811 esse
3335 3753 3490 3809 Chri-

1897 3867 2060 3923 stum,
2088 3856 2213 3911 hinc
2231 3855 2502 3910 Christum
2529 3853 2582 3907 in
2609 3862 2869 3906 aeternum
2901 3864 3118 3903 manere
3144 3847 3490 3902 conlitentur.

1901 3949 1966 4002 Et
1991 3948 2112 4002 vide
2139 3962 2299 4018 quam
2329 3945 2580 4014 maligne.
2611 3942 2727 3997 Non
2755 3941 3007 3996 dixerunt
3035 3939 3217 4003 enim,
3242 3935 3353 3990 Nos
3391 3951 3490 3988 an-

1897 4039 2127 4094 divimus
2152 4038 2293 4108 quod
2317 4037 2567 4092 Christus
2587 4049 2693 4090 nou
2717 4046 2996 4102 passurus,
3025 4045 3133 4083 non
3170 4027 3490 4095 cruciﬁgen-

1897 4130 2006 4185 dus
2023 4129 2123 4195 sil‘,
2171 4129 2300 4192 sed.
2337 4128 2487 4194 Quod
2530 4134 2696 4180 manet
2739 4124 2793 4178 in
2817 4133 3083 4178 reternum.
3132 4119 3288 4189 Atqui
3318 4132 3493 4185 neque

1899 4222 2002 4278 hoc
2028 4222 2225 4278 dictum
2251 4220 2578 4276 contrarium
2608 4227 2743 4273 erat.
2785 4216 2972 4271 Passio
3003 4227 3233 4282 namque
3266 4212 3496 4264 immur.

1902 4316 2120 4369 talitatis
2170 4327 2275 4367 non
2324 4311 2424 4366 fuit
2470 4310 2929 4380 impedimentum.
2980 4305 3114 4359 lliuc
3155 4303 3338 4356 videre
3369 4301 3494 4354 licet

1900 4407 2063 4461 multa
2095 4422 2190 4462 eos
2215 4403 2436 4460 scivisse
2463 4418 2582 4472 quze
2625 4405 2677 4456 in
2718 4400 2938 4456 dubium
2972 4395 3150 4451 vocari
3206 4404 3490 4465 poterant,

1898 4509 2060 4568 atque
2087 4510 2280 4568 sponte
2308 4511 2402 4550 sua
2432 4496 2751 4564 malignatos
2776 4506 2916 4547 esse.
2941 4490 3076 4557 Quia
3099 4489 3242 4542 enim
3275 4497 3400 4540 ante
3425 4483 3493 4539 de

1898 4601 2072 4646 morte
2099 4591 2426 4645 disseruerat
2449 4628 2464 4650 ,
2495 4602 2616 4642 cum
2665 4585 2753 4640 hic
2793 4583 3041 4638 audirent
3069 4579 3218 4633 illum
3245 4577 3492 4632 exaltan-

1899 4682 2024 4737 dum
2052 4695 2204 4743 esse,
2251 4681 2352 4733 hoc
2390 4675 2643 4745 suspicati
2687 4685 2832 4731 sunt.
2884 4671 3086 4728 Deinde
3111 4669 3331 4733 dicunt,
3367 4667 3495 4732 Quis

1898 4784 1972 4828 est
2000 4775 2094 4827 iste
2121 4770 2289 4825 Filius
2335 4769 2600 4824 hominis?
2647 4769 2714 4823 Et
2761 4768 2862 4822 hoc
2912 4765 3161 4833 maligne.
3193 4761 3272 4817 Ne
3305 4771 3456 4829 putes
3476 4801 3492 4826 ,

1900 4861 2187 4933 inquiunt,
2221 4876 2318 4916 nos
2343 4859 2412 4915 de
2443 4871 2494 4915 te
2526 4862 2625 4914 hoc
2664 4857 2843 4912 dicere
2865 4897 2881 4919 ,
2915 4871 3018 4910 neu
3048 4854 3218 4917 dicas,
3265 4867 3364 4906 nos
3395 4852 3495 4904 iiii-

1900 4957 2119 5011 IIIICIlItB
2167 4969 2328 5009 causa
2361 4953 2453 5006 tibi
2500 4949 2891 5006 contradicere.
2945 4947 3083 5002 Ecce
3129 4945 3401 5000 nescimus
3428 4942 3497 4997 de

1899 5065 2009 5120 quo
2037 5049 2273 5118 loquaris
2295 5088 2310 5112 ,
2355 5056 2409 5100 et
2436 5053 2615 5099 tamen
2660 5029 2776 5096 hinc
2825 5039 3164 5111 proferimus.
3197 5036 3335 5120 Quid
3369 5050 3497 5104 ergo

1903 5118 2190 5195 Christus?
2232 5136 2380 5205 Ipsos
2405 5133 2644 5190 confutat
2667 5174 2681 5197 ,
2715 5129 3056 5199 ostenditque
3083 5118 3385 5197 passionem
3418 5125 3497 5178 ni-

1902 5229 1978 5284 Iiil
2000 5229 2191 5283 obesse
2212 5227 2497 5297 quominus
2515 5226 2628 5293 ipse
2651 5231 2865 5276 maneat
2885 5221 2938 5274 in
2966 5233 3250 5274 aeternum.
3275 5217 3365 5271 35.
3391 5215 3497 5268 Ad-

1903 5322 2024 5386 huc,
2047 5319 2239 5390 inquit,
2260 5316 2512 5371 modicum
2528 5325 2723 5384 tempus
2747 5312 2914 5365 lumen
2931 5313 2985 5363 in
3011 5309 3147 5363 vobis
3168 5318 3238 5360 est
3258 5325 3274 5371 ;
3298 5304 3496 5375 signitia

1902 5425 2032 5466 cans
2075 5418 2301 5463 mortem
2366 5421 2516 5462 suam
2564 5421 2684 5460 esse
2729 5402 3159 5458 translationem.
3212 5398 3344 5452 Nam
3405 5395 3496 5448 lux

1904 5503 2034 5556 solis
2064 5514 2167 5554 non
2198 5498 2559 5568 exstinguitur
2578 5539 2591 5558 ,
2617 5495 2710 5550 sed
2739 5510 2908 5565 parvo
2933 5502 3174 5561 tempore
3212 5486 3497 5548 secedens,

1904 5608 2116 5648 rursum
2146 5599 2389 5660 apparet.
2437 5587 2707 5641 Ambulate
2749 5586 2870 5639 dum
2900 5585 3062 5636 lucem
3095 5579 3306 5633 habetis.
3336 5575 3490 5641 Quod

1906 5685 1993 5739 hic
2021 5694 2230 5753 tempus
2274 5679 2511 5735 indicat?
2553 5694 2620 5732 an
2666 5687 2832 5731 totam
2866 5678 3000 5729 hanc
3028 5671 3229 5727 vitam?
3257 5684 3322 5722 an
3354 5678 3493 5721 tem-

1905 5791 2002 5846 pus
2028 5787 2151 5830 ante
2177 5774 2432 5831 crucem?
2456 5772 2751 5843 Utrumque
2774 5768 3023 5826 arbitror.
3045 5765 3127 5823 0b
3165 5759 3488 5821 incﬂ'abilem
