4054 6430
612 333 714 390 375

612 450 753 503 enim
799 447 913 516 ejus
960 444 1372 516 benignitatem,
1426 442 1575 497 multi
1602 443 1763 497 etiam
1809 450 1926 510 post
1967 454 2177 494 crucem

611 541 977 596 crediderunt.
1007 537 1131 591 llmc
1161 550 1319 605 porro
1348 534 1475 587 dicit
1517 544 1572 587 ut
1609 533 1727 587 illos
1750 531 1817 585 ad
1855 530 2176 586 credendum

610 630 861 691 concitet,
888 636 943 680 ut
965 627 1123 681 etiam
1140 625 1381 693 superius
1408 625 1532 679 fecit
1558 625 1626 677 ita
1648 623 1849 682 dicens.
1872 622 2049 675 Adhuc
2072 637 2179 674 mo-

612 720 781 773 dicunt
814 727 1009 787 tempus
1028 716 1279 771 vobiscum
1312 732 1445 768 sunt.
1481 713 1580 779 Qui
1605 712 1828 766 ambulat
1853 712 1904 765 in
1938 711 2177 774 tenebris,

610 812 762 862 nescit
782 824 877 878 quo
901 810 1049 863 cadat
1073 807 1248 878 (Joau.
1267 809 1318 862 7.
1344 807 1451 873 55).
1474 806 1675 872 Quanta
1700 820 1839 858 nunc
1855 804 2020 859 Juda-i
2042 806 2180 871 igneo

612 910 792 954 rantes
825 899 1019 952 beinnt
1039 940 1053 961 ,
1080 914 1143 951 ae
1170 900 1213 951 si
1244 898 1294 950 in
1327 897 1557 952 tenebris
1581 895 1949 950 ambularent!
1980 894 2177 949 Viden-

613 999 696 1040 tur
721 986 822 1041 sibi
849 997 989 1041 recta
1012 986 1254 1041 incedere
1276 986 1356 1038 via
1375 1026 1388 1047 ,
1411 985 1534 1039 dum
1564 985 1827 1039 contraria
1863 984 2175 1052 procedunt,

610 1078 885 1130 sabbatum
912 1087 1205 1140 servantes,
1226 1087 1272 1130 el
1296 1077 1460 1145 legem
1478 1077 1822 1145 ciborumque
1841 1076 2175 1129 observatio-

615 1182 727 1227 nes;
747 1177 796 1217 et
817 1167 1052 1219 nesciunt
1073 1168 1155 1217 ubi
1176 1166 1463 1219 amlmlent.
1486 1165 1605 1219 ideo
1628 1165 1865 1219 (licebat:
1890 1167 1975 1221 56.
1992 1165 2172 1218 Ambu-

613 1256 711 1307 late
725 1255 774 1307 in
806 1257 1019 1320 luce,ut
1058 1254 1151 1320 ﬁlii
1172 1256 1307 1309 lucis
1339 1257 1478 1319 sitis;
1514 1256 1562 1309 id
1593 1266 1693 1318 est,
1729 1256 1820 1308 filii
1853 1256 1974 1309 mei.
2022 1256 2174 1320 Atqui

612 1348 662 1398 in
693 1346 945 1413 principio
985 1348 1152 1415 inquit
1196 1348 1516 1414 evangelista
1548 1364 1561 1397 :
1597 1346 1715 1400 Non
1743 1363 1806 1400 ea:
1829 1347 2172 1415 sanguiuibus,

610 1452 765 1503 neque
790 1452 850 1489 ea:
872 1437 1121 1488 uoluntate
1145 1438 1328 1497 carnis,
1346 1438 1431 1489 sed
1460 1454 1521 1490 ea:
1538 1436 1643 1489 Deo
1673 1437 1775 1489 nati
1795 1446 1907 1489 sunt
1929 1434 2105 1504 (Joan.
2125 1437 2173 1489 l.

612 1528 737 1591 13);
765 1527 812 1579 id
849 1540 948 1587 est,
970 1544 1031 1581 ex
1052 1527 1206 1581 Patre
1227 1544 1241 1578 :
1260 1527 1345 1581 hic
1362 1543 1485 1581 vero
1507 1531 1618 1593 ipse
1638 1529 1752 1581 illos
1793 1529 2007 1596 gignere
2042 1527 2173 1579 diei-

611 1627 714 1681 tur,
734 1626 785 1669 ut
804 1620 938 1670 scias
957 1634 1108 1671 unam
1127 1632 1243 1671 esse
1264 1619 1621 1684 operationem
1640 1618 1810 1671 Patris
1827 1628 1876 1671 et
1899 1618 2030 1671 Filii.
2052 1618 2175 1671 Haec

609 1700 842 1773 loquutus
865 1706 900 1760 J
905 1725 1032 1768 esus,
1057 1708 1198 1769 abiit,
1220 1717 1266 1760 et
1286 1709 1543 1761 abscondit
1565 1725 1619 1761 se
1641 1708 1703 1760 ab
1726 1709 1813 1761 eis.
1834 1708 1941 1761 Cur
1960 1709 2177 1761 abscim-

606 1797 684 1848 dit
709 1813 766 1849 se
792 1798 966 1850 nunc?
988 1796 1165 1864 Neque
1181 1798 1321 1850 enim
1351 1797 1550 1865 lapides
1569 1807 1750 1850 contra
1774 1812 1890 1849 eum
1918 1798 2170 1862 tulerunt,

614 1904 789 1956 neque
825 1889 1276 1959 blasphemaruut,
1308 1898 1362 1943 ut
1385 1898 1505 1943 ante
1537 1889 1787 1943 fecerant.
1821 1889 1927 1943 Cur
1957 1904 2083 1958 ergo
2114 1902 2173 1942 se

604 1979 922 2032 abscondit?
950 1978 1082 2032 Cum
1118 1978 1168 2031 in
1200 1979 1355 2032 corda
1392 1988 1723 2046 penetraret,
1754 1978 1953 2032 sciebat
1984 1992 2168 2031 eorum

603 2069 812 2122 animos
835 2070 1171 2137 exasperari,
1205 2068 1411 2123 etiamsi
1456 2069 1585 2122 nihil
1612 2070 1959 2139 loquerentur
1988 2087 2002 2123 :
2032 2070 2169 2123 scic-

600 2162 691 2215 bat
721 2162 924 2216 fervere
968 2160 1087 2215 illos
1116 2172 1169 2216 et
1192 2162 1391 2216 caedem
1418 2164 1651 2230 spirare;
1684 2176 1857 2230 neque
1886 2169 2165 2229 exspecta-

600 2253 673 2304 vit
705 2251 875 2305 donec
902 2252 951 2304 in
980 2266 1115 2320 opus
1144 2252 1482 2319 procederent
1511 2291 1526 2316 ,
1560 2250 1651 2304 sed
1683 2250 1960 2304 abscondit
1990 2265 2075 2313 se,
2108 2260 2166 2304 ιιι

600 2342 807 2395 illorum
847 2342 1093 2395 invidiam
1129 2341 1355 2395 sedaret.
1385 2340 1519 2395 Vide
1547 2342 1813 2410 quomodo
1845 2341 1894 2395 id
1928 2342 2163 2396 subiudi-

599 2442 682 2485 eet
724 2434 1078 2502 evangelista,
1121 2433 1207 2500 qtti
1250 2434 1425 2486 statim
1468 2433 1611 2487 addit
1649 2449 1661 2484 :
1694 2434 1781 2487 37.
1830 2433 1955 2487 Cum
2000 2446 2164 2487 autent

599 2535 737 2578 tanta
765 2526 907 2591 signa
937 2526 1166 2593 fecisset,
1198 2542 1297 2577 non
1324 2525 1641 2577 crediderunt
1677 2526 1727 2578 in
1754 2542 1884 2578 eum.
1919 2526 2045 2593 Quze
2074 2525 2163 2579 illa

605 2627 746 2670 tanta
791 2616 976 2686 signa?
1019 2617 1092 2671 Ea
1120 2633 1237 2687 qute
1278 2618 1613 2685 pr:1;tertuisit
1643 2618 1983 2686 evangelista,
2015 2627 2070 2671 ιιι
2097 2633 2163 2672 ex

598 2710 937 2777 sequentibus
961 2709 1127 2776 palam
1154 2716 1250 2760 est.
1282 2707 1413 2760 Nam
1442 2723 1561 2760 cum
1590 2709 1915 2771 secessisset,
1938 2718 1989 2762 et
2019 2719 2165 2777 post-

607 2813 666 2849 ea
701 2811 943 2851 reversus
970 2807 1142 2857 esset,
1166 2811 1350 2851 rursus
1379 2797 1582 2864 placide
1624 2798 1742 2852 illos
1766 2799 2050 2868 alloquitur
2079 2800 2161 2855 his

596 2887 772 2940 verbis
798 2904 810 2939 :
838 2886 937 2950 Qui
963 2888 1119 2940 credit
1139 2887 1190 2940 in
1217 2904 1311 2951 me,
1346 2904 1445 2941 non
1476 2889 1631 2941 credit
1655 2889 1707 2941 in
1737 2906 1833 2955 me,
1856 2891 1945 2942 sed
1965 2891 2016 2943 in
2047 2908 2160 2944 eum

593 2979 679 3044 qui
705 2979 836 3031 misit
863 2994 939 3030 me
984 2977 1158 3048 (Ibid.
1205 2979 1289 3032 12.
1321 2979 1428 3045 44).
1462 2977 1593 3032 Vide
1618 2978 1739 3045 quid
1771 2979 1894 3033 facit
1926 2996 1938 3031 :
1970 2980 2037 3033 ab
2064 2979 2164 3032 htt-

596 3068 805 3121 milibus
851 3068 1068 3136 incipit,
1113 3077 1165 3123 et
1207 3067 1435 3136 confugit
1480 3067 1545 3120 ad
1576 3067 1823 3132 Patrem,
1865 3068 2160 3135 iterumque

595 3158 798 3211 extollit
821 3173 1141 3212 sermonem.
1189 3158 1256 3211 Et
1298 3174 1418 3211 cum
1461 3173 1551 3211 eos
1593 3156 1837 3211 efferatos
1882 3158 2155 3228 intelligit,

593 3249 846 3312 discedit,
872 3257 927 3303 et
951 3265 1135 3303 rursus
1163 3258 1462 3317 comparet.
1488 3258 1535 3301 et
1560 3248 1626 3302 ab
1652 3248 1938 3303 humilibus
1967 3250 2157 3304 iterum

594 3341 793 3408 incipit.
845 3341 909 3394 Et
950 3340 1162 3394 ubinam
1214 3341 1311 3393 hoc
1352 3340 1512 3393 fecit?
1558 3340 1668 3393 lmo
1704 3340 1790 3393 ubi
1843 3356 1946 3393 non
1999 3341 2157 3395 fecit?

592 3430 724 3484 Vide.
751 3431 871 3500 quid
906 3432 1052 3484 initio
1099 3431 1280 3485 dicat:
1313 3430 1457 3485 Sicut
1500 3432 1685 3497 audio,
1721 3432 1900 3500 judico
1925 3449 1942 3495 ;
1964 3432 2156 3487 deinde

592 3523 865 3576 sublimius
889 3563 901 3584 ,
936 3522 1077 3576 Sicut
1109 3524 1237 3576 enim
1268 3521 1420 3575 Pater
1443 3525 1646 3577 suscitat
1673 3534 1894 3577 mortuos
1921 3534 1965 3577 et
1989 3525 2155 3591 vivi/i-

592 3623 689 3674 cat,
716 3612 788 3667 sic
808 3622 855 3666 et
882 3611 1043 3666 Filius
1069 3629 1190 3682 quos
1216 3612 1318 3665 vult
1364 3614 1578 3680 oioiﬁcat
1616 3614 1635 3683 (
1664 3612 1801 3668 Ibid.
1825 3615 1874 3670 5.
1910 3615 1996 3670 50.
2024 3616 2149 3683 2|);

592 3706 887 3771 iterumque
911 3744 926 3767 ,
974 3703 1079 3771 Ego
1106 3721 1204 3756 non
1239 3705 1418 3772 judico
1444 3720 1528 3757 vos
1548 3744 1560 3766 ,
1597 3704 1730 3757 alius
1755 3716 1827 3759 est
1852 3708 1935 3774 qui
1952 3707 2152 3776 judicat

591 3796 609 3855 (
639 3792 772 3846 Ibid.
800 3795 851 3848 8.
880 3792 989 3863 50).
1026 3795 1355 3864 Rursumque
1390 3795 1622 3850 secedit:
1655 3806 1942 3865 posteaque
1967 3798 2017 3849 iu
2048 3796 2155 3852 Ga-

592 3883 727 3937 liltea
774 3898 1116 3951 comparens,
1150 3884 1442 3953 Operamini
1462 3926 1475 3947 ,
1511 3886 1707 3954 inquit,
1746 3903 1843 3939 non
1880 3886 2041 3939 cibum
2067 3888 2154 3956 qui

590 3975 717 4041 perit
744 3972 900 4039 (Ibid.
925 3976 975 4028 6.
997 3974 1110 4043 27).
1138 3974 1341 4029 Etcum
1366 3991 1553 4044 magna
1577 3976 1645 4031 de
1670 3990 1729 4048 se
1749 3976 1986 4043 dixisset,
2010 3977 2151 4046 quod

588 4080 652 4117 ex
681 4064 811 4117 caelo
839 4062 1171 4119 descenderit
1194 4104 1209 4125 ,
1241 4066 1378 4133 quod
1413 4067 1572 4119 vitam
1602 4076 1852 4121 artemam
1878 4067 1967 4121 det
1986 4108 2001 4131 ,
2030 4083 2150 4120 rur-

588 4170 702 4208 sum
739 4155 991 4210 abscedit.
1025 4157 1086 4209 Et
1119 4157 1167 4209 in
1196 4154 1518 4228 Scenopegia
1552 4174 1757 4212 rursum
1788 4159 2038 4231 adstans,
2072 4160 2141 4214 id-

588 4243 754 4310 ipsum
785 4239 922 4298 facit.

656 4334 710 4387 2.
757 4336 833 4388 Ac
858 4344 1109 4403 perpetuo
1135 4335 1314 4389 videas
1345 4338 1491 4390 illum
1538 4337 1830 4391 doctrinam
1878 4353 2026 4392 suam
2057 4354 2151 4393 va-

588 4423 809 4476 riantem
829 4463 844 4486 ,
871 4426 1147 4490 praesentia
1170 4466 1185 4490 ,
1216 4428 1474 4493 absentia,
1502 4427 1807 4495 humilibus,
1838 4430 2150 4486 sublimibus

587 4516 781 4567 verbis.
809 4515 957 4580 Quod
989 4517 1144 4570 etiam
1194 4517 1279 4571 hic
1322 4519 1459 4572 fecit.
1492 4519 1615 4572 Cum
1655 4531 1819 4573 autent
1843 4531 1980 4575 tanta
2005 4524 2151 4591 signa

585 4604 795 4670 fecisset,
828 4620 927 4657 non
955 4606 1271 4658 crediderunt
1298 4607 1348 4658 in
1380 4624 1507 4668 eum,
1541 4611 1740 4678 inquit,
1770 4611 1857 4664 '58.
1887 4620 1941 4663 ut
1965 4612 2147 4683 imple-

584 4708 715 4748 retur
741 4711 901 4747 sermo
926 4694 1081 4748 Isaice
1102 4737 1114 4757 ,
1142 4713 1283 4764 quem
1310 4696 1437 4750 dixit
1464 4714 1481 4751 :
1513 4698 1724 4754 Domine
1750 4744 1762 4760 .
1793 4703 1903 4771 quis
1933 4704 2145 4756 credidit

583 4784 778 4836 attditui
808 4785 1018 4837 nostra?
1046 4796 1090 4837 et
1116 4785 1370 4838 brachium
1399 4786 1600 4841 Domini
1626 4792 1705 4842 cui
1733 4794 2002 4844 revelatum
2033 4802 2102 4845 est
2121 4794 2147 4846 ?

584 4876 648 4929 Et
688 4893 913 4942 rursum,
945 4877 1063 4931 Non
1094 4890 1375 4949 potuerunt,
1407 4883 1594 4951 inquit,
1626 4886 1842 4952 credere,
1870 4889 1989 4957 quia
2020 4890 2146 4941 dixit

586 4966 748 5021 Isaias
778 4968 1008 5023 :Attditu
1046 4970 1290 5031 audietis.
1320 4981 1365 5025 et
1408 4989 1505 5025 non
1554 4976 1856 5045 intelligetis.
1889 4980 1978 5031 41.
2021 4977 2145 5032 IItec

583 5068 747 5111 autem
773 5059 900 5111 dixit
926 5061 1124 5129 quando
1154 5062 1275 5112 vidit
1309 5062 1521 5131 gloriam
1561 5066 1669 5133 ejus
1689 5106 1704 5131 ,
1732 5078 1775 5118 et
1802 5069 2039 5136 loquutus
2065 5080 2139 5121 est

582 5149 642 5199 de
663 5164 739 5200 eo.
768 5147 902 5202 Ecce
932 5151 1119 5203 iterum
1146 5150 1264 5215 hoc,
1302 5152 1452 5217 Quia,
1484 5162 1556 5216 et,
1591 5153 1750 5218 Dixit,
1777 5173 1879 5210 non
1907 5160 2145 5213 causales

583 5247 701 5291 sunt
730 5252 919 5301 voces,
949 5240 1040 5293 sed
1084 5250 1325 5295 eventum
1370 5244 1745 5313 signilicantes.
1778 5247 1960 5315 Neque
2001 5250 2141 5302 enim

581 5331 698 5397 quia
743 5328 794 5383 id
821 5328 953 5382 dixit
996 5328 1183 5394 Isaias,
1216 5331 1333 5386 ideo
1360 5350 1464 5389 non
1491 5336 1864 5403 crediderunt;
1896 5339 1987 5393 sed
2020 5344 2139 5408 quia

580 5420 829 5475 credituri
873 5436 975 5474 non
1006 5433 1156 5475 erant
1176 5462 1190 5484 ,
1219 5422 1338 5478 ideo
1367 5424 1479 5481 btec
1517 5426 1649 5481 dixit
1674 5424 1853 5482 Isaias.
1887 5430 1993 5483 Cur
2015 5447 2140 5501 ergo

582 5527 681 5563 non
730 5510 797 5563 ita
845 5511 1074 5579 loquitur
1118 5515 1469 5580 evangelista,
1521 5518 1615 5571 sed
1660 5518 2077 5575 incredulitatem
2108 5538 2137 5577 a

582 5598 853 5666 oropbetia
875 5640 889 5661 ,
933 5615 1034 5654 non
1076 5603 1401 5671 prophetiam
1433 5606 1499 5660 ab
1532 5606 1899 5663 incredulitate
1920 5623 2039 5665 esse
2058 5612 2138 5665 di-

586 5690 655 5744 cit
684 5707 696 5741 :
730 5690 834 5744 imo
862 5695 912 5746 in
941 5694 1283 5764 sequentibus
1314 5694 1438 5751 illud
1467 5699 1848 5768 significantius
1876 5702 2022 5772 ponit
2060 5703 2135 5759 sic

1353 328 1407 383 S.
1439 325 1714 382 JOANNIS
1752 322 2221 381 CllRYSOSTOMl
2259 323 2574 381 ARCHIEP.
2615 325 3144 383 CONSTANTINOP.
3766 332 3857 388 376

2290 438 2515 509 loquens
2538 481 2554 506 ,
2586 438 2861 510 Propterea
2908 459 3009 495 non
3051 450 3279 511 poterant
3321 444 3554 512 credere,
3576 447 3699 516 quia
3741 450 3859 503 dixit

2284 531 2455 586 Isaias
2472 534 2498 586 .’
2525 532 2620 587 Hic
2659 533 2900 603 pluribus
2925 535 3034 588 vult
3062 534 3362 604 significare
3387 536 3680 605 Scriptura:
3708 554 3854 593 vera-

2284 623 2529 689 citatem,
2561 632 2615 677 et
2642 624 2782 693 quod
2808 640 2927 694 qua:
2956 624 3042 678 illa
3084 626 3365 693 praedixit,
3412 642 3518 681 non
3566 625 3679 681 alio
3706 644 3857 697 quam

2284 728 2391 783 quo
2414 714 2551 768 dixit
2577 712 2735 767 modo
2764 716 3061 770 evenerint.
3089 716 3167 769 Ne
3195 717 3313 785 quis
3342 718 3485 771 enim
3506 718 3735 783 diceret,
3762 719 3861 774 Cur

2284 804 2429 856 venit
2448 803 2722 857 Christus?
2748 820 2853 858 non
2881 805 3083 859 sciebat
3111 821 3213 858 non
3236 806 3532 861 credituros
3553 807 3718 862 illos?
3741 824 3858 877 pro-

2284 894 2471 963 phetas
2498 894 2732 960 inducit,
2758 895 2848 964 qui
2891 895 2991 949 hoc
3030 897 3428 964 prtesciverunt.
3454 896 3614 952 \‘enit
3643 909 3823 952 autem
3844 940 3858 963 ,

2283 998 2351 1037 ne
2374 983 2599 1052 aliquam
2642 984 2844 1053 peccati
2884 986 2963 1039 sui
2995 987 3392 1040 excusationem
3422 988 3711 1042 baberent.
3737 989 3860 1053 Quae

2282 1073 2420 1124 enim
2451 1072 2691 1138 praedixit
2724 1073 2977 1143 propheta
3001 1114 3015 1138 ,
3049 1085 3105 1127 ut
3128 1088 3345 1142 prorsus
3372 1075 3544 1128 futura
3576 1076 3820 1144 praedixit
3846 1094 3860 1129 :

2283 1164 2380 1215 nisi
2416 1162 2556 1215 enim
2604 1164 2821 1218 omnino
2870 1162 3039 1217 futura
3088 1174 3303 1229 essent,
3354 1181 3459 1219 non
3502 1167 3857 1235 prardixisset.

2277 1238 2445 1307 Erant
2470 1260 2644 1308 autem
2678 1269 2895 1322 prorsus
2920 1253 3090 1307 futura
3112 1293 3127 1318 ,
3163 1270 3282 1307 cum
3324 1255 3395 1308 illi
3425 1256 3754 1310 incurabiles
3779 1271 3860 1311 es-

2279 1353 2417 1397 88!".

2348 1431 2639 1497 PrOpItetia:
2685 1433 2876 1486 nullam
2923 1434 3185 1504 imponunt
3224 1436 3587 1490 necessitatem.
3626 1467 3700 1476 —
3727 1435 3859 1490 Illud

2278 1534 2473 1589 autem,
2510 1522 2625 1576 Non
2647 1533 2932 1590 potuerunt,
2962 1525 3009 1576 id
3034 1524 3461 1599 est,Noluerunt.
3487 1525 3597 1581 Nec
3623 1528 3853 1580 mireris.

2276 1614 2406 1669 Nam
2453 1615 2576 1667 alibi
2626 1630 2834 1685 quoque
2880 1616 2953 1668 ait
3001 1633 3015 1668 :
3064 1614 3165 1679 Qui
3206 1626 3365 1686 potest
3408 1634 3627 1686 capere,
3684 1620 3856 1686 capiat

2279 1704 2487 1776 (Matth.
2533 1705 2616 1759 19.
2666 1706 2787 1772 12).
2829 1706 2917 1760 Sic
2943 1720 3085 1775 saepe
3129 1707 3265 1761 solet
3294 1718 3609 1774 potestatem
3640 1726 3738 1778 pro
3758 1726 3854 1765 vo-

2277 1799 2475 1854 luntate
2503 1814 2718 1867 ponere.
2754 1798 3050 1868 Iterumque
3075 1840 3089 1863 ,
3126 1799 3244 1852 Non
3288 1811 3446 1869 potest
3500 1803 3723 1855 mundus
3772 1820 3856 1856 vos

2276 1890 2390 1943 odio
2430 1890 2631 1952 habere;
2658 1906 2735 1943 me
2771 1900 2938 1943 autem
2964 1891 3079 1943 odio
3108 1891 3252 1947 liabet
3292 1891 3471 1959 (Joan.
3500 1893 3552 1945 7.
3590 1895 3668 1960 7).
3705 1894 3854 1961 Quod

2274 1980 2431 2033 etiam
2478 1980 2530 2033 in
2572 1981 2844 2033 communi
2893 1996 2990 2034 usu
3039 1982 3354 2035 observatur
3396 2002 3408 2037 :
3450 1992 3506 2037 ut
3555 1999 3680 2038 cum
3728 1985 3855 2037 dicit

2273 2072 2554 2140 quispiam,
2586 2086 2689 2123 non
2719 2086 2931 2140 possum
2959 2070 3105 2126 illum
3138 2075 3293 2127 talem
3330 2090 3532 2140 amare,
3562 2077 3853 2131 voluntatis

2272 2161 2659 2215 vehementiam
2711 2170 3026 2229 potestatem
3067 2179 3267 2217 vocans
3298 2182 3310 2216 :
3347 2181 3410 2219 ac
3457 2182 3711 2231 rursum,
3762 2167 3854 2222 Ille

2273 2249 2393 2302 talis
2423 2250 2533 2301 lieri
2567 2265 2667 2301 non
2702 2257 2875 2318 potest
2902 2250 3093 2306 bonus.
3118 2253 3185 2306 Et
3212 2253 3463 2323 propheta
3489 2256 3615 2324 quid
3645 2255 3761 2309 ait?
3790 2255 3853 2310 Si

2271 2342 2479 2393 mutabit
2506 2339 2749 2409 xEtltiops
2768 2342 2945 2410 pellem
2969 2359 3134 2407 suam,
3166 2355 3210 2397 et
3233 2343 3422 2414 pardus
3449 2346 3677 2399 maculas
3708 2363 3856 2411 suas;

2270 2444 2315 2487 et
2343 2434 2560 2504 populus
2606 2436 2684 2488 hic
2726 2436 2905 2499 poterit
2950 2434 3072 2489 bene
3109 2439 3313 2506 facere,
3359 2437 3444 2506 qui
3485 2437 3667 2490 didicit
3714 2439 3849 2490 mala

2272 2527 2411 2595 (λεν.
2442 2528 2527 2581 15.
2559 2526 2675 2594 25).
2702 2527 2817 2581 Non
2848 2528 2969 2582 ideo
2998 2527 3111 2582 haec
3149 2527 3311 2593 dicit,
3338 2529 3479 2597 quod
3510 2543 3615 2581 non
3644 2531 3851 2598 possint

2270 2617 2343 2670 illi
2376 2615 2621 2670 virtutem
2646 2632 2936 2682 exercere;
2968 2617 3060 2672 sed
3106 2616 3246 2684 quod
3292 2617 3530 2681 nollent,
3574 2619 3697 2672 ideo
3742 2634 3848 2672 non

2269 2722 2445 2776 posse.
2478 2706 2587 2761 Hoc
2615 2716 2790 2761 autem
2821 2707 2906 2761 hic
2933 2708 3032 2760 sibi
3055 2709 3167 2760 vult
3186 2707 3530 2777 evangelista,
3554 2723 3662 2761 non
3688 2723 3847 2775 posse

2267 2800 2475 2854 mentiri
2510 2799 2856 2870 prophetam,
2904 2814 3074 2868 neque
3121 2808 3296 2853 tamen
3345 2798 3463 2853 ideo
3513 2800 3847 2865 impossibile

2265 2898 2382 2944 erat
2429 2890 2545 2943 illos
2576 2890 2813 2944 credere.
2865 2889 3079 2943 Poterat
3118 2889 3259 2943 enim
3308 2889 3421 2942 fieri
3463 2889 3708 2942 utetiam
3744 2889 3849 2942 illis

2264 2982 2601 3036 erodentibus
2626 2996 2782 3035 verax
2830 2990 2970 3035 esset
3010 2980 3289 3049 propheta.
3329 2980 3508 3050 Neque
3535 2981 3681 3035 enim
3730 2982 3846 3034 lucc

2264 3072 2504 3135 dixisset,
2535 3072 2577 3125 si
2608 3072 2858 3126 credituri
2893 3071 3132 3125 fuissent.
3183 3069 3321 3132 Cur,
3357 3072 3563 3141 inquies
3584 3114 3597 3135 ,
3635 3088 3741 3127 non
3770 3072 3843 3125 ita

2263 3162 2431 3216 dixit?
2453 3163 2583 3229 Quia
2610 3164 2739 3217 tales
2758 3161 3011 3232 quasdam
3042 3164 3387 3231 proprietates
3408 3163 3572 3216 habet
3601 3162 3846 3233 Scriptu-

2263 3269 2352 3316 ra,
2386 3262 2438 3306 et
2466 3252 2515 3307 id
2547 3253 2661 3322 ejus
2707 3252 2908 3320 legibus
2945 3253 3365 3307 concedendum.
3414 3252 3540 3307 Ilaec
3569 3270 3722 3321 porro
3763 3254 3843 3306 di-

2262 3343 2363 3403 a‘it,
2392 3359 2505 3395 cum
2532 3344 2654 3395 vidit
2680 3342 2895 3412 gloriam
2932 3344 3059 3413 ejus.
3100 3342 3305 3411 Cujus?
3336 3345 3523 3398 Patris.
3572 3343 3682 3399 Cur
3711 3360 3841 3413 ergo

2262 3432 2494 3487 Joannes
2519 3433 2586 3487 de
2615 3432 2750 3487 Filio
2783 3433 3032 3503 loquitur,
3061 3442 3113 3487 et
3141 3435 3332 3488 Paulus
3355 3436 3422 3489 de
3449 3434 3651 3504 Spiritu
3674 3436 3699 3487 τ
3723 3436 3839 3490 Non

2261 3532 2317 3575 ut
2345 3521 2736 3575 confundentes
2769 3523 3081 3594 hypostases
3103 3565 3116 3587 ,
3148 3525 3241 3577 sed
3274 3540 3429 3577 unam
3474 3525 3840 3593 significantes

2260 3614 2590 3681 dignitatem.
2616 3613 2743 3667 Nam
2773 3630 2890 3679 qua:
2918 3614 3087 3668 Patris
3115 3626 3235 3669 sunt
3259 3656 3273 3680 ,
3299 3615 3416 3669 Filii
3449 3625 3608 3681 sunt,
3642 3627 3698 3671 et
3716 3627 3840 3682 Qua:

2261 3703 2377 3758 Filii
2404 3744 2419 3769 ,
2448 3704 2620 3758 Patris
2651 3706 2690 3757 ¹.
2721 3707 2878 3773 Atqui
2908 3706 3071 3759 multa
3105 3720 3200 3768 per
3224 3706 3442 3775 angelos
3474 3707 3629 3771 dixit,
3663 3717 3719 3760 et
3746 3723 3839 3761 ue-

2261 3809 2349 3847 mo
2380 3803 2551 3849 tamen
2598 3793 2707 3860 ait,
2736 3795 2885 3849 Sicut
2910 3795 3042 3848 dixit
3084 3796 3332 3865 angelus;
3386 3796 3477 3850 sed
3506 3797 3670 3867 quid?
3698 3797 3841 3851 Deus

2258 3884 2409 3937 dixit.
2441 3884 2570 3952 Qua:
2596 3886 2736 3939 enim
2786 3900 2814 3937 a
2866 3886 2974 3939 Deo
3020 3901 3115 3955 per
3140 3887 3357 3956 angelos
3382 3887 3517 3941 dicta
3545 3898 3705 3953 sunt,
3745 3888 3837 3943 Dei

2258 3986 2410 4040 sunt;
2445 3991 2549 4030 non
2589 3976 2714 4029 item
2741 3992 2859 4045 quae
2907 3976 2998 4029 Dei
3042 3987 3185 4039 sunt,
3222 3978 3527 4046 angelorum
3559 3988 3705 4033 sunt.
3742 3980 3838 4035 llic

2260 4080 2389 4119 vero
2419 4066 2493 4119 ait
2531 4066 2689 4120 verba
2729 4066 2957 4135 Spiritus
2991 4082 3131 4121 esse.
3164 4067 3229 4120 Et
3270 4069 3503 4138 loquutus
3547 4079 3621 4121 est
3664 4071 3727 4123 de
3753 4087 3835 4124 eo.

2256 4155 2391 4222 Quid
2422 4156 2669 4224 loquutus
2695 4157 2809 4210 est?
2843 4156 2957 4209 Vidi
2996 4157 3266 4210 Dominum
3292 4159 3543 4212 sedentem
3569 4176 3724 4228 super
3747 4177 3837 4214 so-

2260 4246 2381 4296 lium
2413 4246 2663 4299 excelsum
2689 4244 2834 4316 (Isai.
2866 4245 2918 4300 6.
2950 4247 3027 4316 1),
3056 4257 3159 4301 etc.
3203 4248 3436 4303 Gloriam
3476 4265 3604 4319 ergo
3637 4250 3724 4305 hic
3752 4253 3839 4306 di-

2257 4335 2328 4389 cit
2363 4336 2615 4390 visionem
2644 4337 2807 4402 illam,
2832 4338 3053 4403 fumum,
3075 4353 3265 4392 arcana
3295 4340 3509 4395 audisse
3552 4342 3833 4411 mysteria;

2257 4426 2535 4495 Seraphim
2566 4427 2760 4481 vidisse
2779 4468 2793 4490 ,
2824 4429 2993 4497 fulgur
3020 4444 3048 4481 a
3077 4428 3272 4482 throno
3298 4431 3552 4484 exsiliens
3574 4471 3588 4491 ,
3615 4432 3665 4483 in
3690 4433 3837 4500 quod

2255 4519 2520 4585 respicere
2560 4528 2848 4586 potestates
2896 4520 2997 4572 illa:
3042 4534 3146 4572 non
3173 4520 3439 4573 valebant.
3484 4517 3549 4572 Et
3596 4522 3839 4588 loquutus

2252 4618 2327 4661 est
2356 4608 2417 4660 de
2438 4624 2517 4661 eo.
2564 4609 2697 4673 Quid
2745 4609 2993 4678 loquutus
3038 4610 3152 4663 est?
3182 4612 3333 4675 Quod
3379 4612 3610 4666 audierit
3644 4629 3833 4668 vocem

2252 4696 2537 4759 dicentem,
2564 4698 2723 4764 Quem
2742 4700 2954 4763 mittam,
2982 4710 3027 4752 et
3048 4701 3158 4768 quis
3188 4702 3315 4755 ibit?
3339 4701 3402 4753 Et
3428 4703 3554 4767 dixi,
3581 4702 3715 4757 Ecce
3740 4720 3837 4772 ego

2252 4803 2383 4851 sum,
2420 4787 2561 4840 mitte
2586 4804 2685 4840 me.
2719 4787 2782 4840 Et
2810 4790 2957 4853 dixit,
2992 4790 3180 4842 Auditu
3208 4792 3441 4855 audietis,
3465 4801 3512 4844 et
3542 4808 3645 4844 non
3681 4794 3836 4846 intel-

2253 4878 2442 4943 ligetis:
2464 4886 2510 4931 et
2533 4878 2752 4931 videntes
2768 4880 3010 4943 videbitis,
3034 4888 3080 4931 et
3107 4882 3350 4935 nescietis.
3379 4881 3667 4937 Excwcavit
3696 4887 3833 4939 enim

2252 4970 2421 5022 oculos
2442 4985 2613 5023 eorum
2633 5012 2648 5035 ,
2672 4979 2716 5023 et
2742 4971 2997 5023 induravit
3036 4988 3122 5025 cor
3146 4988 3337 5033 eorum,
3371 4991 3434 5027 ne
3461 4980 3591 5045 forte
3626 4977 3830 5032 uideant

2250 5060 2408 5113 oculis
2432 5100 2447 5123 ,
2476 5070 2523 5112 et
2546 5061 2694 5113 corde
2719 5062 3000 5131 intelligant
3028 5061 3182 5129 (lsai.
3214 5064 3263 5116 ϐ,
3297 5063 3430 5119 8-10
3454 5064 3497 5135 ).
3529 5066 3607 5119 Ειι
3638 5083 3827 5123 rursus

2248 5151 2403 5202 aliam
2431 5151 2777 5219 quzestionetn
2797 5193 2810 5209 ,
2841 5168 2957 5219 qua:
2982 5153 3119 5205 nulla
3145 5162 3319 5208 tamen
3348 5165 3460 5216 est,
3493 5159 3535 5209 si
3568 5169 3713 5212 recte
3741 5169 3828 5211 at-

2251 5241 2547 5293 tendamus.
2597 5241 3050 5306 Quemadmodum
3098 5245 3239 5297 enim
3286 5245 3363 5298 sol
3406 5245 3611 5303 debiles
3641 5252 3830 5302 oculos

2250 5329 2522 5397 percellit,
2559 5346 2662 5383 non
2712 5347 2805 5399 per
2854 5334 3119 5400 propriam
3166 5343 3407 5387 naturam
3443 5351 3455 5386 :
3487 5337 3566 5391 sic
3613 5353 3830 5407 quoque

2245 5420 2437 5473 accidit
2466 5421 2548 5485 iis,
2577 5424 2664 5490 qui
2696 5422 2785 5476 Dei
2815 5424 2987 5476 verbis
3025 5440 3129 5479 non
3159 5425 3461 5481 attendunt.
3496 5426 3569 5482 lta
3600 5441 3656 5485 et
3685 5431 3829 5484 Pha-

2247 5512 2425 5566 raonis
2451 5528 2545 5566 eor
2575 5514 2849 5569 indurasse
2874 5516 3093 5584 dicitur,
3124 5517 3264 5587 quod
3307 5520 3503 5575 accidit
3526 5522 3632 5577 illis
3663 5528 3827 5581 etiam

2308 5649 2654 5763 ;C&\-:1.1egit,
2673 5656 2717 5701 ct
2740 5664 2848 5715 quae
2866 5652 2993 5715 Ρίιὶἰ,
3018 5654 3233 5718 Spiritus.
3262 5662 3313 5705 et
3328 5656 3397 5705 sic
3413 5670 3584 5708 omnes
3607 5657 3715 5709 fere
3736 5665 3824 5709 ata-

2308 5756 2309 5759 η
2368 5727 2438 5763 I‘ID
2462 5730 2494 5763 ι.

2244 5727 2494 5775 nuscnptt.
