4054 6430
202 351 309 409 375

200 470 409 542 οιμίοις
436 472 618 544 φησὶν
653 473 682 526 6
710 469 1119 542 εύαγγελιστὴς.
1146 471 1229 525 ὅτι
1262 473 1385 525 οὐκ
1412 468 1483 533 ἐξ
1510 465 1797 537 αἱμάτων,

202 556 347 613 οὐδέ
392 560 469 613 ἐκ
502 557 847 627 θελήματος
877 557 1107 625 σαρκὸς
1126 593 1141 617 ,
1182 554 1322 610 ἀλλ’
1348 555 1418 607 ἐκ
1448 553 1597 607 Θεοῦ
1634 550 1804 618 ἐγεν-

199 640 527 713 νήθησαν,
567 643 816 694 τουτέστι
840 678 856 703 ,
893 638 988 692 τοῦ
1028 636 1242 707 Πατρός
1261 654 1275 669 ο
1312 635 1547 690 ἐνταῦθα
1599 632 1658 687 δὲ
1703 631 1803 684 αὑ·-

199 726 292 788 τδς
347 724 580 792 λέγεται
643 722 867 786 τούτους
909 723 1126 791 γεννᾷν,
1171 721 1258 773 ἵνα
1308 719 1522 789 μάθῃς,
1570 716 1653 770 ὅτι
1707 714 1807 784 μία

202 808 460 878 ἀνέργεια
502 806 728 875 Πατρὸς
775 804 871 859 καὶ
919 802 1074 857 Υίοῦ.
1144 802 1337 857 Ταῦτα
1389 798 1577 854 εἰπὼν
1625 800 1659 852 ό
1703 798 1808 865 ’1η-

200 890 392 957 σοῦς,
433 888 545 942 καὶ
595 888 877 943 ἀπελθὼν
913 887 1017 940 ἀπ’
1049 883 1279 947 αὐτῶν,
1326 882 1569 950 ἐκρύϐη.
1606 879 1723 933 Νῦν
1755 878 1808 931 τί

202 971 513 1042 κρύπτεται
539 988 555 1036 ;
591 970 728 1023 υύδὲ
760 969 868 1039 γάρ
920 968 1099 1032 λίθους
1131 964 1275 1041 ἦραν
1320 965 1438 1020 κατ’
1471 963 1658 1026 αὑτοῦ,
1688 962 1808 1017 ούδδ

199 1056 657 1127 έδλασφήμησάν
702 1072 755 1107 τι
808 1052 1051 1106 τοιοῦτον
1099 1047 1212 1105 οἷον
1263 1050 1593 1122 ἔμπροσθεν.
1649 1049 1808 1112 Τίνος

199 1134 292 1192 οῦν
319 1138 522 1191 ἓνεκεν
550 1136 797 1208 ἐκρύὸης
831 1137 944 1200 Τάς
968 1136 1193 1205 καρδίας
1224 1132 1545 1205 έμδατεύων
1575 1132 1686 1203 ᾔδει
1714 1131 1807 1185 τὸν

200 1222 377 1292 θυμὸν
400 1222 602 1283 αὐτοῖς
629 1221 998 1291 ἀγριαίνοντα,
1025 1221 1075 1273 εί
1101 1220 1195 1271 καὶ
1232 1218 1401 1288 μηδὲν
1441 1217 1803 1287 ὲφθέγγοντο’

198 1306 316 1376 ᾔδει
347 1306 559 1369 ζέοντα
610 1304 705 1358 καὶ
757 1303 1023 1371 φονῶντα,
1062 1302 1158 1355 καὶ
1193 1301 1254 1353 οὐ
1303 1300 1628 1371 περιέμενεν
1664 1296 1806 1352 ὥστε

199 1389 279 1451 είς
302 1386 475 1457 ἔργον
502 1385 764 1453 ἐξελθεῖν,
794 1386 930 1439 ἀλλά
956 1383 1280 1453 κρύπτεται,
1311 1381 1806 1452 παραμυθούμενος

198 1470 382 1524 αὐτῶν
423 1470 523 1524 τὸν
577 1470 797 1538 φθόνον.”
827 1469 970 1538 Ὅρα
1009 1466 1141 1534 γοῦν
1177 1466 1294 1529 πῶς
1322 1466 1486 1518 αὑτὸν
1525 1464 1746 1535 ⁴ᾐνίξατο
1777 1464 1807 1515 6

198 1555 638 1624 εὐσγγελιστής.
676 1551 891 1612 Εὐθέως
922 1549 1052 1618 γοῦν
1083 1551 1329 1620 ἐπήγαγε
1350 1565 1365 1579 ·
1422 1547 1693 1601 Τοσαῦτα
1737 1545 1807 1599 δὲ

200 1638 393 1692 αὐτοῦ
429 1634 662 1705 σημεῖα
715 1633 1134 1700 πεποιηκότος,
1188 1634 1300 1685 οὐκ
1355 1631 1680 1684 ἐπίστευον
1719 1631 1807 1695 είς

200 1720 415 1772 αὐτόν.
450 1720 596 1771 Ποῖα
624 1716 895 1781 τοσαῦτα;
933 1716 1071 1768 Ὀσα
1107 1713 1411 1785 παρέλιπεν
1455 1715 1484 1765 6
1514 1710 1805 1780 εὐαγγελιο

204 1802 362 1871 στής.
397 1801 518 1853 Kal
550 1803 616 1854 ὲκ
660 1798 766 1852 τῶν
797 1798 936 1869 μετά
975 1797 1149 1850 ταῦτα
1189 1797 1247 1849 δὲ
1279 1794 1438 1848 τοῦτο
1482 1795 1661 1865 δῆλον.
1699 1794 1808 1847 Kal

202 1884 314 1955 7&9
352 1885 734 1954 ὑποχωρήσας
777 1882 873 1935 καὶ
911 1880 1116 1945 ἐνδοὺς,
1160 1881 1255 1935 xal
1290 1877 1600 1933 ἐπανελθὼν
1644 1877 1807 1933 πάλιν

203 1966 527 2037 ὑφειμένως
567 1965 752 2026 αὐτοῖς
790 1963 1118 2032 διαλέγεται,
1162 1963 1307 2017 οὕτω
1357 1963 1568 2030 λέγων·
1614 1961 1679 2015 '0
1708 1978 1807 2014 πι-

202 2050 447 2102 στεύων
476 2051 565 2114 εις
590 2046 715 2117 ἐμὲ,
738 2048 811 2101 ού
856 2048 1125 2101 πιστεύει
1154 2048 1243 2113 είς
1262 2047 1389 2115 ἐμὲ,
1412 2046 1552 2099 ἀλλ’
1589 2046 1678 2110 είς
1702 2044 1809 2097 τόν

200 2130 541 2203 πέμψαντὰ
594 2149 692 2201 με.
738 2132 881 2203 Ὅρα
926 2131 1036 2202 γὰρ
1061 2130 1114 2183 τί
1171 2133 1334 2183 ποιεῖ·
1393 2130 1654 2201 Ἀρχεται
1699 2126 1809 2182 ἀπὸ

203 2216 488 2271 ταπεινῶν
528 2217 623 2270 καὶ
678 2215 1156 2285 συνεσταλμένων,
1213 2215 1305 2268 καὶ
1353 2213 1693 2283 καταφεύγει
1726 2215 1808 2277 είς

203 2300 297 2353 τδν
320 2302 581 2373 Πατέρα·
616 2294 735 2354 εἶτα
766 2300 930 2355 πάλιν
955 2298 1109 2372 [406]
1137 2299 1332 2369 ἀνάγει
1363 2299 1456 2352 τὸν
1484 2298 1661 2368 λόγον.
1696 2298 1809 2352 Kal

206 2384 336 2438 ὅταν
387 2386 478 2457 ῖδῃ
514 2384 997 2455 ὲκθηριουμένους,
1026 2384 1322 2453 ὑποχωρεῖ,
1360 2382 1454 2436 καὶ
1510 2383 1670 2436 πάλιν
1710 2382 1810 2450 ἑφ-

210 2466 457 2531 ίσταται,
485 2468 581 2521 καὶ
611 2468 720 2520 ἀπὸ
735 2466 1007 2520 ταπεινῶν
1032 2466 1449 2536 προοιμιάζεται
1479 2458 1660 2518 ἴάλιν.
1697 2464 1808 2517 Kal

210 2549 315 2603 ποῦ
363 2549 533 2604 τοῦτο
592 2551 851 2621 ὲποίησες
902 2549 1012 2602 Ποῦ
1046 2549 1154 2619 γάρ
1192 2548 1294 2602 οὐκ
1337 2547 1627 2620 ἐποίησεν;
1663 2548 1809 2618 ὐρα

210 2632 342 2699 γοῦν
362 2635 425 2687 εν
469 2634 615 2704 ἀρχῇ
639 2633 692 2685 τί
721 2648 890 2703 φησι·
934 2631 1141 2697 Καθὼς
1171 2631 1389 2695 ἀκούω,
1425 2633 1639 2699 κρίνω·
1687 2626 1808 2683 εἶτα

210 2716 575 2789 ὑψηλότερον,
621 2718 850 2785 Ὥσπερ
901 2717 1014 2786 γὰρ
1058 2719 1091 2770 ό
1132 2717 1333 2783 Πατὴρ
1392 2716 1605 2784 ὲγειζρει
1665 2714 1808 2779 τοὺς

210 2800 473 2869 νεκροὺς
515 2800 615 2854 καί
641 2800 922 2865 ζωοποιεῖ,
959 2800 1111 2853 οὕτω
1141 2800 1243 2854 καὶ
1273 2803 1305 2853 ό
1355 2800 1488 2865 Υίός
1510 2799 1620 2865 οὒς
1648 2798 1807 2853 θέλει

214 2880 526 2942 ζωοποιεῖ·
591 2883 775 2945 πάλιν,
832 2882 980 2952 Ἐγὼ
1029 2884 1101 2937 οὐ
1154 2884 1337 2950 κρίνω
1393 2880 1569 2951 ὑμᾶς.
1616 2880 1808 2948 ἄλλος

214 2964 389 3018 ἐστὶν
419 2969 453 3020 ό
488 2966 727 3034 κρίνων.
788 2962 923 3018 Εἶτα
973 2966 1249 3037 ἀναχωρεῖ
1284 2964 1479 3017 πάλιν·
1516 2959 1634 3016 εἶτα
1684 2966 1805 3018 ἐπι-

219 3048 353 3111 στάς
374 3053 444 3120 τῇ
464 3049 746 3112 Γαλιλαία,
784 3048 1151 3117 Ἐρτάζεσθε,
1198 3048 1354 3117 φησὶ,
1392 3048 1479 3117 μὴ
1512 3046 1630 3114 τὴν
1648 3049 1808 3117 ,βρῶ-

215 3148 320 3184 σιν
358 3130 477 3200 τὴν
505 3129 962 3200 ἀπολλυμένην.
1000 3132 1110 3184 Kal
1140 3131 1313 3184 εἰπὼν
1344 3132 1470 3203 περὶ
1507 3132 1672 3186 αὐτοῦ
1706 3150 1806 3203 με·

216 3216 378 3283 γάλα,
414 3218 500 3271 ὅτι
551 3219 616 3270 ὲκ
660 3215 755 3269 τοῦ
796 3214 1026 3287 ούρανοῦ
1085 3214 1483 3287 καταϐέϐηκεν,
1534 3217 1617 3270 ὅτι
1662 3217 1807 3287 ζωήν

215 3297 440 3353 αἰώνιον
471 3299 678 3364 δίδωσι,
709 3300 872 3353 πάλιν
893 3300 1185 3370 ἀναχωρεῖ.
1214 3299 1324 3351 Kal
1356 3300 1424 3370 τῇ
1454 3299 1809 3371 Σκηνοπηγίᾳ

218 3381 382 3437 πάλιν
411 3383 662 3446 ἐπιστάς,
698 3382 758 3435 τὸ
794 3381 1112 3436 αὑτὸατοῦτο
1144 3382 1309 3435 ποιεῖ.

292 3548 357 3618 β’.
388 3550 501 3603 Kal
525 3548 788 3619 διηνεκῶς
824 3550 922 3603 ι’δοι
953 3567 1036 3613 τις
1069 3549 1136 3603 ἂν
1156 3548 1300 3603 οὕτω
1331 3550 1677 3617 ποικίλλοντα
1709 3551 1808 3624 τήν

219 3631 593 3698 διδασκαλίαν,
622 3634 918 3705 παρουσία,
959 3634 1219 3705 ἀπουσίᾳ,
1254 3639 1553 3698 ταπεινοῖς,
1585 3636 1809 3707 ὑψηλοῖς

220 3714 422 3784 λόγοις.
472 3718 540 3771 Ὃ
563 3719 655 3770 καὶ
673 3716 907 3770 ἐνταῦθα
938 3718 1231 3787 πεποίηκε.
1274 3718 1546 3773 Τοσαῦτα
1592 3718 1662 3772 δὲ
1704 3722 1810 3774 αὺ-

222 3800 326 3853 τοῦ
360 3800 584 3869 σημεῖα
620 3801 1041 3867 πεποιηκότος,
1076 3804 1188 3854 οὐκ
1220 3801 1548 3857 ἐπίστευον
1576 3806 1666 3869 είς
1702 3806 1810 3860 αύ-

221 3880 349 3947 τόν,
385 3884 572 3951 φησὶν,
628 3882 729 3935 ἵνα
792 3880 1084 3950 πληρωθῇ
1130 3887 1163 3936 ό
1214 3886 1397 3953 λόγος
1456 3886 1697 3941 Ἡσαΐου
1739 3888 1812 3942 ὃν

222 3959 352 4017 είπε
384 3982 397 3996 ·
428 3966 629 4033 Κύριε.
652 3965 744 4031 τίς
768 3965 1096 4037 ἐπίστευσε
1116 3964 1189 4033 τῇ
1215 3966 1368 4035 ἀκοῇ
1393 3967 1606 4037 Mr;
1649 3970 1748 4024 καὶ
1778 3972 1811 4025 ό

220 4047 492 4115 βραχίων
538 4049 756 4114 Κυρίου
786 4048 913 4106 ,τίνι
968 4049 1402 4120 ἁπεκαλύςοθη;
1456 4054 1566 4105 Kal
1624 4053 1808 4119 πάλιν,

229 4130 683 4199 οὺκϋμῖύναντο,
703 4132 858 4202 φησι.
876 4133 1204 4196 πιστεύειν,
1223 4132 1311 4186 ότι
1334 4130 1506 4188 εἷπεν
1526 4136 1777 4203 Ἡσαΐας
1792 4152 1807 4167 ·

240 4212 407 4283 Ἀκοῇ
436 4215 755 4278 ἀκούσετε,
788 4218 885 4269 καὶ
912 4222 984 4271 ού
1010 4216 1097 4286 μὴ
1123 4217 1375 4285 συνῆτε.
1414 4220 1606 4275 Ταῦτα
1632 4219 1701 4274 δὲ
1730 4217 1811 4276 εἴ·

228 4313 359 4361 πεν,
392 4299 491 4351 ὅτε
508 4298 628 4352 εἶδε
652 4298 765 4366 τὴν
794 4298 983 4363 δόξαν
1010 4299 1195 4353 αὑτοῦ
1225 4302 1321 4354 κα)
1366 4302 1635 4371 ἐλάλησε
1677 4305 1813 4373 περὶ

227 4382 435 4437 αὑτοῦ.
484 4383 615 4435 Ἰδοὺ
659 4384 823 4435 πάλιν
860 4382 943 4446 τὸ,
980 4383 1133 4446 Ὅτι,
1178 4386 1272 4438 καὶ
1310 4381 1518 4450 Εἶπεν,
1559 4389 1679 4459 οὐχὶ
1728 4392 1812 4443 aI-

226 4465 519 4534 τιολογίας,
569 4464 684 4517 ἀλλ’
733 4466 1032 4529 εκὸάοεως.
1092 4467 1226 4519 Οὐδὲ
1269 4468 1377 4540 γὰρ
1422 4470 1611 4541 ἐπειδὴ
1656 4468 1812 4525 εἶπεν

241 4547 488 4615 Ἡσαΐας,
520 4551 620 4604 οὐκ
640 4549 927 4603 ἐπίστευον
948 4567 961 4580 ⁸
992 4551 1107 4604 ἀλλ’
1130 4553 1316 4623 ἐπειδὴ
1345 4554 1445 4606 οὐκ
1467 4554 1693 4625 ἔμελλον
1724 4576 1813 4610 πι-

232 4634 462 4699 στεύειν,
505 4636 595 4689 διά
629 4634 788 4688 τοῦτο
840 4627 995 4689 εἶπεν
1043 4636 1285 4700 Ἡσαΐας.
1340 4638 1404 4690 Τί
1442 4634 1537 4691 οὖν
1579 4641 1678 4710 ούχ
1714 4641 1810 4694 οῦ-

230 4734 335 4782 τως
373 4720 402 4771 6
442 4718 833 4789 εὐαγγελιστής
864 4719 1030 4787 λέγει,
1082 4720 1218 4774 ἀλλά
1258 4720 1357 4791 τὴν
1403 4723 1663 4779 ἀπιστίαν
1703 4726 1811 4781 ἀπὸ

229 4800 324 4870 τῆς
384 4804 742 4873 προφητείας.
782 4804 843 4856 οὗ
893 4806 992 4873 τὴν
1033 4807 1368 4877 προφητείαν
1404 4807 1512 4860 ἀπὸ
1545 4808 1648 4878 τῆς
1684 4812 1864 4863 ἀπι-’”

237 4884 383 4947 οτίας
440 4880 577 4938 εἷναί
624 4903 784 4955 φησι·
832 4888 923 4939 καὶ
973 4886 1199 4957 προϊὼν,
1251 4889 1608 4961 σφοδρότερον
1652 4893 1813 4946 τοῦτο

229 4968 359 5021 αὐτὸ
372 4967 607 5037 τίθησιν,
636 4970 778 5023 οὕτω
802 4970 978 5039 λέγων
998 4986 1011 4998 ’
1046 4972 1151 5026 Διὰ
1180 4973 1355 5027 τοῦτο
1375 4978 1487 5029 οὐκ
1514 4977 1813 5045 ἠδύναντο

229 5053 553 5116 πιστεύειν,
586 5054 674 5107 ὅτι
707 5050 877 5112 εἶπεν
913 5056 1189 5123 Ἡσαΐας;
1232 5057 1509 5113 Ἐντεῦθεν
1529 5065 1815 5134 παραστῆ-

232 5151 320 5190 σαι
350 5136 441 5189 διά
483 5136 691 5190 πολλῶν
751 5138 1001 5208 βούλεται
1044 5140 1104 5192 τὸ
1154 5142 1251 5210 τῆς
1289 5143 1508 5213 Γραφῆς
1539 5146 1809 5214 ἀψευδές’

228 5220 321 5273 καὶ
362 5220 447 5299 δτι
475 5219 621 5291 ἀττερ
642 5223 1069 5293 προεφήτευσεν,
1102 5224 1199 5293 οὐχ
1229 5225 1431 5296 ἑτέρως
1466 5227 1650 5299 ἐξέση,
1692 5229 1811 5283 ἀλλ’

226 5302 300 5366 ὠς
332 5298 503 5356 εἶπεν.
539 5303 652 5356 Ἷνα
701 5304 812 5374 γὰρ
868 5307 940 5375 μή
980 5322 1065 5369 τις
1096 5306 1251 5379 λέγῃ.
1310 5310 1418 5362 Καὶ
1453 5298 1813 5376 τίνοςὲνεκεν

226 5378 388 5454 ἦλθεν
413 5389 443 5438 6
474 5387 747 5457 Χριστόςς
784 5388 887 5442 οῦκ
936 5390 1054 5460 ᾔδει.
1112 5378 1343 5444 ὅτιούκ
1387 5392 1612 5461 ἔμελλον
1662 5396 1812 5467 αὐτῷ

227 5469 548 5540 προσέχεινς
588 5470 684 5524 καὶ
711 5473 839 5535 τοὺς
862 5476 1146 5544 προφήτας
1174 5476 1559 5545 είσάγειτοῦτο
1579 5478 1807 5544 εἰδότας.

225 5545 396 5607 Ἦλθε
429 5553 507 5614 δὲ.
537 5555 622 5607 ἵνα
646 5555 918 5625 πρόφασιν
952 5559 1025 5627 μὴ
1070 5560 1235 5630 ἔχωσι
1262 5560 1389 5630 περὶ
1415 5561 1513 5629 τῆς
1536 5563 1811 5633 ἁμαρτίας

224 5635 423 5690 αὐτῶν.
472 5639 540 5690 'A
588 5640 699 5709 γὰρ
744 5642 1005 5709 προεῖπεν
1039 5643 1066 5693 ὁ
1105 5646 1414 5714 προφήτης,
1460 5646 1538 5709 ὡς
1589 5647 1808 5711 πάντως

223 5717 457 5788 ἐσόμενα
486 5724 767 5791 προεῖπεν.
803 5723 865 5775 Εἰ
908 5724 1017 5794 7&9
1057 5725 1131 5795 μὴ
1176 5728 1393 5790 πάντως
1431 5728 1656 5796 ἔμελλεν
1689 5731 1809 5784 ἐσε-

224 5801 368 5867 σοαι,
398 5805 498 5857 οὐκ
530 5806 598 5859 ἂν
633 5810 894 5877 προεῖπεο
936 5809 1154 5873 πάντως
1190 5811 1247 5862 δὲ
1294 5812 1517 5882 ἔμελλεν
1562 5812 1803 5879 ἔσεσθαι,

204 5886 412 5957 ’ἐπειδὴ
445 5889 680 5954 ἀνιάτως
706 5887 852 5963 εἶχον
878 5894 1094 5947 ἐκεῖνοι.

289 5979 351 6032 ΕΞ
383 5980 437 6034 δέ
457 5985 627 6036 κεῖται
656 5983 733 6052 :6,
772 5987 890 6041 Οὐκ
914 5986 1233 6055 ἠδύναντο,
1269 5988 1385 6042 ἀντὶ
1412 5988 1522 6056 τοῦ,
1544 5990 1653 6044 0'37.
1681 5992 1803 6064 ἥθιη

1208 350 1277 407 IN
1312 346 1629 408 JOANNEM
1667 339 1881 402 IIOMIL
1942 339 2172 398 LXVIII.
2213 343 2285 399 aI.
2330 340 2541 399 LXVII.

3390 346 3498 407 376
3538 402 3539 409 η

1910 462 2022 527 λον,
2039 466 2237 517 κεῖται.
2272 464 2382 518 Kal
2419 465 2493 535 μὴ
2524 462 2833 533 θαυμάσῃς.
2855 460 2965 516 Kal
2999 460 3108 533 7&9
3128 461 3224 516 καὶ
3262 462 3496 535 ἀλλαχοῦ

1913 562 2098 617 φησιν.
2153 546 2217 600 '0
2235 544 2571 615 δυνάμενος
2596 543 2828 615 χωρεῖν,
2858 546 3137 613 χωρείτω.
3172 546 3362 612 Οὕτως
3387 543 3498 602 οἶδε

1913 630 2184 703 πολλαχοῦ
2203 630 2435 701 δύναμιν
2466 631 2567 701 τήν
2586 627 2907 701 προαίρεσιν
2928 628 3130 698 λέγειν.
3160 633 3271 687 Kal
3300 632 3463 688 πάλιν
3480 651 3497 667 ·

1916 715 1999 768 Οὐ
2026 714 2277 768 δύναται
2295 716 2328 767 ό
2351 713 2581 782 κόσμος
2609 711 2816 782 μισεῖν
2841 713 3000 784 ὑμᾶς
3023 731 3036 745 ’
3075 713 3181 782 ἐμὲ
3216 716 3283 769 δέ
3308 716 3498 787 μισεῖ.

1912 795 2086 849 Τοῦτο
2105 796 2163 849 δὲ
2190 797 2283 849 καὶ
2314 797 2373 848 ὲν
2396 798 2462 865 τῇ
2488 799 2640 867 κοινῇ
2672 798 2933 869 συνηθείᾳ
2964 797 3367 868 φυλαττόμενον
3400 800 3501 853 ῖδοι

1910 894 1995 941 τις
2015 879 2081 933 ἀν
2105 893 2118 909 ·
2151 879 2227 941 ὡς
2248 878 2375 930 ὅταν
2404 877 2535 949 λέγῃ
2566 895 2648 940 τις
2673 896 2688 911 ’
2728 881 2805 933 Οὐ
2834 880 3070 950 δύναμαι
3094 881 3379 950 ἀγαπῆσαι
3408 884 3503 936 τὸν

1909 962 2077 1015 δεῖνα·
2112 962 2173 1015 τὸ
2208 961 2440 1033 σφοδρὸν
2491 960 2594 1031 τῆς
2646 960 2980 1034 βουλήσεως,
3022 962 3257 1034 δύναμιν
3300 963 3497 1032 λέγων.

1912 1044 2024 1097 Kal
2062 1044 2224 1097 πάλιν
2246 1060 2261 1074 ’
2317 1045 2394 1097 Οὐ
2424 1042 2646 1098 δύναται
2668 1047 2698 1098 6
2739 1045 2887 1099 δεῖνα
2927 1045 3184 1113 γενέσθαι
3232 1046 3491 1116 χρηστός.

1911 1127 2020 1179 Kal
2057 1126 2087 1178 6
2124 1127 2411 1197 προφήτης
2430 1126 2488 1179 δὲ
2508 1127 2560 1180 τί
2606 1144 2771 1199 φησιν
2794 1143 2809 1193 ;
2834 1128 2903 1181 El
2930 1127 3260 1193 ἀλλάξεται
3283 1128 3507 1195 Αίθίοψ

1908 1209 1977 1263 τό
2009 1208 2196 1279 δέρμα
2222 1208 2430 1273 αὐτοῦ,
2458 1210 2556 1263 καί
2582 1210 2879 1279 πάρδαλις
2910 1213 2984 1267 τὰ
3011 1211 3378 1281 ποικίλματα
3398 1212 3505 1266 αύ-

1909 1290 2041 1361 τῆς,
2090 1292 2189 1346 καί
2211 1295 2244 1346 ὀ
2273 1292 2424 1367 λαὸς
2455 1289 2627 1360 οὗτος
2654 1293 2990 1363 δυνήσεται
3018 1290 3088 1349 εὖ
3122 1292 3375 1362 ποιῆσαι
3398 1310 3506 1363 με·

1904 1381 2188 1452 μαθηκὼς
2216 1381 2392 1436 κακά.
2429 1383 2503 1435 Οὐ
2526 1382 2684 1437 τοῦτό
2707 1400 2896 1453 φησιν,
2922 1385 3005 1438 ὅτι
3035 1383 3297 1439 ἀδύνατος
3318 1383 3505 1447 αὐτοῖς

1910 1466 2065 1537 ήτῆς
2097 1467 2301 1538 ἀρετῆς
2361 1466 2628 1539 ἐργασία·
2675 1468 2790 1519 ἀλλ’
2845 1468 2927 1521 ὅτι
2965 1468 3028 1520 οὐ
3074 1467 3376 1536 βούλονται,
3416 1468 3505 1521 διὰ

1908 1548 2067 1602 τοῦτο
2114 1549 2178 1602 ού
2230 1548 2508 1603 δύνανται.
2569 1550 2681 1603 Kal
2724 1550 2753 1603 δ
2808 1549 2958 1618 λέγει
3001 1550 3031 1603 6
3071 1550 3501 1621 εύαγγελιστὴς,

1908 1631 2068 1684 τοῦτό
2105 1646 2292 1703 φησιν,
2340 1632 2422 1685 ὅτι
2466 1631 2726 1685 ἀδύνατον
2769 1628 2838 1703 ἦν
2875 1632 3180 1702 ψεύσασθαι
3223 1631 3373 1706 [407]
3411 1634 3504 1687 τὸν

1910 1716 2217 1787 προφήτην.
2275 1715 2350 1769 υύ
2395 1715 2500 1785 μὴν
2535 1715 2624 1768 διὰ
2670 1715 2829 1768 τοῦτο
2876 1714 3138 1770 ἀδύνατον
3194 1712 3264 1788 ἦν
3304 1718 3503 1780 αὐτοὺς

1911 1797 2223 1851 πιστεῦσαι.
2266 1799 2424 1869 Ἐνῆν
2469 1799 2602 1869 γὰρ.
2661 1798 2758 1852 καὶ
2821 1799 3235 1852 πιστευσάντων
3296 1800 3501 1867 αὐτῶν,

1910 1881 2113 1952 ἀψευδῆ
2171 1881 2370 1952 μένειν.
2423 1882 2499 1936 Ού
2556 1883 2666 1954 7&9
2695 1881 2763 1936 ἂν
2787 1883 2960 1937 ταῦτα
2991 1889 3276 1958 προεῖπεν,
3308 1886 3359 1939 εί
3408 1904 3503 1940 πιο

1912 1966 2124 2019 στεύειν
2145 1966 2391 2037 ἔμελλον.
2434 1966 2501 2018 Τί
2550 1965 2665 2032 οὖν,
2718 1968 2905 2037 φησὶν,
2956 1968 3056 2037 οὐχ
3095 1967 3273 2032 οὕτως
3300 1965 3494 2031 εἶπεν,

1913 2049 2036 2102 Ὀτι
2077 2048 2346 2120 ίδιώματά
2388 2066 2508 2103 τινα
2538 2050 2571 2121 ἡ
2597 2050 2788 2123 Γραφή
2826 2049 3056 2104 τοιαῦτα
3111 2051 3245 2121 ἔχει,
3283 2051 3380 2105 καὶ
3416 2052 3498 2107 δεῖ

1908 2134 2020 2194 τοῖς
2041 2130 2229 2201 νόμοις
2260 2131 2433 2202 αὐτῆς
2465 2137 2833 2205 παραχωρεῖν.
2874 2133 3066 2189 Ταῦτα
3091 2134 3160 2187 δὲ
3190 2131 3383 2200 εἶπεν,
3404 2134 3505 2191 ὅτε

1908 2211 2031 2269 εἶδε
2051 2214 2168 2282 τὴν
2202 2214 2393 2280 δόξαν
2432 2216 2641 2271 αὐτοῦ.
2700 2217 2898 2283 Τίνοςς
2952 2219 3059 2273 Τοῦ
3096 2220 3333 2290 Πατρός.
3375 2218 3505 2283 Πῶς

1909 2294 2003 2352 οὖν
2040 2298 2069 2349 6
2088 2297 2342 2368 Ἰωάννης
2373 2298 2613 2368 περὶτοῦ
2642 2299 2772 2353 Υίοῦ
2804 2301 2975 2369 λέγει,
2998 2304 3027 2355 6
3048 2301 3105 2355 δὲ
3138 2302 3351 2366 Παῦλος
3374 2303 3506 2374 περὶ

1908 2382 2005 2436 τοῦ
2058 2382 2411 2453 Πνεύματος;
2441 2382 2555 2454 Οὐχ
2578 2383 2655 2446 ὠς
2688 2383 3106 2453 συναλείφοντες
3136 2388 3237 2449 τὰς
3266 2388 3505 2442 ὑποστά-

1911 2483 2048 2529 σεις,
2090 2465 2230 2520 ἀλλά
2271 2466 2400 2537 μίαν
2448 2466 2605 2531 ἀξίαν
2649 2466 2939 2537 δηλοῦντες
2979 2464 3143 2532 εἶναι,
3178 2470 3333 2539 φησί.
3393 2471 3505 2526 Kal

1872 2566 1879 2571 '
1908 2550 2016 2617 7&9
2043 2549 2115 2603 τά
2143 2548 2239 2603 τοῦ
2269 2548 2484 2621 Πατρὸς
2512 2548 2606 2603 τοῦ
2645 2549 2778 2604 Υίοῦ
2800 2591 2814 2614 ,
2867 2551 2962 2605 καὶ
2999 2551 3070 2605 τά
3100 2550 3197 2605 τοῦ
3244 2551 3377 2606 Υίοῦ
3407 2552 3502 2606 τοῦ

1910 2632 2124 2701 Πατρός
2152 2633 2273 2686 ἔστι
2312 2646 2358 2684 ι.
2406 2633 2601 2687 Καίτοι
2633 2632 2803 2686 πολλά
2834 2633 2901 2687 δι’
2930 2633 3179 2702 ἀγγέλων
3220 2632 3365 2697 εἷπε,
3408 2635 3505 2689 καὶ

1910 2715 2087 2778 οὐδεὶς
2114 2715 2283 2784 λέγει,
2324 2717 2508 2782 καθὼς
2536 2712 2691 2771 εἶπεν
2722 2719 2751 2771 6
2799 2717 3031 2786 ἄγγελος
3053 2734 3067 2749 ο
3125 2717 3264 2772 ἀλλά
3312 2719 3406 2785 τί;
3444 2720 3504 2773 Ὀ

1909 2796 2042 2873 Θεὸς
2070 2793 2243 2852 εἶπεν.
2274 2800 2356 2853 Τὰ
2396 2801 2495 2870 μὲν
2522 2801 2633 2873 γὰρ
2663 2800 2769 2854 ὑπὸ
2813 2799 2910 2853 τοῦ
2947 2798 3084 2854 Θεοῦ
3140 2802 3209 2855 δι’
3253 2802 3505 2870 ἀγγέλων

1911 2870 2198 2952 εἰρημένα,
2221 2882 2315 2935 τοῦ
2335 2880 2472 2937 Θεοῦ
2502 2884 2569 2937 ἂν
2601 2870 2693 2954 ἐἴη
2716 2902 2729 2916 ·
2769 2884 2870 2938 οὒκ
2924 2883 3006 2938 ἔτι
3055 2883 3113 2937 δὲ
3155 2885 3251 2938 καὶ
3286 2884 3353 2937 τά
3406 2882 3503 2937 τοῦ

1909 2964 2067 3027 Θεοῦ,
2121 2965 2228 3019 τῶν
2270 2967 2539 3035 ἀγγέλων.
2625 2966 2890 3021 Ἐνταῦθα
2936 2966 2994 3021 δὲ
3034 2967 3130 3021 τοῦ
3184 2968 3506 3039 Πνεύματός

1912 3066 2077 3120 φησιν
2118 3045 2258 3104 εῐναι
2298 3051 2366 3103 τὰ
2397 3052 2639 3121 ῥήματα.
2677 3051 2786 3106 Καὶ
2814 3049 3087 3119 ἐλάλησε
3116 3051 3251 3119 περί
3292 3051 3502 3106 αὑτοῦ.

1912 3132 1979 3185 Τί
2018 3131 2529 3204 ἐλάλησεν;Εἶδον
2581 3134 2689 3187 τὸν
2748 3134 2968 3201 Κύριον
3010 3131 3354 3202 καθήμενον
3404 3134 3505 3188 ἐπί

1910 3219 2130 3284 θρόνου
2154 3216 2420 3285 ὑψηλοῦ,
2448 3219 2543 3270 καὶ
2587 3216 2658 3270 τὰ
2710 3217 2858 3286 ἑξῆς.
2912 3215 3083 3281 Δόξαν
3121 3212 3214 3271 οὖν
3271 3217 3509 3272 ἐνταῦθά

1912 3316 2070 3369 φησι,
2100 3299 2201 3371 τὴν
2229 3301 2351 3369 ὄψιν
2378 3301 2617 3371 εκείνην,
2639 3301 2732 3354 τὸν
2756 3299 2987 3363 καπνὸν,
3038 3301 3102 3353 τδ
3129 3300 3362 3354 ἀκοῦσαι
3404 3319 3509 3371 μυ-

1914 3384 2152 3456 στηρίων
2222 3385 2575 3456 ἀπορρήτων,
2636 3384 2700 3437 τὸ
2754 3384 2883 3437 ἰδεῖν
2932 3383 3003 3437 τά
3068 3383 3344 3455 Σεραφὶμ,
3405 3384 3508 3457 τὴν

1913 3469 2202 3540 ἀστραπήν
2230 3468 2329 3537 τὴν
2360 3468 2467 3519 ἀπὸ
2512 3466 2607 3521 τοῦ
2658 3466 2850 3538 θρόνου
2883 3466 3162 3535 πηδῶσαν.
3259 3467 3509 3521 ἀντιϐλέ-

1911 3552 2011 3621 ψαι
2038 3552 2095 3603 αἱ
2120 3552 2377 3620 δυνάμεις
2429 3550 2530 3603 οὐκ
2586 3546 2731 3621 εῐχον
2781 3552 3009 3604 ἐκεῖναι.
3071 3549 3183 3604 Καὶ
3236 3549 3509 3617 ἐλάλησα

1914 3634 2050 3702 περὶ
2103 3633 2312 3688 αὐτοῦ.
2354 3632 2420 3685 Τί
2458 3632 2753 3703 ὲλάλησενς
2789 3634 2913 3687 Ὀτι
2943 3633 3147 3703 ἢκουσε
3184 3632 3370 3703 φωνὴν
3418 3632 3509 3685 λέο

1914 3734 2117 3785 γουσαν
2142 3734 2156 3749 ·
2208 3718 2347 3771 Τίνα
2396 3717 2759 3779 ἀποστείλω,
2814 3717 2913 3770 καὶ
2963 3717 3056 3783 τίς
3112 3717 3507 3782 πορεύσεταις

1914 3802 2024 3856 Καὶ
2070 3796 2273 3854 εἶπονο
2320 3800 2468 3865 ἶιδοὺ
2501 3798 2617 3871 ἐγώ
2654 3805 2796 3867 εἰμι,
2847 3800 3219 3854 ἀπόστειλόν
3252 3816 3348 3868 με.
3398 3796 3508 3851 Καὶ

1914 3882 2122 3938 εἷπεν·
2197 3882 2377 3951 Ἀκοῇ
2433 3884 2764 3949 ἀκούσετε,
2814 3884 2916 3937 καὶ
2975 3886 3049 3938 οὐ
3101 3883 3189 3952 μὴ
3246 3880 3503 3949 συνῆτε,

1916 3968 2379 4034 καὶβλέποντες
2404 3966 2697 4036 βλέψετε,
2722 3966 2823 4020 καὶ
2869 3968 2941 4020 οὐ
2976 3966 3063 4035 μὴ
3110 3966 3297 4033 ῖδητε.
3341 3968 3507 4021 Ἐτύ-

1916 4055 2123 4121 saluae
2151 4051 2264 4121 γὰρ
2290 4049 2490 4105 αὐτῶν
2520 4049 2662 4115 τοὺς
2690 4049 3061 4118 ὀφθαλμοὺς,
3098 4050 3193 4103 καί
3231 4051 3508 4119 πεπώρω-

1916 4152 2025 4189 κεν
2083 4131 2284 4189 αὐτῶν
2334 4132 2451 4201 τὴν
2498 4132 2773 4202 καρδίαν,
2814 4132 2900 4201 μή
2957 4148 3103 4187 ποτε
3170 4132 3339 4186 ἴδωσι
3380 4132 3505 4197 τοῖς

1919 4216 2267 4286 ὀφθαλμοῖς,
2293 4216 2391 4269 καὶ
2440 4213 2514 4283 τῇ
2560 4215 2772 4283 καρδίᾳ
2800 4212 3095 4270 συνῶσιν.
3152 4214 3284 4268 Ἰδοὺ
3342 4214 3505 4269 πάλιν

1918 4301 2107 4370 ἕτερον
2155 4298 2378 4370 ζήτημα
2402 4313 2417 4327 ⁸
2466 4298 2583 4351 ἀλλ’
2629 4298 2731 4352 οὐκ
2773 4298 2953 4359 ἐστιν,
2990 4298 3084 4351 ὲάν
3118 4296 3295 4369 ὀρθῶς
3336 4314 3508 4369 προσ-

1918 4383 2152 4453 έχωμεν.
2205 4383 2418 4451 Ὠσπερ
2450 4381 2558 4453 γὰρ
2594 4385 2623 4435 6
2653 4383 2805 4453 ἥλιος
2836 4382 2945 4435 τῶν
2990 4381 3235 4435 ἀσθενῶν
3284 4381 3508 4453 πλήττει

1915 4467 2015 4529 τὰς
2044 4464 2196 4534 θψεις
2221 4465 2281 4518 ού
2322 4464 2474 4535 παρά
2501 4465 2601 4535 τήν
2626 4465 2835 4519 οίκείαν
2878 4464 3060 4534 φύσιν,
3106 4464 3249 4518 οὕτω
3282 4467 3376 4518 καὶ
3414 4466 3508 4519 ἐπὶ

1916 4548 2025 4601 τῶν
2054 4547 2130 4619 μὴ
2177 4547 2555 4619 προσεχόντων
2588 4551 2698 4612 τοῖς
2742 4549 2835 4603 τοῦ
2870 4548 3006 4602 Θεοῦ
3056 4548 3237 4617 λόγοις
3274 4550 3505 4617 γίνεται.

1917 4629 2075 4684 υῦτω
2103 4632 2198 4685 καὶ
2226 4634 2323 4684 ἐπὶ
2351 4632 2446 4685 τοῦ
2471 4633 2673 4705 Φαραὼ
2693 4633 2793 4702 τὴν
2820 4633 3051 4701 καρδίαν
3081 4631 3382 4703 σκληρῦναι
3417 4633 3508 4686 λέ-

1916 4730 2093 4781 γεται,
2133 4714 2277 4768 οῦτω
2310 4717 2407 4770 καὶ
2428 4718 2522 4770 ἐπὶ
2546 4718 2655 4771 τῶν
2688 4716 3137 4787 φιλονεικούντων
3183 4734 3236 4769 τι
3274 4719 3387 4778 τοῖς
3413 4717 3507 4769 τοῦ

1902 4799 2054 4854 Θεοῦ
2082 4799 2263 4869 λόγοις
2296 4802 2528 4871 γίνεται.
2582 4803 2799 4873 ’ἰδίωμα
2829 4803 2887 4857 δὲ
2924 4804 3019 4855 καὶ
3051 4802 3213 4856 τοῦτο
3242 4802 3342 4873 τῆς
3369 4804 3510 4871 Γρα-

1918 4886 2046 4955 φῆςν
2086 4885 2161 4950 ὡς
2186 4894 2216 4937 ιι
2250 4888 2343 4941 καὶ
2382 4888 2462 4953 τὸ,
2493 4887 2843 4955 Παρέδωκεν
2876 4892 2964 4954 είς
3011 4888 3302 4956 ἀδόκιμον
3332 4888 3474 4941 νοῦν
3502 4930 3515 4953 ,

1916 4969 2011 5021 καὶ
2028 4968 2107 5030 τὸ.
2156 4970 2451 5038 Ἀπένειμε
2478 4972 2604 5037 τοῖς
2629 4971 2854 5045 ἔθνεσι.
2890 4971 3163 5033 τουτέστι,
3191 4972 3512 5043 Συνεχώρη-

1919 5069 2033 5114 σεν,
2089 5052 2325 5122 ἀφῆκεν.
2380 5055 2515 5125 Οὐχὶ
2537 5054 2647 5124 γὰρ
2700 5056 3035 5126 ἐνεργοῦντα
3069 5055 3233 5108 αὑτὸν
3274 5055 3509 5108 ἐνταῦθα

1916 5140 2149 5209 εἰσάγει,
2180 5142 2296 5195 ἀλλ’
2329 5144 2393 5195 ὲκ
2415 5143 2512 5213 τῆς
2538 5144 2741 5214 ἑτέρων
2768 5143 3033 5215 πονηρίας
3059 5142 3234 5197 ταῦτα
3249 5144 3512 5214 γινόμενα

1915 5230 2209 5284 δείκνυσιν.
2233 5232 2403 5285 Ὅταν
2426 5231 2535 5303 γὰρ
2565 5231 3085 5303 ὲγκαταλειφθῶμεν
3104 5233 3209 5285 ὑπὸ
3235 5233 3327 5287 τοῦ
3349 5232 3505 5293 Θεοῦ,

1918 5313 2327 5387 παραδιδόμεθα
2372 5315 2449 5385 τῷ
2477 5315 2747 5387 διαϐόλῳ·
2786 5316 2865 5384 τῷ
2910 5316 3144 5386 διαϐόλῳ
3173 5317 3229 5370 δὲ
3270 5316 3511 5387 παραδοο

1916 5398 2122 5462 θέντες,
2178 5400 2347 5471 μυρία
2406 5400 2689 5471 πάσχομεν
2728 5401 2897 5454 δεινά.
2951 5401 3137 5453 Φοόῶν
3182 5402 3361 5454 τοίνυν
3416 5402 3510 5455 τὸν

1916 5486 2213 5557 ἀκροατὴν.
2269 5490 2452 5558 φησὶν,
2526 5489 2923 5557 Ἐσκλήρυνε,
2991 5490 3086 5543 xal
3134 5488 3505 5557 Παρέδωκεν.

1917 5572 2040 5623 Ὅτι
2069 5570 2178 5641 γὰρ
2212 5571 2372 5634 αὐτὸς
2399 5573 2463 5624 ού
2506 5572 2666 5640 μόνον
2692 5572 2753 5625 ού
2796 5573 3183 5643 παραδίδωσιν,
3228 5570 3342 5623 ἀλλ’
3386 5570 3508 5623 οὐδὲ

1915 5654 2407 5726 ἰγκσιτιιῦειμπάνει,
2467 5655 2565 5708 ἐὰν
2617 5656 2692 5727 μὴ
2744 5656 3121 5727 βουληθῶμεν,
3173 5654 3409 5709 ἄκουσον
3454 5652 3507 5704 τί

1975 5861 2001 5891 ⁸
2042 5860 2195 5928 Sayil.
2228 5862 2325 5911 Kal
2356 5864 2417 5911 τὰ
2446 5862 2532 5913 τοῦ
2566 5863 2714 5928 Υίοῦ,
2746 5863 2833 5915 τοῦ
2864 5866 3142 5928 Πνεύματὸς
3184 5868 3285 5915 ἐστι
3304 5902 3316 5915 .
3348 5870 3395 5914 el
3434 5868 3506 5914 sic

1909 5936 2086 5991 omnes:
2108 5922 2213 5973 fere
2235 5929 2571 5991 manuscrgpu.
2639 5927 2668 5964 δ
2700 5926 2777 5983 Ὡς
2799 5930 2938 5978 dedit
2961 5922 3110 5979 bin-il.
3132 5922 3191 5979 fel
3216 5930 3360 5991 paulo
3384 5936 3504 5979 anu:

1912 5998 1972 6036 ex
1996 5984 2170 6035 eodem
2199 5988 2408 6037 accessit
2435 5984 2609 6048 γίῗιέιατ.
2632 5998 2741 6052 ροοὶ
2768 5991 2939 6053 λόγοκ.
2976 5993 3105 6041 Lvlr.
