4040 6426
180 370 278 425 577
1183 352 1249 409 IN
1285 348 1606 408 JOANNEM
1644 344 1880 414 HOMIL.
1923 343 2110 400 LXIX.
2151 343 2224 399 al.
2266 342 2498 398 LXVIII.

176 481 264 547 qui
293 477 388 534 Dei
417 475 585 532 dictis
611 479 928 546 repugnant.
956 467 1263 537 Proprietas
1283 473 1464 520 autem
1488 463 1604 517 haec
1627 460 1776 516 Scri-

183 584 349 642 ptura
377 579 466 627 est
487 611 506 638 ,
536 579 600 625 ut
618 578 673 625 et
697 567 848 632 illud,
871 564 1110 619 Tradidit
1149 577 1235 616 eos
1269 561 1324 615 in
1367 556 1637 626 rembum
1661 571 1780 610 sen-

177 680 284 718 snm
304 660 487 733 (Rom.
513 662 542 718 1
558 704 572 717 .
594 661 712 733 28);
741 670 792 714 et
818 656 964 712 illud.
985 653 1251 708 Distribuit
1274 650 1505 722 gentibus
1528 647 1702 719 (Deut.
1725 645 1781 700 4.

180 755 269 824 l9)
295 770 310 820 ;
344 753 395 808 id
423 763 515 809 est
541 793 558 818 ,
590 749 893 812 concessit,
924 745 1148 801 dimisit.
1194 742 1313 798 Non
1340 741 1487 796 enim
1515 739 1663 793 illum
1698 736 1786 790 hic

179 855 495 916 operantem
525 843 753 906 inducit,
782 839 876 896 sed
904 855 967 893 ex
991 838 1218 892 aliorum
1247 833 1483 903 nequitia
1515 835 1628 884 haec
1650 830 1785 883 facta

179 953 296 992 esse
321 936 616 1008 signiﬁcat.
634 934 768 989 Cum
791 933 932 988 enim
950 928 1430 1011 derelinquimur‘a
1462 925 1595 986 Deo,
1616 921 1784 976 tradi-

182 1043 296 1082 mur
317 1027 542 1082 diabolo
563 1045 577 1088 ;
597 1025 810 1081 diabolo
829 1022 1003 1078 traditi
1023 1061 1038 1085 ,
1063 1019 1357 1075 innumeris
1386 1016 1650 1071 al‘licimur
1674 1030 1789 1066 nta-

181 1120 339 1173 lis.llt
359 1117 668 1173 auditorem
693 1130 820 1186 ergo
849 1113 1071 1176 terreat,
1097 1112 1193 1176 ait,
1216 1108 1503 1172 lnduraoit,
1527 1117 1602 1171 et,
1635 1105 1790 1159 tradi-

181 1211 273 1264 dit.
303 1210 437 1265 Nam
467 1209 615 1279 quod
650 1209 738 1262 ille
768 1221 872 1261 non
900 1204 1063 1260 modo
1087 1217 1193 1257 non
1217 1201 1411 1264 tradat,
1438 1198 1533 1254 sed
1563 1212 1664 1252 ncc
1690 1211 1789 1252 nos

182 1302 432 1365 deserat,
463 1301 572 1355 nisi
602 1300 855 1363 nolimus,
889 1297 1010 1350 audi
1039 1295 1164 1364 quid
1194 1294 1336 1348 dicat
1358 1292 1568 1346 :Nonne
1584 1298 1790 1358 peccata

183 1401 343 1445 vestra
371 1390 614 1445 diuidunt
659 1405 740 1443 me
783 1405 816 1441 α
847 1387 984 1441 vobis
1005 1384 1160 1458 (lsai.
1187 1382 1276 1440 59.
1307 1383 1406 1452 2)?
1435 1395 1498 1436 ac
1527 1393 1739 1434 rursum
1769 1391 1785 1430 :

188 1483 285 1548 Qui
312 1483 558 1553 elongant
582 1497 637 1535 se
659 1491 779 1545 ate,
809 1479 1040 1549 peribunt
1066 1474 1238 1546 (Psal.
1267 1474 1356 1529 72.
1384 1473 1502 1543 27).
1530 1469 1669 1526 Osee
1693 1485 1790 1522 au-

187 1585 290 1630 tem
317 1575 490 1629 dicit:
522 1573 696 1628 Oblita
727 1588 780 1626 es
806 1571 932 1641 legis
970 1567 1068 1623 Dei
1091 1568 1193 1632 tui,
1217 1575 1264 1620 et
1293 1581 1385 1636 ego
1414 1564 1487 1617 tui
1515 1555 1792 1616 obliviscar

188 1666 339 1738 (Osee
365 1667 421 1721 ι.
447 1667 544 1736 6);
569 1673 625 1719 et
654 1663 768 1733 ipse
794 1663 845 1716 in
878 1658 1182 1729 Evangeliis
1211 1672 1226 1710 :
1261 1656 1470 1724 Quoties
1499 1653 1639 1708 volui
1666 1667 1789 1705 conc

187 1774 396 1828 gregare
423 1758 565 1826 ﬁlios
590 1765 809 1817 vestros,
859 1762 907 1807 et
948 1751 1180 1806 uoluistis
1209 1749 1226 1822 (
1253 1747 1382 1803 Luc.
1415 1746 1503 1801 15.
1549 1746 1620 1800 54
1642 1744 1707 1813 )‘l
1736 1751 1792 1798 et

195 1850 358 1904 Isaias
400 1864 666 1905 rursum:
704 1846 864 1913 Veni,
893 1855 940 1899 et
985 1860 1088 1898 non
1131 1850 1239 1895 erat
1283 1838 1701 1903 homowocavi,
1742 1844 1792 1890 et

189 1961 289 1998 non
313 1952 423 1998 erat
451 1943 544 2014 qui
569 1941 770 1995 audiret
794 1938 950 2010 (lsai.
979 1936 1068 1992 50.
1101 1935 1184 2005 2).
1216 1933 1345 1988 Hac
1368 1941 1548 1987 autem
1573 1929 1703 1984 dicit
1729 1938 1792 1983 ut

191 2037 437 2092 ostendat
463 2051 566 2092 nos
591 2034 796 2104 priores
815 2032 870 2086 in
896 2043 1054 2087 causa
1078 2041 1200 2083 esse
1215 2041 1312 2081 cur
1330 2023 1788 2092 dorelinquamur,

190 2137 244 2200 et
286 2143 386 2181 cur
433 2139 742 2196 pereamus.
793 2121 937 2178 Deus
966 2119 1112 2175 enim
1154 2132 1262 2171 non
1295 2113 1458 2170 modo
1497 2125 1597 2166 nec
1622 2110 1790 2165 relin-

192 2232 378 2286 quere,
405 2231 511 2272 nec
536 2215 726 2286 punire
754 2227 852 2268 nos
883 2211 1027 2274 vult;
1056 2207 1150 2263 sed
1182 2207 1344 2262 etiam
1370 2204 1582 2276 quamlo
1615 2201 1786 2270 punit,

193 2323 297 2363 non
327 2309 506 2364 libens
533 2308 637 2361 hoc
668 2304 813 2370 facit.
848 2301 988 2357 Noto
1016 2301 1184 2362 enim,
1208 2298 1411 2369 inquit,
1437 2305 1647 2350 mortem
1672 2309 1792 2364 pec-

1884 458 2091 521 catoris,
2125 457 2215 511 sed
2259 467 2312 511 ut
2358 465 2680 510 convertatur
2718 463 2767 509 et
2803 455 2936 507 vivat
2964 453 2982 525 (
3008 452 3197 508 Exerit.
3229 454 3318 508 18.
3349 455 3420 510 52
3448 458 3490 519 l.

1889 547 2139 603 Christus
2165 556 2342 602 autent
2370 548 2436 601 de
2455 546 2666 603 excidio
2686 544 3039 617 Jerosolymte
3066 545 3394 620 lacrymatur
3425 547 3442 578 ¹
3474 560 3490 597 :

1891 638 2031 708 quod
2064 653 2163 694 nos
2191 639 2351 693 etiam
2381 653 2506 708 erga
2538 638 2743 691 amicos
2775 635 3024 692 facimus.

1960 732 2015 786 3.
2055 729 2182 785 Ha-c
2209 745 2332 784 cum
2361 731 2612 796 sciamus,
2640 729 2773 784 nihil
2800 721 2908 784 non
2933 743 3154 799 agamus
3181 743 3249 783 ne
3275 743 3374 784 nos
3397 743 3490 784 se-

1892 835 2142 890 paremus
2169 837 2198 875 a
2247 823 2377 887 lleo,
2428 822 2522 877 sed
2569 821 2764 875 animae
2792 830 2993 874 nostrae
3028 835 3174 874 cura:
3214 821 3497 890 amorique

1886 912 2131 968 fraterno
2173 927 2390 982 operam
2422 912 2618 967 demus
2640 951 2656 977 ,
2704 927 2880 981 neque
2911 920 3096 966 nostra
3124 910 3496 979 discerpamus

1891 1003 2131 1059 membra
2167 1003 2337 1074 (illud
2384 1004 2528 1058 enim
2579 1003 2872 1057 furentium
2904 1012 2960 1058 et
2998 1011 3182 1057 mente
3210 1011 3496 1070 captorum

1890 1094 2046 1166 est);
2088 1097 2182 1151 sed
2215 1107 2416 1165 quanto
2446 1095 2598 1167 pejus
2621 1094 2847 1150 allectos
2878 1094 3153 1159 videmus,
3182 1101 3334 1148 tanto
3378 1107 3498 1148 ma-

1887 1184 2061 1254 jorem
2097 1184 2470 1253 impendamus
2496 1200 2706 1241 curam.
2730 1184 2864 1240 Nam
2893 1185 3095 1240 multos
3119 1199 3263 1254 stupe
3278 1183 3500 1253 conspi-

1892 1275 2063 1330 cimus
2115 1274 2420 1330 diflicilibus
2470 1274 2964 1346 iusanabilibusque
2995 1275 3240 1344 corporis
3289 1273 3499 1328 morbis

1893 1364 2140 1420 laborare
2164 1405 2178 1428 ,
2212 1380 2312 1420 nec
2340 1366 2501 1420 linem
2545 1365 2773 1421 facimus
2826 1367 3136 1436 imponendi
3181 1366 3498 1436 pharmace.

1891 1456 2029 1524 Quid
2054 1456 2306 1525 podagra,
2337 1457 2465 1525 quid
2493 1457 2741 1528 chiragra
2775 1457 2974 1527 pejus?
2999 1474 3125 1512 num
3170 1458 3292 1512 ideo
3315 1471 3496 1510 mem-

1893 1547 1985 1602 bra
2015 1548 2422 1603 abscindimus?
2449 1548 2701 1614 Minime;
2741 1551 2836 1605 sed
2866 1550 3002 1604 nihil
3043 1565 3151 1605 non
3178 1549 3402 1605 facimus
3441 1555 3502 1602 ut

1895 1640 2086 1694 saltem
2140 1640 2440 1707 leniamus,
2492 1643 2536 1695 si
2568 1657 2765 1698 sanare
2796 1657 2902 1697 non
2950 1643 3238 1712 possimus.
3285 1640 3402 1697 Hoc
3445 1650 3504 1696 et

1893 1730 2035 1784 circa
2079 1730 2273 1808 fratres
2317 1741 2534 1787 nostros
2569 1732 2849 1789 faciamus.
2887 1734 2944 1791 Si
2977 1722 3258 1789 incurabili
3307 1734 3501 1789 morbo

1892 1819 2158 1883 laborent,
2185 1836 2374 1876 curare
2397 1837 2824 1892 perseveremus,
2845 1825 3181 1894 aliorumque
3200 1820 3365 1880 oitera
3383 1840 3505 1881 mn.

1896 1921 1987 1966 tuo
2018 1913 2276 1968 feramus.
2310 1913 2402 1969 Sic
2427 1915 2571 1968 enim
2599 1915 2797 1970 Christi
2823 1916 2995 1986 legem
3032 1915 3409 1986 implebimtis,
3443 1925 3500 1971 et

1895 2003 2158 2073 promissa
2206 2020 2602 2075 consequemur
2649 2007 2810 2074 bona,
2857 2010 3025 2079 gratia
3074 2018 3130 2064 et
3171 2006 3536 2078 benignitate.

1895 2095 2103 2177 Domini
2137 2097 2301 2150 nostri
2320 2095 2448 2151 lesu
2465 2098 2688 2163 CIll‘ISII,
2712 2100 2925 2170 quicum
2944 2100 3088 2155 Patri
3113 2099 3282 2171 gloria
3307 2099 3499 2155 simul-

1894 2200 1999 2255 que
2021 2184 2241 2254 Spiritui
2275 2196 2484 2256 sancto,
2515 2189 2566 2243 in
2594 2190 2790 2244 saecula
2819 2189 3164 2246 seculorum.
3191 2188 3392 2246 Amen.

1894 2359 2109 2471 ,⁷κῖωὲξῆ
2133 2361 2318 2413 habent
2341 2376 2355 2412 :
2381 2363 2602 2418 Christus
2621 2367 2896 2420 Jerusalem
2914 2373 3129 2420 euertere
3148 2381 3329 2433 param
3343 2368 3506 2431 lllcrlt'

251 2571 3492 2609 “Mm

1525 2632 1872 2698 HOMILIA
1915 2635 2145 2704 LXIX.

197 2798 322 2855 Car.
363 2799 454 2854 12.
513 2812 568 2852 v.
617 2793 709 2851 42.
769 2791 1125 2847 Verumtamen
1163 2802 1228 2841 ea:
1276 2781 1587 2854 principibus
1643 2775 1792 2831 multi

263 2890 588 2945 crediderunt
611 2888 667 2941 in
693 2901 845 2948 eum;
871 2882 960 2937 sed
981 2889 1186 2951 propter
1211 2874 1505 2931 Pharisaos
1531 2887 1632 2924 non
1658 2885 1785 2923 con-

271 2981 567 3053 ﬁtebantur,
599 2988 656 3033 ut
685 2979 748 3032 de
769 2991 1028 3048 synagoga
1056 2988 1159 3026 non
1180 2970 1500 3039 cjicerentur.
1529 2963 1621 3020 ιδ.
1649 2953 1794 3015 Dile-

265 3072 446 3132 scrunt
487 3074 624 3131 enim
657 3072 876 3144 gloriam
905 3066 1168 3122 hominum
1197 3060 1357 3130 magis
1393 3071 1547 3127 quam
1576 3053 1794 3127 gloriam

272 3167 389 3223 Dei.

274 3260 328 3314 1.
370 3255 603 3314 Avaritia
627 3251 956 3326 grauissimus
975 3246 1199 3303 morbus.
1225 3239 1525 3300 Substantia
1548 3235 1723 3292 Patris
1747 3241 1794 3290 et

207 3350 328 3407 Filii
351 3355 738 3423 ἀπαράλλατος,
771 3345 944 3400 eodem
969 3331 1351 3413 ipsa.-—Pravi
1396 3344 1587 3387 omnes
1630 3327 1794 3384 animi

204 3443 423 3498 allectus
460 3440 680 3496 omnino
709 3433 945 3507 fugiendi
977 3431 1134 3487 nobis
1177 3436 1342 3490 sunt;
1370 3423 1466 3479 sed
1492 3425 1649 3492 longe
1679 3433 1796 3474 ma-

206 3533 283 3603 gis
305 3535 340 3588 ii
360 3533 451 3604 qtti
480 3531 627 3602 plura
651 3530 861 3601 pariunt
890 3531 1106 3596 peccata
1139 3539 1154 3576 :
1193 3516 1428 3586 exempli
1456 3528 1640 3578 causa,
1668 3527 1800 3604 ava-

207 3602 345 3688 ritia,
371 3602 496 3694 qua!
521 3636 586 3676 ex
617 3635 677 3674 se
702 3617 879 3690 gravis
905 3623 988 3670 est
1013 3612 1253 3673 morbus,
1278 3607 1372 3662 sed
1403 3607 1558 3674 longe
1587 3602 1801 3672 gravior

214 3713 442 3771 efﬁcitur
461 3755 476 3780 ,
508 3712 630 3783 quia
654 3711 806 3766 radix
853 3717 907 3764 et
933 3714 1104 3761 mater
1129 3712 1212 3757 est
1242 3701 1480 3754 omnium
1511 3697 1794 3751 malorum.

215 3806 487 3876 Ejusmodi
516 3813 601 3861 est
631 3803 802 3858 inanis
825 3800 1015 3870 gloria.
1047 3796 1187 3851 Ecce
1213 3795 1263 3847 hi
1295 3793 1365 3846 ob
1384 3789 1571 3861 gloriae
1591 3786 1800 3855 cupidi-

213 3914 328 3953 nem
359 3916 390 3952 a
421 3898 526 3952 ﬁde
550 3905 675 3952 sunt
702 3892 893 3948 avulsi.
917 3889 1050 3945 Nam
1076 3886 1250 3951 Multi,
1273 3885 1369 3947 ait,
1401 3898 1465 3936 ea:
1489 3877 1802 3952 principibus

213 3952 527 4044 crediderunt
553 3987 607 4040 in
648 4000 803 4047 eum;
848 3982 940 4051 sed
966 3988 1175 4050 propter
1206 3976 1418 4030 Judteos
1447 3989 1550 4026 non
1587 3972 1801 4038 conﬁte-
1856 3952 1866 3996 Ῡ

215 4078 409 4144 bantur,
439 4088 493 4132 ut
533 4078 597 4132 de
628 4089 890 4146 synagoga
920 4088 1018 4126 non
1045 4070 1366 4140 ejicerentur.
1409 4063 1465 4118 Id
1511 4061 1653 4131 quod
1698 4060 1804 4114 illis

217 4183 366 4240 supra
402 4170 617 4224 dicebat
646 4184 662 4222 :
691 4163 944 4236 quomodo
973 4162 1179 4233 potestis
1217 4157 1423 4213 credere
1446 4198 1461 4222 ,
1494 4154 1714 4226 gloriam
1741 4151 1805 4206 ab

216 4259 421 4315 inuicem
441 4259 761 4328 accipientes,
791 4265 836 4310 ct
859 4255 1100 4325 gloriam,
1127 4265 1239 4322 quae
1265 4266 1296 4301 a
1317 4247 1426 4302 solo
1453 4244 1559 4299 Deo
1587 4253 1681 4308 est,
1705 4259 1806 4297 non

218 4364 489 4422 querentes
536 4352 714 4423 (Joan.
743 4350 798 4405 5.
830 4346 964 4417 ΜΠ
1005 4344 1123 4399 Νοη
1169 4356 1300 4411 ergo
1330 4340 1600 4410 principes
1628 4343 1804 4401 erant,

221 4443 308 4497 sed
337 4441 502 4506 servi,
530 4451 770 4496 extrema
801 4437 1079 4492 servitute.
1109 4431 1378 4487 Caeterum
1410 4429 1499 4483 hic
1529 4435 1710 4497 postea
1738 4425 1808 4480 ti-

106 4526 111 4532 ’
223 4548 332 4588 mor
372 4533 614 4588 sublatus
654 4537 757 4584 est.
789 4528 1061 4596 Nusquam
1105 4525 1247 4579 enim
1289 4521 1389 4576 sub
1416 4518 1675 4589 apostolis
1704 4515 1809 4572 ltoc

224 4625 403 4679 morbo
433 4633 618 4691 captos
649 4621 913 4676 videmus.
935 4617 1069 4673 Nam
1099 4625 1227 4670 tunc
1257 4621 1312 4668 et
1342 4611 1606 4684 principes
1627 4619 1681 4664 et
1717 4623 1807 4662 sa-

223 4719 462 4770 cerdotes
491 4713 851 4768 crediderunt.
883 4709 1062 4766 Gratia
1090 4707 1232 4762 enim
1278 4704 1511 4772 Spiritus
1548 4715 1808 4770 superve-

224 4804 369 4860 niens
411 4805 533 4858 illos
562 4818 749 4857 omnes
774 4801 1058 4855 adamante
1095 4797 1360 4850 ﬁrmiores
1399 4793 1650 4848 reddidit.
1675 4789 1807 4845 Cum

227 4894 377 4963 igitur
405 4895 508 4950 hoc
547 4907 614 4948 ne
641 4904 766 4946 tunc
785 4891 1068 4945 crederent
1095 4887 1396 4956 impediret,
1431 4884 1553 4938 audi
1575 4881 1699 4952 quid
1729 4881 1813 4934 di-

225 4995 303 5040 cat
332 5008 348 5042 :
377 4988 469 5042 ιι.
509 4985 608 5052 Qui
623 4983 782 5038 credit
804 4985 855 5036 in
875 4999 975 5044 me,
999 4997 1099 5035 non
1121 4983 1280 5033 credit
1309 4980 1359 5031 in
1387 4994 1484 5043 mc,
1507 4976 1601 5030 sed
1622 4976 1677 5028 in
1697 4991 1810 5028 eum

226 5079 302 5144 qui
331 5078 466 5132 misit
490 5092 610 5140 me;
636 5090 700 5130 ac
725 5075 769 5128 si
812 5076 1038 5137 diceret,
1068 5071 1178 5126 Cur
1208 5071 1407 5124 timetis
1437 5069 1595 5121 inme
1621 5065 1812 5120 crede-

229 5169 322 5222 re?
344 5169 477 5223 ﬁdes
503 5183 598 5237 per
623 5181 711 5221 me
741 5167 932 5219 transit
959 5165 1011 5218 in
1043 5165 1209 5217 lteum
1230 5203 1246 5228 ,
1277 5172 1335 5214 ut
1365 5161 1526 5213 etiam
1561 5156 1812 5211 incredu-

229 5257 368 5314 litas.
388 5258 522 5314 Vide
545 5273 654 5330 quo
679 5266 834 5327 pacto
859 5271 958 5326 per
985 5257 1163 5307 omnia
1183 5248 1536 5306 substantiam
1568 5247 1811 5302 eamdem

232 5348 480 5404 declaret.
509 5347 626 5402 Non
649 5345 924 5413 dixit,Qui
946 5345 1120 5399 credit
1146 5341 1298 5403 mibi,
1331 5355 1400 5394 ne
1435 5338 1556 5408 quis
1585 5337 1811 5402 diceret,

232 5438 294 5495 de
321 5440 501 5496 verbis
540 5438 657 5508 ejus
702 5448 906 5491 tantum
937 5434 1041 5490 ltoc
1068 5434 1196 5498 dici,
1225 5430 1368 5502 quod
1403 5429 1471 5484 de
1510 5427 1815 5482 hominibus

232 5545 436 5601 quoque
462 5530 568 5584 dici
599 5535 828 5599 poterat.
857 5526 992 5581 Nam
1032 5525 1122 5594 qui
1151 5522 1412 5592 apostolis
1450 5520 1656 5583 credit,
1708 5533 1816 5572 non

233 5621 356 5692 ipsis
384 5623 578 5685 credit,
600 5622 695 5676 sed
717 5621 847 5674 Deo.
868 5618 1066 5674 Verum
1097 5627 1154 5670 ut
1174 5617 1350 5671 discas
1370 5613 1436 5668 de
1467 5612 1569 5666 ﬁde
1600 5611 1652 5665 in
1683 5610 1814 5665 sub-

236 5717 478 5769 stantiam
506 5730 660 5768 suam
693 5713 809 5766 haec
839 5712 944 5780 agi,
978 5723 1084 5764 non
1127 5708 1284 5772 dicit,
1314 5705 1415 5771 Qui
1443 5704 1616 5759 credit
1639 5702 1818 5757 verbis

241 5808 388 5873 meis,
421 5805 537 5870 sed,
573 5805 670 5865 Qui
696 5802 852 5857 credit
881 5802 932 5854 in
951 5816 1048 5854 me.
1070 5798 1131 5853 Et
1155 5813 1270 5862 cur,
1297 5797 1524 5869 inquies,
1557 5807 1816 5863 nusquam

1895 2783 2014 2839 vice
2043 2802 2199 2842 versa
2229 2786 2380 2856 dicit,
2432 2790 2532 2859 Qui
2557 2791 2732 2847 credit
2781 2791 2832 2846 in
2879 2791 3136 2858 Patrem,
3181 2806 3288 2846 non
3332 2791 3507 2847 credit

1898 2877 1951 2932 in
1982 2877 2215 2944 Patrem,
2249 2881 2343 2935 sed
2377 2883 2428 2935 in
2460 2885 2588 2937 me?
2613 2882 2745 2947 Quia
2777 2882 3041 2938 dixissent
3095 2883 3193 2947 illi,
3233 2882 3375 2938 Ecce
3401 2896 3504 2936 nos

1898 2968 1952 3024 in
1987 2969 2201 3026 Patrem
2225 2970 2519 3040 credimus,
2550 2973 2601 3026 in
2628 2983 2680 3026 te
2721 2989 2827 3026 non
2857 2973 3152 3027 credimus.
3183 2971 3316 3028 Nam
3349 2971 3508 3026 inﬁr-

1897 3063 2100 3118 miores
2127 3063 2303 3118 adhuc
2333 3075 2509 3120 erant.
2561 3065 2865 3134 Discipulos
2894 3065 3038 3121 enim
3089 3066 3373 3133 allaqnens
3423 3066 3503 3119 sic

1899 3153 2132 3218 dicebat,
2161 3154 2377 3210 Creditis
2402 3158 2457 3209 in
2482 3153 2672 3221 Deum,
2705 3167 2752 3209 et
2778 3161 2832 3210 in
2873 3173 2953 3210 me
2988 3155 3388 3226 credite(Joan.
3415 3155 3504 3210 Η.

1900 3247 1926 3302 l
1958 3247 1997 3316 ).
2034 3245 2143 3302 Hos
2168 3255 2346 3301 autem
2378 3262 2501 3302 cum
2536 3248 2864 3303 inﬁrmiores
2889 3248 2954 3302 ad
2984 3251 3100 3302 lucc
3126 3247 3396 3303 audienda
3427 3248 3508 3302 vi-

1900 3339 2087 3403 deret,
2139 3338 2299 3393 aliter
2333 3338 2588 3393 instituit.
2639 3338 2889 3394 Ostendit
2933 3355 3064 3409 ergo
3098 3354 3205 3393 non
3239 3354 3401 3406 posse
3452 3339 3508 3394 in

1902 3427 2114 3484 Patrem
2141 3427 2364 3484 credere
2387 3443 2502 3490 eos,
2530 3429 2618 3499 qui
2651 3444 2756 3484 non
2788 3430 2840 3483 in
2868 3444 2927 3485 se
2956 3429 3200 3485 credant.
3227 3428 3294 3485 Et
3315 3445 3382 3484 ne
3409 3445 3509 3500 pu-

1903 3530 1984 3576 tes
2014 3521 2065 3575 id
2104 3522 2254 3589 quasi
2296 3520 2364 3576 de
2394 3520 2612 3575 homine
2651 3520 2755 3574 dici
2785 3562 2800 3583 ,
2831 3520 3014 3575 subdit
3043 3538 3056 3574 :
3082 3520 3173 3576 45.
3232 3519 3336 3588 Qui
3374 3520 3510 3576 videt

1903 3615 2152 3679 nte,oidet
2178 3631 2292 3668 eum
2324 3615 2411 3686 qui
2446 3615 2584 3669 misit
2609 3631 2707 3670 me.
2731 3613 3066 3685 Quidtergo?
3101 3631 3168 3670 an
3192 3630 3390 3684 corpus
3421 3624 3510 3672 est

1907 3706 2072 3761 Deus?
2095 3706 2330 3761 Minime.
2353 3703 2627 3762 Visionem
2645 3708 2842 3777 quippe
2877 3707 3162 3762 mentaletn
3188 3706 3276 3764 hic
3300 3706 3510 3778 signiﬁ-

1905 3807 2031 3863 cat,
2091 3807 2146 3851 et
2191 3797 2315 3852 hinc
2359 3797 2966 3852 consubstantialitatem
3023 3797 3380 3853 demonstrat.
3447 3799 3514 3854 Et

1907 3888 2034 3958 quid
2065 3889 2165 3942 sibi
2193 3890 2307 3943 vult
2353 3888 2519 3952 illud,
2555 3889 2655 3956 Qui
2682 3889 2838 3943 credit
2867 3889 2920 3942 in
2941 3890 3060 3944 me?
3089 3889 3168 3943 Ac
3197 3890 3240 3943 si
3273 3889 3394 3957 quis
3423 3888 3514 3943 tlt-

1906 3986 2074 4041 coret,
2116 3978 2215 4045 Qui
2244 3995 2434 4049 aquam
2469 3979 2536 4033 de
2583 3980 2802 4033 llumine
2832 3978 3007 4044 tollit,
3038 3993 3143 4034 non
3169 3976 3238 4033 de
3266 3977 3510 4041 ﬂumine.

1907 4070 2002 4126 sed
2030 4071 2094 4126 de
2127 4073 2279 4126 fonte
2297 4073 2507 4141 accipit.
2537 4071 2648 4126 lmo
2673 4071 2937 4127 inﬁrmius
2964 4071 3068 4126 hoc
3094 4069 3398 4138 exemplum
3426 4080 3513 4126 est

1909 4162 1978 4216 ad
2005 4178 2117 4217 rem
2146 4163 2497 4232 propositam.
2524 4163 2614 4219 46.
2639 4161 2752 4234 Ego
2768 4161 2864 4218 tua:
2880 4164 2933 4216 in
2953 4162 3200 4216 mundum
3225 4161 3511 4216 veni.Cum

1909 4256 2053 4312 enim
2077 4255 2236 4311 Pater
2265 4263 2320 4311 et
2341 4256 2391 4308 iu
2409 4255 2578 4310 veteri
2597 4264 2652 4309 et
2680 4255 2733 4309 in
2764 4269 2897 4307 nova
2930 4253 3048 4324 lege
3077 4253 3155 4307 sic
3183 4253 3510 4324 appelletur,

1912 4359 1967 4405 et
1991 4348 2095 4405 hoc
2124 4352 2239 4419 ipse
2267 4359 2445 4404 utatur
2478 4349 2731 4413 nomine;
2762 4346 2882 4402 idco
2908 4347 3106 4402 Paulus
3138 4347 3262 4400 hinc
3287 4345 3518 4403 edoctus

1911 4441 2257 4511 splendorem
2289 4448 2444 4494 vocat
2475 4439 2624 4493 illum
2670 4435 2870 4509 (Hebr.
2906 4437 2959 4491 i.
2992 4435 3083 4506 5).
3117 4435 3340 4490 Multam
3367 4445 3518 4492 certo

1913 4547 2035 4586 cum
2069 4531 2226 4586 Patre
2253 4529 2565 4584 afﬁnitatem
2598 4529 2684 4583 hic
2710 4526 2961 4592 ostendit,
2995 4524 3104 4581 imo
3135 4527 3334 4582 nullam
3360 4525 3520 4583 dilI'e-

1914 4623 2140 4676 rentiam
2167 4637 2180 4673 :
2211 4636 2333 4675 nam
2377 4619 2534 4675 ﬁdem
2584 4618 2637 4673 in
2660 4635 2742 4683 se,
2769 4613 2962 4672 nonin
2988 4633 3049 4673 se
3074 4659 3090 4682 ,
3123 4617 3220 4672 sed
3262 4618 3315 4671 in
3366 4617 3519 4672 illum

1914 4715 2143 4768 transire
2167 4711 2315 4766 dicit.
2359 4710 2557 4766 Lucem
2587 4725 2748 4779 porro
2774 4726 2835 4764 se
2879 4709 3108 4775 vocavit,
3142 4707 3287 4778 quod
3326 4707 3521 4764 aber-

1916 4820 2042 4860 rore
2078 4804 2297 4866 liberet,
2327 4812 2380 4858 et
2407 4801 2550 4872 quod
2579 4800 2888 4870 spirituales
2918 4799 3092 4854 solvnt
3120 4798 3391 4854 tenebras.
3426 4800 3520 4857 67.

1917 4893 1980 4952 Si
2005 4897 2118 4968 quis
2156 4912 2235 4949 me
2273 4911 2376 4948 non
2429 4894 2680 4959 audierit,
2711 4909 2804 4966 ego
2835 4907 2936 4966 non
2959 4892 3143 4962 judico
3171 4891 3341 4944 illum.
3392 4874 3521 4947 Non

1916 4992 2049 5042 enim
2077 4988 2186 5040 veni
2209 4995 2264 5039 ut
2285 4986 2512 5056 judicem
2551 4986 2820 5047 mundum,
2858 4984 2948 5037 sed
2979 4993 3031 5037 ut
3058 4981 3336 5051 salvi/ieeur
3361 4998 3518 5038 mum

1918 5080 2061 5133 dum.
2091 5078 2168 5132 Ne
2196 5085 2444 5147 putarent
2478 5077 2620 5130 enim
2644 5090 2705 5129 se
2735 5084 2954 5144 promer
2977 5074 3345 5128 inlirmitatem
3378 5089 3515 5128 con-

1919 5178 2212 5239 temptores
2239 5169 2532 5233 dimisisse,
2574 5168 2695 5222 ideo
2717 5167 2852 5221 dixit
2880 5183 2895 5221 :
2928 5165 3049 5220 Non
3079 5166 3189 5219 veni
3215 5175 3268 5218 ut
3295 5165 3525 5237 judicent

1918 5263 2181 5316 mundum.

1988 5356 2044 5411 Ξ.
2072 5354 2277 5410 Deinde
2307 5369 2375 5409 ne
2405 5353 2533 5408 hinc
2558 5351 2837 5423 segniores
2857 5350 3006 5411 ﬁant,
3046 5349 3188 5421 quod
3237 5349 3526 5405 didicerint

1920 5464 2041 5503 eum
2060 5447 2148 5519 qui
2167 5446 2358 5513 credit,
2377 5448 2581 5500 salvum
2603 5446 2743 5507 ﬁeri,
2763 5455 2819 5501 et
2837 5445 2926 5515 qui
2947 5461 3054 5499 non
3072 5445 3266 5510 credit,
3289 5442 3461 5513 puniri
3483 5444 3526 5507 ‘,

1921 5540 2043 5594 vide
2071 5554 2230 5609 quam
2262 5537 2668 5592 formidolosum
2701 5537 2805 5591 illis
2833 5535 3064 5590 tribunal
3103 5539 3357 5598 minetur,
3403 5548 3526 5588 cunt

1987 5675 2004 5705 ι
2040 5679 2210 5734 Putant
2239 5674 2422 5724 Boisius
2445 5679 2498 5723 et
2517 5671 2720 5723 Savilius
2751 5669 3018 5734 legendum
3043 5682 3157 5719 esse
3185 5680 3301 5734 non
3334 5665 3521 5728 puniri.

1923 5735 2156 5845 Ccrlieiil}?
2181 5733 2450 5846 Legtindum
2473 5737 2588 5785 mihi
2611 5731 2827 5798 quoque
2845 5733 3043 5782 videtur
3069 5745 3080 5782 :
3109 5731 3196 5780 sed
3222 5743 3396 5780 omnes
3418 5736 3525 5778 Mss.

1924 5810 2020 5846 Dllll
2047 5812 2067 5843 l'
2153 5812 2177 5844 ll
2218 5810 2281 5845 θη
2310 5832 2322 5844 .

1924 5810 2090 5862 puum
2119 5810 2322 5846 naoeut.
