4040 6422
587 366 689 421 379

583 477 763 542 adjicit
794 491 808 530 :
838 475 927 531 48.
958 472 1057 540 Qui
1087 485 1163 524 me
1189 469 1396 540 spernit,
1424 477 1470 521 et
1495 483 1594 520 non
1621 465 1801 535 accipit
1831 463 1976 516 verba
2022 475 2152 523 mea,

581 571 727 623 habet
751 568 838 638 qui
852 565 1047 636 judicet
1074 579 1206 617 eum.
1229 561 1284 615 Si
1314 568 1462 629 pater
1492 558 1756 612 neminem
1775 553 1996 622 judicat,
2018 560 2070 605 et
2098 561 2152 604 tu

582 675 688 714 non
716 659 900 713 venisti
930 666 985 710 ut
1010 655 1215 723 judices
1242 650 1656 719 mundum,quis
1691 649 1832 701 illum
1856 643 2152 715 judicabit?

580 752 760 804 Sermo
801 765 944 817 quem
982 749 1215 816 loquutus
1243 761 1375 809 sum,
1420 744 1528 809 ipse
1544 739 1795 810 judicabit
1824 739 1987 791 illum.
2017 737 2149 802 Quia

579 839 722 892 enim
751 837 1000 892 dicebant
1037 836 1184 890 illum
1217 850 1321 889 non
1348 850 1411 888 ex
1456 833 1567 886 Deo
1592 845 1710 884 esse
1731 870 1746 890 ,
1784 829 1862 883 sic
1904 828 2149 896 loquutus

576 938 679 992 est,
709 928 1014 984 utdeclaret
1043 929 1182 999 quod
1215 938 1336 981 tunc
1376 941 1477 978 non
1518 931 1765 993 poterunt
1790 921 1905 975 ha'c
1931 919 2144 982 dicere;

575 1022 693 1085 sed,
720 1020 892 1075 Verba
918 1037 1036 1089 qua:
1063 1034 1202 1073 nunc
1229 1018 1474 1085 loquutus
1506 1031 1622 1068 sum
1646 1056 1660 1078 ,
1708 1013 2034 1068 accusatoris
2071 1012 2152 1065 vi-

576 1126 692 1166 cem
723 1121 898 1181 agent,
923 1113 1009 1179 qui
1039 1111 1155 1163 illos
1180 1109 1481 1169 convineet,
1512 1116 1566 1159 et
1591 1121 1803 1159 onmem
1827 1103 2148 1158 defensionis

579 1204 792 1258 modum
838 1203 1058 1256 adimet.
1097 1201 1276 1256 Sermo
1303 1216 1447 1268 quem
1471 1199 1704 1267 loquutus
1721 1214 1852 1252 sum.
1879 1196 2008 1262 Quis
2029 1210 2146 1250 ser-

575 1295 708 1350 mo?
743 1294 831 1348 49.
877 1291 1024 1358 Quod
1051 1310 1082 1344 ιι
1107 1309 1184 1355 me
1207 1292 1318 1357 ipsa
1348 1307 1446 1343 non
1473 1290 1708 1353 venerim,
1737 1289 1853 1358 quia
1892 1288 1976 1354 qui
2015 1287 2149 1339 misit

573 1403 653 1440 me
694 1385 874 1450 Pater,
903 1387 987 1438 ille
1038 1385 1173 1437 dedit
1209 1385 1332 1436 mihi
1362 1383 1650 1435 mandatum
1687 1380 1808 1450 quid
1847 1378 2010 1432 άίτηηι
2036 1421 2048 1443 ,
2098 1389 2146 1431 et

571 1479 695 1548 quid
719 1479 896 1545 loquar
915 1493 935 1530 :
962 1487 1010 1532 et
1037 1478 1137 1530 alia
1159 1475 1456 1541 hujusmodi
1490 1474 1686 1527 omnia.
1721 1473 1858 1540 Ergo
1884 1471 1994 1524 ha-c
2026 1470 2146 1525 ideo

573 1581 792 1640 propter
818 1570 936 1623 illos
963 1569 1099 1622 dicta
1127 1577 1268 1631 sunt,
1303 1576 1358 1620 ut
1386 1566 1582 1619 nullam
1607 1563 1859 1616 haberent
1880 1562 2148 1617 defensio-

575 1661 656 1713 nis
682 1658 885 1712 ansam’.
918 1658 1047 1713 Nam
1075 1659 1170 1711 nisi
1196 1658 1263 1710 ita
1294 1673 1376 1708 res
1407 1670 1464 1708 se
1495 1655 1731 1716 haberet,
1761 1653 1882 1720 quid
1909 1655 2024 1722 plus
2049 1654 2140 1707 ha-

575 1750 717 1804 bebit
745 1765 897 1818 quam
930 1748 1127 1801 Isaias?
1157 1746 1287 1799 Nam
1310 1747 1396 1798 ille
1430 1745 1529 1798 hoc
1569 1744 1740 1812 ipsum
1769 1743 1935 1796 dicit:
1970 1743 2144 1795 Denti-

572 1857 665 1892 nus
693 1841 781 1891 dat
811 1839 932 1890 milii
956 1840 1179 1908 linguam
1198 1836 1510 1897 eruditionis,
1535 1845 1588 1886 ut
1613 1837 1767 1887 sciam
1805 1833 2007 1904 quando
2033 1851 2141 1886 ser-

570 1948 768 1985 monem
809 1933 972 1984 dicere
1006 1940 1232 1999 oporteat
1263 1929 1410 2002 (Iani.
1443 1929 1528 1983 50.
1565 1927 1650 1999 4).
1675 1929 1808 1996 Quid
1841 1928 1957 1994 plus
1983 1942 2140 1994 quam

570 2021 868 2077 Jcremias?
897 2021 1025 2075 Nam
1056 2033 1107 2075 et
1135 2021 1224 2075 ille
1254 2036 1370 2074 cum
1404 2020 1739 2080 mittebatur,
1768 2028 1892 2073 tunc
1920 2019 2143 2086 inspira-

571 2116 767 2166 tionem
800 2112 1046 2166 habebat.
1081 2112 1214 2177 Quid
1236 2113 1348 2179 plus
1371 2126 1525 2180 quam
1547 2110 1830 2163 Ezechiel?
1855 2109 1947 2161 Hic
1973 2109 2137 2173 enim,

568 2201 820 2256 devorato
837 2203 1087 2271 capitulo,
1113 2203 1180 2255 ita
1211 2203 1454 2270 loquutus
1482 2210 1562 2254 est
1583 2199 1792 2270 (Ezecli.
1812 2200 1863 2253 5.
1893 2198 1968 2269 1).
1996 2200 2140 2252 Alio-

567 2295 691 2364 quin
719 2303 895 2348 autem
929 2297 959 2348 ii
988 2295 1074 2363 qui
1101 2295 1239 2348 dicta
1266 2295 1381 2362 ejus
1407 2291 1634 2346 audituri
1653 2300 1824 2358 erant,
1849 2306 2005 2345 causa
2040 2292 2137 2360 ipsi

566 2387 882 2454 cognitionis
913 2387 1073 2440 fuisse
1103 2386 1480 2453 reperirentur.
1514 2382 1566 2438 Si
1610 2382 1750 2436 enim
1795 2397 1914 2435 cum
1959 2384 2135 2437 mitte-

565 2478 739 2540 batur,
762 2480 1062 2531 mandatum
1091 2477 1295 2544 accepit
1320 2475 1444 2545 quid
1465 2473 1882 2539 essetdicturus,
1912 2473 2137 2528 subinde

567 2569 712 2621 dices
752 2569 962 2638 ipsum,
1011 2579 1290 2636 antequam
1332 2567 1630 2617 mitteretur
1654 2605 1668 2628 ,
1700 2563 1829 2616 nihil
1873 2565 2091 2617 scivisse
2121 2580 2135 2617 :

564 2658 756 2727 quibus
785 2658 964 2711 verbis
989 2657 1110 2725 quid
1132 2658 1295 2726 magis
1316 2657 1531 2725 impium
1556 2654 1731 2719 fuerit,
1751 2655 1792 2708 si
1811 2655 1929 2722 quis
1951 2668 2138 2722 nempe

566 2747 682 2802 haec
729 2751 795 2802 ita
836 2749 1087 2817 accipiat,
1122 2763 1219 2801 nec
1266 2763 1476 2801 causam
1520 2747 1830 2800 humilitatis
1856 2747 2134 2800 verborum

566 2838 864 2908 bujusmodi
883 2838 1117 2892 ediscat?
1157 2837 1352 2890 Verum
1384 2837 1577 2891 Paulus
1619 2837 1759 2905 ipsos
1790 2838 1949 2891 etiam
1977 2836 2136 2892 disci-

562 2933 713 3000 pulos
749 2931 1046 2999 intelligere
1075 2929 1220 2995 dicit,
1246 2929 1370 2993 Qua:
1395 2929 1458 2982 sit
1485 2931 1714 2981 voluntas
1743 2928 1838 2982 Dei
1869 2930 2019 2993 bona,
2049 2929 2133 2982 be—

563 3022 810 3088 ueplacita
840 3031 884 3073 et
913 3023 1131 3090 perfecta
1166 3021 1337 3088 (Rom.
1366 3021 1451 3073 12.
1482 3018 1572 3086 ‘2);
1607 3029 1659 3074 et
1704 3019 1869 3072 Filius
1909 3019 2132 3072 nescivit

564 3112 732 3167 donec
778 3113 1080 3166 mandatum
1113 3111 1355 3178 accepit?
1385 3119 1438 3164 et
1470 3127 1570 3180 qua
1630 3112 1837 3164 ratione
1875 3109 1925 3163 id
1957 3111 2134 3162 consi-

563 3215 708 3259 stere
739 3205 934 3273 possit?
961 3202 1147 3257 Viden‘
1185 3219 1304 3256 cum
1344 3203 1526 3256 isthmc
1553 3202 1837 3254 admodum
1868 3201 2135 3254 humiliter

566 3295 728 3364 loqui,
745 3306 802 3348 ut
819 3295 938 3347 illos
958 3293 1203 3358 attrahat,
1220 3303 1272 3346 el
1293 3292 1356 3347 iis
1368 3294 1454 3362 qui
1481 3293 1635 3345 futuri
1653 3302 1824 3356 erant,
1863 3291 2132 3346 silentium

566 3385 838 3454 imponat?
869 3385 991 3439 ideo
1022 3385 1176 3454 igitur
1209 3384 1432 3438 lmmana
1478 3384 1708 3452 loquitur
1737 3384 1897 3437 verba
1919 3425 1932 3446 ,
1962 3391 2019 3437 ut
2051 3384 2134 3438 vel

563 3477 641 3529 sic
669 3476 785 3529 illos
830 3490 894 3529 eo
921 3475 1178 3543 adigeret,
1209 3483 1263 3528 ut
1294 3475 1544 3528 vilitatem
1570 3475 1850 3528 verborum
1872 3473 2130 3544 fugerent,

562 3568 710 3635 gnari
735 3582 836 3620 non
869 3581 936 3621 ex
983 3574 1190 3630 natura,
1229 3566 1321 3619 sed
1344 3580 1402 3618 ex
1439 3565 1737 3619 auditorum
1771 3565 2133 3619 imbecillitate

565 3657 678 3710 lucc
707 3657 773 3709 ita
800 3656 924 3710 dici.
949 3656 1035 3710 50.
1065 3655 1182 3710 Scio
1214 3657 1332 3725 quia
1365 3656 1658 3709 mandatum
1687 3657 1794 3724 ejus
1824 3658 1922 3708 vita
1948 3667 2134 3710 aeterna

561 3758 655 3801 est.
686 3748 810 3812 Qua:
834 3764 950 3817 ergo
968 3749 1161 3817 loquor,
1184 3748 1314 3800 sicut
1335 3747 1461 3801 dixit
1486 3748 1606 3799 mihi
1638 3745 1807 3812 Pater,
1835 3746 1906 3801 sic
1935 3747 2128 3816 loquor.

566 3836 749 3890 Viden‘
779 3838 1058 3891 verborum
1101 3837 1493 3891 humilitatem?
1520 3836 1617 3904 Qui
1649 3837 1790 3891 enim
1821 3837 2128 3892 mandatum

563 3931 772 3998 accipit,
810 3945 913 3983 non
945 3929 1025 3984 sui
1055 3930 1300 3984 dominus
1339 3940 1439 3984 est.
1472 3931 1627 3999 Atqui
1657 3931 1769 3999 ipse
1794 3930 1868 3983 ait
1899 3947 1912 3982 :
1949 3929 2133 3994 Quem-

561 4022 830 4074 admodum
856 4024 987 4075 em'm
1028 4019 1183 4074 Pater
1207 4022 1412 4075 suscitat
1437 4031 1655 4074 mortuos
1683 4030 1729 4073 et
1768 4019 1982 4087 viviﬁcat
2010 4037 2030 4073 :
2063 4020 2133 4071 ita

561 4121 605 4164 et
632 4110 796 4166 Filius
825 4127 949 4180 quos
978 4112 1082 4165 vult
1111 4113 1343 4179 viviﬁcat.
1377 4113 1456 4165 An
1509 4126 1635 4181 ergo
1675 4109 1960 4165 suscitandi
2000 4125 2132 4179 quos

564 4203 672 4254 vult
700 4213 1009 4270 potestatem
1044 4203 1222 4266 habet,
1256 4203 1465 4256 dicendi
1498 4201 1636 4271 quod
1665 4202 1774 4254 vult
1798 4217 1901 4255 non
1935 4201 2130 4255 habet?

563 4290 672 4345 Hoc
693 4303 867 4346 autem
897 4293 1005 4346 vult
1036 4292 1115 4345 his
1143 4294 1316 4346 verbis
1343 4293 1636 4359 signifieare
1666 4309 1678 4344 :
1712 4291 1825 4344 Non
1843 4291 2131 4345 secundum

566 4390 804 4434 naturam
847 4393 947 4445 est,
979 4392 1034 4434 ut
1063 4383 1150 4436 ille
1199 4383 1298 4434 alia
1334 4384 1610 4450 loquatur,
1639 4382 1739 4435 alia
1783 4397 1899 4450 ego.
1934 4380 2000 4433 Et
2029 4381 2133 4434 scio

562 4474 681 4542 quia
732 4473 1023 4525 mandatum
1065 4475 1171 4542 ejus
1219 4475 1320 4525 vita
1379 4484 1565 4526 aeterna
1616 4483 1709 4525 est.
1765 4473 1886 4526 Illos
1955 4482 2131 4527 autem

565 4564 870 4633 alloquitur,
900 4564 987 4632 qui
1017 4565 1186 4632 ipsum
1209 4565 1566 4634 deceptorem,
1589 4573 1747 4631 atque
1774 4565 1822 4616 in
1846 4564 2130 4633 perniciem

563 4656 770 4710 venisse
795 4657 1058 4710 dicebant.
1088 4655 1216 4710 Cum
1247 4668 1422 4711 autem
1452 4657 1612 4722 dicit,
1650 4657 1757 4727 Ego
1801 4673 1899 4710 non
1921 4657 2130 4728 judico,

565 4745 795 4799 ostendit
823 4760 879 4800 se
909 4745 1126 4800 istorum
1155 4748 1404 4815 perniciei
1448 4763 1551 4800 non
1593 4761 1710 4801 esse
1735 4762 1946 4801 causam
1974 4748 2013 4800 ¹.
2032 4747 2135 4801 Per

568 4835 682 4889 haec
702 4837 841 4889 enim
865 4851 999 4904 pene
1020 4836 1347 4904 testificatur,
1367 4854 1485 4892 cum
1512 4837 1848 4893 discessurus
1866 4849 2026 4903 esset,
2041 4853 2136 4892 ne-

569 4940 674 4994 que
710 4924 845 4978 ultra
872 4939 991 4978 eum
1021 4926 1100 4978 eis
1134 4937 1456 4991 versaturus,
1491 4929 1622 4995 Quia
1646 4928 1773 4982 nihil
1809 4938 2072 4993 tamquam
2104 4942 2132 4980 a

567 5015 771 5081 meipso
797 5013 1042 5082 loquutus
1061 5029 1180 5070 sum
1206 5017 1380 5080 vobis,
1410 5018 1500 5070 sed
1523 5019 1697 5072 omnia
1727 5019 1875 5087 quasi
1901 5034 1928 5070 a
1959 5017 2132 5072 Patre.

571 5102 801 5174 ideoque
844 5106 895 5158 in
945 5106 1161 5159 humilia
1209 5107 1404 5166 desinit
1430 5117 1483 5161 et
1509 5124 1806 5164 sermonem
1837 5109 2131 5174 concludit,

568 5203 627 5248 ut
652 5194 880 5258 diceret,
926 5194 1073 5249 lianc
1104 5197 1256 5250 vobis
1287 5212 1450 5267 usque
1476 5198 1526 5251 in
1554 5198 1711 5253 finem
1746 5201 1898 5254 emisi
1929 5215 2133 5253 vocem.

566 5285 733 5352 Quam
760 5300 940 5338 vocem
960 5286 982 5338 ’ἓ
1005 5286 1150 5342 Sicut
1181 5289 1307 5341 dixit
1333 5288 1458 5340 mihi
1485 5287 1660 5355 Pater,
1683 5290 1752 5342 sic
1774 5291 1965 5358 loquor.
1987 5290 2136 5356 Quod

568 5377 612 5430 si
646 5377 754 5433 Deo
792 5380 1090 5434 contrarius
1115 5395 1308 5442 essem.
1343 5382 1664 5434 contrarium
1691 5391 1834 5436 certe
1861 5382 2132 5447 dixissem,

570 5483 656 5524 me
686 5469 817 5524 nihil
842 5485 1025 5525 eorum
1052 5487 1170 5542 qua:
1202 5474 1307 5528 Deo
1342 5475 1553 5543 placent
1577 5473 1754 5528 dicere
1775 5514 1788 5539 ,
1838 5482 1893 5526 ut
1916 5473 2135 5543 gloriam

636 5648 655 5681 ι
691 5645 785 5697 Alii
808 5649 980 5710 legunt
1007 5663 1019 5699 :
1044 5659 1160 5699 Cum
1184 5659 1340 5700 mitem
1364 5650 1497 5706 dicit,
1520 5669 1541 5697 ι
1564 5663 1656 5698 non
1671 5651 1842 5708 judico
1863 5666 1910 5708 ιι,
1936 5648 2022 5697 hoc
2047 5654 2133 5707 est,

582 5717 599 5750 ι
623 5719 715 5758 non
740 5724 843 5760 sum
868 5711 1060 5761 illorum
1083 5712 1311 5773 perniciei
1333 5726 1493 5771 causa,
1513 5712 1595 5762 sed
1619 5712 1711 5773 ipsi
1734 5727 1876 5762 (mrsu
1900 5718 2008 5762 sunt
2045 5728 2066 5754 ν

1302 353 1359 411 S.
1398 351 1671 411 JOANNIS
1708 344 2172 407 CIIRYSOSTOMI
2211 344 2528 400 ABCIIIEP.
2569 345 3096 402 CONSTANTINOI‘.

3743 348 3834 405 διἳο

2268 457 2333 511 ad
2351 473 2436 513 me
2463 458 2736 514 referrem.
2770 457 2918 515 Nunc
2945 468 3121 513 autem
3162 457 3296 514 adeo
3321 459 3499 514 omnia
3537 460 3588 514 in
3634 460 3834 518 Patrem

2259 549 2414 604 retuli
2442 592 2455 615 ,
2489 561 2546 604 ut
2577 550 2705 604 nihil
2738 566 2914 605 meum
2943 552 3146 616 loquar.
3174 552 3284 606 Cur
3309 568 3439 622 ergo
3482 568 3590 608 non
3625 556 3834 614 creditis

2259 639 2389 694 mihi
2419 640 2613 696 dicenti
2641 683 2655 708 ,
2689 657 2775 696 me
2806 642 3112 697 mandatum
3141 644 3415 712 accepisse
3437 688 3449 708 ,
3482 655 3539 700 et
3577 647 3650 698 ita
3681 647 3835 703 vehe«

2257 742 2466 785 menter
2503 737 2770 785 amoventi
2797 734 3011 786 malam
3058 734 3198 788 illam
3248 745 3478 790 vestram
3505 738 3834 804 opinionem,

2255 822 2394 890 quod
2425 822 2513 876 Dei
2547 823 2646 876 sim
2676 823 3056 878 adversarius?
3092 826 3238 880 Sicut
3268 828 3409 880 enim
3441 828 3555 881 ﬁeri
3580 830 3764 896 nequit
3787 841 3834 884 ut

2256 910 2309 970 ii.
2330 913 2417 980 qui
2447 912 2747 966 mandatum
2774 924 3115 983 acceperunt,
3144 917 3282 970 aliud
3307 918 3613 972 faciantaut
3635 918 3832 985 dicant,

2254 1019 2410 1072 quam
2440 1017 2533 1072 pro
2565 1005 2824 1060 mittentis
2848 1007 3137 1071 voluntate,
3184 1007 3356 1063 donec
3396 1010 3714 1064 mandatum
3737 1026 3829 1066 ac-

2253 1106 2434 1150 curate
2464 1097 2841 1164 itnpleverint:
2877 1101 2946 1152 ita
2992 1115 3162 1166 neque
3205 1116 3302 1170 ego
3345 1101 3486 1156 aliud
3535 1102 3718 1158 facere
3746 1113 3831 1158 aut

2253 1188 2430 1242 dicere
2461 1204 2694 1256 possum,
2725 1205 2882 1258 quam
2923 1208 3042 1261 qua:
3072 1193 3227 1247 Pater
3255 1195 3501 1248 voluerit.
3546 1196 3678 1249 Nam
3711 1196 3832 1262 Qua:

2255 1296 2346 1349 ego
2372 1280 2524 1348 facio,
2556 1280 2644 1333 ille
2670 1283 2824 1350 facit,
2857 1285 2974 1351 quia
3003 1301 3195 1337 mecum
3235 1294 3305 1339 est
3332 1285 3522 1352 (Joan.
3546 1293 3600 1342 8.
3635 1287 3749 1348 29).
3780 1299 3831 1342 et

2251 1385 2355 1422 non
2381 1371 2581 1423 dimisit
2609 1388 2693 1425 me
2721 1374 2890 1426 solum
2925 1374 3095 1428 Pater.
3135 1375 3316 1427 Viden'
3363 1392 3469 1445 quo
3499 1389 3660 1444 pacto
3688 1394 3829 1431 sem-

2253 1475 2345 1529 per
2364 1461 2594 1514 declaret
2615 1477 2673 1516 se
2701 1462 2934 1519 Genitori
2963 1466 3078 1520 sine
3110 1466 3216 1520 ullo
3243 1467 3558 1522 intermedio
3583 1469 3826 1536 junctum

2248 1552 2553 1606 esse?Nam
2579 1568 2701 1607 cum
2723 1556 2874 1620 dixit,
2905 1558 2941 1608 Α
2964 1559 3150 1627 ηιεὶρεο
3185 1575 3282 1610 non
3308 1563 3437 1620 veni,
3468 1577 3574 1613 non
3606 1562 3710 1615 sibi
3737 1579 3829 1630 po-

2252 1653 2493 1698 testatem
2540 1645 2759 1709 adimit,
2807 1647 2898 1701 sed
2949 1663 3006 1702 se
3035 1664 3139 1702 non
3169 1649 3308 1702 Patri
3351 1653 3680 1706 contrarium
3709 1669 3828 1708 esse

2246 1736 2526 1805 significat.
2565 1737 2695 1791 Nam
2727 1739 2769 1790 si
2820 1741 3059 1794 homines
3105 1741 3184 1793 sui
3215 1741 3414 1796 domini
3458 1754 3603 1806 sunt,
3660 1747 3827 1800 multo

2247 1830 2414 1896 magis
2443 1828 2626 1882 Filius.
2657 1829 2807 1896 Quod
2839 1841 3011 1884 autem
3039 1831 3141 1886 hoc
3167 1849 3349 1887 verum
3379 1836 3476 1899 sit,
3510 1837 3634 1890 audi
3686 1839 3826 1892 Pau-

2247 1919 2355 1972 lum
2380 1921 2662 1985 dicentem,
2697 1920 2988 1974 Exinanivit
3013 1925 3329 1994 semetipsum
3363 1926 3619 1997 (Philipp.
3645 1929 3701 1982 2.
3730 1931 3759 1982 ’1
3781 1933 3821 1998 ),

2246 2021 2292 2064 et
2324 2010 2528 2063 tradidit
2554 2028 2645 2080 pro
2669 2013 2808 2066 nobis
2840 2012 3050 2081 (Ep/tes.
3072 2014 3124 2068 5.
3154 2015 3231 2084 2).
3261 2015 3386 2080 Sed,
3415 2026 3469 2070 ut
3493 2018 3624 2083 dixi,
3644 2024 3824 2089 gravis

2246 2117 2332 2156 res
2351 2113 2430 2158 est
2458 2104 2626 2160 inanis
2651 2107 2838 2176 gloria,
2865 2109 3042 2178 gravis
3075 2111 3272 2179 utique.
3304 2110 3416 2180 Ipsa
3440 2114 3580 2166 enim
3608 2115 3659 2168 id
3693 2115 3823 2168 clie-

2244 2197 2336 2259 cit,
2383 2206 2440 2250 ut
2469 2198 2540 2250 illi
2572 2215 2675 2252 non
2704 2200 3005 2266 crederent,
3030 2213 3084 2255 et
3116 2203 3200 2254 alii
3237 2204 3373 2256 male
3419 2204 3730 2267 crederent.
3763 2217 3818 2260 et

2242 2303 2361 2355 qua:
2394 2289 2481 2342 ille
2511 2289 2850 2360 benignitatis
2870 2292 3035 2362 gratia
3068 2293 3274 2348 diccbat
3303 2295 3448 2364 ipsis,
3480 2297 3544 2350 ad
3577 2297 3821 2366 impieta-

2245 2388 2347 2434 tem
2379 2390 2665 2436 verterent.

2312 2476 2365 2529 5.
2409 2473 2708 2530 Exhortatio
2758 2479 2965 2532 moralis
2994 2479 3206 2532 delum
3255 2481 3476 2533 vitando.
3511 2480 3621 2536 Sub
3667 2483 3819 2551 ﬁnem

2243 2565 2394 2635 hujus
2439 2565 2652 2619 Numeri
2695 2567 3008 2640 eleemosyua
3034 2571 3516 2624 connueuddun—
3544 2572 3692 2628 [lane
3723 2575 3823 2628 ita-

2242 2672 2347 2720 que
2395 2655 2561 2710 feram
2605 2661 2822 2710 omnino
2870 2657 3170 2727 fugiamus;
3221 2661 3363 2713 varia
3413 2665 3610 2731 quippe
3653 2674 3738 2718 est
3766 2675 3822 2719 et

2242 2746 2578 2801 multiformis
2605 2787 2618 2810 ,
2651 2748 2899 2816 virusque
2946 2766 3099 2802 suum
3151 2751 3344 2820 ubique
3382 2751 3700 2808 disseminat
3723 2797 3738 2820 ,
3766 2768 3822 2810 et

2242 2835 2293 2889 in
2328 2839 2564 2905 pecuniis
2585 2880 2599 2903 ,
2631 2849 2683 2893 et
2730 2839 2782 2892 in
2816 2840 3022 2894 deliciis
3054 2882 3068 2905 ,
3098 2853 3150 2895 et
3181 2843 3230 2895 in
3259 2859 3543 2913 corporum
3573 2847 3816 2916 pulchri-

2241 2929 2439 2982 tudine.
2467 2929 2667 2984 Idcirco
2695 2932 2888 2999 ubique
2912 2934 3280 2988 necessitatem
3307 2938 3616 2991 excedimns
3648 2956 3660 2990 :
3693 2939 3819 2994 inde

2241 3021 2464 3074 vesnum
2495 3020 2648 3074 luxus
2669 3062 2683 3086 ,
2715 3037 2988 3076 servorum
3019 3039 3224 3093 greges.
3259 3024 3381 3080 Ideo
3410 3027 3606 3098 ubique
3637 3043 3818 3083 neces-

2239 3109 2367 3164 sitas
2397 3112 2755 3165 contemnitur
2776 3153 2790 3177 ,
2823 3111 2873 3165 in
2903 3112 3181 3178 domibus,
3213 3115 3262 3167 in
3289 3115 3547 3179 vestibus,
3580 3117 3631 3172 in
3664 3134 3815 3173 men-

2240 3218 2296 3256 sa
2323 3220 2338 3268 ;
2368 3203 2626 3273 luxusque
2653 3204 2973 3258 dominatur.
3008 3205 3098 3259 Vis
3121 3207 3288 3276 gloria
3322 3208 3421 3262 frui
3449 3208 3472 3260 ?
3504 3207 3817 3281 Eleemosy-

2241 3310 2362 3348 nam
2414 3310 2615 3364 eroga:
2666 3306 2791 3350 tunc
2832 3308 2882 3352 te
2931 3298 3219 3352 laudabunt
3262 3301 3466 3368 angeli;
3503 3313 3628 3356 tunc
3678 3304 3818 3358 Deus

2241 3385 2576 3454 approbabit.
2609 3385 2759 3442 Nunc
2802 3396 2978 3441 autem
3015 3389 3065 3442 in
3099 3389 3342 3444 aurifices
3375 3400 3578 3445 tantum
3610 3403 3667 3446 et
3699 3405 3816 3449 tex-

2243 3484 2383 3529 tores
2430 3475 2708 3530 admiratio
2752 3478 3002 3543 vertitur;
3035 3487 3089 3532 tu
3141 3494 3270 3533 vero
3293 3522 3307 3546 ,
3340 3495 3373 3534 o
3404 3483 3596 3536 mulier
3619 3525 3635 3548 ,
3667 3484 3817 3538 inco-

2238 3577 2422 3622 ronata
2449 3567 2672 3631 recedis,
2695 3577 2850 3636 teque
2868 3583 3010 3636 saepe
3038 3568 3183 3623 vides
3200 3570 3495 3624 maledictis
3512 3582 3814 3641 exceptam.

2238 3659 2291 3714 Si
2322 3674 2480 3729 porro
2525 3659 2641 3713 inec
2690 3675 2792 3711 non
2840 3660 3047 3729 corpori
3083 3668 3170 3712 tuo
3214 3660 3649 3730 circumponeres
3674 3706 3689 3727 ,
3723 3665 3816 3717 sed

2237 3752 2292 3805 in
2323 3765 2582 3821 pauperes
2610 3750 2910 3804 cli'underes
2935 3791 2948 3816 ,
2996 3753 3190 3818 ubique
3221 3752 3436 3820 plausus
3483 3753 3736 3817 adesset,
3767 3767 3819 3809 et

2237 3843 2353 3897 laus
2392 3858 2601 3913 magna.
2652 3841 2802 3896 Tunc
2846 3844 2930 3896 illa
2985 3843 3237 3908 habebis,
3268 3859 3388 3897 cum
3436 3845 3556 3898 aliis
3609 3846 3815 3910 dabis;

2237 3935 2408 3990 donec
2435 3951 2562 3989 vero
2607 3935 2720 3988 sola
2750 3935 3034 3990 retinueris
3057 3976 3070 3998 ,
3107 3950 3211 3989 non
3260 3936 3443 3991 habes.
3479 3938 3631 3991 Domi
3667 3954 3819 3991 natu-

2238 4041 2340 4096 que
2368 4025 2647 4080 thesaurus
2680 4039 2784 4078 non
2826 4034 2967 4078 tutus
3013 4035 3090 4079 est
3118 4043 3132 4091 ;
3165 4037 3308 4080 tutus
3327 4042 3456 4081 vero
3487 4038 3568 4081 est
3599 4028 3652 4081 in
3686 4044 3818 4097 pan-

2239 4132 2421 4186 perum
2469 4116 2733 4170 manibus.
2788 4117 2896 4170 Cur
2937 4130 3131 4185 corpus
3180 4132 3380 4181 ornas,
3409 4117 3532 4170 dum
3580 4119 3817 4172 animant

2237 4211 2541 4279 impuritate
2585 4219 2881 4278 correptam
2923 4209 3188 4278 negligis?
3216 4223 3310 4262 cur
3339 4223 3442 4262 non
3475 4219 3674 4264 tantam
3704 4213 3821 4265 ani-

2238 4317 2338 4355 mm
2365 4311 2613 4370 quantam
2639 4301 2848 4370 corpori
2874 4316 3055 4354 curam
3080 4301 3362 4369 impendis,
3395 4316 3514 4355 cum
3548 4301 3814 4370 majorem

2237 4393 2555 4461 Oporteret?
2584 4395 2828 4446 Attamen
2854 4403 3144 4460 oporteret,
3177 4392 3381 4457 dilecti,
3413 4409 3594 4462 parem
3624 4396 3816 4449 saltem

2237 4483 2512 4538 adhibere.
2561 4483 2689 4547 Dic,
2723 4497 2939 4551 qumso,
2969 4483 3012 4535 si
3065 4482 3183 4551 quis
3226 4492 3276 4535 te
3321 4483 3649 4552 interreget,
3689 4486 3816 4554 quid

2238 4575 2523 4638 malueris,
2572 4589 2636 4626 an
2687 4589 2883 4638 corpus
2937 4584 3080 4626 tuum
3122 4584 3364 4642 vegetum
3417 4575 3819 4645 lormosumque

2237 4683 2356 4723 esse
2382 4683 2446 4722 ac
2473 4667 2663 4720 vilibus
2695 4667 2930 4720 indutum
2960 4665 3235 4729 vestibus;
3270 4681 3336 4719 an
3369 4667 3633 4732 mutilum,
3667 4683 3817 4722 mor-

2239 4762 2425 4814 bosum
2474 4769 2527 4812 et
2579 4774 2707 4812 auro
2755 4767 2999 4811 ornatum
3031 4775 3044 4810 :
3077 4773 3254 4811 annon
3307 4769 3524 4826 optares
3553 4759 3730 4826 potius
3761 4759 3818 4814 in

2238 4861 2423 4904 natura
2479 4850 2717 4917 corporis
2765 4850 2982 4918 pulchra
3014 4849 3245 4920 gaudere
3303 4849 3513 4916 forma,
3545 4865 3702 4919 quam
3764 4853 3818 4905 in

2242 4943 2461 4996 vestium
2486 4940 2725 4993 ambitu?
2751 4956 2816 4993 an
2847 4941 2897 4993 in
2929 4955 3155 5008 corpore
3181 4940 3258 4993 sic
3285 4952 3498 5010 optares
3517 4980 3531 5002 ,
3558 4940 3610 4992 in
3638 4941 3819 4994 anima

2239 5031 2429 5084 secus?
2473 5045 2534 5084 ac
2560 5031 2686 5082 dum
2733 5031 2875 5084 illam
2926 5039 3169 5099 turpem,
3223 5029 3562 5096 deformem,
3612 5033 3818 5099 nigram

2240 5123 2435 5185 habes,
2470 5139 2539 5177 ex
2592 5125 2766 5177 aureis
2810 5124 3138 5178 ornamentis
3167 5133 3215 5178 te
3259 5125 3489 5178 fructum
3541 5125 3821 5194 percipere

2241 5216 2429 5285 potas?
2457 5216 2709 5282 Quasnam
2744 5217 2858 5270 lucc
2888 5218 3162 5271 amentia?
3189 5218 3444 5271 Ornatam
3473 5217 3526 5270 in
3560 5216 3815 5270 interiora

2238 5319 2386 5362 verte
2406 5347 2421 5372 ,
2450 5317 2504 5362 et
2537 5309 2811 5378 torquibus
2835 5310 2939 5363 illis
2963 5309 3191 5364 animam
3221 5309 3510 5364 circumda.
3543 5308 3673 5362 Nam
3699 5323 3816 5377 qua:

2240 5404 2438 5454 circum
2465 5415 2656 5468 corpus
2685 5409 2950 5469 ponuntur
2970 5440 2985 5464 ,
3013 5415 3185 5470 neque
3214 5399 3279 5454 ad
3306 5399 3690 5462 valetudinem,
3720 5414 3820 5453 ne-

2239 5509 2342 5564 que
2378 5495 2442 5548 ad
2475 5495 2692 5548 formam
2717 5495 2905 5564 juvant
2934 5511 2948 5548 :
2981 5509 3084 5549 non
3123 5495 3328 5563 nigrum
3355 5493 3529 5546 album
3563 5486 3816 5554 reddunt,

2241 5601 2413 5655 neque
2433 5585 2572 5654 quod
2605 5595 2756 5655 turpe
2785 5595 2867 5642 est
2887 5588 3178 5641 formosum
3207 5585 3460 5640 efficiunt.
3489 5583 3615 5637 liceo
3637 5590 3817 5635 autem

2240 5696 2283 5736 Si
2341 5681 2530 5736 anima:
2575 5681 2980 5752 circumpouas,
3013 5681 3120 5736 cito
3151 5679 3291 5734 illam
3323 5693 3419 5749 pro
3461 5678 3609 5746 nigra
3641 5675 3816 5729 albam
